1939 3036
91 180 151 210 I75

406 179 589 207 ADVERSUS
609 178 777 207 ll/ERESES
802 178 864 207 LIB.
885 179 915 206 ll.
936 179 1018 207 TOM.
1040 179 1072 207 ll.
1091 194 1125 200 -
1142 179 1278 209 llERES.
1300 180 1402 208 LXVII.

1670 180 1721 209 174

134 237 264 265 Romam:
282 237 336 272 γὰρ
352 236 399 263 καὶ
413 233 490 268 οὗτος
503 235 552 271 τὴν
569 236 659 272 σάρκα
677 236 714 271 μὴ
726 235 887 263 ἀνίστασθαι

973 235 1095 271 Negatis
1110 237 1222 264 omnino
1236 245 1378 273 resurgere
1393 245 1513 270 carnem,
1531 237 1612 273 idque
1627 237 1724 266 anima:

92 286 128 313 τδ
152 285 298 320 παράπαν⁷
315 282 383 310 ἀλλὰ
399 283 447 317 τὴν
468 282 557 317 ψυχὴν
579 282 747 317 μονωτὰτην.
764 281 888 316 Πνευμα-

91 331 178 367 τικὴν
199 331 228 357 δὲ
244 330 292 366 τὴν
304 329 452 356 ἀνάστασιν
466 329 573 363 φάσκει.
599 329 653 354 Καὶ
673 328 724 354 ὃσα
745 329 819 354 ἐστὶν
833 328 888 354 ἀπὸ

91 378 154 404 τῶν
177 377 258 402 θείων
282 375 412 411 Γραφῶν,
429 375 467 405 εἰς
482 373 580 401 ἑαυτοῦ
595 373 657 400 νοῦν
676 372 886 408 ἀναλεξάμενος,

94 423 187 453 οὕτως
200 420 290 456 ἑαυτῷ
304 420 493 456 ἑπεσὼρευσεν
508 420 616 446 ἀτόπων
637 418 798 454 πλάσματα,
820 419 888 446 ἄττα

95 468 192 503 φαῦλα
207 466 296 501 ἑαυτῷ
310 466 537 502 μηχανησάμενος
552 465 621 500 πρὸς
638 465 767 491 σύστασιν
781 465 831 500 τῆς
844 465 889 491 αὑ-

93 513 148 540 τοῦ
165 513 305 548 αἱρέσεως.
324 509 379 538 Ἦν
400 511 429 537 δὲ
452 511 466 537 ό
491 510 559 546 ἀνὴρ
579 510 732 546 ἐκπληκτος
753 511 786 546 τῇ
805 509 888 537 αὑτοῦ

96 558 228 593 ἀσκήσει,
237 558 286 584 καὶ
297 556 444 592 δυνάμενος
456 557 547 582 πεῖσαι
562 555 661 591 ψυχάς.
677 556 781 582 Λύτίκα
796 555 890 582 πολλοὶ

95 605 155 631 τῶν
169 603 296 639 ἀσκητῶν
319 603 372 630 τῶν
393 602 549 636 Αἰγυπτίων
566 601 640 637 αὐτῷ
665 601 886 637 συναπήχθησαν.

97 648 185 685 Οἶμαι
207 648 276 685 γὰρ,
301 649 342 675 ὅτι
359 647 423 683 περὶ
445 647 619 679 ἀναστάσεως
633 646 738 682 νεκρῶν
754 647 791 678 ὡς
807 647 891 682 ἠρνή-

98 704 169 722 σατο
181 695 230 730 τὴν
241 695 290 729 τῆς
303 693 405 729 σαρκὸς
418 693 577 724 ἀνάστασιν,
598 693 654 720 ἀπὸ
673 693 825 729 Ὡριγένους
841 692 890 724 τὰς

99 741 254 776 προφάσεις
267 739 395 775 είληφὼς,
410 739 426 774 ἢ
441 739 488 774 ἀφ’
505 739 602 766 ἑαυτοῦ
616 739 664 775 τῆς
678 739 797 771 διανοίας
810 739 891 766 τοῦτο

98 786 245 820 ὲξεμέσας.
268 785 305 812 Οὺ
324 784 508 820 παραδέχεται
532 781 609 816 οὗτος
630 783 730 820 γάμον,
755 784 889 818 φάσκεινι

99 829 172 857 εἶναι
193 829 272 856 τοῦτο
294 829 414 861 Παλαιᾶς
433 829 580 865 Διαθήκης.
596 829 665 861 Τοὺς
686 829 735 864 μὲν
753 829 808 865 γὰρ
827 829 891 865 περὶ

99 876 148 902 τὸν
170 874 296 911 Ἀϐραὰμ
316 875 364 902 καὶ
381 874 473 902 Ἰσαὰκ
494 875 540 902 καὶ
572 873 669 901 Ἰακὼϐ
698 875 745 901 καὶ
772 875 891 902 Μωῡσέα

100 921 151 947 καὶ
168 920 273 956 ’Δαρὼν
297 922 344 948 καὶ
359 920 463 952 πάντας
491 921 555 953 τοὺς
574 921 669 955 ἁγίους
684 940 691 952 ,
713 921 827 947 Ἡσαΐαν
844 921 892 947 καὶ

108 967 247 1003 Ἰερεμίαν
259 967 359 1002 ὁμοίως
371 967 489 1002 δέχεται,
499 967 546 994 καὶ
557 967 699 1002 προφήτας
712 967 831 1002 ἡγεῖται,
844 967 892 994 καὶ

104 1012 330 1048 συγκεχωρῆσθαι
362 1020 445 1048 φησιν
468 1013 498 1038 ὲν
526 1013 559 1048 τῇ
580 1012 687 1047 Παλαιᾷ
710 1013 832 1048 Διαθήκῃ
855 1013 892 1048 τῷ

102 1058 187 1094 γάμῳ
203 1057 385 1085 συνάπτεσθαι
397 1066 403 1073 ·
426 1057 480 1084 ἀπὸ
493 1057 522 1084 δὲ
545 1058 594 1092 τῆς
617 1058 747 1094 ὲνδημίας
762 1059 808 1086 τοῦ
827 1059 893 1094 Χρι-

103 1103 170 1130 ο·τοῦ
187 1104 285 1139 μηκέτι
300 1103 346 1130 τὸν
360 1104 448 1139 γάμον
461 1103 672 1138 παραδέχεσθαι,
685 1105 753 1140 μήτε
763 1104 892 1132 δύνασθαι

102 1149 187 1176 αὑτὸν
200 1149 377 1184 κληρονομεῖν
393 1148 532 1183 βασιλείαν
546 1149 677 1185 οὐρανῶν.
703 1149 736 1176 Τί
752 1150 893 1186 γὰργφη-

104 1196 160 1226 σὶν,
176 1193 241 1230 ἦλθε
257 1196 343 1221 ποιεῖν
356 1194 450 1221 καινὸν
467 1196 482 1221 ό
498 1195 602 1229 Λόγος;
624 1195 640 1230 ἦ
667 1196 694 1222 τί
715 1196 808 1222 καινὸν
826 1193 892 1230 ἦλθε

106 1241 226 1277 κηρύξαι
241 1243 255 1268 ὁ
269 1240 423 1276 Μονογενὴς
446 1240 491 1267 καὶ
513 1239 700 1276 κατορθῶσαι;
731 1241 761 1266 Εί
777 1241 826 1276 μὲν
838 1241 893 1277 γὰρ

103 1287 171 1322 περὶ
184 1285 268 1320 φόϐου
282 1285 360 1318 Θεοῦ,
369 1285 448 1312 τοῦτο
464 1283 536 1320 εἶχεν
551 1286 565 1312 ὁ
581 1285 661 1320 νόμος
670 1293 677 1300 θ
691 1286 715 1312 εί
730 1285 758 1312 δὲ
771 1285 835 1320 περὶ
846 1285 893 1313 τοῦ

103 1331 195 1367 γάμου
205 1351 212 1363 ,
231 1330 416 1366 κεκηρύχασιν
438 1330 465 1356 αι
480 1330 586 1366 Γραφαί
597 1338 603 1345 ·
622 1330 647 1356 ει
663 1330 691 1356 δὲ
706 1330 769 1365 περὶ
782 1330 892 1364 φθόνου,

103 1376 263 1409 πλεονεξίας
285 1376 332 1403 καὶ
346 1375 468 1407 ἀδικίας.
499 1375 585 1403 ταῦτα
613 1375 702 1403 πάντα
720 1378 857 1412 περιεῖχεν
876 1377 893 1411 ἠ

104 1422 213 1450 Παλαιὰ.
229 1422 360 1457 Διαθήκη.
385 1422 433 1448 Ἒν
458 1421 486 1448 δὲ
511 1421 592 1456 μόνον
622 1421 700 1448 τοῦτο
723 1421 893 1457 κατορθῶσαι

102 1465 184 1503 ἦλθε,
198 1467 229 1495 τὸ
241 1468 289 1502 τὴν
310 1467 473 1503 ἐγκράτειαν
489 1466 606 1503 κηρύξαι
620 1467 650 1493 ὲν
662 1466 701 1502 τῷ
717 1467 812 1503 κόσμῳ
822 1487 830 1499 ,
846 1467 895 1495 καὶ

105 1513 198 1548 ιαυτῷ
212 1512 392 1545 ἀναλέξασθαι
404 1512 515 1546 ἁγνείαν
530 1512 577 1539 καὶ
590 1513 754 1548 ἐγκράτειαν
764 1520 770 1527 ·
786 1512 850 1540 ἄνευ
865 1513 894 1540 δὲ

104 1560 202 1588 τούτου
214 1559 252 1595 μὴ
265 1558 394 1587 δύνασθαι
412 1556 471 1593 ζῇν.

141 1690 180 1717 B’.
203 1689 258 1722 Τὰς
272 1689 301 1716 δὲ
314 1689 466 1725 προφάσεις
489 1690 591 1721 ταύτας
616 1688 784 1724 πανταχόθεν
799 1688 895 1715 ἀναλέ-

105 1744 186 1770 γεται
198 1755 205 1767 ,
217 1736 280 1762 ὅταν
296 1735 361 1772 εἴπῃ
370 1755 378 1768 ,
392 1736 432 1762 ὃτι
446 1736 492 1763 καὶ
509 1736 564 1763 Τὸν
581 1734 730 1770 ἀγιασμὸν
743 1734 837 1768 ἡμῶν,
858 1732 894 1762 οὗ

105 1781 198 1815 χωρὶς
216 1781 271 1808 τὸν
294 1780 369 1807 Θεὸν
391 1780 490 1814 οὐδεὶς
509 1780 624 1814 ὄψεται.
646 1779 708 1806 Ἐὰν
733 1779 761 1806 δὲ
781 1778 895 1806 εἴπωσιν

105 1828 195 1864 αὐτῷ,
208 1828 270 1860 Πῶς
283 1829 298 1856 ό
316 1827 476 1860 Ἀπόστολος
493 1827 557 1864 ἔφη,
577 1828 674 1862 Τίμιος
693 1829 710 1854 ὁ
724 1827 827 1862 γάμος,
845 1826 894 1854 καὶ

105 1875 126 1909 ἡ
143 1875 228 1907 κοίτη
243 1875 402 1909 ἀμίαντος·
426 1875 557 1908 πόρνους
575 1873 609 1900 δὲ
625 1873 674 1906 καὶ
688 1873 814 1908 μοιχοὺς
830 1882 893 1907 κρι-

106 1919 156 1947 νεῖ
169 1921 186 1947 ὁ
200 1920 287 1953 Θεός;
302 1920 349 1946 καὶ
361 1919 441 1950 εὐθὺς
452 1919 577 1954 ἐπιφέρει
590 1917 669 1950 αὖθις
680 1918 766 1953 λέγων
778 1926 784 1933 -
800 1918 895 1953 ’Υπερ-

105 1966 160 1995 6ὰς
178 1966 206 1992 δὲ
219 1965 311 1999 ὀλίγον
324 1964 409 1999 λέγει,
424 1965 466 1991 ὄτι
483 1965 514 1992 Ἠ
526 1964 639 1999 ἄγαμος
651 1963 778 1999 μεριμνᾷ
792 1964 828 1991 τὰ
841 1964 895 1990 τοῦ

106 2011 220 2044 Κυρίου
230 2031 238 2043 ,
255 2009 318 2043 πῶς
330 2009 432 2044 ἀρέσει
453 2009 494 2042 τῷ
507 2010 614 2043 Κυρίῳ,
630 2009 680 2036 καὶ
698 2009 717 2043 ὴ
737 2009 894 2043 παρθένος.

112 2058 145 2084 Ἡ
158 2056 193 2083 δὲ
212 2055 372 2091 γαμήσασα
385 2054 514 2090 μεριμνᾷ
530 2055 593 2088 πῶς
608 2054 709 2089 ἀρέσει
730 2054 770 2087 τῷ
790 2055 874 2089 ἀνδρὶ
887 2075 895 2087 ,

106 2103 157 2130 καὶ
171 2102 354 2138 μεμέρισται.
377 2102 409 2128 Et
424 2101 513 2128 τοίνυν
529 2102 588 2127 ἐστὶ
603 2101 737 2137 μερισμὸς
747 2121 754 2133 ,
773 2101 831 2133 πῶς
849 2101 895 2127 δύ-

107 2156 188 2175 ναται
201 2148 268 2174 ὅπου
285 2147 418 2182 μερισμὸς
429 2167 436 2177 ,
454 2146 500 2173 ἐπὶ
514 2146 544 2172 τὸ
563 2146 629 2172 αὐτὸ
643 2146 824 2181 κοινωνῆσαις
842 2147 896 2173 Καὶ

107 2195 133 2221 εἰ
154 2192 214 2228 Θεῷ
229 2193 278 2218 οὐκ
301 2192 431 2228 ἀρέσκει,
448 2191 517 2218 ἀλλὰ
539 2191 578 2226 τῷ
593 2191 686 2227 ἀνδρὶ,
710 2192 768 2223 πῶς
785 2192 896 2219 δύναται

941 281 992 310 soli
1010 282 1116 313 tribuit.
1130 283 1296 317 proindeque
1309 283 1460 318 spiritalem
1470 291 1532 311 esse
1545 284 1725 311 resurrectio-

937 335 999 355 nem
1009 329 1118 356 asserit.
1137 328 1283 356 Sacrarum
1301 329 1383 365 710
1397 337 1462 357 vero
1470 329 1635 357 Litterarum
1647 329 1726 357 testi—

943 373 1034 400 monia
1048 373 1189 409 colligens,
1204 378 1230 401 et
1243 374 1275 401 ad
1299 375 1452 402 institutum
1466 382 1545 402 suum
1559 381 1591 402 ac
1606 378 1725 402 mentem

939 419 1166 451 accommodans,
1198 420 1396 448 absurdissima
1422 421 1544 455 quaedam
1567 420 1724 455 dogmatum

939 468 1092 492 commenta
1108 466 1266 497 cumulavit,
1283 470 1311 493 et
1333 467 1366 494 ad
1391 466 1514 494 hteresim
1540 473 1618 493 suam
1641 465 1726 492 stabi-

940 510 1057 538 liendum
1072 518 1155 546 prava
1172 512 1296 547 quaedam
1313 513 1489 548 excogitavit.
1512 512 1647 540 Ca’terum
1665 512 1726 539 vita:

939 556 984 583 ille
997 557 1125 584 instituto
1150 565 1182 586 ac
1206 566 1305 592 genere
1325 559 1405 593 plane
1436 557 1604 585 admirabilis
1621 557 1681 588 fuit,
1699 560 1726 584 et

939 601 973 628 ad
991 602 1149 630 alliciendos
1164 603 1271 631 animos
1295 604 1321 630 in
1333 603 1428 638 primis
1443 603 1547 630 eﬂicax.
1565 603 1655 636 Quare
1667 602 1726 637 ple-

941 647 1019 682 rique
1034 655 1066 675 ex
1093 648 1228 684 [Egyptiis
1244 649 1388 677 monachis
1408 650 1436 676 in
1456 649 1528 676 illius
1551 656 1658 677 errores
1675 648 1725 675 ad-

940 693 1015 721 ducti
1032 698 1107 722 sunt.
1130 693 1197 721 Nam
1213 695 1284 730 quod
1306 695 1338 723 ad
1356 700 1526 722 mortuorum
1546 695 1727 722 resurrectio-

940 746 1002 766 nem
1018 741 1125 772 attinet,
1141 740 1214 775 quod
1230 740 1321 769 carnis
1334 741 1561 769 resurrectionem
1576 740 1724 771 inficiatur,

941 783 969 811 id
993 784 1027 812 ab
1045 784 1161 821 Origene
1185 790 1327 814 mutuatus
1345 787 1460 818 videtur,
1485 786 1539 814 nisi
1560 785 1587 812 id
1609 793 1642 812 ex
1666 792 1727 812 sese

941 830 1096 858 evomuisse
1120 831 1254 859 dicendus
1277 835 1330 860 est.
1360 831 1431 860 Idem
1455 832 1565 867 nuptias
1590 830 1725 866 repudiat,

941 883 1010 910 quas
1037 875 1143 905 Veteris
1171 877 1338 906 Testamenti
1372 878 1497 912 proprias
1528 877 1612 905 fuisse
1637 876 1726 904 docet.

943 921 1048 956 Quippe
1077 922 1273 954 Abrahamum,
1297 922 1420 951 lsaacum
1441 926 1469 950 et
1490 921 1633 954 Jacobum,
1654 920 1729 956 Moy-

943 975 1011 1000 sem,
1028 968 1161 996 Aaronem
1174 975 1206 996 ac
1219 972 1331 996 sanctos
1354 975 1460 999 omnes,
1488 967 1563 994 velut
1580 966 1676 994 Isaiam
1702 969 1729 992 et

941 1012 1087 1041 Joremiam
1103 1015 1205 1049 pariter
1218 1013 1394 1042 asciscendos
1409 1013 1558 1045 existimat,
1569 1017 1596 1040 et
1612 1011 1730 1048 prophe-

942 1064 984 1088 tas
1009 1060 1175 1094 arbitratur;
1196 1061 1361 1096 nuptiasque
1386 1061 1414 1087 in
1433 1059 1524 1087 Veteri
1554 1059 1728 1087 Testamento

942 1105 1032 1133 licitas
1050 1105 1152 1139 fuisse;
1173 1106 1222 1133 sed
1247 1110 1308 1141 post
1322 1105 1468 1133 adventum
1494 1104 1596 1132 Christi
1617 1103 1728 1131 easdem

942 1150 1124 1184 rejiciendas,
1154 1155 1249 1186 utpote
1278 1151 1442 1186 quibuscum
1476 1150 1587 1178 cmleste
1614 1156 1728 1183 regnum

942 1196 1059 1224 obtineri
1074 1201 1200 1232 nequeat.
1218 1196 1288 1229 Quid
1305 1196 1389 1228 enim,
1407 1196 1504 1230 inquit,
1524 1194 1643 1222 Verbum
1664 1193 1728 1221 nevi

943 1245 972 1268 ut
986 1240 1088 1268 faceret
1104 1241 1232 1269 advenit?
1252 1240 1328 1276 quid,
1350 1241 1472 1275 inquam,
1490 1239 1553 1266 novi
1569 1238 1728 1273 praedicare.

942 1291 990 1314 aut
1004 1286 1077 1321 quod
1093 1286 1232 1322 egregium
1254 1286 1361 1314 facinus
1386 1284 1476 1312 moliri
1499 1284 1602 1311 voluit?
1627 1282 1656 1310 Si
1681 1282 1726 1309 Dei

942 1332 1070 1360 timorem
1093 1331 1208 1363 dixeris,
1231 1332 1282 1358 hoc
1300 1331 1356 1366 jam
1374 1331 1417 1358 lex
1436 1330 1493 1366 ipsa
1509 1329 1683 1361 continebat;
1707 1328 1730 1354 si

942 1379 1063 1411 nuptias,
1079 1376 1161 1404 etiam
1186 1376 1214 1403 in
1234 1376 1321 1404 sacris
1345 1375 1457 1402 Litteris
1484 1374 1684 1409 pradicantur,
1706 1372 1730 1398 si

943 1421 1090 1454 invidiam,
1117 1421 1272 1454 avaritiam,
1299 1420 1459 1456 injustitiam
1475 1420 1620 1447 damnasse
1644 1419 1729 1452 dicas,

944 1467 1001 1495 haec
1021 1468 1111 1495 omnia
1127 1466 1226 1495 Vetere
1247 1466 1421 1495 Testamento
1435 1465 1632 1501 comprehensa
1655 1470 1728 1493 sunt.

945 1512 1075 1548 Superest
1100 1520 1166 1545 ergo
1191 1513 1218 1540 id
1249 1516 1279 1540 ut
1307 1520 1390 1540 unum
1421 1511 1525 1539 edicere
1550 1511 1675 1541 voluerit.
1701 1515 1732 1537 ut

945 1557 1141 1585 continentiam
1171 1558 1332 1592 praedicaret
1359 1557 1387 1584 in
1413 1556 1523 1589 mundo,
1547 1564 1580 1584 ac
1601 1556 1651 1584 sibi
1678 1556 1731 1591 ipsi

946 1603 1136 1630 castimoniam
1151 1603 1291 1639 deligeret,
1311 1602 1370 1630 sine
1389 1609 1444 1637 qua
1467 1602 1584 1630 obtineri
1598 1603 1653 1629 vita
1675 1609 1731 1629 non

945 1649 1042 1683 possit.

980 1693 1013 1721 ΙΙ.
1032 1694 1072 1722 Ad
1097 1694 1123 1722 id
1143 1702 1208 1722 vero
1223 1693 1321 1729 dogma
1341 1692 1574 1729 comprobandum
1590 1693 1731 1720 undecun-

945 1747 999 1775 que
1013 1744 1173 1774 argumenta
1191 1743 1328 1775 corrogat,
1343 1739 1418 1766 velut
1439 1739 1514 1766 illum
1530 1739 1618 1766 locum
1634 1748 1641 1765 :
1659 1738 1731 1766 San-

945 1785 1130 1820 ctiﬁcationem
1145 1789 1268 1817 vestram,
1283 1785 1339 1812 sine
1352 1793 1403 1818 qua
1416 1792 1491 1811 nemo
1504 1783 1599 1810 videbit
1610 1783 1692 1810 Deum
1707 1784 1729 1810 ’.

946 1830 1023 1864 Quod
1039 1831 1061 1858 si
1075 1830 1196 1865 Apostoli
1213 1830 1316 1858 dictum
1332 1830 1398 1858 illud
1415 1829 1546 1864 objicias:
1561 1829 1731 1856 llonorandie

945 1880 1006 1902 sunt
1025 1875 1135 1910 nuptim,
1151 1880 1175 1902 et
1192 1879 1265 1901 torus
1282 1874 1486 1906 immaculatus;
1500 1873 1672 1905 fornicatores
1683 1882 1733 1900 au-

946 1925 996 1948 tem
1009 1925 1035 1948 et
1051 1920 1185 1948 adulteros
1195 1920 1328 1955 judicabit
1340 1919 1410 1947 Deus
1425 1920 1446 1952 ³,
1456 1920 1494 1948 sic
1506 1920 1550 1948 ille
1565 1920 1730 1955 respondet:

945 1967 1028 2002 Atqui
1049 1967 1130 2002 paulo
1154 1971 1216 2002 post
1245 1966 1315 1994 idem
1339 1965 1486 2001 Apostolus
1508 1966 1574 1993 dicit
1593 1976 1599 1993 :
1616 1965 1733 2001 limupta

946 2012 1061 2040 sollicita
1079 2016 1116 2039 est
1139 2012 1170 2038 de
1185 2011 1225 2038 his
1248 2019 1306 2046 qua:
1319 2011 1367 2038 Dei
1383 2016 1453 2044 sunt,
1472 2011 1603 2046 quomoda
1629 2012 1733 2045 placeat

947 2056 1070 2088 Domino,
1088 2061 1113 2083 et
1127 2057 1206 2091 virgo.
1222 2055 1313 2091 Nupta
1323 2064 1385 2083 vero
1406 2056 1521 2083 sollicita
1543 2061 1581 2084 est
1599 2058 1729 2092 quomodo

945 2102 1047 2135 placeat
1064 2102 1128 2131 viro.
1152 2107 1176 2128 et
1195 2102 1281 2128 divisa
1297 2108 1335 2130 ut
1349 2102 1369 2129 ⁵.
1388 2102 1465 2130 Unde
1486 2103 1509 2130 si
1528 2102 1627 2130 divisio
1649 2103 1731 2134 inest.

946 2147 1084 2182 quomodo
1100 2147 1266 2175 intercedere
1285 2149 1440 2175 communio
1455 2148 1560 2182 potest“!
1583 2147 1621 2174 Ac
1636 2148 1659 2174 si
1679 2147 1732 2174 Deo

947 2201 1002 2220 non
1015 2194 1130 2229 placeat,
1151 2193 1199 2220 sed
1214 2194 1283 2226 viro,
1298 2197 1422 2228 potestne
1441 2192 1626 2220 hazreditatem
1643 2200 1658 2219 a
1679 2192 1733 2221 Deo

107 2239 185 2274 παρὰ
196 2238 255 2273 Θεῷ
266 2237 415 2273 κεκτῆσθαι
429 2238 478 2273 τὴν
491 2237 672 2273 κληρονομίαν
683 2245 690 2270 ;
710 2237 762 2264 Διὰ
774 2237 828 2273 γὰρ
842 2238 892 2270 τὰς

948 2238 1098 2274 consequi?
1116 2238 1184 2265 Cum
1206 2242 1295 2265 autem
1315 2238 1355 2265 sic
1380 2238 1503 2265 hortatur
1522 2247 1528 2264 :
1549 2237 1660 2271 Propter
1674 2238 1732 2272 {or-

106 2286 249 2319 πορνείας
269 2285 398 2317 ἕκαστος
423 2284 480 2318 τὴν
505 2284 614 2311 ἑαυτοῦ
637 2283 763 2318 γυναῖκα
788 2283 894 2318 ἐχέτω,

105 2331 159 2357 οὐκ
175 2329 303 2362 ἐπαινῶν,
316 2329 394 2364 φησι,
408 2329 496 2364 γάμον
511 2328 580 2364 μετὰ
592 2328 641 2364 τὴν
653 2328 815 2365 παρουσίαν,
828 2328 895 2355 ἀλλὰ

108 2375 323 2410 συμθαστάζων,
338 2374 381 2401 ἵνα
396 2374 433 2409 μὴ
447 2374 487 2405 είς
504 2373 631 2409 περιττὴν
645 2373 754 2409 δλεθρον
769 2373 896 2409 ἐμπέσω-

108 2424 162 2446 σιν.
175 2418 242 2446 Εἰσὶ
257 2417 312 2453 γὰρ
326 2418 467 2452 εὐνοῦχοι
484 2419 511 2444 oi
523 2418 650 2451 ἑαυτοὺς
662 2419 896 2452 εὐνουχίσαντες

106 2463 157 2490 διὰ
178 2462 235 2496 τὴν
257 2463 422 2495 ,βασιλείαν
447 2462 504 2489 τῶν
529 2462 681 2497 οὐρανῶν·
710 2463 773 2496 καὶ,
799 2465 894 2495 Θέλω,

106 2509 191 2543 φησὶ,
208 2507 322 2540 πάντας
334 2506 410 2534 εἶναι
423 2508 463 2539 ὡς
477 2508 607 2542 ἐμαυτόν
617 2516 623 2523 ·
637 2508 683 2535 καὶ
693 2529 700 2541 ,
720 2509 857 2543 Ὤμοιὼοη
875 2510 894 2543 ἠ

103 2553 250 2586 ,βασιλεία
274 2553 333 2580 τῶν
355 2552 491 2587 οίψανῶν
516 2553 589 2580 δέκα
611 2553 781 2588 παρθένοις,
807 2555 896 2582 πέντε

104 2599 236 2635 μωραῖς.
252 2599 300 2626 καὶ
320 2598 410 2626 πέντε
424 2599 589 2633 φρονίμοις.
603 2599 730 2635 Φρόνιμοι
748 2600 876 2635 παρθένοι
886 2621 894 2633 ,

108 2645 202 2681 μωραὶ
222 2644 350 2680 παρθένοι
360 2666 368 2676 ,
386 2644 454 2679 πλὴν
470 2644 599 2679 παρθένοι
611 2664 618 2676 ,
634 2645 757 2681 βασιλείᾳ
773 2646 895 2681 οὐρανῶν

107 2690 322 2722 ἀπεικάζονται·
346 2689 393 2716 καὶ
414 2690 464 2716 οὐκ
484 2687 569 2722 εἶπεν,
593 2690 719 2726 ἔγγαμοι.
750 2691 838 2718 Πολλὰ
866 2693 894 2719 δὲ

107 2735 222 2763 τοιαῦτα
247 2736 335 2770 ἑαυτῷ
360 2735 538 2772 ὲπισωρεύει,
563 2735 606 2762 ἵνα
630 2736 710 2772 δῆθεν
735 2737 895 2774 παρεκὸάλῃ

108 2790 209 2817 γαμον.

146 2852 154 2867 ‘
171 2851 234 2879 Cor.
250 2851 373 2886 φάσκων.
408 2851 435 2886 ᾖ
451 2850 532 2878 Hebr.
546 2859 594 2882 ιιι,
610 2852 652 2878 14.

107 2887 118 2903 ν
139 2886 148 2913 ι
168 2887 231 2915 Cor.
248 2885 297 2919 vn,
313 2886 340 2913 7.
377 2886 388 2902 ⁸
407 2885 500 2914 Matth.
514 2894 576 2918 xxv,
595 2886 620 2918 ί,
636 2886 664 2913 2.

948 2284 1091 2311 itit-aliane:
1104 2288 1201 2314 autem,
1213 2283 1388 2317 unusquisque
1400 2290 1474 2309 suum
1485 2290 1593 2309 uxorem
1604 2282 1698 2309 habent
1711 2283 1732 2315 ³,

948 2337 1002 2357 non
1028 2327 1177 2355 laudandas
1201 2328 1278 2362 711
1304 2331 1365 2362 post
1385 2327 1529 2355 adventum
1550 2327 1666 2358 Domini,
1685 2327 1732 2354 sed

949 2374 1104 2403 tolerandas
1118 2375 1224 2410 nuptias
1238 2378 1324 2408 putat,
1341 2381 1374 2400 ne
1389 2373 1477 2408 majus
1492 2372 1518 2400 in
1533 2373 1645 2400 exitium
1661 2381 1732 2407 prae-

950 2421 1047 2456 cipites
1073 2423 1162 2447 ruant.
1181 2418 1248 2447 Sunt
1271 2419 1341 2446 enim
1355 2419 1476 2450 eunuchi,
1501 2419 1545 2453 qui
1564 2419 1661 2452 seipsos
1687 2426 1734 2445 ca-

950 2468 1098 2491 straverunt
1114 2467 1218 2498 propter
1230 2471 1337 2497 regnum
1351 2462 1474 2489 caelorum
1488 2463 1509 2488 ⁸.
1525 2462 1624 2490 lterum
1640 2471 1646 2489 :
1671 2462 1734 2490 Volo

950 2517 1037 2536 omnes
1058 2517 1113 2536 esse
1134 2509 1202 2536 sicut
1219 2509 1345 2542 meipsunt
1367 2508 1388 2534 ⁷.
1415 2506 1506 2534 Tum:
1523 2507 1615 2534 Simile
1634 2508 1733 2542 factum

948 2560 988 2582 est
1011 2563 1118 2589 regnum
1145 2554 1268 2581 caelorum
1295 2553 1406 2588 quinque
1431 2552 1592 2587 virginibus,
1622 2561 1734 2587 quarunt

948 2602 1059 2636 quinque
1083 2605 1159 2627 erant
1185 2600 1276 2634 fatum,
1302 2603 1327 2626 et
1352 2599 1463 2634 quinque
1481 2599 1619 2632 prudentes
1635 2598 1656 2624 ⁸.
1682 2597 1732 2625 Ubi

948 2652 1003 2673 tam
1017 2646 1166 2682 prudentes
1181 2646 1311 2681 virgines,
1328 2653 1408 2680 quam
1430 2644 1520 2677 fatum,
1534 2645 1580 2672 sed
1596 2644 1734 2671 nihilomi-

948 2700 1000 2720 nus
1016 2692 1146 2728 virgines,
1161 2700 1224 2720 cum
1243 2692 1347 2720 coalesti
1365 2698 1447 2726 regno
1459 2695 1668 2725 comparantur;
1685 2697 1732 2717 nec

948 2738 981 2766 de
999 2739 1102 2773 nuptiis
1129 2739 1292 2767 mentionem
1316 2738 1388 2765 fecit.
1415 2737 1497 2764 Multa
1520 2735 1545 2762 id
1570 2743 1655 2770 genus
1680 2734 1733 2762 alia

949 2783 1079 2811 adversus
1096 2784 1203 2819 nuptias
1221 2783 1384 2810 accumulat.

705 2852 715 2868 ³
735 2852 817 2882 llebr.
834 2861 892 2887 xln,

985 2854 1014 2880 ⁸1
1043 2854 1106 2881 Cor.
1128 2862 1173 2886 vn,
1191 2853 1234 2880 δι.
1267 2854 1294 2868 "
1312 2851 1376 2879 ibid.
1389 2850 1416 2877 2.
1465 2849 1476 2863 ⁸
1491 2848 1585 2876 Matth.
1616 2855 1674 2880 XIX,
1688 2847 1733 2877 1‘2.
