1929 3039
205 163 255 191 I79

907 177 934 204 S.
956 177 1127 207 El’ll’H.\Nll

1784 190 1835 219 180

202 221 280 249 venis
303 221 424 258 implevit
448 229 569 260 tempora
597 228 690 256 multa.
727 231 830 270 ljtacita
849 235 917 261 enim
934 244 978 262 ενα

207 265 316 279 ἢ-...;..,.
336 269 422 279 _.__-,__
441 270 478 279 nr-
712 275 721 279 -
763 277 768 279 .
826 278 829 279 ,

1043 238 1134 274 κρούς.
1155 239 1273 273 Ἀρεστὴ
1289 240 1343 275 γὰρ
1357 239 1395 276 ἦν
1413 243 1508 276 Κυρίῳ
1523 243 1539 277 ὴ
1554 244 1639 279 ψυχὴ
1658 246 1769 273 αὐτοῦ·
1784 248 1834 275 διὰ

201 265 316 294 Domino
333 269 423 296 anima
437 270 509 297 illius
524 279 533 298 :
548 278 686 306 propterea
707 265 840 309 festinavit
853 287 912 305 eum
926 281 991 306 edu-

201 319 258 354 cere
281 313 312 339 de
334 314 417 341 medio
445 316 554 344 malitia:
572 318 590 344 ¹.
608 319 678 352 Quin
699 326 727 349 et
754 324 825 358 apud
845 325 989 354 Jeremiam

201 352 333 386 Dominus
348 379 354 391 ,
370 359 526 395 Antequam,
541 363 638 398 inquit,
655 366 682 393 in
705 372 779 394 utero
797 369 940 403 formarem
956 377 989 402 te.

196 404 260 430 novi
283 409 317 437 te,
339 410 364 432 et
391 411 532 442 antequam
561 411 647 439 exiret
669 412 700 439 de
724 414 810 449 vulva,
827 418 991 452 sancti/icavi

193 455 217 476 Ie
237 450 258 476 ‘.

234 493 276 544 ν..
284 495 337 524 Sed
355 497 389 525 ad
405 498 573 530 Salvatorem
592 503 692 538 ipsum,
713 508 739 533 et
756 513 787 534 os
810 507 875 536 illud
891 511 989 544 expers

197 540 330 569 mendacii
358 546 535 581 omniumque
562 556 653 576 rerum
676 552 830 586 cognitione
846 554 988 588 praeditum

186 586 349 616 -veniamus.
367 589 449 618 Adsis
468 591 559 626 igitur,
575 601 592 620 ο
616 593 738 628 Domine,
756 601 783 624 et
804 586 989 634 intelligentia:

194 637 298 661 nostra:
315 642 393 670 opem
411 636 500 666 ferens
518 638 660 667 Hieracam
677 641 750 668 illum
773 643 887 678 ejusque
903 648 987 671 teme‘

194 677 303 707 rilatem
326 688 417 717 argue.
441 683 622 719 Accesserunt,
645 686 744 722 inquit,
767 689 802 715 ad
823 677 900 716 illum
924 698 987 724 pue-

194 724 258 757 ruli,
273 731 301 753 ut
317 735 410 755 manus
424 729 477 756 illis
497 730 638 765 imponeret
658 733 739 769 714
753 742 785 761 ac
807 734 986 768 benediceret;

195 769 320 805 discipuli
343 781 401 800 vero
425 776 582 810 repellebant
605 778 665 806 illos
682 784 706 806 et
721 781 900 813 prohibebant.
927 781 988 816 Ipse

194 825 254 845 vero
266 818 335 846 dixit
351 821 405 848 illis
421 829 430 848 :
446 821 531 849 Sinite
551 824 684 857 parvulos,
700 829 725 852 et
750 834 781 853 ne
804 827 936 861 prohibete
951 828 986 855 il-

194 863 235 889 los
254 864 340 891 venire
363 868 398 892 ad
422 875 471 893 me.
497 868 602 895 Talium
625 870 693 896 enim
715 875 752 897 est
775 880 882 907 regnum
908 874 986 900 caelo~

1042 284 1129 311 τοῦτο
1138 285 1298 325 Δἔσπευσεν
1313 287 1348 314 ἐκ
1361 281 1458 322 μέσου
1477 291 1632 324 πονηρίας.
1653 292 1708 318 Καὶ
1723 293 1764 328 τῷ
1785 295 1833 320 Ἰε-

1043 331 1124 365 ρεμίᾳ
1138 323 1221 366 φησὶν
1237 331 1251 356 ὁ
1269 331 1386 368 Κύριος·
1404 333 1463 367 Πρὸ
1482 335 1535 362 τοῦ
1603 337 1720 365 πλάσαι
1744 323 1782 365 σε
1797 339 1833 366 ἐν

1041 376 1148 409 κοιλίᾳ,
1167 377 1328 412 ἐπίσταμαί
1347 386 1394 411 σε,
1413 380 1463 407 καὶ
1480 381 1540 423 πριξ
1560 382 1613 409 τοῦ
1635 383 1772 415 ἐξελθεῖν
1793 393 1832 412 σε

1040 420 1074 447 ἐκ
1089 421 1215 456 μήτρας,
1231 423 1341 458 ήγίακά
1356 433 1403 452 σε.

1074 511 1112 538 Ε’.
1143 513 1256 548 Ἴδωμεν
1282 514 1309 541 δὲ
1329 515 1410 542 αὐτὸν
1430 516 1477 544 τὸν
1499 517 1628 554 Σωτῆρα,
1655 520 1685 546 τὸ
1711 519 1831 555 ἀψευδὲς

1040 556 1135 591 στόμα,
1153 557 1183 584 τὸ
1195 558 1327 592 γινῶσκον
1342 560 1376 586 τὰ
1390 561 1489 589 πάντα.
1503 563 1600 599 Δεῦρο.
1623 564 1720 600 Κύριε,
1735 565 1829 601 βοήθει

1037 603 1070 637 τῇ
1085 602 1189 638 διανοίᾳ
1213 604 1292 639 ἡμῶν
1304 614 1311 621 -
1331 605 1440 641 ἔλεγξον
1456 608 1483 634 δὲ
1508 609 1554 636 τὸν
1577 610 1695 645 Ὶέρακα,
1714 611 1762 638 καὶ
1777 612 1829 646 τὴν

1038 648 1127 674 αὐτῶν
1157 650 1332 684 προπέτειαν.
1359 652 1537 687 Προσῆλθον
1564 655 1654 688 αὐτῷ,
1684 656 1762 692 φησὶ,
1790 657 1830 683 τὰ

1037 695 1149 728 παιδία,
1166 696 1216 723 ἵνα
1228 696 1266 730 θῇ
1275 697 1376 732 χεῖρας
1389 698 1435 725 ἐπ’
1451 700 1527 727 αὐτὰ
1545 701 1594 728 καὶ
1608 702 1775 737 εὐλοτιήσῃ.
1793 704 1830 730 οι

1036 741 1071 767 δὲ
1091 742 1220 776 μαθηταὶ
1246 743 1420 771 ἀπωθοῦντο
1441 746 1529 777 αὐτὰ,
1549 747 1600 774 καί
1618 748 1761 775 ἐκώλυον.
1794 749 1829 776 '0

1036 786 1070 813 δὲ
1085 786 1160 820 πρὸς
1177 788 1287 821 αὐτοὺς
1303 789 1362 823 ἔφη
1373 797 1379 804 ·
1396 790 1503 824 Ἅφετε
1519 792 1554 818 τὰ
1571 793 1683 825 παιδία,
1708 794 1759 821 καὶ
1780 795 1827 829 μὴ

1035 832 1165 858 κωλύετε
1183 832 1259 860 αὐτὰ
1273 833 1372 861 ἐλθεῖν
1384 836 1460 870 πρός
1475 845 1523 871 με.
1541 837 1602 864 Τῶν
1615 839 1670 873 γὰρ
1684 841 1828 866 τοιούτων

1035 875 1122 903 ἐστὶν
1146 877 1166 911 ἡ
1187 877 1331 909 βασιλεία
1353 878 1415 906 τῶν
1442 881 1588 914 οὐρανῶν.
1622 883 1677 910 Καὶ
1705 884 1751 910 ἴνα
1786 884 1826 919 μὴ

194 915 254 934 rum
276 908 296 935 ⁸.
320 908 373 937 Sed
396 918 431 938 ne
454 913 629 946 puerulorum
647 916 846 948 tantummodo,
872 925 904 945 ac
929 926 978 945 non

194 953 302 963 _,..w,_
374 956 391 963 ,.
465 957 471 963 .
508 962 512 963 ,
800 962 805 963 ,

1036 921 1116 956 μόνον
1136 908 1286 959 παιδαρίων
1307 925 1389 961 νοηθῇ
1417 927 1433 961 ή
1463 908 1586 961 βασιλεία
1689 908 1825 963 οὐρανέ-αξ

193 953 306 988 reliquae
320 956 408 984 atatis
421 957 531 985 caeleste
544 966 656 993 regnum
671 968 732 989 esse
743 962 927 997 crederemus,
943 965 984 992 sic

193 999 229 1027 ab
245 1000 298 1029 illis
314 1008 429 1030 exorsus
444 1008 496 1036 est,
513 1008 544 1031 ut
557 1012 728 1034 communem
744 1015 806 1034 cum
821 1008 854 1036 iis
869 1009 984 1038 haeredi-

192 1048 276 1072 tatem
298 1046 404 1074 illorum
426 1048 562 1077 similibus
583 1051 723 1079 tribueret.
740 1051 799 1080 Jam
817 1061 882 1081 vero
898 1055 922 1082 si
939 1055 983 1084 his

192 1090 271 1125 ipsis,
288 1092 334 1127 qui
347 1093 472 1127 proxime
489 1094 523 1122 ad
539 1095 600 1124 iilos
616 1098 793 1133 accesserint,
812 1100 924 1129 caeleste
937 1109 982 1130 re-

191 1144 273 1171 gnum
289 1139 474 1172 promittitur:
490 1145 592 1176 quanto
610 1142 637 1170 id
655 1143 706 1179 ipsi
725 1145 812 1180 magis
832 1153 977 1182 assequen-

191 1185 236 1209 tur
253 1191 260 1209 :
278 1190 393 1217 quorum
411 1185 445 1212 ad
458 1187 596 1222 exemplar
610 1195 643 1215 ac
664 1189 842 1226 archetypum
857 1193 980 1227 expressi

190 1232 255 1255 sunt
272 1229 337 1256 alii?
349 1230 424 1259 Adeo
443 1232 535 1261 nullus
558 1233 639 1262 istius
663 1235 761 1264 fabulae
782 1237 858 1265 locus
874 1243 917 1266 est
937 1246 980 1267 re-

189 1273 281 1302 lictus.
298 1275 425 1303 Omnium
439 1278 539 1314 quippe
553 1280 700 1308 miseretur
713 1280 845 1310 Dominus
862 1293 868 1311 :
885 1283 981 1312 Custo-

189 1319 264 1347 diens
292 1321 360 1347 enim
386 1323 509 1354 parvulos
534 1323 663 1352 Dominus
687 1326 708 1352 ⁸.
734 1325 798 1355 Item
822 1337 828 1355 :
849 1327 978 1363 Laudate,

188 1365 272 1398 pueri,
290 1365 458 1395 Dominum“.
469 1368 570 1397 Deinde
587 1371 761 1405 praedicatum
771 1373 836 1402 illud
852 1382 867 1402 a
885 1377 977 1410 pueris

188 1415 231 1438 est
244 1421 250 1438 :
265 1413 424 1441 "osannain
436 1415 554 1443 excelsis.
570 1416 725 1444 Benedictus
741 1420 786 1453 qui
804 1421 870 1447 venit
886 1421 912 1448 in
929 1430 977 1450 ηο-

1034 968 1082 993 καὶ
1098 967 1158 1002 οὐχὶ
1172 968 1218 994 ἐπὶ
1232 970 1320 996 πᾶσαν
1335 971 1453 1006 ἡλικίαν,
1472 973 1520 1000 ἀπ’
1540 973 1630 1000 αὐτῶν
1647 974 1759 1010 μὲν¹τὴν
1775 976 1826 1010 ἁρ-

1034 1012 1085 1048 χὴν
1105 1013 1228 1048 ἄρχεται,
1245 1017 1301 1047 τοῖς
1324 1016 1352 1042 δὲ
1369 1017 1471 1052 ὁμοίοις
1489 1019 1578 1045 αὐτῶν
1594 1019 1744 1055 δεδώρηται
1763 1023 1824 1056 μετ’

1033 1056 1122 1083 αὐτῶν
1138 1057 1209 1093 ἔχειν
1223 1059 1273 1093 τὴν
1289 1060 1483 1097 κληρονομίαν.
1502 1063 1534 1090 Εἰ
1544 1064 1598 1099 γὰρ
1611 1065 1635 1091 οἱ
1652 1065 1712 1092 κατ’
1724 1065 1825 1098 αὐτοὺς

1034 1102 1184 1138 βασιλεύειν
1206 1105 1308 1140 έχουσι,
1337 1108 1412 1143 πόσῳ
1427 1117 1458 1143 γε
1487 1109 1586 1145 μᾶλλον
1616 1112 1640 1137 oi
1672 1112 1824 1147 ἀρχέτυπα

1031 1149 1085 1176 τῶν
1102 1153 1163 1177 κατ’
1179 1151 1276 1183 αὐτοὺς
1296 1152 1487 1190 ὑπαρχόντων;
1506 1156 1560 1183 Καὶ
1578 1157 1722 1184 πέπτωκεν
1737 1158 1822 1186 αὑτοῦ

1031 1196 1045 1222 ὁ
1068 1196 1192 1232 μυθώδης
1209 1198 1297 1232 λόγος.
1320 1199 1429 1234 Πάντας
1445 1201 1499 1237 γὰρ
1514 1203 1585 1230 ἐλεεῖ
1598 1204 1612 1230 ὀ
1628 1203 1740 1239 Κύριος.
1761 1206 1822 1231 Qv-

1030 1242 1157 1268 ,ιασσων
1173 1242 1227 1277 γὰρ
1252 1243 1289 1271 τὰ
1309 1245 1404 1279 νήπια
1428 1248 1445 1273 ὀ
1469 1247 1590 1282 Κύριος·
1616 1248 1672 1280 καὶ,
1697 1248 1820 1278 Αἰνεῖτε.

1030 1285 1144 1320 παῖδες,
1159 1288 1276 1322 Κύριον.
1296 1290 1351 1316 Καὶ
1364 1291 1398 1317 τὰ
1411 1291 1504 1319 παιδία
1516 1293 1653 1328 ἐκήρυξαν
1665 1302 1672 1310 ⁸
1690 1294 1821 1321 Ὡσαννὴ

1030 1331 1065 1358 ἐν
1082 1331 1142 1365 τοῖς
1163 1333 1314 1367 ὑψίστοις.
1346 1337 1558 1371 Εὐλογημένος
1572 1339 1589 1364 ὀ
1605 1338 1764 1373 ἐρχόμενος
1786 1339 1821 1366 ἐν

1029 1378 1150 1413 ὀνόματι
1158 1379 1269 1413 Κυρίου
1276 1389 1282 1394 ·
1292 1380 1350 1415 καὶ,
1367 1382 1416 1409 Ἐκ
1429 1383 1577 1417 στόματος
1583 1385 1700 1418 νηπίων
1710 1385 1763 1412 καί,
1769 1386 1821 1418 θη-

1029 1424 1178 1453 λαζόντων
1185 1427 1352 1461 κατηρτίσω
1366 1425 1463 1456 αἶνον.
1476 1429 1530 1456 Καὶ
1542 1430 1611 1456 πόσα
1623 1430 1681 1457 ἐστὶ
1690 1429 1818 1466 τοιαῦτας

189 1458 258 1485 mine
278 1457 383 1486 Domini
398 1460 419 1488 '.
454 1461 520 1489 Item
549 1472 556 1490 :
578 1462 620 1490 Ea:
642 1473 686 1491 ore
708 1465 849 1500 infantium
877 1473 901 1494 et
931 1470 1082 1497 laetantium
1101 1471 1233 1506 μανίαι-ἰειὶ
1253 1457 1364 1501 laudem
1390 1474 1411 1501 '.
1442 1473 1519 1502 Mitto
1544 1475 1596 1503 alia
1619 1476 1678 1512 ejus
1709 1476 1819 1512 generis

187 1504 305 1533 infinita.

223 1553 268 1581 Vl.
282 1555 321 1582 Ad
338 1557 430 1584 carnis
451 1565 515 1586 vero
534 1562 761 1590 resurrectionem
776 1562 849 1599 quod
867 1563 973 1599 attinet,

1063 1566 1111 1599 ς’.
1133 1564 1200 1602 Περὶ
1216 1565 1244 1593 δὲ
1262 1566 1362 1602 σαρκὸς
1371 1566 1555 1601 ἀναστάσεως,
1573 1566 1631 1600 πῶς
1641 1567 1700 1603 οὒχὶ
1718 1567 1820 1604 σαρκὺς

187 1607 280 1628 nonne
308 1603 454 1631 convenire
481 1605 526 1631 illa
555 1607 630 1634 carni
660 1608 756 1642 debet,
784 1617 801 1637 ο
828 1611 976 1639 vanissime

186 1645 313 1679 Hieraca,
328 1656 389 1676 cum
401 1654 427 1677 et
449 1650 507 1686 ipsa
522 1651 648 1687 loquendi
666 1655 736 1683 ratio
751 1657 818 1684 satis
836 1657 889 1684 vim
904 1658 976 1685 illius

186 1693 303 1726 arguat?
315 1692 418 1722 Etenim
434 1698 599 1725 resurrectio
612 1698 645 1726 dc
656 1707 689 1728 eo
705 1708 758 1728 non
780 1702 891 1733 dicitur.
904 1703 976 1737 quod

185 1738 298 1765 minime
313 1740 453 1768 ceciderit.
477 1741 612 1775 Quidnam
637 1745 719 1780 igitur
743 1747 808 1775 illud
837 1753 879 1776 est
904 1749 975 1784 quod

185 1785 294 1818 cecidit,
313 1787 384 1821 quod
403 1789 538 1822 sepultum
554 1794 595 1818 est
618 1795 700 1826 atque
716 1792 890 1825 dissolutum,
908 1802 977 1830 prte-

185 1835 310 1865 terquam
322 1834 440 1867 corpus?
457 1832 549 1869 Neque
564 1835 637 1862 enim
662 1836 696 1864 de
716 1837 806 1864 anima
829 1838 883 1866 dici
903 1839 975 1867 istud

185 1881 286 1911 potest,
306 1886 366 1912 quia:
387 1886 474 1914 neque
497 1881 604 1913 cadere,
625 1890 712 1917 neque
732 1885 852 1918 separari
876 1889 974 1920 potest.

185 1921 268 1949 Plura
295 1923 347 1950 alia
378 1924 412 1952 de
444 1932 475 1951 ea
500 1933 530 1953 re
549 1926 682 1962 disputari
705 1934 830 1963 possunt,
846 1931 893 1958 sed
919 1931 976 1958 [nec

185 1975 292 1995 summa
317 1973 377 1997 esto
399 1977 406 1996 :
434 1972 661 2001 resurrectionem
682 1982 851 2010 nequaquam
878 1977 976 2004 animae

169 2014 279 2048 ‘trihui,
295 2015 343 2042 sed
364 2023 465 2052 corpus
483 2026 544 2046 esse
566 2019 638 2054 quod
659 2022 787 2055 resurgit.
814 2021 891 2054 Quod
912 2030 976 2050 vero

185 2058 219 2087 de
248 2060 381 2089 electione
408 2063 485 2098 plura
516 2065 600 2096 dicit,
629 2073 682 2100 qua
712 2065 837 2094 Salvator
863 2069 977 2104 virgini-

183 2109 279 2139 tatem,
303 2108 499 2136 continentiam
529 2114 556 2137 et
575 2111 764 2138 castimoniam
788 2113 892 2147 elegit:
913 2114 975 2147 quis

183 2151 237 2178 hoc
256 2159 311 2179 non
336 2150 471 2189 intelligit,
489 2155 522 2182 de
540 2155 634 2182 eodem
655 2156 762 2185 delectu
777 2158 887 2192 gloriari
905 2166 975 2193 quo-

184 2206 237 2233 que
249 2203 383 2232 sanctam,
398 2201 559 2228 catholicam
574 2205 601 2229 et
618 2203 796 2237 apostolicam
808 2204 975 2233 Ecclesium?

184 2242 238 2272 Sed
252 2244 346 2272 eadem
361 2245 539 2274 nihilominus
555 2251 581 2274 et
594 2255 641 2275 eos
654 2256 771 2284 quoque,
788 2250 834 2284 qui
852 2250 972 2278 honestis
990 2242 1010 2269 ί)

182 2291 287 2325 nuptiis
304 2291 397 2326 illigati
414 2296 488 2325 sunt,
504 2300 554 2327 pro
575 2294 617 2321 sui
644 2294 801 2322 conditione
820 2299 918 2327 status,
938 2296 971 2322 ad

183 2336 298 2363 salutem
312 2337 454 2371 pervenire
471 2346 550 2372 posse
566 2347 619 2366 non
636 2340 751 2367 dubitat.
776 2340 843 2368 Nam
861 2349 971 2368 venera—

182 2382 253 2409 biles
263 2389 325 2410 esse
340 2383 449 2417 nuptias
464 2384 485 2415 ⁸,
500 2391 531 2411 ac
547 2384 593 2411 Dei
610 2386 747 2420 aspirante
759 2387 847 2422 gratia
862 2387 971 2414 cmlestc

182 2434 295 2462 regnum
313 2428 436 2456 obtinere
451 2430 511 2463 quis
525 2429 566 2458 vel
580 2438 613 2458 ex
629 2438 661 2458 eo
676 2439 730 2458 non
743 2435 882 2466 agnoscat,
898 2431 970 2466 quod

181 2471 216 2498 ad
231 2471 341 2507 nuptias
356 2473 487 2501 invitatus
499 2473 623 2502 Salvator
641 2475 699 2510 ipse
715 2475 806 2509 fuerit,
827 2479 856 2503 ut
874 2476 907 2503 iis
921 2477 969 2503 be-

180 2517 427 2551 nediceret?.Quod
444 2520 467 2546 si
483 2523 539 2547 tum
556 2521 660 2556 nuptiis
680 2521 812 2549 interesse
827 2522 968 2554 noluisset,

131 2567 134 2569 '
180 2563 338 2591 earumdem
360 2572 471 2593 eversor
492 2565 598 2598 fuisset,
615 2574 664 2594 nec
683 2574 904 2603 unumquemque
921 2576 970 2603 pro

179 2615 228 2635 sua
247 2608 432 2636 imbecillitate
447 2609 563 2645 benigne
579 2613 661 2644 atque
680 2609 853 2645 indulgenter
873 2611 970 2638 admit-

179 2657 238 2681 tere
264 2657 418 2688 putaretur.
449 2653 630 2686 Quamobrem
664 2656 832 2683 venerabiles
867 2657 969 2694 nuptiae

180 2703 255 2730 sunt.
271 2707 332 2726 cum
348 2707 395 2727 eas
420 2700 478 2734 ipse
497 2699 679 2727 constituerit.
697 2700 814 2736 Ideoque
827 2706 854 2729 et
873 2703 968 2730 adesse

180 2743 277 2772 iisdem
291 2745 386 2778 voluit,
403 2749 432 2771 ut
445 2751 539 2772 eorum
555 2752 602 2772 ora
619 2746 795 2780 prata-luderet
809 2747 855 2783 qui
874 2754 967 2775 contra

240 2839 311 2881 sap.
327 2840 436 2881 ιη’-υτ.
458 2839 539 2881 ξιον.
556 2848 575 2874 t,
659 2842 775 2881 “Matth.
792 2852 847 2875 xix,
866 2844 972 2881 l3,lt.r
997 2843 1017 2881 ff
1028 2843 1098 2872 Psal.
1120 2852 1191 2876 cur,
1206 2847 1231 2875 6.
1270 2849 1280 2863 "
1294 2847 1365 2876 Psal.
1378 2855 1445 2881 cm,
1467 2851 1488 2876 I.

1028 1611 1104 1639 ἔσται
1127 1613 1285 1645 ἀνάστασις,
1307 1610 1330 1640 ὦ
1353 1613 1495 1649 ὲοελόσοφε
1504 1614 1627 1650 Ἱέρακα;
1643 1614 1716 1649 Αὐτὴ
1730 1614 1785 1650 γὰρ
1800 1615 1819 1650 ἡ

1028 1659 1159 1694 ὀνομασία
1175 1659 1225 1694 τῆς
1239 1659 1366 1695 φράσεως
1386 1659 1506 1686 δείκνυσι
1522 1659 1571 1696 τὴν
1590 1659 1713 1695 δύναμιν.
1739 1660 1820 1687 Ἀνά-

1029 1713 1122 1736 στασις
1138 1704 1192 1741 γὰρ
1211 1705 1240 1732 οὐ
1263 1705 1384 1733 καλεῖται
1399 1705 1445 1733 τοῦ
1469 1705 1506 1741 μὴ
1524 1706 1707 1738 πεπτωκότος.
1739 1707 1820 1733 Ποῖον

1027 1749 1055 1776 δέ
1074 1751 1131 1776 ἐστι
1145 1750 1175 1776 τὸ
1192 1751 1291 1783 πεσὸν;
1316 1752 1391 1777 ποῖον
1414 1751 1444 1777 τὸ
1466 1750 1568 1786 ταφέν;
1594 1752 1669 1777 ποῖον
1695 1751 1720 1777 εδ
1739 1751 1819 1778 λυθὲν

1027 1794 1085 1821 ἀλλ’
1102 1795 1119 1830 ἢ
1134 1794 1163 1821 τὺ
1180 1794 1270 1830 σῶμα,
1298 1795 1345 1822 καὶ
1366 1795 1414 1830 οὐχ
1438 1796 1453 1830 ὴ
1471 1795 1564 1831 ψυχή;
1583 1796 1662 1830 Ψυχὴ
1683 1796 1774 1823 τοίνυν
1787 1797 1818 1822 οὐ

1028 1840 1130 1873 πίπτει,
1149 1840 1211 1867 οὔτε
1228 1840 1369 1868 θάπτεται,
1392 1841 1447 1868 Καὶ
1471 1842 1543 1868 πόσα
1563 1842 1623 1868 ἐστὶ
1639 1842 1702 1877 περὶ
1721 1842 1818 1868 τούτω

1027 1886 1131 1920 λέγειν;
1161 1886 1258 1922 Ψυχῆς
1285 1887 1339 1922 γὰρ
1354 1887 1385 1913 οὺ
1402 1887 1524 1914 καλεῖται
1553 1887 1716 1918 ἀνάστασις,
1750 1888 1820 1914 ἀλλὰ

1028 1930 1108 1966 σῶμά
1126 1932 1185 1957 ἐστι
1206 1931 1236 1958 τὸ
1260 1932 1445 1967 ἐγειρόμενον.
1466 1933 1533 1968 Περὶ
1559 1933 1587 1960 δὲ
1605 1933 1655 1968 τῆς
1670 1933 1818 1969 ἀναλογῆς,

1026 1973 1061 2011 ἧς
1091 1973 1174 2011 ἦλθεν
1202 1977 1216 2003 ὁ
1241 1976 1336 2012 Σωτὴρ
1366 1977 1547 2010 ἀναλέξασθαι
1579 1978 1742 2014 παρθενίαν,
1771 1978 1819 2005 καὶ

1027 2022 1200 2058 ἐγκράτειαν,
1219 2023 1266 2048 καὶ
1287 2022 1409 2056 ἁγνείαν,
1432 2023 1486 2049 τίνι
1504 2023 1553 2050 οὐκ
1581 2024 1637 2050 ἔστι
1663 2024 1755 2058 δῆλον,
1776 2024 1818 2052 ὅτι

1027 2066 1100 2094 ἔστιν
1112 2067 1210 2102 ἐκλογὴ
1228 2068 1276 2094 καὶ
1292 2068 1342 2103 τῆς
1356 2069 1437 2103 ἁγίας
1449 2067 1596 2105 καθολικῆς
1611 2070 1658 2096 καὶ
1672 2071 1818 2097 ἀποστολι-

1026 2111 1077 2146 κῆς
1097 2112 1259 2147 Ἐκκλησίας
1271 2112 1401 2148 καύχημα
1411 2114 1457 2140 καὶ
1472 2115 1535 2145 τοὺς
1546 2114 1556 2130 ’
1569 2115 1597 2140 ὲν
1612 2114 1703 2150 σεμνῷ
1716 2115 1815 2150 γάμῳ;

1027 2158 1163 2184 Ἕκαστον
1189 2159 1245 2193 γὰρ
1269 2158 1340 2184 κατὰ
1365 2158 1396 2185 τὸ
1412 2159 1477 2185 ἴδιον
1499 2159 1590 2194 τάγμα
1608 2159 1704 2192 σώζειν
1724 2160 1815 2188 εἴωθε.

1026 2203 1088 2234 Πῶς
1101 2203 1155 2237 γὰρ
1168 2203 1217 2229 οὐκ
1233 2202 1308 2230 ἔσται
1322 2203 1411 2238 τίμιος
1425 2204 1439 2230 ὁ
1454 2205 1551 2240 γάμος,
1569 2205 1615 2231 καὶ
1632 2206 1660 2232 ὲν
1674 2205 1734 2241 Θεῷ
1748 2206 1817 2241 ἔχων

1025 2248 1073 2283 τὴν
1092 2248 1146 2275 τῶν
1160 2248 1281 2284 οὐρανῶν
1299 2249 1448 2283 βασιλείαν,
1471 2250 1552 2277 ὁπότε
1579 2251 1734 2286 κέκληταιὸ
1759 2253 1816 2278 Σω-

1024 2294 1075 2329 τὴρ
1092 2294 1132 2325 εἰς
1148 2293 1264 2328 γάμους,
1280 2294 1323 2320 ἴνα
1346 2294 1481 2331 εὑλογήσῃ
1496 2295 1601 2330 γάμον;
1626 2297 1659 2323 Εἰ
1685 2297 1736 2332 μὲν
1760 2297 1815 2333 γὰρ

1024 2339 1203 2375 παρῃτήσατο
1218 2340 1257 2372 εἱς
1268 2340 1356 2375 γάμον
1372 2341 1494 2372 εἰσιέναι,
1511 2342 1565 2377 ἄρα
1579 2342 1667 2377 γάμου
1681 2340 1715 2377 ἦν
1732 2352 1815 2369 κατι-

1024 2384 1115 2419 λυτὴς,
1131 2386 1177 2411 mi
1189 2385 1238 2411 οὐκ
1251 2386 1449 2421 ἀποδεχόμενος
1464 2386 1578 2413 ἕκαστον
1601 2387 1672 2414 κατὰ
1689 2389 1815 2422 συγγνώ-

1026 2439 1079 2466 μην
1104 2430 1154 2465 τῆς
1177 2430 1259 2458 αὐτοῦ
1282 2431 1435 2463 ἀσθενείας.
1453 2432 1551 2467 Τίμιος
1566 2433 1654 2460 τοίνυν
1681 2434 1696 2460 ὁ
1714 2435 1812 2469 γάμος,

1022 2476 1063 2502 ὅτι
1080 2476 1160 2508 αὐτὸς
1175 2476 1255 2502 αὐτὸν
1269 2476 1363 2512 ὥρισε.
1382 2477 1428 2503 Διὸ
1442 2478 1623 2513 παραγίνεται
1646 2479 1687 2510 εἰς
1712 2481 1811 2514 γάμον,

1023 2521 1066 2548 ἵνα
1086 2522 1175 2557 Wagn
1195 2522 1229 2549 τὰ
1250 2523 1371 2558 στόματα
1386 2523 1440 2550 τῶν
1453 2524 1584 2557 λεγόντων
1598 2524 1669 2551 κατὰ
1682 2525 1732 2560 τῆς
1747 2526 1813 2559 ἀλη-

1023 2566 1108 2598 θείας.
1133 2568 1206 2594 Ἐκεῖ
1216 2567 1270 2603 γὰρ
1285 2568 1392 2603 πρῶτον
1409 2570 1520 2604 σημεῖον
1535 2569 1662 2604 ἐποίησεν
1675 2571 1690 2596 ὁ
1709 2570 1812 2605 Ἰησοῦς

1023 2613 1052 2638 ὲν
1067 2613 1144 2640 Κανᾶ
1159 2613 1208 2648 τῆς
1225 2613 1370 2645 Γαλιλαίας
1385 2614 1416 2641 τὸ
1434 2614 1506 2650 ὕδωρ
1522 2613 1593 2642 οἶνον
1609 2617 1735 2651 ποιήσας.
1768 2617 1812 2647 ”Ω;

1023 2659 1076 2694 γὰρ
1093 2659 1225 2687 ἀνέτειλεν
1248 2660 1301 2687 ἀπὸ
1319 2660 1467 2696 Παρθένου,
1485 2661 1527 2688 ἴνα
1549 2661 1623 2697 δείξῃ
1639 2661 1670 2688 τὸ
1684 2662 1743 2696 φῶς
1758 2662 1812 2688 ἀπὺ

1024 2702 1161 2738 Παρθένου
1187 2704 1329 2731 ἀνατεῖλαν
1355 2706 1388 2740 τῇ
1414 2705 1577 2740 οἰκουμένῃ·
1608 2705 1679 2732 οὕτω
1706 2707 1753 2733 καὶ
1780 2705 1810 2733 τὸ

1024 2748 1131 2784 πρῶτον
1149 2752 1261 2785 σημεῖον
1275 2751 1315 2782 εἰς
1329 2750 1435 2785 γάμους
1450 2751 1597 2786 πεποίηκεν
1613 2751 1642 2777 ἐν
1661 2752 1741 2787 Κανᾷ
1759 2752 1810 2788 τῆς

1546 2849 1557 2864 ⁸
1569 2848 1666 2876 Matth.
1683 2849 1794 2879 “1,16.

182 2874 347 2904 ~Psal.vlu.
362 2875 396 2908 3;
413 2874 507 2903 Matth.
525 2883 580 2910 XXI,
604 2878 644 2905 16.
685 2880 695 2896 ⁸
716 2878 797 2908 Hebr.
820 2874 880 2913 xm,
901 2874 926 2906 4.
966 2880 976 2896 ⁹

1030 2887 1058 2907 ur.
1076 2881 1122 2907 ml
1134 2874 1197 2911 τοῖς.
