1929 3039
92 157 141 185 I89

402 158 584 189 ADVERSUS
599 161 768 191 IIIERESES
786 163 848 191 LIB.
866 163 896 192 II.
915 163 995 193 TOM.
1019 165 1085 193 ll.--
1101 164 1237 192 "ASINIS.
1259 165 1374 193 LXVIII.

1668 163 1718 194 190

92 213 194 248 δησίοις
209 213 350 249 μετάλλοις
366 215 434 250 (56).
447 217 501 244 Καὶ
514 217 573 244 τότε
586 219 678 245 λοιπὸν
692 220 715 245 οἱ
733 220 876 254 συρόμενοι

929 229 989 247 cum
1021 223 1149 250 omnibus
1167 223 1221 250 illis
1243 223 1455 256 confessoribus,
1474 231 1520 257 qui
1548 222 1627 249 tracti
1644 223 1721 250 abre;

90 260 165 291 ὄντες
180 260 346 295 ὁμολογηταὶ
361 261 419 296 ἅμα
434 262 572 298 Μελητίῳ,
588 264 636 290 καὶ
652 265 732 297 αὐτὸς
745 265 877 300 Μελήτιος

90 306 118 332 ἑν
138 306 171 341 τῇ
196 306 304 341 εἱρκτῇ,
329 307 400 334 κατὰ
423 307 471 343 τὴν
491 308 654 345 ὁδοιπορίαν,
678 310 737 337 καθ’
761 311 878 346 ἑκάστην

89 348 181 385 χώραν
199 351 246 377 καὶ
263 350 323 378 καθ’
340 351 454 380 ἕκαστον
475 353 556 381 τόπον
575 354 747 390 διερχόμενος
763 357 877 383 καθίστα

90 395 248 431 κληρικοὺς,
261 396 426 429 ἐπισκόπους
438 407 468 424 τε
479 399 525 426 καὶ
541 400 750 437 πρεσϐυτέρους,
763 402 810 429 καὶ
820 402 878 428 δια-

89 441 198 476 κόνους,
212 443 260 470 καὶ
271 443 403 479 ᾠκοδόμει
417 444 564 480 ἐκκλησίας
579 446 656 478 ιδίαςσ
671 448 718 474 καὶ
732 447 793 474 οὔτε
805 444 878 474 οὗτοι

92 486 195 518 τούτοις
205 488 374 521 ἐκοινώνουν,
389 488 450 515 οὔτε
462 490 561 517 ἐκεῖνοι
575 490 689 523 τούτοις.
707 490 878 527 Ἐπέγραῴον

91 532 117 558 δὲ
135 532 252 564 ἕκαστος
267 534 296 560 έν
312 534 345 570 τῇ
363 534 416 570 ἰδίᾳ
434 535 577 571 ἐκκλησίᾳ,
597 537 620 563 ol
638 536 686 572 μὲν
702 537 755 563 ἀπὸ
767 537 814 563 τοῦ
828 537 879 564 Πέ-

92 585 155 612 τρου
169 577 365 614 διαδεξάμενοι,
376 579 483 615 ἔχοντες
496 581 545 614 τὰς
559 581 641 613 οὔσας
653 583 770 617 ἀρχαίας
779 583 877 619 ἐκκλη-

89 623 162 655 σίας,
182 623 223 650 ὅτι
247 624 392 660 Ἐκκλησία
406 626 548 663 καϐολικὴ,
568 628 593 654 οί
615 628 643 655 δὲ
663 628 717 655 ἀπὸ
732 628 876 663 Μεληέίου,

94 669 243 705 Ἐκκλησία
259 670 415 707 μαρτύρων.
436 672 517 699 Ὅθεν
534 673 581 700 καὶ
599 674 628 700 έν
649 674 877 708 Ἐλευθεροπὸλει,

89 717 137 742 καὶ
151 717 180 742 ὲν
195 716 280 752 Γάζῃ.
297 718 344 744 καὶ
362 718 390 744 ὲν
406 718 485 754 Δίλίᾳ
501 719 644 755 παρελθὼν
663 720 677 746 6
696 720 775 752 αὐτὸς
787 721 879 756 Μελή-

89 769 145 792 τιος
163 760 277 792 πολλοὺς
289 761 374 794 οὕτως
390 762 587 799 ἐχειροτόνησε.
606 764 662 791 Καὶ
674 764 784 798 γέγονεν
797 765 878 792 αὑτὸν

88 807 298 843 χρονοτριϐῆσαι
311 808 339 834 ὲν
350 809 405 840 τοῖς
415 809 621 845 προειρημένοις
632 810 781 846 μετάλλοις.
800 811 878 837 Ἀλλὰ

89 852 194 887 μεταξὺ
213 852 376 880 ἀπολύονται
390 853 598 890 τῶν.μετάλλων
616 857 639 883 ot
660 855 833 892 ὁμολογηταὶ,
853 856 880 883 οἱ

932 267 1025 301 ptique
1037 274 1098 294 cum
1110 275 1142 295 eo
1158 267 1274 300 luerant,
1295 273 1348 295 tam
1369 268 1396 295 in
1414 275 1524 295 carcere
1540 275 1622 303 quam
1636 268 1662 295 in
1675 268 1720 294 iti-

931 319 996 339 nere
1019 320 1051 339 ac
1062 321 1255 348 quamcunque
1276 315 1411 348 regionem
1429 314 1573 347 locumque
1590 320 1720 348 peragra-

932 360 982 387 ret,
1000 356 1036 384 ibi
1050 357 1176 389 clericos,
1186 358 1340 393 episcopos,
1365 358 1537 394 presbyteros
1549 363 1575 386 et
1589 359 1720 387 diaconos

932 401 1059 434 instituit,
1071 410 1102 430 ac
1114 399 1234 438 priva’tas
1250 404 1381 431 ecclesias
1391 404 1522 436 fundavit,
1537 411 1599 431 cum
1609 404 1719 432 interim

932 453 983 472 nec
1001 446 1027 473 hi
1047 454 1109 474 cum
1126 447 1191 478 illis.
1206 455 1256 476 nec
1268 447 1306 475 illi
1323 456 1385 476 cum
1400 448 1444 476 his
1459 456 1603 476 commune
1616 448 1720 483 aliquid

932 490 1073 519 haberent.
1093 491 1179 519 Porro
1199 501 1276 521 suam
1305 494 1422 530 quisque
1440 494 1582 522 ecclesiam
1604 494 1720 522 diversis

931 536 1087 565 nominibus
1115 538 1384 567 inscribebatznam
1424 539 1499 567 Petri
1527 548 1717 573 successores,

932 589 1015 615 penes
1042 590 1113 617 quos
1128 583 1234 612 veteres
1259 590 1337 612 erant
1359 584 1498 616 Ecclesia’,
1512 586 1654 613 catholicae
1669 585 1720 614 Ec-

931 627 1023 654 clesiae
1051 628 1160 655 titulum
1188 631 1376 664 usurpabant;
1403 630 1541 659 Meletiani
1567 630 1719 659 Ecclesiam

931 675 1091 706 martyrum.
1128 673 1212 707 Igitur
1256 674 1505 709 Eleutheropolim,
1544 676 1644 703 Gazam
1693 681 1720 704 et

931 715 1033 743 [Eliam
1058 717 1199 752 profectus
1214 719 1337 747 Meletius
1361 721 1506 756 plerosque
1527 721 1561 748 ad
1580 729 1640 749 eum
1661 730 1720 749 mo-

931 761 995 788 dum
1020 762 1167 790 ordinavit.
1194 764 1355 800 Acciditque
1377 770 1405 792 ut
1432 766 1466 793 ad
1487 767 1596 793 metalla
1615 767 1719 795 diutius

931 807 1108 836 detineretur.
1128 808 1181 836 Sed
1198 810 1233 838 ab
1249 810 1283 838 iis
1296 811 1405 838 tandem
1423 811 1599 840 confessores
1612 813 1719 840 liberati

931 857 1006 886 sunt,
1020 857 1075 880 tam
1089 854 1228 889 quiPetro
1250 855 1379 884 favebant
1395 856 1496 892 (adhuc
1509 858 1581 884 enim
1596 858 1720 892 complu-

88 906 118 924 τε
131 898 180 925 τοῦ
196 898 295 934 μέρους
308 899 412 934 Πέτρου
425 898 505 936 (ἦσαν
530 900 584 937 γὰρ
605 901 646 928 ἔτι
664 901 778 937 πολλοὶ),
797 902 844 928 καὶ
855 903 876 929 oi

931 904 974 925 res
987 898 1089 933 erant),
1120 906 1202 934 quam
1232 899 1379 928 Meletiani.
1408 901 1460 934 Qui
1487 902 1595 936 quidem
1617 903 1644 929 in
1664 910 1721 931 me-

89 943 137 970 τοῦ
152 944 299 979 Μελητίου.
318 944 388 972 Οὖτε
402 945 456 981 γὰρ
475 947 504 972 ὲν
522 947 578 978 τοῖς
597 947 741 982 μετάλλοις
757 947 881 983 ἀλλήλοις

89 988 260 1022 ἐκοινώνουν,
279 989 296 1024 ἧ
313 989 485 1026 συνηύχοντο.
509 991 614 1018 Γίνεται
634 992 663 1019 δὲ
680 993 726 1019 τὸν
745 993 880 1028 Μελήτιον

90 1033 130 1060 ετι
149 1034 289 1070 διατρίψαι
310 1035 339 1062 ὲν
359 1035 453 1071 κόσμῳ
472 1036 579 1072 χρόνον,
611 1036 683 1064 ὥστε
706 1038 880 1073 συνακμάσαι

88 1079 137 1105 καὶ
162 1080 330 1118 Ἀλεξάνδρῳ
346 1081 385 1118 τῷ
399 1081 446 1109 τοῦ
463 1082 566 1117 Πέτρου
581 1083 704 1118 διαδόχῳ,
722 1083 756 1110 τὰ
771 1083 835 1118 φίλα
850 1092 880 1110 τε

90 1124 174 1160 ἒχειν·
193 1126 374 1162 ἑμερίμνα,τε
391 1127 426 1154 τὰ
442 1129 506 1163 περὶ
520 1128 569 1163 τῆς
591 1128 753 1164 Ἐκκλησίας
769 1129 817 1156 καὶ
836 1129 881 1156 πί-

91 1177 188 1202 στεως.
208 1171 297 1207 Ἕφην
312 1172 366 1208 γὰρ
386 1172 524 1206 πολλάκις,
540 1173 581 1200 δτι
596 1173 672 1200 οὐδὲν
697 1171 753 1208 εἶχε
773 1173 879 1210 παρηλ-

90 1214 238 1251 λαγμένον.

126 1263 165 1289 Δν.
179 1262 266 1294 Αὐτὸς
280 1262 334 1298 γὰρ
354 1261 430 1296 οὗτος
450 1263 464 1290 ὁ
479 1264 623 1299 Μελήτιος,
643 1264 672 1291 ὲν
693 1264 880 1300 Ἀλεξανδρείᾳ

77 1306 79 1308 ⁷
91 1308 248 1343 γενόμενος,
263 1309 375 1336 κάκεῖσε
385 1309 531 1345 διατρίϐων
544 1311 649 1346 χρόνον,
664 1310 732 1346 έχων
751 1311 819 1337 ίδίαν
829 1311 878 1346 τὴν

93 1353 205 1385 σύναξιν
228 1355 276 1381 σὺν
295 1356 351 1387 τοῖς
372 1355 458 1388 ἰδίοις,
473 1355 518 1384 τὴν
535 1356 644 1391 Ἀρειον
667 1355 808 1392 ἐφώρασεν
833 1357 879 1383 ἁν-

93 1398 210 1433 ενέγκας
231 1400 278 1426 ἐπὶ
301 1400 346 1426 τὸν
379 1399 562 1437 Ἀλέξανδρον.
597 1400 641 1433 Ὦς
657 1401 776 1436 ὲνηχήθη
793 1401 820 1428 δὲ
833 1401 878 1428 τὸν

95 1444 205 1479 Ἀρειον
223 1445 253 1471 ὲν
270 1446 331 1477 ταῖς
352 1445 435 1472 αὑτοῦ
456 1446 618 1481 ἐξηγήσεσιν
636 1445 687 1479 ἔξω
704 1446 750 1473 τοῦ
768 1455 878 1482 προκει-

93 1489 176 1524 μένου
190 1489 241 1526 τῆς
256 1490 374 1523 πίστεως
388 1490 531 1526 βεϐηκότα·
548 1489 582 1528 ἦν
599 1492 653 1527 γὰρ
670 1489 745 1524 οὗτος
763 1493 791 1518 ὲν
809 1492 879 1518 Βαυ-

92 1534 162 1571 κάλῃ
186 1537 219 1572 τῇ
246 1536 394 1574 Ἐκκλησίᾳ
411 1537 482 1564 οὕτω
499 1537 651 1574 καλουμένῃ
677 1537 878 1573 Ἀλεξανδρείας

90 1582 287 1616 πρεσσὺτερος.
314 1582 382 1608 Καθ’
408 1582 524 1618 ἑκάστην
550 1582 604 1618 γὰρ
628 1581 668 1612 είς
698 1582 877 1618 πρεσϐύτερός

90 1627 165 1653 ἐστιν
184 1627 402 1663 ἀποτεταγμένος
417 1636 423 1644 ·
447 1626 518 1663 ἦσαν
535 1627 589 1663 γὰρ
610 1627 705 1654 πολλαὶ
723 1627 875 1662 ἐκκλησίαι,

89 1671 139 1698 νῦν
152 1671 181 1698 δὲ
195 1671 316 1706 πλείους,
334 1673 380 1699 καὶ
393 1673 467 1708 αὐτῷ
480 1673 497 1708 ὴ
519 1673 666 1708 Ἐκκλησία
680 1673 876 1708 ἐγκεχείριστο·

91 1718 145 1744 κᾶν
155 1726 186 1744 τε
205 1717 283 1750 ἄλλος
299 1718 347 1745 σὺν
360 1718 433 1754 αὺτῷ
446 1716 490 1754 ἦν’
509 1714 546 1745 ὧν
556 1718 636 1744 ἓνεκα
646 1719 785 1753 γενόμενοι
798 1719 827 1744 ὲν
839 1719 876 1753 τῷ

89 1763 167 1799 τόπῳ
178 1763 292 1799 λέξομεν
304 1764 374 1791 κατὰ
387 1764 548 1800 λεπτότητα,
561 1765 604 1792 ὅτε
616 1764 695 1800 χρεία
708 1765 771 1800 περὶ
782 1763 875 1790 τούτου

89 1806 308 1836 ἐσται.Ὲπεὶοῦν
319 1808 444 1845 ἐφώρασε
457 1809 503 1836 τὸν
516 1810 623 1845 ’Δρειον
635 1809 786 1841 σπουδαίως
805 1809 878 1835 Ἀλέ-

91 1853 214 1888 ξανδρος,
230 1854 400 1888 συγκαλέσας
414 1855 581 1886 ἐπισκόπους
594 1855 640 1882 καὶ
655 1854 774 1887 σύνοδον,
786 1855 877 1891 ἐζήτει

88 1897 174 1930 ἀξιῶν
195 1899 259 1934 περὶ
274 1899 402 1932 πίστεως,
424 1901 471 1927 καὶ
491 1900 613 1928 ἀπαιτῶν
629 1900 674 1927 τὸν
692 1901 800 1936 Ἀρειον
814 1901 878 1936 περὶ

88 1942 141 1978 τῆς
153 1943 184 1969 ἐν
194 1943 267 1979 αὐτῷ
279 1944 486 1981 ὲγκισσηοείσης
500 1945 588 1981 λύμης
602 1947 651 1981 τῆς
663 1946 831 1980 κακοδοξίας.
848 1947 877 1973 Ὁ

88 1987 118 2014 δὲ
135 1989 241 2023 ’Ἄρειος
258 1989 287 2015 οὗ
301 1989 354 2025 μὴν
370 1990 518 2025 ἠρνήσατο,
536 1990 604 2019 ἀλλὰ
621 1990 668 2018 καὶ
685 1991 753 2027 μετὰ
764 1999 876 2027 τετριμ-

91 2033 173 2068 μένου
191 2033 346 2069 προσώπου.
363 2034 400 2067 ὡς
420 2033 502 2071 εἶχεν,
519 2036 605 2069 οὕτως
625 2037 800 2073 ἀπεκρίνατο.
823 2037 878 2063 Καὶ

89 2079 162 2112 ἑξεοί
176 2079 226 2115 μὲν
248 2079 419 2117 Ἀλέξανδρος
434 2082 515 2110 αὑτὸν
529 2082 579 2118 τῆς
599 2083 771 2119 Ἐκκλησίας·
788 2083 878 2116 ὲεεοῦ-

88 2132 136 2150 ται
152 2124 180 2151 δὲ
195 2124 252 2160 ἃμα
267 2125 341 2161 αὐτῷ
358 2125 457 2161 πλῆθος
470 2126 548 2158 πολὺ,
561 2127 586 2153 oi
597 2127 644 2153 ἀπ’
657 2127 738 2153 αὐτοῦ
753 2136 877 2162 κεχραμ-

90 2170 180 2206 μένοι,
202 2170 424 2205 παρθενευουσῶν
449 2173 496 2199 καὶ
517 2173 604 2200 ἄλλων
627 2173 773 2208 κληρικῶν.
800 2174 830 2200 '0
848 2173 877 2199 δὲ

90 2217 212 2253 Ἀρειος,
230 2217 396 2253 ἀποδράσας,
411 2219 457 2245 ἐπὶ
474 2219 523 2254 τὴν
538 2219 723 2246 Παλαιστίνων
739 2219 876 2247 στέλλεται

87 2262 139 2299 τὴν
158 2263 280 2298 πορείαν.
304 2264 347 2291 Ἑν
367 2264 536 2300 Νικομηδείᾳ
553 2265 581 2292 δὲ
603 2265 730 2298 ἀνελθὼν,
749 2265 878 2303 κάκεῖθεν

88 2309 198 2344 γράψας
217 2310 360 2342 ἐπιστολὰς
382 2309 556 2346 Ἀλεξάνδρῳ.
573 2311 621 2346 οὐχ
643 2310 805 2346 ὑπερέϐαινε
827 2311 876 2345 τῆς

87 2354 173 2381 αὑτοῦ
195 2355 354 2388 κακοδοξίας
375 2357 425 2392 τὴν
448 2356 566 2392 μανιώδη
583 2356 710 2383 διάνοιαν.
736 2356 815 2383 Ἀλλὰ
828 2365 875 2390 μευ

87 2400 157 2432 ταξὺ
176 2399 266 2434 ὀλίγου
285 2400 332 2426 τοῦ
346 2401 451 2436 χρόνου,
468 2402 514 2428 τοῦ
531 2402 613 2428 αὑτοῦ
640 2401 812 2438 Ἀλεξάνδρου
828 2402 875 2428 τοῦ

52 2469 55 2471 .
87 2445 168 2480 ἁγίου
183 2446 333 2473 ἐπισκόπου
355 2447 554 2483 Ἀλεξανδρείας
568 2447 813 2483 ὲπιμελησαμένου,
829 2447 875 2474 καὶ

88 2492 250 2527 κινήσαντος
265 2493 310 2519 τὸν
323 2493 457 2529 μακάριον
470 2495 682 2526 Κωνσταντῖνον,
696 2488 875 2530 συνεκρότησε

89 2537 199 2565 σύνοδον
214 2538 244 2564 ὲν
259 2539 291 2574 τῇ
308 2539 410 2575 Νικαίᾳ
424 2541 457 2575 τῇ
477 2540 561 2566 πόλει.
579 2541 633 2567 Καὶ
650 2540 875 2575 ἀναθεματίζεται

89 2584 138 2618 μὲν
153 2584 171 2619 ἡ
190 2583 299 2619 Ἀρείου
316 2585 429 2620 αἵρεσις,
449 2585 517 2620 μετά
530 2585 560 2612 τδ
576 2585 722 2613 ἀποθανεῖν
737 2586 825 2613 αὐτόν.
839 2586 875 2613 Τὸ

88 2628 199 2664 πρῶτον
212 2629 262 2664 μὲν
276 2629 330 2665 γὰρ
345 2631 453 2666 ἠρνεῖτο
467 2631 506 2662 είς
520 2631 664 2667 πρόσωπον
679 2631 726 2658 τοῦ
739 2631 874 2668 μακαρίου

123 2706 182 2740 (56)
199 2707 252 2733 Ἐν
265 2707 328 2740 τοῖς
338 2708 511 2741 Φαινησίοις
523 2708 694 2742 μετάλλοις.
710 2708 831 2736 Meminit
844 2709 871 2736 in

88 2742 184 2768 eadem
197 2743 388 2802 Eersecutionc
395 2742 559 2770 declaranda
571 2742 771 2770 Phrenesiorum
782 2744 873 2770 metal-

90 2776 178 2802 lorum
221 2777 333 2802 usebius
346 2785 392 2802 vm
403 2777 471 2802 libro
485 2778 683 2802 inAnnendiee.
700 2779 740 2802 vel
752 2787 811 2802 ean.
823 2779 870 2802 I7:

90 2776 178 2812 Larum
197 2776 333 2804 Eusebius
346 2785 392 2804 vni
403 2777 471 2804 libro
485 2778 684 2812 inAppendice,
700 2779 740 2806 vel
752 2787 811 2812 cap.
823 2779 870 2805 I7:

89 2810 151 2848 Τοῖς
167 2811 238 2848 κα.τᾶ
252 2811 341 2838 Φαινῶ
362 2811 410 2848 τῆς
426 2810 605 2848 Παλαιστίνης
620 2813 719 2848 χαλκοῦ
732 2810 873 2848 μετᾶλλοις

87 2846 150 2876 τοὺς
165 2846 271 2878 πάντας
295 2846 473 2881 παραδίδωσι.
489 2846 573 2880 Quam
585 2846 797 2876 'horrcnda'hmc
814 2856 871 2876 iue-

893 2243 914 2271 D

932 943 1005 971 tallis
1021 951 1036 970 a
1053 949 1148 972 mutua
1168 947 1360 974 communione
1380 947 1565 980 abstinebant,
1582 955 1614 974 ac
1628 955 1662 975 ne
1679 948 1718 975 si—

931 989 987 1016 mul
1001 988 1110 1023 quidem
1127 990 1252 1018 orabant.
1277 991 1401 1019 Meletius
1416 999 1481 1019 vero
1501 991 1547 1019 diu
1565 996 1659 1027 postea
1677 1000 1721 1020 su-

930 1037 1035 1069 perstes
1052 1033 1104 1061 fuit
1120 1035 1206 1063 :adeo
1217 1040 1247 1063 ut
1260 1043 1323 1064 cum
1347 1037 1504 1065 Alexandro
1520 1045 1628 1072 quoque
1646 1038 1717 1065 Petri

930 1074 1091 1108 successore
1103 1079 1239 1114 ﬂoruerit,
1256 1089 1318 1114 eum
1341 1090 1428 1118 eoque
1445 1083 1655 1111 familiaritatem
1669 1084 1718 1111 ha-

929 1125 1038 1159 buerit;
1056 1119 1225 1162 praecipuam.
1244 1135 1326 1162 porro
1340 1127 1469 1157 Ecclesia
1489 1128 1608 1164 ﬁdeique
1621 1137 1717 1156 curam

929 1171 1023 1206 gessit.
1043 1171 1122 1205 Nam,
1135 1176 1165 1200 ut
1176 1181 1247 1208 saepe
1258 1173 1327 1202 dixi.
1340 1174 1408 1201 nihil
1420 1174 1455 1202 ab
1469 1181 1501 1202 ea
1516 1174 1654 1203 diversum
1670 1179 1718 1202 aut

929 1217 1047 1244 alienum
1062 1218 1167 1245 docuit.

964 1260 1008 1288 IV.
1032 1260 1185 1294 Quinetiam
1214 1269 1276 1289 cum
1299 1262 1370 1290 idem
1396 1261 1574 1291 Alexandriae.
1594 1263 1718 1292 Melctius

928 1310 1010 1338 esset,
1033 1306 1124 1342 ibique
1146 1308 1267 1342 privatos
1283 1315 1345 1335 cum
1364 1309 1423 1337 suis
1442 1313 1594 1337 conventus
1614 1309 1719 1337 habens

928 1351 1087 1386 aliquandiu
1108 1352 1265 1385 mansisset,
1279 1353 1374 1380 Arium
1390 1362 1405 1381 a
1426 1362 1455 1382 se
1469 1355 1668 1389 deprehensum
1682 1355 1717 1382 ad

927 1397 1113 1425 Alexandrum
1140 1399 1247 1431 detulit,
1271 1406 1334 1426 eum
1351 1407 1414 1428 eum
1438 1400 1589 1435 accepisset
1604 1408 1619 1427 a
1637 1406 1718 1428 rectae

928 1443 990 1471 ﬁdei
1008 1451 1092 1479 seopo
1118 1444 1146 1472 in
1170 1444 1321 1480 Scripturis
1339 1445 1411 1480 apud
1436 1447 1565 1482 populum
1586 1447 1719 1481 interpre-

928 1489 1019 1518 tandis
1046 1490 1185 1519 aberrare.
1217 1490 1298 1518 Arius
1324 1491 1396 1518 enim
1422 1491 1546 1519 Baucalze
1573 1491 1718 1526 cujusdam

929 1536 1000 1571 apud
1030 1536 1221 1564 Alexandriam
1253 1535 1384 1564 Ecclesiae
1407 1538 1548 1573 presbyter
1566 1541 1635 1565 erat.
1649 1537 1717 1565 Nam

931 1582 1079 1618 unicuique
1103 1582 1240 1615 Ecclesiae,
1257 1589 1317 1617 qua:
1333 1586 1390 1610 tum
1418 1584 1511 1610 multae
1525 1587 1615 1616 erant,
1637 1583 1718 1611 hodie

928 1634 994 1654 vero
1019 1628 1111 1661 plures
1135 1631 1209 1658 sunt,
1233 1629 1301 1654 suus
1329 1627 1528 1654 attribuebatur
1551 1627 1715 1662 presbyter:

928 1679 982 1707 qua
1007 1672 1113 1700 ratione
1140 1672 1338 1707 procurandam
1364 1671 1514 1699 Ecclesiam
1540 1672 1613 1698 illam
1633 1671 1716 1699 Arius

928 1721 1096 1751 susceperat,
1112 1718 1170 1744 sive
1185 1716 1247 1751 quis
1261 1716 1332 1743 alius
1348 1716 1494 1751 adjunctus
1514 1717 1538 1744 ei
1567 1716 1665 1747 fuerat,
1681 1715 1716 1743 de

926 1763 1027 1798 quibus
1055 1769 1105 1790 suo
1138 1762 1206 1795 loco,
1231 1769 1292 1790 cum
1316 1762 1341 1788 id
1357 1769 1468 1789 necesse
1486 1762 1548 1792 erit,
1560 1761 1716 1788 accuratius

927 1816 1051 1844 agemus.
1064 1808 1239 1843 Deprehenso
1256 1807 1338 1842 igitur
1359 1806 1433 1840 Ario,
1447 1806 1598 1834 Alexander
1614 1806 1716 1833 indicto

927 1855 1118 1890 episcoporum
1145 1854 1261 1882 concilio
1278 1853 1378 1882 deiide
1405 1853 1552 1888 diligenter
1580 1852 1714 1886 inquisiit,

928 1905 954 1928 et
969 1900 1003 1928 ab
1018 1900 1084 1927 Ario
1109 1907 1198 1935 prava:
1224 1908 1255 1927 ac
1282 1899 1444 1935 perniciosa:
1475 1898 1548 1925 illius
1566 1897 1715 1932 opinionis,

928 1954 1008 1982 quam
1018 1946 1290 1980 animoconcepcrat,
1310 1945 1447 1973 rationem
1456 1944 1553 1978 exegit.
1569 1943 1618 1970 l'lic
1634 1943 1716 1970 Arius

928 1991 997 2019 nihil
1019 1991 1204 2027 tergiversari,
1233 1995 1280 2018 aut
1300 1990 1484 2022 dissimulare,
1501 1989 1582 2024 720
1593 1989 1640 2016 sed
1657 1997 1716 2024 per-

928 2037 1008 2064 l'ricta
1024 2037 1125 2069 fronte,
1142 2037 1180 2064 uti
1206 2044 1236 2064 se
1253 2044 1296 2064 res
1319 2036 1446 2069 habebat,
1465 2035 1615 2070 respondit.
1629 2035 1715 2067 Quam

927 2083 964 2111 ob
980 2090 1036 2110 rem
1063 2081 1218 2109 Alexander
1232 2089 1294 2110 eum
1319 2089 1353 2109 ex
1370 2080 1490 2108 Ecclesia
1510 2080 1673 2110 deturbavit,
1687 2083 1715 2106 et

928 2137 991 2156 cum
1006 2136 1038 2156 eo
1057 2129 1154 2163 ingens
1168 2127 1302 2163 virginqu
1316 2134 1348 2154 ac
1368 2131 1527 2154 cancrorum
1541 2125 1713 2156 clericorum,

927 2183 997 2210 quos
1028 2174 1073 2201 ille
1097 2173 1269 2208 depravarat,
1297 2172 1338 2199 vis
1362 2171 1482 2206 ejicitur.
1493 2170 1549 2197 Sub
1563 2170 1619 2196 haec
1633 2170 1714 2196 Arius

928 2220 1034 2254 fugiens
1048 2220 1075 2246 in
1095 2219 1266 2247 Palaestinam
1287 2217 1362 2244 abiit.
1377 2216 1439 2244 Inde
1453 2215 1635 2243 Nicomediam
1651 2222 1714 2249 pro-

928 2264 1026 2296 fectus,
1041 2271 1072 2291 ex
1087 2271 1118 2291 ea
1132 2263 1198 2290 urbe
1213 2263 1319 2290 litteras
1332 2261 1365 2288 ad
1386 2261 1571 2288 Alexandrum
1584 2260 1668 2292 dedit,
1685 2259 1712 2287 in

926 2311 1026 2345 quibus
1041 2310 1075 2337 ab
1091 2311 1187 2337 insana
1214 2312 1305 2336 mente
1328 2315 1359 2335 ac
1378 2307 1482 2335 furioso
1505 2307 1630 2342 dogmate
1657 2315 1712 2334 non

926 2357 1050 2385 recessit.
1079 2355 1178 2384 Verum
1195 2355 1276 2390 paulo
1289 2358 1361 2390 post,
1379 2353 1525 2382 Alexandri
1543 2353 1712 2381 sanctissimi

925 2402 1096 2430 Alexandriae
1112 2401 1233 2437 episcopi
1251 2400 1342 2429 studio
1372 2404 1399 2427 et
1419 2399 1541 2431 hortatu,
1555 2399 1640 2426 beatae
1655 2407 1713 2427 me-

927 2449 1021 2477 moria:
1033 2447 1231 2476 Constantinus
1255 2446 1390 2482 synodum
1416 2446 1443 2473 in
1457 2446 1524 2473 urbe
1541 2444 1631 2473 Nicaea
1646 2453 1713 2472 con-

928 2500 1031 2531 gregat,
1049 2496 1095 2523 ubi
1108 2495 1163 2522 Arii
1175 2494 1271 2530 dogma
1286 2499 1347 2529 post
1357 2494 1537 2528 ejusmortem
1553 2493 1711 2520 damnatum

927 2547 978 2569 est.
995 2540 1131 2576 Principio
1145 2539 1216 2567 enim
1234 2547 1325 2567 coram
1350 2540 1514 2574 imperatore
1531 2538 1711 2566 Constantino

928 2587 1062 2615 inliciatus
1084 2586 1221 2618 Iuerat,et
1250 2586 1401 2613 cavillando
1425 2593 1456 2612 ac
1481 2584 1635 2612 simulando
1647 2591 1709 2610 eum

927 2636 1000 2660 recta
1015 2632 1066 2660 (ide
1079 2634 1271 2664 consentanea,
1292 2630 1471 2667 jurejurando
1490 2631 1570 2658 etiam
1589 2630 1710 2663 interpo-

927 2708 1111 2747 ta_lla_fuerint,
1127 2709 1206 2747 docet
1225 2709 1325 2747 Athan.
1346 2707 1430 2747 Epist.
1443 2707 1486 2747 Διιιί
1504 2707 1588 2747 κοίη..
1606 2703 1707 2747 μηδείϐε

927 2744 973 2771 ubi
989 2739 1149 2784 Eutychium
1160 2739 1375 2784 hypodiaconum
1387 2743 1422 2784 ab
1436 2742 1543 2784 Arionis
1559 2739 1706 2784 scribit‘a‘d

926 2779 1034 2805 metalla
1041 2774 1207 2805 'damnatu'n'i
1222 2787 1228 2804 :
1242 2779 1297 2804 Kal.
1319 2777 1447 2812 μέταλλον
1466 2776 1515 2810 οὐχ
1532 2774 1636 2812 ᾁπλιῇς,
1649 2774 1699 2801 ἀλλ

926 2815 966 2844 εἰς
983 2813 1012 2839 τὸ
1027 2813 1078 2847 τῆς
1093 2813 1181 2839 Φαινῶ
1191 2821 1197 2828 ·
1213 2813 1276 2848 ἔνθα
1291 2808 1335 2838 κάξ
1352 2811 1448 2848 φονεὺς
1463 2808 1708 2848 καταδικαζόμενος

925 2843 1017 2883 ὀλίγας
1034 2843 1140 2884 ἡμέρας
1156 2848 1234 2883 μόγις
1248 2843 1363 2874 δύναταί
1373 2846 1462 2880 ζῆσαι.
1481 2844 1548 2873 Vide
1561 2843 1707 2874 Ortclium.
