  <div class='ocr_page' id='page_1' title='image "/cluster/home/n/w/nwhite01/storage/ocr_20150623/42/njp.32101077772588/103.png"; bbox 0 0 1929 3039; ppageno 0'>
   <div class='ocr_carea' id='block_1_1' title="bbox 207 162 254 191">
    <p class='ocr_par' dir='ltr' id='par_1_1' title="bbox 207 162 254 191">
     <span class='ocr_line' id='line_1_1' title="bbox 207 162 254 191; baseline 0 0"><span class='ocrx_word' id='word_1_1' title='bbox 207 162 254 191; x_wconf 73' lang='grc'><strong>191</strong></span> 
     </span>
    </p>
   </div>
   <div class='ocr_carea' id='block_1_2' title="bbox 899 163 1122 192">
    <p class='ocr_par' dir='ltr' id='par_1_2' title="bbox 899 163 1122 192">
     <span class='ocr_line' id='line_1_2' title="bbox 899 163 1122 192; baseline 0 -1"><span class='ocrx_word' id='word_1_2' title='bbox 899 164 928 191; x_wconf 86' lang='lat' dir='ltr'><strong>S.</strong></span> <span class='ocrx_word' id='word_1_3' title='bbox 951 163 1122 192; x_wconf 75' lang='lat' dir='ltr'><strong>EPIPHANII</strong></span> 
     </span>
    </p>
   </div>
   <div class='ocr_carea' id='block_1_3' title="bbox 1790 170 1842 198">
    <p class='ocr_par' dir='ltr' id='par_1_3' title="bbox 1790 170 1842 198">
     <span class='ocr_line' id='line_1_3' title="bbox 1790 170 1842 198; baseline 0.019 -1"><span class='ocrx_word' id='word_1_4' title='bbox 1790 170 1842 198; x_wconf 64' lang='lat'><strong>£92</strong></span> 
     </span>
    </p>
   </div>
   <div class='ocr_carea' id='block_1_4' title="bbox 206 219 998 262">
    <p class='ocr_par' dir='ltr' id='par_1_4' title="bbox 206 219 994 256">
     <span class='ocr_line' id='line_1_4' title="bbox 206 219 994 256; baseline 0.003 -9"><span class='ocrx_word' id='word_1_5' title='bbox 206 221 270 251; x_wconf 89' lang='lat' dir='ltr'><strong>sito,</strong></span> <span class='ocrx_word' id='word_1_6' title='bbox 286 219 392 247; x_wconf 90' lang='lat' dir='ltr'><strong>loeutus</strong></span> <span class='ocrx_word' id='word_1_7' title='bbox 421 219 518 247; x_wconf 85' lang='lat' dir='ltr'><strong>fuerat.</strong></span> <span class='ocrx_word' id='word_1_8' title='bbox 545 220 595 248; x_wconf 87' lang='lat' dir='ltr'><strong>Cui</strong></span> <span class='ocrx_word' id='word_1_9' title='bbox 622 219 780 255; x_wconf 83' lang='lat' dir='ltr'><strong>imperator,</strong></span> <span class='ocrx_word' id='word_1_10' title='bbox 807 219 848 248; x_wconf 90' lang='lat' dir='ltr'><strong>Tu</strong></span> <span class='ocrx_word' id='word_1_11' title='bbox 873 222 994 256; x_wconf 84' lang='lat' dir='ltr'><strong>quidem,</strong></span> 
     </span>
    </p>
   </div>
   <div class='ocr_carea' id='block_1_5' title="bbox 1051 219 1842 262">
    <p class='ocr_par' dir='ltr' id='par_1_5' title="bbox 1051 223 1842 262">
     <span class='ocr_line' id='line_1_5' title="bbox 1051 223 1842 262; baseline 0.004 -12"><span class='ocrx_word' id='word_1_12' title='bbox 1051 224 1179 258; x_wconf 76' lang='grc' dir='ltr'>βασιλέως</span> <span class='ocrx_word' id='word_1_13' title='bbox 1197 223 1414 255; x_wconf 75' lang='grc' dir='ltr'>Κωνσταντίνου,</span> <span class='ocrx_word' id='word_1_14' title='bbox 1434 225 1480 251; x_wconf 75' lang='grc' dir='ltr'><strong>καὶ</strong></span> <span class='ocrx_word' id='word_1_15' title='bbox 1499 225 1532 251; x_wconf 80' lang='grc' dir='ltr'><strong>δι’</strong></span> <span class='ocrx_word' id='word_1_16' title='bbox 1545 225 1633 261; x_wconf 81' lang='grc' dir='ltr'>ὅρκων</span> <span class='ocrx_word' id='word_1_17' title='bbox 1650 229 1842 262; x_wconf 75' lang='grc' dir='ltr'><strong>προσεποιεῖτο</strong></span> 
     </span>
    </p>
   </div>
   <div class='ocr_carea' id='block_1_6' title="bbox 206 265 996 300">
    <p class='ocr_par' dir='ltr' id='par_1_6' title="bbox 206 265 996 300">
     <span class='ocr_line' id='line_1_6' title="bbox 206 265 996 300; baseline 0.004 -9"><span class='ocrx_word' id='word_1_18' title='bbox 206 265 305 300; x_wconf 86' lang='lat' dir='ltr'><strong>inquit,</strong></span> <span class='ocrx_word' id='word_1_19' title='bbox 324 265 346 292; x_wconf 88' lang='lat' dir='ltr'><strong>si</strong></span> <span class='ocrx_word' id='word_1_20' title='bbox 360 273 422 293; x_wconf 86' lang='lat' dir='ltr'><strong>vere</strong></span> <span class='ocrx_word' id='word_1_21' title='bbox 433 265 542 300; x_wconf 75' lang='lat' dir='ltr'><strong>iuratus</strong></span> <span class='ocrx_word' id='word_1_22' title='bbox 557 265 805 300; x_wconf 82' lang='lat' dir='ltr'><strong>sis,jusiurandum</strong></span> <span class='ocrx_word' id='word_1_23' title='bbox 820 271 895 293; x_wconf 91' lang='lat' dir='ltr'><strong>tuum</strong></span> <span class='ocrx_word' id='word_1_24' title='bbox 908 271 996 295; x_wconf 88' lang='lat' dir='ltr'><strong>ratum</strong></span> 
     </span>
    </p>
   </div>
   <div class='ocr_carea' id='block_1_7' title="bbox 206 311 997 343">
    <p class='ocr_par' dir='ltr' id='par_1_7' title="bbox 206 311 997 343">
     <span class='ocr_line' id='line_1_7' title="bbox 206 311 997 343; baseline 0.004 -5"><span class='ocrx_word' id='word_1_25' title='bbox 206 317 276 343; x_wconf 78' lang='lat' dir='ltr'><strong>esto.</strong></span> <span class='ocrx_word' id='word_1_26' title='bbox 291 315 318 338; x_wconf 85' lang='lat' dir='ltr'><strong>et</strong></span> <span class='ocrx_word' id='word_1_27' title='bbox 335 311 467 339; x_wconf 80' lang='lat' dir='ltr'><strong>innocens</strong></span> <span class='ocrx_word' id='word_1_28' title='bbox 481 313 546 340; x_wconf 91' lang='lat' dir='ltr'><strong>eris.</strong></span> <span class='ocrx_word' id='word_1_29' title='bbox 575 312 621 340; x_wconf 91' lang='lat' dir='ltr'><strong>Sin</strong></span> <span class='ocrx_word' id='word_1_30' title='bbox 638 313 664 340; x_wconf 92' lang='lat' dir='ltr'><strong>id</strong></span> <span class='ocrx_word' id='word_1_31' title='bbox 682 313 743 340; x_wconf 86' lang='lat' dir='ltr'><strong>ficte</strong></span> <span class='ocrx_word' id='word_1_32' title='bbox 755 321 787 340; x_wconf 83' lang='lat' dir='ltr'><strong>ac</strong></span> <span class='ocrx_word' id='word_1_33' title='bbox 808 313 997 342; x_wconf 76' lang='lat' dir='ltr'><strong>fraudulenter</strong></span> 
     </span>
    </p>
   </div>
   <div class='ocr_carea' id='block_1_8' title="bbox 205 356 998 393">
    <p class='ocr_par' dir='ltr' id='par_1_8' title="bbox 205 356 998 393">
     <span class='ocr_line' id='line_1_8' title="bbox 205 356 998 393; baseline 0.004 -11"><span class='ocrx_word' id='word_1_34' title='bbox 205 356 305 390; x_wconf 75' lang='lat' dir='ltr'><strong>egeris,</strong></span> <span class='ocrx_word' id='word_1_35' title='bbox 323 356 367 383; x_wconf 89' lang='lat' dir='ltr'><strong>ille</strong></span> <span class='ocrx_word' id='word_1_36' title='bbox 384 357 451 391; x_wconf 85' lang='lat' dir='ltr'><strong>ipse,</strong></span> <span class='ocrx_word' id='word_1_37' title='bbox 468 365 514 392; x_wconf 85' lang='lat' dir='ltr'><strong>per</strong></span> <span class='ocrx_word' id='word_1_38' title='bbox 539 365 619 392; x_wconf 85' lang='lat' dir='ltr'><strong>quem</strong></span> <span class='ocrx_word' id='word_1_39' title='bbox 638 358 750 392; x_wconf 87' lang='lat' dir='ltr'><strong>jurasti,</strong></span> <span class='ocrx_word' id='word_1_40' title='bbox 763 365 779 384; x_wconf 87' lang='lat' dir='ltr'><strong>a</strong></span> <span class='ocrx_word' id='word_1_41' title='bbox 795 361 821 385; x_wconf 92' lang='lat' dir='ltr'><strong>te</strong></span> <span class='ocrx_word' id='word_1_42' title='bbox 835 366 930 393; x_wconf 66' lang='lat' dir='ltr'><strong>poenas</strong></span> <span class='ocrx_word' id='word_1_43' title='bbox 941 359 998 386; x_wconf 82' lang='lat' dir='ltr'><strong>exi-</strong></span> 
     </span>
    </p>
   </div>
   <div class='ocr_carea' id='block_1_9' title="bbox 205 402 997 439">
    <p class='ocr_par' dir='ltr' id='par_1_9' title="bbox 205 402 997 439">
     <span class='ocr_line' id='line_1_9' title="bbox 205 402 997 439; baseline 0.004 -11"><span class='ocrx_word' id='word_1_44' title='bbox 205 406 251 437; x_wconf 72' lang='lat' dir='ltr'><strong>gat</strong></span> <span class='ocrx_word' id='word_1_45' title='bbox 269 410 275 428; x_wconf 90' lang='lat'><strong>:</strong></span> <span class='ocrx_word' id='word_1_46' title='bbox 296 402 368 437; x_wconf 87' lang='lat' dir='ltr'><strong>quod</strong></span> <span class='ocrx_word' id='word_1_47' title='bbox 397 403 496 438; x_wconf 90' lang='lat' dir='ltr'><strong>ipsum,</strong></span> <span class='ocrx_word' id='word_1_48' title='bbox 515 407 544 430; x_wconf 90' lang='lat' dir='ltr'><strong>ut</strong></span> <span class='ocrx_word' id='word_1_49' title='bbox 561 408 654 439; x_wconf 88' lang='lat' dir='ltr'><strong>postea</strong></span> <span class='ocrx_word' id='word_1_50' title='bbox 682 404 816 436; x_wconf 85' lang='lat' dir='ltr'><strong>dicemus,</strong></span> <span class='ocrx_word' id='word_1_51' title='bbox 842 404 922 439; x_wconf 89' lang='lat' dir='ltr'><strong>paulo</strong></span> <span class='ocrx_word' id='word_1_52' title='bbox 937 408 997 439; x_wconf 93' lang='lat' dir='ltr'><strong>post</strong></span> 
     </span>
    </p>
   </div>
   <div class='ocr_carea' id='block_1_10' title="bbox 207 447 996 482">
    <p class='ocr_par' dir='ltr' id='par_1_10' title="bbox 207 447 996 482">
     <span class='ocr_line' id='line_1_10' title="bbox 207 447 996 482; baseline 0.004 -9"><span class='ocrx_word' id='word_1_53' title='bbox 207 447 331 482; x_wconf 81' lang='lat' dir='ltr'><strong>contigit.</strong></span> <span class='ocrx_word' id='word_1_54' title='bbox 345 447 427 474; x_wconf 82' lang='lat' dir='ltr'><strong>Arius</strong></span> <span class='ocrx_word' id='word_1_55' title='bbox 442 455 506 475; x_wconf 91' lang='lat' dir='ltr'><strong>vero</strong></span> <span class='ocrx_word' id='word_1_56' title='bbox 523 455 585 474; x_wconf 90' lang='lat' dir='ltr'><strong>cum</strong></span> <span class='ocrx_word' id='word_1_57' title='bbox 601 447 634 475; x_wconf 88' lang='lat' dir='ltr'><strong>de</strong></span> <span class='ocrx_word' id='word_1_58' title='bbox 653 447 762 476; x_wconf 80' lang='lat' dir='ltr'><strong>Eusebii</strong></span> <span class='ocrx_word' id='word_1_59' title='bbox 778 447 996 477; x_wconf 83' lang='lat' dir='ltr'><strong>Nieomedicnsis</strong></span> 
     </span>
    </p>
   </div>
   <div class='ocr_carea' id='block_1_11' title="bbox 206 492 996 528">
    <p class='ocr_par' dir='ltr' id='par_1_11' title="bbox 206 492 996 528">
     <span class='ocr_line' id='line_1_11' title="bbox 206 492 996 528; baseline 0.003 -8"><span class='ocrx_word' id='word_1_60' title='bbox 206 492 338 528; x_wconf 82' lang='lat' dir='ltr'><strong>episcopi,</strong></span> <span class='ocrx_word' id='word_1_61' title='bbox 365 493 410 528; x_wconf 86' lang='lat' dir='ltr'><strong>qui</strong></span> <span class='ocrx_word' id='word_1_62' title='bbox 438 492 532 520; x_wconf 87' lang='lat' dir='ltr'><strong>eadem</strong></span> <span class='ocrx_word' id='word_1_63' title='bbox 557 501 617 521; x_wconf 92' lang='lat' dir='ltr'><strong>cum</strong></span> <span class='ocrx_word' id='word_1_64' title='bbox 634 495 694 528; x_wconf 86' lang='lat' dir='ltr'><strong>ipso</strong></span> <span class='ocrx_word' id='word_1_65' title='bbox 719 494 864 525; x_wconf 76' lang='lat' dir='ltr'><strong>sentiebat,</strong></span> <span class='ocrx_word' id='word_1_66' title='bbox 879 494 996 522; x_wconf 89' lang='lat' dir='ltr'><strong>factione</strong></span> 
     </span>
    </p>
   </div>
   <div class='ocr_carea' id='block_1_12' title="bbox 206 538 996 575">
    <p class='ocr_par' dir='ltr' id='par_1_12' title="bbox 206 538 996 575">
     <span class='ocr_line' id='line_1_12' title="bbox 206 538 996 575; baseline 0.003 -11"><span class='ocrx_word' id='word_1_67' title='bbox 206 542 289 570; x_wconf 91' lang='lat' dir='ltr'><strong>esset,</strong></span> <span class='ocrx_word' id='word_1_68' title='bbox 305 538 340 565; x_wconf 91' lang='lat' dir='ltr'><strong>ab</strong></span> <span class='ocrx_word' id='word_1_69' title='bbox 368 546 401 565; x_wconf 91' lang='lat' dir='ltr'><strong>eo</strong></span> <span class='ocrx_word' id='word_1_70' title='bbox 425 538 458 565; x_wconf 90' lang='lat' dir='ltr'><strong>ad</strong></span> <span class='ocrx_word' id='word_1_71' title='bbox 484 539 676 573; x_wconf 73' lang='lat' dir='ltr'><strong>imperatorem</strong></span> <span class='ocrx_word' id='word_1_72' title='bbox 695 539 843 575; x_wconf 79' lang='lat' dir='ltr'><strong>perductus</strong></span> <span class='ocrx_word' id='word_1_73' title='bbox 861 544 914 571; x_wconf 89' lang='lat' dir='ltr'><strong>est,</strong></span> <span class='ocrx_word' id='word_1_74' title='bbox 934 544 996 566; x_wconf 89' lang='lat' dir='ltr'><strong>tan-</strong></span> 
     </span>
    </p>
   </div>
   <div class='ocr_carea' id='block_1_13' title="bbox 206 581 996 618">
    <p class='ocr_par' dir='ltr' id='par_1_13' title="bbox 206 581 996 618">
     <span class='ocr_line' id='line_1_13' title="bbox 206 581 996 618; baseline 0.005 -11"><span class='ocrx_word' id='word_1_75' title='bbox 206 589 287 616; x_wconf 62' lang='lat' dir='ltr'><strong>quam</strong></span> <span class='ocrx_word' id='word_1_76' title='bbox 304 581 428 609; x_wconf 78' lang='lat' dir='ltr'><strong>lueresim</strong></span> <span class='ocrx_word' id='word_1_77' title='bbox 441 590 518 609; x_wconf 89' lang='lat' dir='ltr'><strong>suam</strong></span> <span class='ocrx_word' id='word_1_78' title='bbox 535 582 675 618; x_wconf 88' lang='lat' dir='ltr'><strong>abjuraret</strong></span> <span class='ocrx_word' id='word_1_79' title='bbox 693 591 725 610; x_wconf 90' lang='lat' dir='ltr'><strong>ac</strong></span> <span class='ocrx_word' id='word_1_80' title='bbox 739 583 893 611; x_wconf 80' lang='lat' dir='ltr'><strong>damnaret.</strong></span> <span class='ocrx_word' id='word_1_81' title='bbox 919 583 996 611; x_wconf 86' lang='lat' dir='ltr'><strong>[deo-</strong></span> 
     </span>
    </p>
   </div>
   <div class='ocr_carea' id='block_1_14' title="bbox 206 627 995 663">
    <p class='ocr_par' dir='ltr' id='par_1_14' title="bbox 206 627 995 663">
     <span class='ocr_line' id='line_1_14' title="bbox 206 627 995 663; baseline 0.004 -9"><span class='ocrx_word' id='word_1_82' title='bbox 206 635 259 663; x_wconf 84' lang='lat' dir='ltr'><strong>que</strong></span> <span class='ocrx_word' id='word_1_83' title='bbox 274 628 421 662; x_wconf 78' lang='lat' dir='ltr'><strong>imperator</strong></span> <span class='ocrx_word' id='word_1_84' title='bbox 435 627 553 656; x_wconf 83' lang='lat' dir='ltr'><strong>Eusebio</strong></span> <span class='ocrx_word' id='word_1_85' title='bbox 575 629 696 661; x_wconf 88' lang='lat' dir='ltr'><strong>mandat,</strong></span> <span class='ocrx_word' id='word_1_86' title='bbox 714 633 742 657; x_wconf 93' lang='lat' dir='ltr'><strong>ut</strong></span> <span class='ocrx_word' id='word_1_87' title='bbox 757 630 850 656; x_wconf 85' lang='lat' dir='ltr'><strong>Arium</strong></span> <span class='ocrx_word' id='word_1_88' title='bbox 861 630 995 658; x_wconf 89' lang='lat' dir='ltr'><strong>Constan-</strong></span> 
     </span>
    </p>
   </div>
   <div class='ocr_carea' id='block_1_15' title="bbox 207 673 996 707">
    <p class='ocr_par' dir='ltr' id='par_1_15' title="bbox 207 673 996 707">
     <span class='ocr_line' id='line_1_15' title="bbox 207 673 996 707; baseline 0.004 -8"><span class='ocrx_word' id='word_1_89' title='bbox 207 674 319 707; x_wconf 82' lang='lat' dir='ltr'><strong>tinopoli</strong></span> <span class='ocrx_word' id='word_1_90' title='bbox 342 673 374 700; x_wconf 82' lang='lat' dir='ltr'><strong>ad</strong></span> <span class='ocrx_word' id='word_1_91' title='bbox 387 675 605 702; x_wconf 86' lang='lat' dir='ltr'><strong>communionem</strong></span> <span class='ocrx_word' id='word_1_92' title='bbox 628 675 793 707; x_wconf 87' lang='lat' dir='ltr'><strong>admitteret,</strong></span> <span class='ocrx_word' id='word_1_93' title='bbox 811 677 863 703; x_wconf 87' lang='lat' dir='ltr'><strong>sub</strong></span> <span class='ocrx_word' id='word_1_94' title='bbox 879 676 996 703; x_wconf 80' lang='lat' dir='ltr'><strong>Alexan-</strong></span> 
     </span>
    </p>
   </div>
   <div class='ocr_carea' id='block_1_16' title="bbox 207 719 995 755">
    <p class='ocr_par' dir='ltr' id='par_1_16' title="bbox 207 719 995 755">
     <span class='ocr_line' id='line_1_16' title="bbox 207 719 995 755; baseline 0.003 -9"><span class='ocrx_word' id='word_1_95' title='bbox 207 719 256 746; x_wconf 91' lang='lat' dir='ltr'><strong>dro</strong></span> <span class='ocrx_word' id='word_1_96' title='bbox 268 719 407 754; x_wconf 86' lang='lat' dir='ltr'><strong>episcopo,</strong></span> <span class='ocrx_word' id='word_1_97' title='bbox 423 720 469 755; x_wconf 92' lang='lat' dir='ltr'><strong>qui</strong></span> <span class='ocrx_word' id='word_1_98' title='bbox 485 720 607 755; x_wconf 84' lang='lat' dir='ltr'><strong>ejusdem</strong></span> <span class='ocrx_word' id='word_1_99' title='bbox 620 728 681 748; x_wconf 89' lang='lat' dir='ltr'><strong>cum</strong></span> <span class='ocrx_word' id='word_1_100' title='bbox 705 720 891 749; x_wconf 81' lang='lat' dir='ltr'><strong>Alexandrino</strong></span> <span class='ocrx_word' id='word_1_101' title='bbox 905 721 995 748; x_wconf 88' lang='lat' dir='ltr'><strong>nomi-</strong></span> 
     </span>
    </p>
   </div>
   <div class='ocr_carea' id='block_1_17' title="bbox 207 765 833 801">
    <p class='ocr_par' dir='ltr' id='par_1_17' title="bbox 207 765 833 801">
     <span class='ocr_line' id='line_1_17' title="bbox 207 765 833 801; baseline 0.003 -9"><span class='ocrx_word' id='word_1_102' title='bbox 207 765 250 792; x_wconf 88' lang='lat' dir='ltr'><strong>nis</strong></span> <span class='ocrx_word' id='word_1_103' title='bbox 263 765 592 801; x_wconf 68' lang='lat' dir='ltr'><strong>Constantinopolitauam</strong></span> <span class='ocrx_word' id='word_1_104' title='bbox 609 766 700 794; x_wconf 84' lang='lat' dir='ltr'><strong>sedem</strong></span> <span class='ocrx_word' id='word_1_105' title='bbox 714 767 833 794; x_wconf 87' lang='lat' dir='ltr'><strong>tenebat.</strong></span> 
     </span>
    </p>
   </div>
   <div class='ocr_carea' id='block_1_18' title="bbox 244 850 995 886">
    <p class='ocr_par' dir='ltr' id='par_1_18' title="bbox 244 850 995 886">
     <span class='ocr_line' id='line_1_18' title="bbox 244 850 995 886; baseline 0.003 -10"><span class='ocrx_word' id='word_1_106' title='bbox 244 850 277 876; x_wconf 84' lang='lat' dir='ltr'><strong>V.</strong></span> <span class='ocrx_word' id='word_1_107' title='bbox 291 850 342 877; x_wconf 82' lang='lat' dir='ltr'><strong>Per</strong></span> <span class='ocrx_word' id='word_1_108' title='bbox 358 851 428 878; x_wconf 87' lang='lat' dir='ltr'><strong>idem</strong></span> <span class='ocrx_word' id='word_1_109' title='bbox 441 856 546 886; x_wconf 88' lang='lat' dir='ltr'><strong>tempus</strong></span> <span class='ocrx_word' id='word_1_110' title='bbox 566 851 739 879; x_wconf 69' lang='lat' dir='ltr'><strong>Alexandria:</strong></span> <span class='ocrx_word' id='word_1_111' title='bbox 757 851 844 878; x_wconf 80' lang='lat' dir='ltr'><strong>beatae</strong></span> <span class='ocrx_word' id='word_1_112' title='bbox 858 851 995 878; x_wconf 65' lang='lat' dir='ltr'><strong>memoriae</strong></span> 
     </span>
    </p>
   </div>
   <div class='ocr_carea' id='block_1_19' title="bbox 1050 269 1841 306">
    <p class='ocr_par' dir='ltr' id='par_1_19' title="bbox 1050 269 1841 306">
     <span class='ocr_line' id='line_1_19' title="bbox 1050 269 1841 306; baseline 0.004 -11"><span class='ocrx_word' id='word_1_113' title='bbox 1050 269 1178 305; x_wconf 78' lang='grc' dir='ltr'><strong>εἰρωνείᾳ</strong></span> <span class='ocrx_word' id='word_1_114' title='bbox 1186 269 1219 295; x_wconf 77' lang='grc' dir='ltr'><strong>τὰ</strong></span> <span class='ocrx_word' id='word_1_115' title='bbox 1237 270 1286 304; x_wconf 81' lang='grc' dir='ltr'>τῆς</span> <span class='ocrx_word' id='word_1_116' title='bbox 1299 269 1452 304; x_wconf 76' lang='grc' dir='ltr'>ὀρθοδοξίας</span> <span class='ocrx_word' id='word_1_117' title='bbox 1468 270 1588 305; x_wconf 79' lang='grc' dir='ltr'>ῥήματα·</span> <span class='ocrx_word' id='word_1_118' title='bbox 1600 272 1738 306; x_wconf 80' lang='grc' dir='ltr'>φήσαντος</span> <span class='ocrx_word' id='word_1_119' title='bbox 1750 272 1779 299; x_wconf 78' lang='grc' dir='ltr'><strong>δὲ</strong></span> <span class='ocrx_word' id='word_1_120' title='bbox 1794 272 1841 299; x_wconf 73' lang='grc' dir='ltr'>τοῦ</span> 
     </span>
    </p>
   </div>
   <div class='ocr_carea' id='block_1_20' title="bbox 1050 315 1839 351">
    <p class='ocr_par' dir='ltr' id='par_1_20' title="bbox 1050 315 1839 351">
     <span class='ocr_line' id='line_1_20' title="bbox 1050 315 1839 351; baseline 0.006 -11"><span class='ocrx_word' id='word_1_121' title='bbox 1050 315 1181 348; x_wconf 81' lang='grc' dir='ltr'>βασιλέως</span> <span class='ocrx_word' id='word_1_122' title='bbox 1209 315 1276 350; x_wconf 80' lang='grc' dir='ltr'>πρὸς</span> <span class='ocrx_word' id='word_1_123' title='bbox 1309 315 1401 348; x_wconf 69' lang='grc' dir='ltr'>αὐτὸν,</span> <span class='ocrx_word' id='word_1_124' title='bbox 1424 316 1464 342; x_wconf 82' lang='grc' dir='ltr'>ὅτι</span> <span class='ocrx_word' id='word_1_125' title='bbox 1484 317 1516 343; x_wconf 78' lang='grc' dir='ltr'><strong>Εἰ</strong></span> <span class='ocrx_word' id='word_1_126' title='bbox 1539 317 1588 351; x_wconf 83' lang='grc' dir='ltr'><strong>μὲν</strong></span> <span class='ocrx_word' id='word_1_127' title='bbox 1607 317 1764 344; x_wconf 77' lang='grc' dir='ltr'><strong>δικαιότατα</strong></span> <span class='ocrx_word' id='word_1_128' title='bbox 1786 319 1839 345; x_wconf 77' lang='grc' dir='ltr'><strong>ἁπ-</strong></span> 
     </span>
    </p>
   </div>
   <div class='ocr_carea' id='block_1_21' title="bbox 1048 360 1841 399">
    <p class='ocr_par' dir='ltr' id='par_1_21' title="bbox 1048 360 1841 399">
     <span class='ocr_line' id='line_1_21' title="bbox 1048 360 1841 399; baseline 0.006 -13"><span class='ocrx_word' id='word_1_129' title='bbox 1048 360 1176 397; x_wconf 71' lang='grc' dir='ltr'>όμνυσαι,</span> <span class='ocrx_word' id='word_1_130' title='bbox 1190 361 1337 397; x_wconf 84' lang='grc' dir='ltr'>πιστωθείη</span> <span class='ocrx_word' id='word_1_131' title='bbox 1348 362 1362 388; x_wconf 85' lang='grc' dir='ltr'>ὁ</span> <span class='ocrx_word' id='word_1_132' title='bbox 1375 361 1421 393; x_wconf 60' lang='grc' dir='ltr'>οὓς</span> <span class='ocrx_word' id='word_1_133' title='bbox 1436 362 1526 397; x_wconf 75' lang='grc' dir='ltr'>ὅρκος,</span> <span class='ocrx_word' id='word_1_134' title='bbox 1543 363 1589 389; x_wconf 74' lang='grc' dir='ltr'>καὶ</span> <span class='ocrx_word' id='word_1_135' title='bbox 1603 363 1692 395; x_wconf 86' lang='grc' dir='ltr'>ἀθῶος</span> <span class='ocrx_word' id='word_1_136' title='bbox 1705 364 1765 399; x_wconf 72' lang='grc' dir='ltr'>ἐση-</span> <span class='ocrx_word' id='word_1_137' title='bbox 1775 365 1799 391; x_wconf 72' lang='lat' dir='ltr'><strong>el</strong></span> <span class='ocrx_word' id='word_1_138' title='bbox 1811 364 1841 392; x_wconf 68' lang='grc' dir='ltr'><strong>δὲ</strong></span> 
     </span>
    </p>
   </div>
   <div class='ocr_carea' id='block_1_22' title="bbox 1050 404 1839 444">
    <p class='ocr_par' dir='ltr' id='par_1_22' title="bbox 1050 404 1839 444">
     <span class='ocr_line' id='line_1_22' title="bbox 1050 404 1839 444; baseline 0.005 -12"><span class='ocrx_word' id='word_1_139' title='bbox 1050 406 1155 438; x_wconf 82' lang='grc' dir='ltr'>δολίως,</span> <span class='ocrx_word' id='word_1_140' title='bbox 1168 407 1228 433; x_wconf 78' lang='grc' dir='ltr'>καθ’</span> <span class='ocrx_word' id='word_1_141' title='bbox 1241 404 1271 434; x_wconf 80' lang='grc' dir='ltr'><strong>οὗ</strong></span> <span class='ocrx_word' id='word_1_142' title='bbox 1291 406 1414 443; x_wconf 79' lang='grc' dir='ltr'>ὤμοσας,</span> <span class='ocrx_word' id='word_1_143' title='bbox 1432 408 1546 443; x_wconf 85' lang='grc' dir='ltr'>ποιήσαι</span> <span class='ocrx_word' id='word_1_144' title='bbox 1560 409 1609 444; x_wconf 84' lang='grc' dir='ltr'>τὴν</span> <span class='ocrx_word' id='word_1_145' title='bbox 1624 410 1695 436; x_wconf 78' lang='grc' dir='ltr'>κατὰ</span> <span class='ocrx_word' id='word_1_146' title='bbox 1709 410 1759 436; x_wconf 80' lang='grc' dir='ltr'><strong>σοῦ</strong></span> <span class='ocrx_word' id='word_1_147' title='bbox 1771 410 1839 436; x_wconf 75' lang='grc' dir='ltr'>ἐκδι-</span> 
     </span>
    </p>
   </div>
   <div class='ocr_carea' id='block_1_23' title="bbox 1049 451 1841 489">
    <p class='ocr_par' dir='ltr' id='par_1_23' title="bbox 1049 451 1841 489">
     <span class='ocr_line' id='line_1_23' title="bbox 1049 451 1841 489; baseline 0.005 -12"><span class='ocrx_word' id='word_1_148' title='bbox 1049 451 1119 478; x_wconf 80' lang='grc' dir='ltr'>κίαν·</span> <span class='ocrx_word' id='word_1_149' title='bbox 1132 451 1200 487; x_wconf 81' lang='grc' dir='ltr'>ὅπερ</span> <span class='ocrx_word' id='word_1_150' title='bbox 1212 451 1262 478; x_wconf 79' lang='grc' dir='ltr'>οὐκ</span> <span class='ocrx_word' id='word_1_151' title='bbox 1272 453 1311 484; x_wconf 88' lang='grc' dir='ltr'><strong>είς</strong></span> <span class='ocrx_word' id='word_1_152' title='bbox 1325 455 1432 487; x_wconf 72' lang='grc' dir='ltr'>μακρὰν</span> <span class='ocrx_word' id='word_1_153' title='bbox 1449 452 1523 488; x_wconf 77' lang='grc' dir='ltr'>αὐτῷ</span> <span class='ocrx_word' id='word_1_154' title='bbox 1533 453 1656 488; x_wconf 79' lang='grc' dir='ltr'>γέγονεν,</span> <span class='ocrx_word' id='word_1_155' title='bbox 1671 454 1710 487; x_wconf 81' lang='grc' dir='ltr'>ὡς</span> <span class='ocrx_word' id='word_1_156' title='bbox 1726 454 1841 489; x_wconf 81' lang='grc' dir='ltr'>ὕστερον</span> 
     </span>
    </p>
   </div>
   <div class='ocr_carea' id='block_1_24' title="bbox 1049 497 1840 536">
    <p class='ocr_par' dir='ltr' id='par_1_24' title="bbox 1049 497 1840 536">
     <span class='ocr_line' id='line_1_24' title="bbox 1049 497 1840 536; baseline 0.005 -13"><span class='ocrx_word' id='word_1_157' title='bbox 1049 497 1176 533; x_wconf 74' lang='grc' dir='ltr'><strong>ὲροῦμεν.</strong></span> <span class='ocrx_word' id='word_1_158' title='bbox 1194 498 1381 534; x_wconf 84' lang='grc' dir='ltr'>Συμπράττων</span> <span class='ocrx_word' id='word_1_159' title='bbox 1396 499 1486 526; x_wconf 79' lang='grc' dir='ltr'><strong>τοίνυν</strong></span> <span class='ocrx_word' id='word_1_160' title='bbox 1500 497 1578 532; x_wconf 71' lang='grc' dir='ltr'>οὗτος</span> <span class='ocrx_word' id='word_1_161' title='bbox 1593 501 1607 526; x_wconf 82' lang='grc' dir='ltr'>ὁ</span> <span class='ocrx_word' id='word_1_162' title='bbox 1626 501 1735 536; x_wconf 74' lang='grc' dir='ltr'>Ἄρειος</span> <span class='ocrx_word' id='word_1_163' title='bbox 1756 501 1840 528; x_wconf 79' lang='grc' dir='ltr'>Εὐσε-</span> 
     </span>
    </p>
   </div>
   <div class='ocr_carea' id='block_1_25' title="bbox 1048 543 1846 581">
    <p class='ocr_par' dir='ltr' id='par_1_25' title="bbox 1048 543 1846 581">
     <span class='ocr_line' id='line_1_25' title="bbox 1048 543 1846 581; baseline 0.005 -12"><span class='ocrx_word' id='word_1_164' title='bbox 1048 543 1098 578; x_wconf 75' lang='grc' dir='ltr'><strong>ϐίῳ</strong></span> <span class='ocrx_word' id='word_1_165' title='bbox 1109 543 1146 579; x_wconf 80' lang='grc' dir='ltr'>τῷ</span> <span class='ocrx_word' id='word_1_166' title='bbox 1161 544 1302 580; x_wconf 80' lang='grc' dir='ltr'>ἐπισκόπῳ</span> <span class='ocrx_word' id='word_1_167' title='bbox 1318 545 1512 580; x_wconf 81' lang='grc' dir='ltr'>Νικομηδείας,</span> <span class='ocrx_word' id='word_1_168' title='bbox 1527 545 1561 573; x_wconf 79' lang='grc' dir='ltr'>τὰ</span> <span class='ocrx_word' id='word_1_169' title='bbox 1577 546 1647 572; x_wconf 74' lang='grc' dir='ltr'>αὐτὰ.</span> <span class='ocrx_word' id='word_1_170' title='bbox 1666 545 1738 572; x_wconf 77' lang='grc' dir='ltr'>οὕτω</span> <span class='ocrx_word' id='word_1_171' title='bbox 1753 546 1761 561; x_wconf 92' lang='grc'>¹</span> <span class='ocrx_word' id='word_1_172' title='bbox 1778 555 1846 581; x_wconf 83' lang='grc' dir='ltr'>φρο-</span> 
     </span>
    </p>
   </div>
   <div class='ocr_carea' id='block_1_26' title="bbox 1047 589 1848 626">
    <p class='ocr_par' dir='ltr' id='par_1_26' title="bbox 1047 589 1848 626">
     <span class='ocr_line' id='line_1_26' title="bbox 1047 589 1848 626; baseline 0.004 -11"><span class='ocrx_word' id='word_1_173' title='bbox 1047 589 1148 622; x_wconf 81' lang='grc' dir='ltr'>νοῦντι,</span> <span class='ocrx_word' id='word_1_174' title='bbox 1162 590 1335 626; x_wconf 78' lang='grc' dir='ltr'><strong>προσηνέχθη</strong></span> <span class='ocrx_word' id='word_1_175' title='bbox 1352 590 1391 626; x_wconf 87' lang='grc' dir='ltr'>τῷ</span> <span class='ocrx_word' id='word_1_176' title='bbox 1404 590 1478 626; x_wconf 85' lang='grc' dir='ltr'><strong>αὺτῷ</strong></span> <span class='ocrx_word' id='word_1_177' title='bbox 1498 591 1612 626; x_wconf 79' lang='grc' dir='ltr'>βασιλεί,</span> <span class='ocrx_word' id='word_1_178' title='bbox 1633 591 1671 622; x_wconf 82' lang='grc' dir='ltr'><strong>ὡς</strong></span> <span class='ocrx_word' id='word_1_179' title='bbox 1690 591 1772 626; x_wconf 79' lang='grc' dir='ltr'>δῆθεν</span> <span class='ocrx_word' id='word_1_180' title='bbox 1795 592 1848 626; x_wconf 78' lang='grc' dir='ltr'><strong>ἁρ-</strong></span> 
     </span>
    </p>
   </div>
   <div class='ocr_carea' id='block_1_27' title="bbox 1048 635 1845 672">
    <p class='ocr_par' dir='ltr' id='par_1_27' title="bbox 1048 635 1845 672">
     <span class='ocr_line' id='line_1_27' title="bbox 1048 635 1845 672; baseline 0.001 -11"><span class='ocrx_word' id='word_1_181' title='bbox 1048 635 1092 661; x_wconf 88' lang='grc' dir='ltr'>νού</span> <span class='ocrx_word' id='word_1_182' title='bbox 1098 643 1186 671; x_wconf 80' lang='grc' dir='ltr'>μενος,</span> <span class='ocrx_word' id='word_1_183' title='bbox 1198 636 1244 662; x_wconf 77' lang='lat' dir='ltr'><strong>xa‘t</strong></span> <span class='ocrx_word' id='word_1_184' title='bbox 1257 635 1462 672; x_wconf 70' lang='grc' dir='ltr'>ἀναθεματίζων</span> <span class='ocrx_word' id='word_1_185' title='bbox 1474 637 1523 672; x_wconf 87' lang='grc' dir='ltr'>τὴν</span> <span class='ocrx_word' id='word_1_186' title='bbox 1535 637 1617 664; x_wconf 80' lang='grc' dir='ltr'>αὑτοῦ</span> <span class='ocrx_word' id='word_1_187' title='bbox 1628 637 1745 672; x_wconf 84' lang='grc' dir='ltr'>αἰρεσιν.</span> <span class='ocrx_word' id='word_1_188' title='bbox 1760 636 1845 663; x_wconf 84' lang='grc' dir='ltr'>’Ὀθεν</span> 
     </span>
    </p>
   </div>
   <div class='ocr_carea' id='block_1_28' title="bbox 1048 680 1844 716">
    <p class='ocr_par' dir='ltr' id='par_1_28' title="bbox 1048 680 1844 716">
     <span class='ocr_line' id='line_1_28' title="bbox 1048 680 1844 716; baseline 0.001 -10"><span class='ocrx_word' id='word_1_189' title='bbox 1048 680 1153 707; x_wconf 76' lang='grc' dir='ltr'><strong>κελεύει</strong></span> <span class='ocrx_word' id='word_1_190' title='bbox 1165 681 1212 707; x_wconf 79' lang='grc' dir='ltr'>καὶ</span> <span class='ocrx_word' id='word_1_191' title='bbox 1228 682 1371 716; x_wconf 72' lang='grc' dir='ltr'><strong>ἐπιτρέπει</strong></span> <span class='ocrx_word' id='word_1_192' title='bbox 1387 681 1509 716; x_wconf 80' lang='grc' dir='ltr'>Εὺσεὸίῳ</span> <span class='ocrx_word' id='word_1_193' title='bbox 1527 681 1573 708; x_wconf 78' lang='grc' dir='ltr'>τὸν</span> <span class='ocrx_word' id='word_1_194' title='bbox 1586 681 1667 708; x_wconf 81' lang='grc' dir='ltr'>αὑτὸν</span> <span class='ocrx_word' id='word_1_195' title='bbox 1683 681 1798 713; x_wconf 80' lang='grc' dir='ltr'>συνάξαι</span> <span class='ocrx_word' id='word_1_196' title='bbox 1813 681 1844 707; x_wconf 75' lang='grc' dir='ltr'>ὲν</span> 
     </span>
    </p>
   </div>
   <div class='ocr_carea' id='block_1_29' title="bbox 1048 725 1845 761">
    <p class='ocr_par' dir='ltr' id='par_1_29' title="bbox 1048 725 1845 761">
     <span class='ocr_line' id='line_1_29' title="bbox 1048 725 1845 761; baseline -0.001 -9"><span class='ocrx_word' id='word_1_197' title='bbox 1048 726 1332 752; x_wconf 81' lang='grc' dir='ltr'>Κωνσταντινουπόλει</span> <span class='ocrx_word' id='word_1_198' title='bbox 1348 726 1394 752; x_wconf 71' lang='grc' dir='ltr'><strong>ἐπὶ</strong></span> <span class='ocrx_word' id='word_1_199' title='bbox 1415 726 1589 761; x_wconf 72' lang='grc' dir='ltr'><strong>Ἀλεξάνδρου</strong></span> <span class='ocrx_word' id='word_1_200' title='bbox 1605 725 1756 752; x_wconf 66' lang='grc' dir='ltr'>ἐπισκόπου</span> <span class='ocrx_word' id='word_1_201' title='bbox 1769 726 1845 759; x_wconf 80' lang='grc' dir='ltr'><strong>ὁμω-</strong></span> 
     </span>
    </p>
   </div>
   <div class='ocr_carea' id='block_1_30' title="bbox 1048 770 1843 807">
    <p class='ocr_par' dir='ltr' id='par_1_30' title="bbox 1048 770 1843 807">
     <span class='ocr_line' id='line_1_30' title="bbox 1048 770 1843 807; baseline -0.004 -9"><span class='ocrx_word' id='word_1_202' title='bbox 1048 771 1132 807; x_wconf 78' lang='grc' dir='ltr'>νύμου</span> <span class='ocrx_word' id='word_1_203' title='bbox 1147 771 1193 798; x_wconf 82' lang='grc' dir='ltr'>τοῦ</span> <span class='ocrx_word' id='word_1_204' title='bbox 1213 773 1242 798; x_wconf 84' lang='grc' dir='ltr'>ὲν</span> <span class='ocrx_word' id='word_1_205' title='bbox 1263 771 1452 807; x_wconf 76' lang='grc' dir='ltr'><strong>Ἀλεξανδρείᾳ</strong></span> <span class='ocrx_word' id='word_1_206' title='bbox 1467 771 1629 805; x_wconf 80' lang='grc' dir='ltr'><strong>ἐπισκόπου,</strong></span> <span class='ocrx_word' id='word_1_207' title='bbox 1645 770 1721 802; x_wconf 74' lang='grc' dir='ltr'>ὄντος</span> <span class='ocrx_word' id='word_1_208' title='bbox 1737 770 1768 796; x_wconf 84' lang='grc' dir='ltr'>δὲ</span> <span class='ocrx_word' id='word_1_209' title='bbox 1782 771 1843 796; x_wconf 78' lang='grc' dir='ltr'>ἐπι-</span> 
     </span>
    </p>
   </div>
   <div class='ocr_carea' id='block_1_31' title="bbox 1049 818 1485 850">
    <p class='ocr_par' dir='ltr' id='par_1_31' title="bbox 1049 818 1485 850">
     <span class='ocr_line' id='line_1_31' title="bbox 1049 818 1485 850; baseline 0.005 -6"><span class='ocrx_word' id='word_1_210' title='bbox 1049 818 1150 845; x_wconf 82' lang='grc' dir='ltr'>σκόπου</span> <span class='ocrx_word' id='word_1_211' title='bbox 1164 818 1485 850; x_wconf 80' lang='grc' dir='ltr'>Κωνσταντινουπόλεως.</span> 
     </span>
    </p>
   </div>
   <div class='ocr_carea' id='block_1_32' title="bbox 1084 861 1843 901">
    <p class='ocr_par' dir='ltr' id='par_1_32' title="bbox 1084 861 1843 901">
     <span class='ocr_line' id='line_1_32' title="bbox 1084 861 1843 901; baseline -0.003 -12"><span class='ocrx_word' id='word_1_212' title='bbox 1084 862 1119 889; x_wconf 85' lang='lat' dir='ltr'><strong>E&#39;.</strong></span> <span class='ocrx_word' id='word_1_213' title='bbox 1141 863 1210 898; x_wconf 84' lang='grc' dir='ltr'>Ἤδη</span> <span class='ocrx_word' id='word_1_214' title='bbox 1233 862 1262 889; x_wconf 84' lang='grc' dir='ltr'><strong>δὲ</strong></span> <span class='ocrx_word' id='word_1_215' title='bbox 1284 863 1298 889; x_wconf 84' lang='grc' dir='ltr'><strong>ό</strong></span> <span class='ocrx_word' id='word_1_216' title='bbox 1321 862 1553 901; x_wconf 35' lang='grc' dir='ltr'>μακαρίτης-(57)</span> <span class='ocrx_word' id='word_1_217' title='bbox 1583 861 1757 897; x_wconf 75' lang='grc' dir='ltr'>Ἀλέξανδρος</span> <span class='ocrx_word' id='word_1_218' title='bbox 1779 863 1794 888; x_wconf 83' lang='grc' dir='ltr'>ὁ</span> <span class='ocrx_word' id='word_1_219' title='bbox 1814 861 1843 887; x_wconf 79' lang='grc' dir='ltr'>ἐν</span> 
     </span>
    </p>
   </div>
   <div class='ocr_carea' id='block_1_33' title="bbox 207 893 998 946">
    <p class='ocr_par' dir='ltr' id='par_1_33' title="bbox 207 896 998 932">
     <span class='ocr_line' id='line_1_33' title="bbox 207 896 998 932; baseline 0.003 -9"><span class='ocrx_word' id='word_1_220' title='bbox 207 897 361 924; x_wconf 79' lang='lat' dir='ltr'><strong>Alexander</strong></span> <span class='ocrx_word' id='word_1_221' title='bbox 387 901 449 932; x_wconf 89' lang='lat' dir='ltr'><strong>post</strong></span> <span class='ocrx_word' id='word_1_222' title='bbox 477 896 588 929; x_wconf 84' lang='lat' dir='ltr'><strong>Melctii,</strong></span> <span class='ocrx_word' id='word_1_223' title='bbox 611 897 644 924; x_wconf 88' lang='lat' dir='ltr'><strong>de</strong></span> <span class='ocrx_word' id='word_1_224' title='bbox 661 906 714 932; x_wconf 92' lang='lat' dir='ltr'><strong>quo</strong></span> <span class='ocrx_word' id='word_1_225' title='bbox 740 897 813 929; x_wconf 74' lang='lat' dir='ltr'><strong>dixi,</strong></span> <span class='ocrx_word' id='word_1_226' title='bbox 833 897 998 925; x_wconf 80' lang='lat' dir='ltr'><strong>confessoris</strong></span> 
     </span>
    </p>
   </div>
   <div class='ocr_carea' id='block_1_34' title="bbox 1051 893 1844 946">
    <p class='ocr_par' dir='ltr' id='par_1_34' title="bbox 1056 893 1844 946">
     <span class='ocr_line' id='line_1_34' title="bbox 1056 893 1844 946; baseline -0.005 -9"><span class='ocrx_word' id='word_1_227' title='bbox 1056 893 1241 946; x_wconf 70' lang='grc' dir='ltr'>Ἀλεξανδρείᾳ</span> <span class='ocrx_word' id='word_1_228' title='bbox 1261 893 1329 946; x_wconf 54' lang='grc' dir='ltr'>μετά</span> <span class='ocrx_word' id='word_1_229' title='bbox 1346 893 1689 945; x_wconf 39' lang='grc' dir='ltr'>τὴν-τελευτὴνΙΜελητίου</span> <span class='ocrx_word' id='word_1_230' title='bbox 1708 893 1756 934; x_wconf 76' lang='grc' dir='ltr'>τοῦ</span> <span class='ocrx_word' id='word_1_231' title='bbox 1775 916 1844 943; x_wconf 85' lang='grc' dir='ltr'>προ-</span> 
     </span>
    </p>
   </div>
   <div class='ocr_carea' id='block_1_35' title="bbox 208 942 998 978">
    <p class='ocr_par' dir='ltr' id='par_1_35' title="bbox 208 942 998 978">
     <span class='ocr_line' id='line_1_35' title="bbox 208 942 998 978; baseline 0.001 -10"><span class='ocrx_word' id='word_1_232' title='bbox 208 943 325 974; x_wconf 83' lang='lat' dir='ltr'><strong>obitum,</strong></span> <span class='ocrx_word' id='word_1_233' title='bbox 343 942 473 970; x_wconf 83' lang='lat' dir='ltr'><strong>adversus</strong></span> <span class='ocrx_word' id='word_1_234' title='bbox 486 942 615 970; x_wconf 73' lang='lat' dir='ltr'><strong>Ecclesia:</strong></span> <span class='ocrx_word' id='word_1_235' title='bbox 626 943 746 970; x_wconf 87' lang='lat' dir='ltr'><strong>schisma</strong></span> <span class='ocrx_word' id='word_1_236' title='bbox 763 943 914 970; x_wconf 83' lang='lat' dir='ltr'><strong>vehementi</strong></span> <span class='ocrx_word' id='word_1_237' title='bbox 929 950 998 978; x_wconf 88' lang='lat' dir='ltr'><strong>quo-</strong></span> 
     </span>
    </p>
   </div>
   <div class='ocr_carea' id='block_1_36' title="bbox 208 987 998 1022">
    <p class='ocr_par' dir='ltr' id='par_1_36' title="bbox 208 987 998 1022">
     <span class='ocr_line' id='line_1_36' title="bbox 208 987 998 1022; baseline 0.003 -9"><span class='ocrx_word' id='word_1_238' title='bbox 208 988 270 1014; x_wconf 89' lang='lat' dir='ltr'><strong>dam</strong></span> <span class='ocrx_word' id='word_1_239' title='bbox 296 987 392 1014; x_wconf 87' lang='lat' dir='ltr'><strong>ardore</strong></span> <span class='ocrx_word' id='word_1_240' title='bbox 420 995 569 1015; x_wconf 82' lang='lat' dir='ltr'><strong>sucrensus</strong></span> <span class='ocrx_word' id='word_1_241' title='bbox 598 987 776 1021; x_wconf 83' lang='lat' dir='ltr'><strong>Meletianos,</strong></span> <span class='ocrx_word' id='word_1_242' title='bbox 805 988 851 1022; x_wconf 89' lang='lat' dir='ltr'><strong>qui</strong></span> <span class='ocrx_word' id='word_1_243' title='bbox 877 988 998 1022; x_wconf 87' lang='lat' dir='ltr'><strong>privatos</strong></span> 
     </span>
    </p>
   </div>
   <div class='ocr_carea' id='block_1_37' title="bbox 209 1033 998 1068">
    <p class='ocr_par' dir='ltr' id='par_1_37' title="bbox 209 1033 998 1068">
     <span class='ocr_line' id='line_1_37' title="bbox 209 1033 998 1068; baseline 0 -8"><span class='ocrx_word' id='word_1_244' title='bbox 209 1039 361 1061; x_wconf 71' lang='lat' dir='ltr'><strong>conuentus</strong></span> <span class='ocrx_word' id='word_1_245' title='bbox 391 1033 537 1066; x_wconf 88' lang='lat' dir='ltr'><strong>habebant,</strong></span> <span class='ocrx_word' id='word_1_246' title='bbox 569 1034 671 1068; x_wconf 83' lang='lat' dir='ltr'><strong>agitare</strong></span> <span class='ocrx_word' id='word_1_247' title='bbox 699 1041 731 1061; x_wconf 83' lang='lat' dir='ltr'><strong>ac</strong></span> <span class='ocrx_word' id='word_1_248' title='bbox 761 1041 861 1061; x_wconf 76' lang='lat' dir='ltr'><strong>vexare</strong></span> <span class='ocrx_word' id='word_1_249' title='bbox 888 1039 915 1061; x_wconf 91' lang='lat' dir='ltr'><strong>et</strong></span> <span class='ocrx_word' id='word_1_250' title='bbox 945 1034 998 1060; x_wconf 92' lang='lat' dir='ltr'><strong>vim</strong></span> 
     </span>
    </p>
   </div>
   <div class='ocr_carea' id='block_1_38' title="bbox 209 1079 999 1115">
    <p class='ocr_par' dir='ltr' id='par_1_38' title="bbox 209 1079 999 1115">
     <span class='ocr_line' id='line_1_38' title="bbox 209 1079 999 1115; baseline 0 -9"><span class='ocrx_word' id='word_1_251' title='bbox 209 1080 339 1107; x_wconf 81' lang='lat' dir='ltr'><strong>adhibere</strong></span> <span class='ocrx_word' id='word_1_252' title='bbox 362 1084 494 1115; x_wconf 71' lang='lat' dir='ltr'><strong>cmperat,</strong></span> <span class='ocrx_word' id='word_1_253' title='bbox 525 1088 559 1107; x_wconf 87' lang='lat' dir='ltr'><strong>ne</strong></span> <span class='ocrx_word' id='word_1_254' title='bbox 584 1081 617 1107; x_wconf 88' lang='lat' dir='ltr'><strong>ab</strong></span> <span class='ocrx_word' id='word_1_255' title='bbox 634 1088 687 1107; x_wconf 89' lang='lat' dir='ltr'><strong>una</strong></span> <span class='ocrx_word' id='word_1_256' title='bbox 708 1080 858 1115; x_wconf 81' lang='lat' dir='ltr'><strong>eademque</strong></span> <span class='ocrx_word' id='word_1_257' title='bbox 876 1079 999 1107; x_wconf 85' lang='lat' dir='ltr'><strong>Ecclesia</strong></span> 
     </span>
    </p>
   </div>
   <div class='ocr_carea' id='block_1_39' title="bbox 208 1123 999 1158">
    <p class='ocr_par' dir='ltr' id='par_1_39' title="bbox 208 1123 999 1158">
     <span class='ocr_line' id='line_1_39' title="bbox 208 1123 999 1158; baseline -0.001 -6"><span class='ocrx_word' id='word_1_258' title='bbox 208 1125 406 1153; x_wconf 80' lang='lat' dir='ltr'><strong>contumaciter</strong></span> <span class='ocrx_word' id='word_1_259' title='bbox 423 1125 622 1158; x_wconf 81' lang='lat' dir='ltr'><strong>desciscerent;</strong></span> <span class='ocrx_word' id='word_1_260' title='bbox 642 1125 680 1151; x_wconf 85' lang='lat' dir='ltr'><strong>illi</strong></span> <span class='ocrx_word' id='word_1_261' title='bbox 706 1129 802 1152; x_wconf 90' lang='lat' dir='ltr'><strong>contra</strong></span> <span class='ocrx_word' id='word_1_262' title='bbox 816 1123 999 1151; x_wconf 83' lang='lat' dir='ltr'><strong>detrectantes</strong></span> 
     </span>
    </p>
   </div>
   <div class='ocr_carea' id='block_1_40' title="bbox 208 1169 998 1206">
    <p class='ocr_par' dir='ltr' id='par_1_40' title="bbox 208 1169 998 1206">
     <span class='ocr_line' id='line_1_40' title="bbox 208 1169 998 1206; baseline -0.001 -8"><span class='ocrx_word' id='word_1_263' title='bbox 208 1171 369 1198; x_wconf 81' lang='lat' dir='ltr'><strong>tumultuari</strong></span> <span class='ocrx_word' id='word_1_264' title='bbox 398 1178 430 1198; x_wconf 90' lang='lat' dir='ltr'><strong>ac</strong></span> <span class='ocrx_word' id='word_1_265' title='bbox 457 1170 620 1206; x_wconf 85' lang='lat' dir='ltr'><strong>perturbare</strong></span> <span class='ocrx_word' id='word_1_266' title='bbox 643 1170 745 1198; x_wconf 90' lang='lat' dir='ltr'><strong>omnia.</strong></span> <span class='ocrx_word' id='word_1_267' title='bbox 781 1169 871 1202; x_wconf 82' lang='lat' dir='ltr'><strong>Quare</strong></span> <span class='ocrx_word' id='word_1_268' title='bbox 905 1178 998 1205; x_wconf 90' lang='lat' dir='ltr'><strong>perse-</strong></span> 
     </span>
    </p>
   </div>
   <div class='ocr_carea' id='block_1_41' title="bbox 209 1215 998 1253">
    <p class='ocr_par' dir='ltr' id='par_1_41' title="bbox 209 1215 998 1253">
     <span class='ocr_line' id='line_1_41' title="bbox 209 1215 998 1253; baseline -0.001 -10"><span class='ocrx_word' id='word_1_269' title='bbox 209 1222 311 1251; x_wconf 86' lang='lat' dir='ltr'><strong>quente</strong></span> <span class='ocrx_word' id='word_1_270' title='bbox 329 1224 387 1253; x_wconf 76' lang='lat' dir='ltr'><strong>eos.</strong></span> <span class='ocrx_word' id='word_1_271' title='bbox 407 1220 434 1242; x_wconf 90' lang='lat' dir='ltr'><strong>et</strong></span> <span class='ocrx_word' id='word_1_272' title='bbox 455 1220 567 1250; x_wconf 75' lang='lat' dir='ltr'><strong>urgente</strong></span> <span class='ocrx_word' id='word_1_273' title='bbox 580 1215 671 1242; x_wconf 88' lang='lat' dir='ltr'><strong>aerius</strong></span> <span class='ocrx_word' id='word_1_274' title='bbox 693 1215 858 1247; x_wconf 64' lang='lat' dir='ltr'><strong>Alexandro,</strong></span> <span class='ocrx_word' id='word_1_275' title='bbox 873 1215 998 1242; x_wconf 88' lang='lat' dir='ltr'><strong>nonnulli</strong></span> 
     </span>
    </p>
   </div>
   <div class='ocr_carea' id='block_1_42' title="bbox 209 1261 999 1297">
    <p class='ocr_par' dir='ltr' id='par_1_42' title="bbox 209 1261 999 1297">
     <span class='ocr_line' id='line_1_42' title="bbox 209 1261 999 1297; baseline 0 -9"><span class='ocrx_word' id='word_1_276' title='bbox 209 1271 224 1289; x_wconf 87' lang='lat' dir='ltr'><strong>e</strong></span> <span class='ocrx_word' id='word_1_277' title='bbox 239 1267 318 1288; x_wconf 76' lang='lat' dir='ltr'><strong>secta:</strong></span> <span class='ocrx_word' id='word_1_278' title='bbox 335 1261 484 1296; x_wconf 86' lang='lat' dir='ltr'><strong>primariis,</strong></span> <span class='ocrx_word' id='word_1_279' title='bbox 510 1269 542 1288; x_wconf 88' lang='lat' dir='ltr'><strong>ac</strong></span> <span class='ocrx_word' id='word_1_280' title='bbox 559 1262 658 1295; x_wconf 90' lang='lat' dir='ltr'><strong>pietate</strong></span> <span class='ocrx_word' id='word_1_281' title='bbox 674 1265 700 1288; x_wconf 89' lang='lat' dir='ltr'><strong>et</strong></span> <span class='ocrx_word' id='word_1_282' title='bbox 717 1262 817 1289; x_wconf 85' lang='lat' dir='ltr'><strong>virtute</strong></span> <span class='ocrx_word' id='word_1_283' title='bbox 827 1261 906 1290; x_wconf 81' lang='lat' dir='ltr'><strong>facile</strong></span> <span class='ocrx_word' id='word_1_284' title='bbox 925 1262 999 1297; x_wconf 93' lang='lat' dir='ltr'><strong>prin-</strong></span> 
     </span>
    </p>
   </div>
   <div class='ocr_carea' id='block_1_43' title="bbox 209 1307 999 1342">
    <p class='ocr_par' dir='ltr' id='par_1_43' title="bbox 209 1307 999 1342">
     <span class='ocr_line' id='line_1_43' title="bbox 209 1307 999 1342; baseline 0.003 -8"><span class='ocrx_word' id='word_1_285' title='bbox 209 1309 294 1342; x_wconf 82' lang='lat' dir='ltr'><strong>cipes,</strong></span> <span class='ocrx_word' id='word_1_286' title='bbox 308 1312 336 1334; x_wconf 93' lang='lat' dir='ltr'><strong>ut</strong></span> <span class='ocrx_word' id='word_1_287' title='bbox 352 1307 386 1333; x_wconf 92' lang='lat' dir='ltr'><strong>iis</strong></span> <span class='ocrx_word' id='word_1_288' title='bbox 401 1307 582 1334; x_wconf 88' lang='lat' dir='ltr'><strong>incommodis</strong></span> <span class='ocrx_word' id='word_1_289' title='bbox 596 1307 779 1340; x_wconf 84' lang='lat' dir='ltr'><strong>mederentur,</strong></span> <span class='ocrx_word' id='word_1_290' title='bbox 793 1307 826 1334; x_wconf 85' lang='lat' dir='ltr'><strong>ad</strong></span> <span class='ocrx_word' id='word_1_291' title='bbox 839 1309 999 1336; x_wconf 86' lang='lat' dir='ltr'><strong>comitatum</strong></span> 
     </span>
    </p>
   </div>
   <div class='ocr_carea' id='block_1_44' title="bbox 209 1353 1001 1391">
    <p class='ocr_par' dir='ltr' id='par_1_44' title="bbox 209 1353 1001 1391">
     <span class='ocr_line' id='line_1_44' title="bbox 209 1353 1001 1391; baseline 0.004 -11"><span class='ocrx_word' id='word_1_292' title='bbox 209 1354 324 1390; x_wconf 78' lang='lat' dir='ltr'><strong>profecti</strong></span> <span class='ocrx_word' id='word_1_293' title='bbox 341 1357 416 1385; x_wconf 92' lang='lat' dir='ltr'><strong>sunt,</strong></span> <span class='ocrx_word' id='word_1_294' title='bbox 435 1357 462 1379; x_wconf 92' lang='lat' dir='ltr'><strong>ut</strong></span> <span class='ocrx_word' id='word_1_295' title='bbox 476 1353 633 1388; x_wconf 86' lang='lat' dir='ltr'><strong>imperatori</strong></span> <span class='ocrx_word' id='word_1_296' title='bbox 651 1354 847 1388; x_wconf 87' lang='lat' dir='ltr'><strong>supplicarent,</strong></span> <span class='ocrx_word' id='word_1_297' title='bbox 864 1355 899 1382; x_wconf 85' lang='lat' dir='ltr'><strong>ab</strong></span> <span class='ocrx_word' id='word_1_298' title='bbox 914 1363 1001 1391; x_wconf 85' lang='lat' dir='ltr'><strong>eoque</strong></span> 
     </span>
    </p>
   </div>
   <div class='ocr_carea' id='block_1_45' title="bbox 210 1399 997 1435">
    <p class='ocr_par' dir='ltr' id='par_1_45' title="bbox 210 1399 997 1435">
     <span class='ocr_line' id='line_1_45' title="bbox 210 1399 997 1435; baseline 0.003 -10"><span class='ocrx_word' id='word_1_299' title='bbox 210 1401 379 1435; x_wconf 72' lang='lat' dir='ltr'><strong>privatorum</strong></span> <span class='ocrx_word' id='word_1_300' title='bbox 400 1402 583 1426; x_wconf 88' lang='lat' dir='ltr'><strong>conventuum</strong></span> <span class='ocrx_word' id='word_1_301' title='bbox 606 1399 665 1426; x_wconf 89' lang='lat' dir='ltr'><strong>sine</strong></span> <span class='ocrx_word' id='word_1_302' title='bbox 685 1400 741 1426; x_wconf 95' lang='lat' dir='ltr'><strong>ullo</strong></span> <span class='ocrx_word' id='word_1_303' title='bbox 756 1400 949 1435; x_wconf 84' lang='lat' dir='ltr'><strong>impedimento</strong></span> <span class='ocrx_word' id='word_1_304' title='bbox 961 1401 997 1427; x_wconf 86' lang='lat' dir='ltr'><strong>fa-</strong></span> 
     </span>
    </p>
   </div>
   <div class='ocr_carea' id='block_1_46' title="bbox 211 1444 999 1480">
    <p class='ocr_par' dir='ltr' id='par_1_46' title="bbox 211 1444 999 1480">
     <span class='ocr_line' id='line_1_46' title="bbox 211 1444 999 1480; baseline 0 -7"><span class='ocrx_word' id='word_1_305' title='bbox 211 1447 340 1473; x_wconf 89' lang='lat' dir='ltr'><strong>cultatem</strong></span> <span class='ocrx_word' id='word_1_306' title='bbox 366 1444 535 1472; x_wconf 79' lang='lat' dir='ltr'><strong>obtinerent.</strong></span> <span class='ocrx_word' id='word_1_307' title='bbox 565 1444 603 1472; x_wconf 74' lang='lat' dir='ltr'><strong>Ex</strong></span> <span class='ocrx_word' id='word_1_308' title='bbox 629 1445 673 1472; x_wconf 86' lang='lat' dir='ltr'><strong>his</strong></span> <span class='ocrx_word' id='word_1_309' title='bbox 697 1446 828 1480; x_wconf 63' lang='lat' dir='ltr'><strong>praecipui</strong></span> <span class='ocrx_word' id='word_1_310' title='bbox 845 1450 924 1473; x_wconf 86' lang='lat' dir='ltr'><strong>erant</strong></span> <span class='ocrx_word' id='word_1_311' title='bbox 949 1445 999 1473; x_wconf 88' lang='lat' dir='ltr'><strong>Pa-</strong></span> 
     </span>
    </p>
   </div>
   <div class='ocr_carea' id='block_1_47' title="bbox 211 1490 997 1527">
    <p class='ocr_par' dir='ltr' id='par_1_47' title="bbox 211 1490 997 1527">
     <span class='ocr_line' id='line_1_47' title="bbox 211 1490 997 1527; baseline 0 -9"><span class='ocrx_word' id='word_1_312' title='bbox 211 1492 343 1527; x_wconf 88' lang='lat' dir='ltr'><strong>phnutius</strong></span> <span class='ocrx_word' id='word_1_313' title='bbox 358 1490 468 1526; x_wconf 89' lang='lat' dir='ltr'><strong>quidam</strong></span> <span class='ocrx_word' id='word_1_314' title='bbox 500 1491 540 1518; x_wconf 91' lang='lat' dir='ltr'><strong>vir</strong></span> <span class='ocrx_word' id='word_1_315' title='bbox 555 1498 670 1525; x_wconf 73' lang='lat' dir='ltr'><strong>magnus</strong></span> <span class='ocrx_word' id='word_1_316' title='bbox 684 1495 711 1519; x_wconf 89' lang='lat' dir='ltr'><strong>et</strong></span> <span class='ocrx_word' id='word_1_317' title='bbox 730 1491 904 1522; x_wconf 82' lang='lat' dir='ltr'><strong>anachoreta,</strong></span> <span class='ocrx_word' id='word_1_318' title='bbox 919 1492 997 1527; x_wconf 73' lang='lat'><strong>721</strong></span> 
     </span>
    </p>
   </div>
   <div class='ocr_carea' id='block_1_48' title="bbox 211 1536 999 1573">
    <p class='ocr_par' dir='ltr' id='par_1_48' title="bbox 211 1536 999 1573">
     <span class='ocr_line' id='line_1_48' title="bbox 211 1536 999 1573; baseline -0.001 -8"><span class='ocrx_word' id='word_1_319' title='bbox 211 1539 291 1573; x_wconf 80' lang='lat' dir='ltr'><strong>cujus</strong></span> <span class='ocrx_word' id='word_1_320' title='bbox 309 1541 395 1565; x_wconf 88' lang='lat' dir='ltr'><strong>mater</strong></span> <span class='ocrx_word' id='word_1_321' title='bbox 422 1537 561 1564; x_wconf 82' lang='lat' dir='ltr'><strong>Christum</strong></span> <span class='ocrx_word' id='word_1_322' title='bbox 575 1537 640 1564; x_wconf 89' lang='lat' dir='ltr'><strong>olim</strong></span> <span class='ocrx_word' id='word_1_323' title='bbox 659 1536 785 1564; x_wconf 84' lang='lat' dir='ltr'><strong>confessa</strong></span> <span class='ocrx_word' id='word_1_324' title='bbox 802 1536 899 1569; x_wconf 80' lang='lat' dir='ltr'><strong>fuerat,</strong></span> <span class='ocrx_word' id='word_1_325' title='bbox 915 1537 962 1564; x_wconf 87' lang='lat' dir='ltr'><strong>sed</strong></span> <span class='ocrx_word' id='word_1_326' title='bbox 973 1541 999 1564; x_wconf 91' lang='lat' dir='ltr'><strong>et</strong></span> 
     </span>
    </p>
   </div>
   <div class='ocr_carea' id='block_1_49' title="bbox 213 1580 999 1618">
    <p class='ocr_par' dir='ltr' id='par_1_49' title="bbox 213 1580 999 1618">
     <span class='ocr_line' id='line_1_49' title="bbox 213 1580 999 1618; baseline -0.001 -9"><span class='ocrx_word' id='word_1_327' title='bbox 213 1583 273 1618; x_wconf 78' lang='lat' dir='ltr'><strong>ipse</strong></span> <span class='ocrx_word' id='word_1_328' title='bbox 288 1582 380 1617; x_wconf 89' lang='lat' dir='ltr'><strong>aliqua</strong></span> <span class='ocrx_word' id='word_1_329' title='bbox 395 1589 428 1609; x_wconf 80' lang='lat' dir='ltr'><strong>cx</strong></span> <span class='ocrx_word' id='word_1_330' title='bbox 447 1586 524 1616; x_wconf 89' lang='lat' dir='ltr'><strong>parte</strong></span> <span class='ocrx_word' id='word_1_331' title='bbox 535 1581 657 1608; x_wconf 89' lang='lat' dir='ltr'><strong>eamdem</strong></span> <span class='ocrx_word' id='word_1_332' title='bbox 670 1580 868 1610; x_wconf 80' lang='lat' dir='ltr'><strong>confessionem</strong></span> <span class='ocrx_word' id='word_1_333' title='bbox 883 1581 999 1608; x_wconf 84' lang='lat' dir='ltr'><strong>obierat.</strong></span> 
     </span>
    </p>
   </div>
   <div class='ocr_carea' id='block_1_50' title="bbox 211 1626 1002 1661">
    <p class='ocr_par' dir='ltr' id='par_1_50' title="bbox 211 1626 1002 1661">
     <span class='ocr_line' id='line_1_50' title="bbox 211 1626 1002 1661; baseline 0.001 -7"><span class='ocrx_word' id='word_1_334' title='bbox 211 1629 278 1655; x_wconf 87' lang='lat' dir='ltr'><strong>Cum</strong></span> <span class='ocrx_word' id='word_1_335' title='bbox 292 1635 324 1655; x_wconf 94' lang='lat' dir='ltr'><strong>eo</strong></span> <span class='ocrx_word' id='word_1_336' title='bbox 343 1630 401 1654; x_wconf 86' lang='lat' dir='ltr'><strong>erat</strong></span> <span class='ocrx_word' id='word_1_337' title='bbox 419 1631 445 1654; x_wconf 92' lang='lat' dir='ltr'><strong>et</strong></span> <span class='ocrx_word' id='word_1_338' title='bbox 461 1626 580 1654; x_wconf 78' lang='lat' dir='ltr'><strong>Joannes</strong></span> <span class='ocrx_word' id='word_1_339' title='bbox 607 1626 717 1653; x_wconf 80' lang='lat' dir='ltr'><strong>illorum</strong></span> <span class='ocrx_word' id='word_1_340' title='bbox 742 1626 898 1661; x_wconf 88' lang='lat' dir='ltr'><strong>episcopus,</strong></span> <span class='ocrx_word' id='word_1_341' title='bbox 915 1626 957 1653; x_wconf 92' lang='lat' dir='ltr'><strong>vir</strong></span> <span class='ocrx_word' id='word_1_342' title='bbox 974 1631 1002 1655; x_wconf 85' lang='lat' dir='ltr'><strong>et</strong></span> 
     </span>
    </p>
   </div>
   <div class='ocr_carea' id='block_1_51' title="bbox 212 1671 1001 1709">
    <p class='ocr_par' dir='ltr' id='par_1_51' title="bbox 212 1671 1001 1709">
     <span class='ocr_line' id='line_1_51' title="bbox 212 1671 1001 1709; baseline -0.004 -7"><span class='ocrx_word' id='word_1_343' title='bbox 212 1675 272 1709; x_wconf 91' lang='lat' dir='ltr'><strong>ipse</strong></span> <span class='ocrx_word' id='word_1_344' title='bbox 285 1681 347 1702; x_wconf 90' lang='lat' dir='ltr'><strong>cum</strong></span> <span class='ocrx_word' id='word_1_345' title='bbox 364 1673 461 1708; x_wconf 88' lang='lat' dir='ltr'><strong>primis</strong></span> <span class='ocrx_word' id='word_1_346' title='bbox 480 1672 655 1705; x_wconf 85' lang='lat' dir='ltr'><strong>venerabilis,</strong></span> <span class='ocrx_word' id='word_1_347' title='bbox 678 1679 784 1700; x_wconf 85' lang='lat' dir='ltr'><strong>necnon</strong></span> <span class='ocrx_word' id='word_1_348' title='bbox 801 1675 828 1698; x_wconf 90' lang='lat' dir='ltr'><strong>et</strong></span> <span class='ocrx_word' id='word_1_349' title='bbox 852 1671 1001 1699; x_wconf 87' lang='lat' dir='ltr'><strong>Callinicus</strong></span> 
     </span>
    </p>
   </div>
   <div class='ocr_carea' id='block_1_52' title="bbox 212 1717 1000 1753">
    <p class='ocr_par' dir='ltr' id='par_1_52' title="bbox 212 1717 1000 1753">
     <span class='ocr_line' id='line_1_52' title="bbox 212 1717 1000 1753; baseline -0.001 -6"><span class='ocrx_word' id='word_1_350' title='bbox 212 1719 314 1747; x_wconf 74' lang='lat' dir='ltr'><strong>Pelusii</strong></span> <span class='ocrx_word' id='word_1_351' title='bbox 329 1719 483 1753; x_wconf 82' lang='lat' dir='ltr'><strong>episcopus,</strong></span> <span class='ocrx_word' id='word_1_352' title='bbox 503 1726 564 1745; x_wconf 90' lang='lat' dir='ltr'><strong>cum</strong></span> <span class='ocrx_word' id='word_1_353' title='bbox 595 1718 656 1745; x_wconf 84' lang='lat' dir='ltr'><strong>aliis</strong></span> <span class='ocrx_word' id='word_1_354' title='bbox 670 1717 845 1752; x_wconf 86' lang='lat' dir='ltr'><strong>quibusdam,</strong></span> <span class='ocrx_word' id='word_1_355' title='bbox 856 1717 902 1752; x_wconf 83' lang='lat' dir='ltr'><strong>qui</strong></span> <span class='ocrx_word' id='word_1_356' title='bbox 919 1718 1000 1752; x_wconf 88' lang='lat' dir='ltr'><strong>hujus</strong></span> 
     </span>
    </p>
   </div>
   <div class='ocr_carea' id='block_1_53' title="bbox 212 1762 1001 1799">
    <p class='ocr_par' dir='ltr' id='par_1_53' title="bbox 212 1762 1001 1799">
     <span class='ocr_line' id='line_1_53' title="bbox 212 1762 1001 1799; baseline -0.005 -7"><span class='ocrx_word' id='word_1_357' title='bbox 212 1765 319 1792; x_wconf 87' lang='lat' dir='ltr'><strong>consilii</strong></span> <span class='ocrx_word' id='word_1_358' title='bbox 335 1764 482 1799; x_wconf 84' lang='lat' dir='ltr'><strong>participes</strong></span> <span class='ocrx_word' id='word_1_359' title='bbox 498 1763 613 1790; x_wconf 80' lang='lat' dir='ltr'><strong>fuerant.</strong></span> <span class='ocrx_word' id='word_1_360' title='bbox 624 1763 748 1795; x_wconf 84' lang='lat' dir='ltr'><strong>Quicum</strong></span> <span class='ocrx_word' id='word_1_361' title='bbox 763 1762 797 1789; x_wconf 86' lang='lat' dir='ltr'><strong>ad</strong></span> <span class='ocrx_word' id='word_1_362' title='bbox 811 1762 1001 1797; x_wconf 81' lang='lat' dir='ltr'><strong>imperatorem</strong></span> 
     </span>
    </p>
   </div>
   <div class='ocr_carea' id='block_1_54' title="bbox 212 1807 998 1842">
    <p class='ocr_par' dir='ltr' id='par_1_54' title="bbox 212 1807 998 1842">
     <span class='ocr_line' id='line_1_54' title="bbox 212 1807 998 1842; baseline -0.003 -5"><span class='ocrx_word' id='word_1_363' title='bbox 212 1811 363 1840; x_wconf 68' lang='lat' dir='ltr'><strong>Venissent,</strong></span> <span class='ocrx_word' id='word_1_364' title='bbox 394 1814 420 1836; x_wconf 89' lang='lat' dir='ltr'><strong>ct</strong></span> <span class='ocrx_word' id='word_1_365' title='bbox 439 1809 515 1836; x_wconf 85' lang='lat' dir='ltr'><strong>adire</strong></span> <span class='ocrx_word' id='word_1_366' title='bbox 538 1809 647 1840; x_wconf 84' lang='lat' dir='ltr'><strong>vellent,</strong></span> <span class='ocrx_word' id='word_1_367' title='bbox 667 1808 738 1842; x_wconf 84' lang='lat' dir='ltr'><strong>pulsi</strong></span> <span class='ocrx_word' id='word_1_368' title='bbox 757 1815 789 1834; x_wconf 87' lang='lat' dir='ltr'><strong>ac</strong></span> <span class='ocrx_word' id='word_1_369' title='bbox 809 1807 903 1841; x_wconf 87' lang='lat' dir='ltr'><strong>rejceti</strong></span> <span class='ocrx_word' id='word_1_370' title='bbox 922 1811 998 1835; x_wconf 89' lang='lat' dir='ltr'><strong>sunt.</strong></span> 
     </span>
    </p>
   </div>
   <div class='ocr_carea' id='block_1_55' title="bbox 213 1851 1000 1886">
    <p class='ocr_par' dir='ltr' id='par_1_55' title="bbox 213 1851 1000 1886">
     <span class='ocr_line' id='line_1_55' title="bbox 213 1851 1000 1886; baseline -0.001 -5"><span class='ocrx_word' id='word_1_371' title='bbox 213 1855 280 1882; x_wconf 79' lang='lat' dir='ltr'><strong>Nam</strong></span> <span class='ocrx_word' id='word_1_372' title='bbox 296 1854 411 1881; x_wconf 85' lang='lat' dir='ltr'><strong>Palatini</strong></span> <span class='ocrx_word' id='word_1_373' title='bbox 421 1854 514 1881; x_wconf 86' lang='lat' dir='ltr'><strong>audito</strong></span> <span class='ocrx_word' id='word_1_374' title='bbox 526 1853 731 1880; x_wconf 84' lang='lat' dir='ltr'><strong>Meletianorum</strong></span> <span class='ocrx_word' id='word_1_375' title='bbox 744 1852 862 1885; x_wconf 89' lang='lat' dir='ltr'><strong>nomine,</strong></span> <span class='ocrx_word' id='word_1_376' title='bbox 871 1851 935 1886; x_wconf 92' lang='lat' dir='ltr'><strong>quid</strong></span> <span class='ocrx_word' id='word_1_377' title='bbox 950 1853 1000 1880; x_wconf 89' lang='lat' dir='ltr'><strong>hoc</strong></span> 
     </span>
    </p>
   </div>
   <div class='ocr_carea' id='block_1_56' title="bbox 213 1895 1001 1934">
    <p class='ocr_par' dir='ltr' id='par_1_56' title="bbox 213 1895 1001 1934">
     <span class='ocr_line' id='line_1_56' title="bbox 213 1895 1001 1934; baseline -0.005 -7"><span class='ocrx_word' id='word_1_378' title='bbox 213 1900 267 1928; x_wconf 75' lang='lat' dir='ltr'><strong>sibi</strong></span> <span class='ocrx_word' id='word_1_379' title='bbox 280 1899 359 1926; x_wconf 84' lang='lat' dir='ltr'><strong>vellet</strong></span> <span class='ocrx_word' id='word_1_380' title='bbox 377 1899 546 1934; x_wconf 79' lang='lat' dir='ltr'><strong>ignorantes,</strong></span> <span class='ocrx_word' id='word_1_381' title='bbox 564 1897 640 1924; x_wconf 90' lang='lat' dir='ltr'><strong>adire</strong></span> <span class='ocrx_word' id='word_1_382' title='bbox 656 1896 805 1932; x_wconf 90' lang='lat' dir='ltr'><strong>principem</strong></span> <span class='ocrx_word' id='word_1_383' title='bbox 816 1895 928 1923; x_wconf 86' lang='lat' dir='ltr'><strong>minime</strong></span> <span class='ocrx_word' id='word_1_384' title='bbox 939 1903 1001 1931; x_wconf 87' lang='lat' dir='ltr'><strong>per-</strong></span> 
     </span>
    </p>
   </div>
   <div class='ocr_carea' id='block_1_57' title="bbox 215 1945 358 1972">
    <p class='ocr_par' dir='ltr' id='par_1_57' title="bbox 215 1945 358 1972">
     <span class='ocr_line' id='line_1_57' title="bbox 215 1945 358 1972; baseline -0.014 0"><span class='ocrx_word' id='word_1_385' title='bbox 215 1945 358 1972; x_wconf 87' lang='lat' dir='ltr'><strong>miserunt.</strong></span> 
     </span>
    </p>
   </div>
   <div class='ocr_carea' id='block_1_58' title="bbox 253 1987 1001 2023">
    <p class='ocr_par' dir='ltr' id='par_1_58' title="bbox 253 1987 1001 2023">
     <span class='ocr_line' id='line_1_58' title="bbox 253 1987 1001 2023; baseline 0.004 -8"><span class='ocrx_word' id='word_1_386' title='bbox 253 1990 295 2017; x_wconf 88' lang='lat' dir='ltr'><strong>Vl.</strong></span> <span class='ocrx_word' id='word_1_387' title='bbox 326 1990 400 2017; x_wconf 81' lang='lat' dir='ltr'><strong>inter</strong></span> <span class='ocrx_word' id='word_1_388' title='bbox 425 1989 484 2016; x_wconf 64' lang='lat' dir='ltr'><strong>ha‘e</strong></span> <span class='ocrx_word' id='word_1_389' title='bbox 507 1988 697 2023; x_wconf 87' lang='lat' dir='ltr'><strong>Paphnutius,</strong></span> <span class='ocrx_word' id='word_1_390' title='bbox 717 1987 837 2017; x_wconf 75' lang='lat' dir='ltr'><strong>Joannes</strong></span> <span class='ocrx_word' id='word_1_391' title='bbox 860 1997 891 2018; x_wconf 89' lang='lat' dir='ltr'><strong>ac</strong></span> <span class='ocrx_word' id='word_1_392' title='bbox 911 1990 1001 2018; x_wconf 68' lang='lat' dir='ltr'><strong>cieteri</strong></span> 
     </span>
    </p>
   </div>
   <div class='ocr_carea' id='block_1_59' title="bbox 214 2033 1001 2069">
    <p class='ocr_par' dir='ltr' id='par_1_59' title="bbox 214 2033 1001 2069">
     <span class='ocr_line' id='line_1_59' title="bbox 214 2033 1001 2069; baseline 0 -6"><span class='ocrx_word' id='word_1_393' title='bbox 214 2034 452 2069; x_wconf 83' lang='lat' dir='ltr'><strong>Constantinopoli</strong></span> <span class='ocrx_word' id='word_1_394' title='bbox 482 2039 509 2061; x_wconf 88' lang='lat' dir='ltr'><strong>et</strong></span> <span class='ocrx_word' id='word_1_395' title='bbox 533 2033 700 2061; x_wconf 59' lang='lat' dir='ltr'><strong>Nicomedia</strong></span> <span class='ocrx_word' id='word_1_396' title='bbox 723 2034 872 2069; x_wconf 83' lang='lat' dir='ltr'><strong>longiorem</strong></span> <span class='ocrx_word' id='word_1_397' title='bbox 895 2043 1001 2063; x_wconf 83' lang='lat' dir='ltr'><strong>moram</strong></span> 
     </span>
    </p>
   </div>
   <div class='ocr_carea' id='block_1_60' title="bbox 215 2078 1001 2116">
    <p class='ocr_par' dir='ltr' id='par_1_60' title="bbox 215 2078 1001 2116">
     <span class='ocr_line' id='line_1_60' title="bbox 215 2078 1001 2116; baseline 0.003 -9"><span class='ocrx_word' id='word_1_398' title='bbox 215 2081 368 2113; x_wconf 86' lang='lat' dir='ltr'><strong>trahentes,</strong></span> <span class='ocrx_word' id='word_1_399' title='bbox 388 2087 450 2107; x_wconf 91' lang='lat' dir='ltr'><strong>eum</strong></span> <span class='ocrx_word' id='word_1_400' title='bbox 463 2079 582 2106; x_wconf 81' lang='lat' dir='ltr'><strong>Eusebio</strong></span> <span class='ocrx_word' id='word_1_401' title='bbox 596 2078 765 2107; x_wconf 76' lang='lat' dir='ltr'><strong>Nicomedia:</strong></span> <span class='ocrx_word' id='word_1_402' title='bbox 778 2081 907 2116; x_wconf 85' lang='lat' dir='ltr'><strong>episcopo</strong></span> <span class='ocrx_word' id='word_1_403' title='bbox 922 2081 1001 2109; x_wconf 81' lang='lat' dir='ltr'><strong>fanti-</strong></span> 
     </span>
    </p>
   </div>
   <div class='ocr_carea' id='block_1_61' title="bbox 217 2124 1000 2161">
    <p class='ocr_par' dir='ltr' id='par_1_61' title="bbox 217 2124 1000 2161">
     <span class='ocr_line' id='line_1_61' title="bbox 217 2124 1000 2161; baseline 0 -8"><span class='ocrx_word' id='word_1_404' title='bbox 217 2127 360 2154; x_wconf 84' lang='lat' dir='ltr'><strong>liaritatem</strong></span> <span class='ocrx_word' id='word_1_405' title='bbox 373 2125 552 2157; x_wconf 87' lang='lat' dir='ltr'><strong>contrahunt,</strong></span> <span class='ocrx_word' id='word_1_406' title='bbox 568 2124 648 2159; x_wconf 88' lang='lat' dir='ltr'><strong>eique</strong></span> <span class='ocrx_word' id='word_1_407' title='bbox 661 2132 718 2151; x_wconf 91' lang='lat' dir='ltr'><strong>rem</strong></span> <span class='ocrx_word' id='word_1_408' title='bbox 734 2132 841 2152; x_wconf 91' lang='lat' dir='ltr'><strong>omnem</strong></span> <span class='ocrx_word' id='word_1_409' title='bbox 856 2126 1000 2161; x_wconf 87' lang='lat' dir='ltr'><strong>aperiunt;</strong></span> 
     </span>
    </p>
   </div>
   <div class='ocr_carea' id='block_1_62' title="bbox 217 2170 1002 2208">
    <p class='ocr_par' dir='ltr' id='par_1_62' title="bbox 217 2170 1002 2208">
     <span class='ocr_line' id='line_1_62' title="bbox 217 2170 1002 2208; baseline -0.001 -8"><span class='ocrx_word' id='word_1_410' title='bbox 217 2175 352 2200; x_wconf 85' lang='lat' dir='ltr'><strong>noverant</strong></span> <span class='ocrx_word' id='word_1_411' title='bbox 379 2171 451 2198; x_wconf 82' lang='lat' dir='ltr'><strong>enim</strong></span> <span class='ocrx_word' id='word_1_412' title='bbox 476 2170 549 2198; x_wconf 92' lang='lat' dir='ltr'><strong>hunc</strong></span> <span class='ocrx_word' id='word_1_413' title='bbox 565 2170 638 2205; x_wconf 86' lang='lat' dir='ltr'><strong>apud</strong></span> <span class='ocrx_word' id='word_1_414' title='bbox 662 2170 852 2205; x_wconf 87' lang='lat' dir='ltr'><strong>imperatorem</strong></span> <span class='ocrx_word' id='word_1_415' title='bbox 872 2172 959 2208; x_wconf 78' lang='lat' dir='ltr'><strong>gratia</strong></span> <span class='ocrx_word' id='word_1_416' title='bbox 975 2176 1002 2201; x_wconf 88' lang='lat' dir='ltr'><strong>et</strong></span> 
     </span>
    </p>
   </div>
   <div class='ocr_carea' id='block_1_63' title="bbox 252 2259 571 2297">
    <p class='ocr_par' dir='ltr' id='par_1_63' title="bbox 252 2259 571 2297">
     <span class='ocr_line' id='line_1_63' title="bbox 252 2259 571 2297; baseline -0.009 -9"><span class='ocrx_word' id='word_1_417' title='bbox 252 2263 259 2278; x_wconf 84' lang='grc'>¹</span> <span class='ocrx_word' id='word_1_418' title='bbox 277 2261 308 2289; x_wconf 89' lang='lat' dir='ltr'><strong>F.</strong></span> <span class='ocrx_word' id='word_1_419' title='bbox 320 2260 418 2297; x_wconf 80' lang='grc' dir='ltr'>τούτῳ,</span> <span class='ocrx_word' id='word_1_420' title='bbox 432 2261 474 2288; x_wconf 90' lang='lat' dir='ltr'><strong>vel</strong></span> <span class='ocrx_word' id='word_1_421' title='bbox 488 2259 571 2295; x_wconf 81' lang='grc' dir='ltr'>αὐτῷ.</span> 
     </span>
    </p>
   </div>
   <div class='ocr_carea' id='block_1_64' title="bbox 1049 953 1844 992">
    <p class='ocr_par' dir='ltr' id='par_1_64' title="bbox 1049 953 1844 992">
     <span class='ocr_line' id='line_1_64' title="bbox 1049 953 1844 992; baseline -0.004 -9"><span class='ocrx_word' id='word_1_422' title='bbox 1049 956 1194 992; x_wconf 83' lang='grc' dir='ltr'>ειρημένου</span> <span class='ocrx_word' id='word_1_423' title='bbox 1218 955 1399 992; x_wconf 82' lang='grc' dir='ltr'>ὁμολογητοῦ,</span> <span class='ocrx_word' id='word_1_424' title='bbox 1424 955 1504 990; x_wconf 79' lang='grc' dir='ltr'>ζῆλον</span> <span class='ocrx_word' id='word_1_425' title='bbox 1527 954 1678 989; x_wconf 79' lang='grc' dir='ltr'>ἀνειληφὼς</span> <span class='ocrx_word' id='word_1_426' title='bbox 1702 953 1774 980; x_wconf 82' lang='grc' dir='ltr'>κατὰ</span> <span class='ocrx_word' id='word_1_427' title='bbox 1794 953 1844 980; x_wconf 72' lang='grc' dir='ltr'>τοῦ</span> 
     </span>
    </p>
   </div>
   <div class='ocr_carea' id='block_1_65' title="bbox 1049 998 1843 1036">
    <p class='ocr_par' dir='ltr' id='par_1_65' title="bbox 1049 998 1843 1036">
     <span class='ocr_line' id='line_1_65' title="bbox 1049 998 1843 1036; baseline -0.004 -9"><span class='ocrx_word' id='word_1_428' title='bbox 1049 1001 1198 1036; x_wconf 83' lang='grc' dir='ltr'>σχίσματος</span> <span class='ocrx_word' id='word_1_429' title='bbox 1221 1001 1270 1036; x_wconf 77' lang='grc' dir='ltr'>τῆς</span> <span class='ocrx_word' id='word_1_430' title='bbox 1299 1000 1474 1036; x_wconf 80' lang='grc' dir='ltr'>Ἐκκλησίας,</span> <span class='ocrx_word' id='word_1_431' title='bbox 1499 999 1587 1034; x_wconf 79' lang='grc' dir='ltr'>πάντη</span> <span class='ocrx_word' id='word_1_432' title='bbox 1614 999 1676 1030; x_wconf 79' lang='grc' dir='ltr'>τοὺς</span> <span class='ocrx_word' id='word_1_433' title='bbox 1700 998 1755 1033; x_wconf 71' lang='grc' dir='ltr'>ἰδίᾳ</span> <span class='ocrx_word' id='word_1_434' title='bbox 1780 1007 1843 1024; x_wconf 80' lang='grc' dir='ltr'>συν-</span> 
     </span>
    </p>
   </div>
   <div class='ocr_carea' id='block_1_66' title="bbox 1050 1042 1846 1079">
    <p class='ocr_par' dir='ltr' id='par_1_66' title="bbox 1050 1042 1846 1079">
     <span class='ocr_line' id='line_1_66' title="bbox 1050 1042 1846 1079; baseline -0.001 -9"><span class='ocrx_word' id='word_1_435' title='bbox 1050 1044 1175 1078; x_wconf 78' lang='grc' dir='ltr'>άγοντας,</span> <span class='ocrx_word' id='word_1_436' title='bbox 1202 1044 1254 1070; x_wconf 88' lang='grc' dir='ltr'><strong>ὐπδ</strong></span> <span class='ocrx_word' id='word_1_437' title='bbox 1280 1043 1308 1070; x_wconf 79' lang='grc' dir='ltr'><strong>δὲ</strong></span> <span class='ocrx_word' id='word_1_438' title='bbox 1329 1043 1464 1079; x_wconf 82' lang='grc' dir='ltr'>Μελητίου</span> <span class='ocrx_word' id='word_1_439' title='bbox 1491 1043 1733 1077; x_wconf 76' lang='grc' dir='ltr'><strong>καταλειφθέντας,</strong></span> <span class='ocrx_word' id='word_1_440' title='bbox 1754 1042 1846 1070; x_wconf 72' lang='grc' dir='ltr'>ἐδόκει</span> 
     </span>
    </p>
   </div>
   <div class='ocr_carea' id='block_1_67' title="bbox 1047 1087 1846 1123">
    <p class='ocr_par' dir='ltr' id='par_1_67' title="bbox 1047 1087 1846 1123">
     <span class='ocr_line' id='line_1_67' title="bbox 1047 1087 1846 1123; baseline -0.001 -10"><span class='ocrx_word' id='word_1_441' title='bbox 1047 1087 1194 1122; x_wconf 77' lang='grc' dir='ltr'><strong>ταράσσειν</strong></span> <span class='ocrx_word' id='word_1_442' title='bbox 1212 1095 1242 1113; x_wconf 85' lang='grc' dir='ltr'><strong>τε</strong></span> <span class='ocrx_word' id='word_1_443' title='bbox 1263 1087 1311 1114; x_wconf 76' lang='grc' dir='ltr'>καὶ</span> <span class='ocrx_word' id='word_1_444' title='bbox 1332 1087 1466 1122; x_wconf 81' lang='grc' dir='ltr'><strong>συνέχειν,</strong></span> <span class='ocrx_word' id='word_1_445' title='bbox 1489 1087 1630 1122; x_wconf 82' lang='grc' dir='ltr'>βιάζεσθαί</span> <span class='ocrx_word' id='word_1_446' title='bbox 1649 1095 1690 1119; x_wconf 83' lang='grc' dir='ltr'>τε,</span> <span class='ocrx_word' id='word_1_447' title='bbox 1709 1087 1784 1118; x_wconf 81' lang='grc' dir='ltr'>ὅπως</span> <span class='ocrx_word' id='word_1_448' title='bbox 1803 1089 1846 1123; x_wconf 75' lang='grc' dir='ltr'><strong>μὴ</strong></span> 
     </span>
    </p>
   </div>
   <div class='ocr_carea' id='block_1_68' title="bbox 1049 1132 1841 1168">
    <p class='ocr_par' dir='ltr' id='par_1_68' title="bbox 1049 1132 1841 1168">
     <span class='ocr_line' id='line_1_68' title="bbox 1049 1132 1841 1168; baseline 0 -10"><span class='ocrx_word' id='word_1_449' title='bbox 1049 1132 1218 1167; x_wconf 82' lang='grc' dir='ltr'>ἀφηνιάσωσι</span> <span class='ocrx_word' id='word_1_450' title='bbox 1232 1132 1281 1168; x_wconf 86' lang='grc' dir='ltr'><strong>τῆς</strong></span> <span class='ocrx_word' id='word_1_451' title='bbox 1298 1133 1363 1167; x_wconf 77' lang='grc' dir='ltr'>μιᾶς</span> <span class='ocrx_word' id='word_1_452' title='bbox 1380 1132 1552 1168; x_wconf 84' lang='grc' dir='ltr'>Ἐκκλησίας.</span> <span class='ocrx_word' id='word_1_453' title='bbox 1570 1132 1603 1159; x_wconf 84' lang='grc' dir='ltr'><strong>Οἱ</strong></span> <span class='ocrx_word' id='word_1_454' title='bbox 1616 1132 1644 1159; x_wconf 85' lang='grc' dir='ltr'><strong>δὲ</strong></span> <span class='ocrx_word' id='word_1_455' title='bbox 1655 1134 1692 1168; x_wconf 75' lang='grc' dir='ltr'><strong>μὴ</strong></span> <span class='ocrx_word' id='word_1_456' title='bbox 1708 1132 1841 1167; x_wconf 78' lang='grc' dir='ltr'>βουλόμε-</span> 
     </span>
    </p>
   </div>
   <div class='ocr_carea' id='block_1_69' title="bbox 1049 1178 1846 1214">
    <p class='ocr_par' dir='ltr' id='par_1_69' title="bbox 1049 1178 1846 1214">
     <span class='ocr_line' id='line_1_69' title="bbox 1049 1178 1846 1214; baseline 0 -10"><span class='ocrx_word' id='word_1_457' title='bbox 1049 1187 1089 1205; x_wconf 93' lang='grc' dir='ltr'><strong>νοι</strong></span> <span class='ocrx_word' id='word_1_458' title='bbox 1109 1178 1271 1214; x_wconf 75' lang='grc' dir='ltr'>ἐτάραττον,</span> <span class='ocrx_word' id='word_1_459' title='bbox 1296 1179 1344 1205; x_wconf 74' lang='grc' dir='ltr'>καὶ</span> <span class='ocrx_word' id='word_1_460' title='bbox 1365 1178 1487 1214; x_wconf 83' lang='grc' dir='ltr'>ταραχὰς</span> <span class='ocrx_word' id='word_1_461' title='bbox 1510 1179 1654 1214; x_wconf 77' lang='grc' dir='ltr'>ἐνήργουν.</span> <span class='ocrx_word' id='word_1_462' title='bbox 1672 1178 1721 1205; x_wconf 84' lang='grc' dir='ltr'>Ἐκ</span> <span class='ocrx_word' id='word_1_463' title='bbox 1743 1178 1846 1205; x_wconf 74' lang='grc' dir='ltr'>τούτου</span> 
     </span>
    </p>
   </div>
   <div class='ocr_carea' id='block_1_70' title="bbox 1049 1223 1845 1259">
    <p class='ocr_par' dir='ltr' id='par_1_70' title="bbox 1049 1223 1845 1259">
     <span class='ocr_line' id='line_1_70' title="bbox 1049 1223 1845 1259; baseline -0.001 -9"><span class='ocrx_word' id='word_1_464' title='bbox 1049 1223 1206 1259; x_wconf 84' lang='grc' dir='ltr'><strong>πιεζόμενοι</strong></span> <span class='ocrx_word' id='word_1_465' title='bbox 1220 1223 1267 1251; x_wconf 76' lang='grc' dir='ltr'>καὶ</span> <span class='ocrx_word' id='word_1_466' title='bbox 1283 1225 1457 1259; x_wconf 81' lang='grc' dir='ltr'><strong>συνεχόμενοι</strong></span> <span class='ocrx_word' id='word_1_467' title='bbox 1477 1224 1529 1250; x_wconf 82' lang='grc' dir='ltr'>ὑπὸ</span> <span class='ocrx_word' id='word_1_468' title='bbox 1544 1223 1591 1250; x_wconf 82' lang='grc' dir='ltr'>τοῦ</span> <span class='ocrx_word' id='word_1_469' title='bbox 1612 1223 1749 1259; x_wconf 76' lang='grc' dir='ltr'><strong>μακαρίου</strong></span> <span class='ocrx_word' id='word_1_470' title='bbox 1763 1224 1845 1250; x_wconf 73' lang='grc' dir='ltr'>Ἀλε-</span> 
     </span>
    </p>
   </div>
   <div class='ocr_carea' id='block_1_71' title="bbox 1050 1268 1846 1305">
    <p class='ocr_par' dir='ltr' id='par_1_71' title="bbox 1050 1268 1846 1305">
     <span class='ocr_line' id='line_1_71' title="bbox 1050 1268 1846 1305; baseline -0.003 -9"><span class='ocrx_word' id='word_1_471' title='bbox 1050 1269 1174 1305; x_wconf 78' lang='grc' dir='ltr'>ξάνδρου,</span> <span class='ocrx_word' id='word_1_472' title='bbox 1189 1269 1358 1305; x_wconf 78' lang='grc' dir='ltr'>ἐπιχειροῦσί</span> <span class='ocrx_word' id='word_1_473' title='bbox 1377 1278 1450 1300; x_wconf 85' lang='grc' dir='ltr'>τινες</span> <span class='ocrx_word' id='word_1_474' title='bbox 1464 1269 1493 1302; x_wconf 68' lang='grc' dir='ltr'><strong>ἐξ</strong></span> <span class='ocrx_word' id='word_1_475' title='bbox 1508 1268 1598 1296; x_wconf 80' lang='grc' dir='ltr'>αὐτῶν</span> <span class='ocrx_word' id='word_1_476' title='bbox 1612 1269 1773 1304; x_wconf 81' lang='grc' dir='ltr'>ἀκρέμονες.</span> <span class='ocrx_word' id='word_1_477' title='bbox 1793 1269 1846 1295; x_wconf 73' lang='grc' dir='ltr'>καὶ</span> 
     </span>
    </p>
   </div>
   <div class='ocr_carea' id='block_1_72' title="bbox 1050 1313 1845 1350">
    <p class='ocr_par' dir='ltr' id='par_1_72' title="bbox 1050 1313 1845 1350">
     <span class='ocr_line' id='line_1_72' title="bbox 1050 1313 1845 1350; baseline -0.001 -10"><span class='ocrx_word' id='word_1_478' title='bbox 1050 1315 1083 1341; x_wconf 76' lang='grc' dir='ltr'><strong>τὰ</strong></span> <span class='ocrx_word' id='word_1_479' title='bbox 1099 1315 1219 1349; x_wconf 80' lang='grc' dir='ltr'>πρωτεῖα</span> <span class='ocrx_word' id='word_1_480' title='bbox 1232 1314 1432 1350; x_wconf 73' lang='grc' dir='ltr'>ἀποφερόμενοι</span> <span class='ocrx_word' id='word_1_481' title='bbox 1446 1313 1474 1340; x_wconf 74' lang='grc' dir='ltr'>ἐν</span> <span class='ocrx_word' id='word_1_482' title='bbox 1489 1323 1520 1340; x_wconf 87' lang='grc' dir='ltr'><strong>τε</strong></span> <span class='ocrx_word' id='word_1_483' title='bbox 1533 1313 1659 1349; x_wconf 80' lang='grc' dir='ltr'>εὐσεϐείᾳ</span> <span class='ocrx_word' id='word_1_484' title='bbox 1672 1313 1718 1339; x_wconf 75' lang='grc' dir='ltr'><strong>καὶ</strong></span> <span class='ocrx_word' id='word_1_485' title='bbox 1735 1315 1763 1339; x_wconf 81' lang='grc' dir='ltr'>ὲν</span> <span class='ocrx_word' id='word_1_486' title='bbox 1779 1313 1845 1348; x_wconf 79' lang='grc' dir='ltr'>βίῳ,</span> 
     </span>
    </p>
   </div>
   <div class='ocr_carea' id='block_1_73' title="bbox 1050 1358 1844 1396">
    <p class='ocr_par' dir='ltr' id='par_1_73' title="bbox 1050 1358 1844 1396">
     <span class='ocr_line' id='line_1_73' title="bbox 1050 1358 1844 1396; baseline -0.003 -10"><span class='ocrx_word' id='word_1_487' title='bbox 1050 1360 1096 1386; x_wconf 78' lang='grc' dir='ltr'><strong>καὶ</strong></span> <span class='ocrx_word' id='word_1_488' title='bbox 1112 1360 1264 1387; x_wconf 86' lang='grc' dir='ltr'>στέλλονται</span> <span class='ocrx_word' id='word_1_489' title='bbox 1276 1360 1321 1386; x_wconf 75' lang='grc' dir='ltr'><strong>ἐπὶ</strong></span> <span class='ocrx_word' id='word_1_490' title='bbox 1333 1360 1365 1387; x_wconf 85' lang='grc' dir='ltr'>τὸ</span> <span class='ocrx_word' id='word_1_491' title='bbox 1379 1361 1532 1396; x_wconf 77' lang='grc' dir='ltr'>κομητᾶτον</span> <span class='ocrx_word' id='word_1_492' title='bbox 1549 1359 1674 1394; x_wconf 71' lang='grc' dir='ltr'>ἐντυχίας</span> <span class='ocrx_word' id='word_1_493' title='bbox 1688 1359 1780 1390; x_wconf 77' lang='grc' dir='ltr'>ἕνεκα,</span> <span class='ocrx_word' id='word_1_494' title='bbox 1793 1358 1844 1384; x_wconf 74' lang='grc' dir='ltr'><strong>τοῦ</strong></span> 
     </span>
    </p>
   </div>
   <div class='ocr_carea' id='block_1_74' title="bbox 1050 1403 1845 1441">
    <p class='ocr_par' dir='ltr' id='par_1_74' title="bbox 1050 1403 1845 1441">
     <span class='ocr_line' id='line_1_74' title="bbox 1050 1403 1845 1441; baseline -0.004 -9"><span class='ocrx_word' id='word_1_495' title='bbox 1050 1406 1178 1441; x_wconf 72' lang='grc' dir='ltr'>ἐντυχεῖν,</span> <span class='ocrx_word' id='word_1_496' title='bbox 1201 1405 1248 1432; x_wconf 72' lang='grc' dir='ltr'>καὶ</span> <span class='ocrx_word' id='word_1_497' title='bbox 1273 1405 1400 1440; x_wconf 82' lang='grc' dir='ltr'>ἀνεθῆναι</span> <span class='ocrx_word' id='word_1_498' title='bbox 1423 1404 1469 1432; x_wconf 81' lang='grc' dir='ltr'>τοῦ</span> <span class='ocrx_word' id='word_1_499' title='bbox 1498 1405 1627 1439; x_wconf 79' lang='grc' dir='ltr'>συνάγειν</span> <span class='ocrx_word' id='word_1_500' title='bbox 1652 1404 1714 1439; x_wconf 75' lang='grc' dir='ltr'>ἰδίᾳ,</span> <span class='ocrx_word' id='word_1_501' title='bbox 1738 1403 1783 1430; x_wconf 79' lang='grc' dir='ltr'>καὶ</span> <span class='ocrx_word' id='word_1_502' title='bbox 1803 1404 1845 1439; x_wconf 77' lang='grc' dir='ltr'><strong>μὴ</strong></span> 
     </span>
    </p>
   </div>
   <div class='ocr_carea' id='block_1_75' title="bbox 1050 1449 1845 1486">
    <p class='ocr_par' dir='ltr' id='par_1_75' title="bbox 1050 1449 1845 1486">
     <span class='ocr_line' id='line_1_75' title="bbox 1050 1449 1845 1486; baseline -0.004 -8"><span class='ocrx_word' id='word_1_503' title='bbox 1050 1451 1212 1478; x_wconf 80' lang='grc' dir='ltr'>κωλύεσθαι.</span> <span class='ocrx_word' id='word_1_504' title='bbox 1235 1449 1289 1479; x_wconf 85' lang='grc' dir='ltr'>Ἦν</span> <span class='ocrx_word' id='word_1_505' title='bbox 1310 1451 1339 1478; x_wconf 81' lang='grc' dir='ltr'><strong>δὲ</strong></span> <span class='ocrx_word' id='word_1_506' title='bbox 1358 1451 1592 1486; x_wconf 79' lang='grc' dir='ltr'>Παφνούτιός(58)</span> <span class='ocrx_word' id='word_1_507' title='bbox 1607 1459 1649 1481; x_wconf 85' lang='grc' dir='ltr'><strong>τις</strong></span> <span class='ocrx_word' id='word_1_508' title='bbox 1671 1449 1758 1485; x_wconf 80' lang='grc' dir='ltr'><strong>μέγας</strong></span> <span class='ocrx_word' id='word_1_509' title='bbox 1770 1449 1845 1484; x_wconf 81' lang='grc' dir='ltr'>ἀνὴρ</span> 
     </span>
    </p>
   </div>
   <div class='ocr_carea' id='block_1_76' title="bbox 1050 1494 1844 1532">
    <p class='ocr_par' dir='ltr' id='par_1_76' title="bbox 1050 1494 1844 1532">
     <span class='ocr_line' id='line_1_76' title="bbox 1050 1494 1844 1532; baseline -0.004 -9"><span class='ocrx_word' id='word_1_510' title='bbox 1050 1496 1237 1532; x_wconf 83' lang='grc' dir='ltr'>ἀναχωρητὴς,</span> <span class='ocrx_word' id='word_1_511' title='bbox 1252 1497 1299 1524; x_wconf 78' lang='grc' dir='ltr'>καὶ</span> <span class='ocrx_word' id='word_1_512' title='bbox 1311 1497 1390 1528; x_wconf 75' lang='grc' dir='ltr'>αὐτὸς</span> <span class='ocrx_word' id='word_1_513' title='bbox 1404 1496 1461 1528; x_wconf 77' lang='grc' dir='ltr'>υἱὸς</span> <span class='ocrx_word' id='word_1_514' title='bbox 1473 1495 1669 1531; x_wconf 84' lang='grc' dir='ltr'>ὁμολογητρίας</span> <span class='ocrx_word' id='word_1_515' title='bbox 1685 1494 1844 1529; x_wconf 75' lang='grc' dir='ltr'>τυγχάνων,</span> 
     </span>
    </p>
   </div>
   <div class='ocr_carea' id='block_1_77' title="bbox 1051 1539 1845 1577">
    <p class='ocr_par' dir='ltr' id='par_1_77' title="bbox 1051 1539 1845 1577">
     <span class='ocr_line' id='line_1_77' title="bbox 1051 1539 1845 1577; baseline -0.006 -8"><span class='ocrx_word' id='word_1_516' title='bbox 1051 1541 1245 1577; x_wconf 70' lang='grc' dir='ltr'>παραψάμενος</span> <span class='ocrx_word' id='word_1_517' title='bbox 1261 1542 1308 1569; x_wconf 76' lang='grc' dir='ltr'>καὶ</span> <span class='ocrx_word' id='word_1_518' title='bbox 1323 1541 1403 1574; x_wconf 72' lang='grc' dir='ltr'>αὐτὸς</span> <span class='ocrx_word' id='word_1_519' title='bbox 1414 1541 1504 1572; x_wconf 74' lang='grc' dir='ltr'>ποσῶς</span> <span class='ocrx_word' id='word_1_520' title='bbox 1514 1541 1561 1576; x_wconf 84' lang='grc' dir='ltr'>τῆς</span> <span class='ocrx_word' id='word_1_521' title='bbox 1576 1539 1734 1576; x_wconf 80' lang='grc' dir='ltr'>ὁμολογίας,</span> <span class='ocrx_word' id='word_1_522' title='bbox 1749 1539 1845 1565; x_wconf 74' lang='grc' dir='ltr'><strong>Ἰωάν-</strong></span> 
     </span>
    </p>
   </div>
   <div class='ocr_carea' id='block_1_78' title="bbox 1053 1585 1844 1623">
    <p class='ocr_par' dir='ltr' id='par_1_78' title="bbox 1053 1585 1844 1623">
     <span class='ocr_line' id='line_1_78' title="bbox 1053 1585 1844 1623; baseline -0.005 -9"><span class='ocrx_word' id='word_1_523' title='bbox 1053 1596 1101 1623; x_wconf 85' lang='grc' dir='ltr'><strong>νης</strong></span> <span class='ocrx_word' id='word_1_524' title='bbox 1115 1596 1145 1614; x_wconf 90' lang='grc' dir='ltr'><strong>τε</strong></span> <span class='ocrx_word' id='word_1_525' title='bbox 1160 1588 1307 1619; x_wconf 76' lang='grc' dir='ltr'>ἐπίσκοπος</span> <span class='ocrx_word' id='word_1_526' title='bbox 1320 1587 1374 1614; x_wconf 83' lang='grc' dir='ltr'>τῶν</span> <span class='ocrx_word' id='word_1_527' title='bbox 1388 1587 1488 1619; x_wconf 80' lang='grc' dir='ltr'>αὐτῶν,</span> <span class='ocrx_word' id='word_1_528' title='bbox 1503 1587 1573 1622; x_wconf 81' lang='grc' dir='ltr'>ἀνὴρ</span> <span class='ocrx_word' id='word_1_529' title='bbox 1586 1587 1632 1613; x_wconf 71' lang='grc' dir='ltr'>καὶ</span> <span class='ocrx_word' id='word_1_530' title='bbox 1649 1585 1730 1617; x_wconf 70' lang='grc' dir='ltr'>αὐτὸς</span> <span class='ocrx_word' id='word_1_531' title='bbox 1741 1585 1844 1620; x_wconf 81' lang='grc' dir='ltr'><strong>τιμιώ-</strong></span> 
     </span>
    </p>
   </div>
   <div class='ocr_carea' id='block_1_79' title="bbox 1051 1630 1845 1667">
    <p class='ocr_par' dir='ltr' id='par_1_79' title="bbox 1051 1630 1845 1667">
     <span class='ocr_line' id='line_1_79' title="bbox 1051 1630 1845 1667; baseline -0.003 -9"><span class='ocrx_word' id='word_1_532' title='bbox 1051 1640 1142 1664; x_wconf 80' lang='grc' dir='ltr'>τατος,</span> <span class='ocrx_word' id='word_1_533' title='bbox 1157 1631 1318 1663; x_wconf 76' lang='grc' dir='ltr'>Καλλίνικος</span> <span class='ocrx_word' id='word_1_534' title='bbox 1331 1640 1359 1658; x_wconf 84' lang='grc' dir='ltr'><strong>τε</strong></span> <span class='ocrx_word' id='word_1_535' title='bbox 1378 1632 1392 1658; x_wconf 83' lang='grc' dir='ltr'><strong>ό</strong></span> <span class='ocrx_word' id='word_1_536' title='bbox 1408 1633 1437 1658; x_wconf 82' lang='grc' dir='ltr'>ὲν</span> <span class='ocrx_word' id='word_1_537' title='bbox 1453 1631 1595 1667; x_wconf 83' lang='grc' dir='ltr'>Πηλουσίῳ</span> <span class='ocrx_word' id='word_1_538' title='bbox 1612 1630 1772 1662; x_wconf 78' lang='grc' dir='ltr'>ἐπίσκοπος,</span> <span class='ocrx_word' id='word_1_539' title='bbox 1791 1631 1845 1657; x_wconf 66' lang='grc' dir='ltr'><strong>καὶ</strong></span> 
     </span>
    </p>
   </div>
   <div class='ocr_carea' id='block_1_80' title="bbox 1052 1675 1844 1713">
    <p class='ocr_par' dir='ltr' id='par_1_80' title="bbox 1052 1675 1844 1713">
     <span class='ocr_line' id='line_1_80' title="bbox 1052 1675 1844 1713; baseline -0.004 -9"><span class='ocrx_word' id='word_1_540' title='bbox 1052 1677 1124 1704; x_wconf 76' lang='grc' dir='ltr'>ἄλλοι</span> <span class='ocrx_word' id='word_1_541' title='bbox 1135 1677 1206 1709; x_wconf 82' lang='grc' dir='ltr'>τινὲς</span> <span class='ocrx_word' id='word_1_542' title='bbox 1220 1678 1242 1704; x_wconf 83' lang='grc' dir='ltr'>οἱ</span> <span class='ocrx_word' id='word_1_543' title='bbox 1255 1677 1333 1704; x_wconf 84' lang='grc' dir='ltr'>τοῦτο</span> <span class='ocrx_word' id='word_1_544' title='bbox 1348 1677 1538 1713; x_wconf 49' lang='grc' dir='ltr'>ποιησάμενος</span> <span class='ocrx_word' id='word_1_545' title='bbox 1554 1677 1662 1707; x_wconf 75' lang='grc' dir='ltr'>οἵτινες,</span> <span class='ocrx_word' id='word_1_546' title='bbox 1676 1675 1844 1707; x_wconf 72' lang='grc' dir='ltr'>ἀπελθόντες</span> 
     </span>
    </p>
   </div>
   <div class='ocr_carea' id='block_1_81' title="bbox 1051 1720 1843 1758">
    <p class='ocr_par' dir='ltr' id='par_1_81' title="bbox 1051 1720 1843 1758">
     <span class='ocr_line' id='line_1_81' title="bbox 1051 1720 1843 1758; baseline -0.005 -8"><span class='ocrx_word' id='word_1_547' title='bbox 1051 1723 1099 1750; x_wconf 78' lang='grc' dir='ltr'>καὶ</span> <span class='ocrx_word' id='word_1_548' title='bbox 1111 1723 1265 1758; x_wconf 78' lang='grc' dir='ltr'>ἐντυχόντες</span> <span class='ocrx_word' id='word_1_549' title='bbox 1284 1722 1323 1758; x_wconf 84' lang='grc' dir='ltr'>τῷ</span> <span class='ocrx_word' id='word_1_550' title='bbox 1343 1722 1447 1757; x_wconf 76' lang='grc' dir='ltr'>βασιλεῖ</span> <span class='ocrx_word' id='word_1_551' title='bbox 1466 1722 1658 1757; x_wconf 78' lang='grc' dir='ltr'>ἀπετρέποντο,</span> <span class='ocrx_word' id='word_1_552' title='bbox 1672 1721 1718 1747; x_wconf 74' lang='grc' dir='ltr'>καὶ</span> <span class='ocrx_word' id='word_1_553' title='bbox 1730 1720 1843 1753; x_wconf 69' lang='grc' dir='ltr'><strong>ἐξεϐάλ-</strong></span> 
     </span>
    </p>
   </div>
   <div class='ocr_carea' id='block_1_82' title="bbox 1050 1766 1842 1803">
    <p class='ocr_par' dir='ltr' id='par_1_82' title="bbox 1050 1766 1842 1803">
     <span class='ocr_line' id='line_1_82' title="bbox 1050 1766 1842 1803; baseline -0.006 -7"><span class='ocrx_word' id='word_1_554' title='bbox 1050 1768 1135 1796; x_wconf 85' lang='grc' dir='ltr'>λοντο.</span> <span class='ocrx_word' id='word_1_555' title='bbox 1146 1769 1177 1796; x_wconf 80' lang='lat' dir='ltr'><strong>Ol.</strong></span> <span class='ocrx_word' id='word_1_556' title='bbox 1190 1768 1243 1803; x_wconf 86' lang='grc' dir='ltr'>γὰρ</span> <span class='ocrx_word' id='word_1_557' title='bbox 1255 1769 1284 1795; x_wconf 79' lang='grc' dir='ltr'>ὲν</span> <span class='ocrx_word' id='word_1_558' title='bbox 1298 1768 1336 1803; x_wconf 87' lang='grc' dir='ltr'>τῷ</span> <span class='ocrx_word' id='word_1_559' title='bbox 1350 1767 1474 1803; x_wconf 84' lang='grc' dir='ltr'>παλατίῳ</span> <span class='ocrx_word' id='word_1_560' title='bbox 1487 1767 1651 1799; x_wconf 79' lang='grc' dir='ltr'>ἀκούσαντες</span> <span class='ocrx_word' id='word_1_561' title='bbox 1661 1766 1842 1800; x_wconf 78' lang='grc' dir='ltr'>Μελητιανῶν</span> 
     </span>
    </p>
   </div>
   <div class='ocr_carea' id='block_1_83' title="bbox 1051 1813 1841 1850">
    <p class='ocr_par' dir='ltr' id='par_1_83' title="bbox 1051 1813 1841 1850">
     <span class='ocr_line' id='line_1_83' title="bbox 1051 1813 1841 1850; baseline -0.003 -10"><span class='ocrx_word' id='word_1_562' title='bbox 1051 1814 1145 1850; x_wconf 76' lang='grc' dir='ltr'>ὄνομα,</span> <span class='ocrx_word' id='word_1_563' title='bbox 1161 1814 1208 1842; x_wconf 80' lang='grc' dir='ltr'>καὶ</span> <span class='ocrx_word' id='word_1_564' title='bbox 1222 1814 1381 1848; x_wconf 78' lang='grc' dir='ltr'>ἀγνοοῦντες</span> <span class='ocrx_word' id='word_1_565' title='bbox 1395 1814 1420 1840; x_wconf 86' lang='grc' dir='ltr'><strong>τί</strong></span> <span class='ocrx_word' id='word_1_566' title='bbox 1437 1813 1470 1841; x_wconf 80' lang='grc' dir='ltr'>ἂν</span> <span class='ocrx_word' id='word_1_567' title='bbox 1484 1814 1530 1849; x_wconf 78' lang='grc' dir='ltr'>εἴη</span> <span class='ocrx_word' id='word_1_568' title='bbox 1543 1813 1574 1839; x_wconf 78' lang='grc' dir='ltr'><strong>τὺ</strong></span> <span class='ocrx_word' id='word_1_569' title='bbox 1589 1813 1719 1843; x_wconf 81' lang='grc' dir='ltr'>τοιοῦτον,</span> <span class='ocrx_word' id='word_1_570' title='bbox 1731 1813 1762 1838; x_wconf 79' lang='grc' dir='ltr'>οὐ</span> <span class='ocrx_word' id='word_1_571' title='bbox 1782 1821 1841 1838; x_wconf 71' lang='grc' dir='ltr'>συν-</span> 
     </span>
    </p>
   </div>
   <div class='ocr_carea' id='block_1_84' title="bbox 1051 1859 1592 1896">
    <p class='ocr_par' dir='ltr' id='par_1_84' title="bbox 1051 1859 1592 1896">
     <span class='ocr_line' id='line_1_84' title="bbox 1051 1859 1592 1896; baseline -0.002 -10"><span class='ocrx_word' id='word_1_572' title='bbox 1051 1859 1169 1896; x_wconf 87' lang='grc' dir='ltr'>εχώρουν</span> <span class='ocrx_word' id='word_1_573' title='bbox 1183 1860 1274 1892; x_wconf 77' lang='grc' dir='ltr'>αὐτοῖς</span> <span class='ocrx_word' id='word_1_574' title='bbox 1291 1859 1411 1895; x_wconf 78' lang='grc' dir='ltr'>ἐντυχεῖν</span> <span class='ocrx_word' id='word_1_575' title='bbox 1425 1859 1464 1895; x_wconf 81' lang='grc' dir='ltr'>τῷ</span> <span class='ocrx_word' id='word_1_576' title='bbox 1479 1859 1592 1894; x_wconf 83' lang='grc' dir='ltr'>βασιλεῖ.</span> 
     </span>
    </p>
   </div>
   <div class='ocr_carea' id='block_1_85' title="bbox 1087 1986 1840 2025">
    <p class='ocr_par' dir='ltr' id='par_1_85' title="bbox 1087 1986 1840 2025">
     <span class='ocr_line' id='line_1_85' title="bbox 1087 1986 1840 2025; baseline -0.008 -8"><span class='ocrx_word' id='word_1_577' title='bbox 1087 1991 1132 2024; x_wconf 63' lang='grc' dir='ltr'><strong>(τ’.</strong></span> <span class='ocrx_word' id='word_1_578' title='bbox 1153 1990 1207 2017; x_wconf 74' lang='grc' dir='ltr'><strong>Καὶ</strong></span> <span class='ocrx_word' id='word_1_579' title='bbox 1226 1990 1254 2016; x_wconf 82' lang='grc' dir='ltr'>ἐν</span> <span class='ocrx_word' id='word_1_580' title='bbox 1266 1989 1353 2025; x_wconf 82' lang='grc' dir='ltr'>τούτῳ</span> <span class='ocrx_word' id='word_1_581' title='bbox 1371 1989 1527 2025; x_wconf 78' lang='grc' dir='ltr'>συμϐέϐηκε</span> <span class='ocrx_word' id='word_1_582' title='bbox 1544 1986 1753 2023; x_wconf 76' lang='grc' dir='ltr'>χρονοτριϐῆσαι</span> <span class='ocrx_word' id='word_1_583' title='bbox 1775 1986 1840 2018; x_wconf 77' lang='grc' dir='ltr'>τοὺς</span> 
     </span>
    </p>
   </div>
   <div class='ocr_carea' id='block_1_86' title="bbox 1051 2034 1841 2073">
    <p class='ocr_par' dir='ltr' id='par_1_86' title="bbox 1051 2034 1841 2073">
     <span class='ocr_line' id='line_1_86' title="bbox 1051 2034 1841 2073; baseline -0.001 -11"><span class='ocrx_word' id='word_1_584' title='bbox 1051 2036 1115 2071; x_wconf 77' lang='grc' dir='ltr'>περὶ</span> <span class='ocrx_word' id='word_1_585' title='bbox 1127 2036 1305 2071; x_wconf 81' lang='grc' dir='ltr'>Παφνούτιον,</span> <span class='ocrx_word' id='word_1_586' title='bbox 1329 2037 1375 2064; x_wconf 81' lang='grc' dir='ltr'>καὶ</span> <span class='ocrx_word' id='word_1_587' title='bbox 1397 2037 1533 2073; x_wconf 77' lang='grc' dir='ltr'>Ἰωάννην,</span> <span class='ocrx_word' id='word_1_588' title='bbox 1546 2036 1592 2064; x_wconf 66' lang='grc' dir='ltr'>καὶ</span> <span class='ocrx_word' id='word_1_589' title='bbox 1612 2035 1722 2066; x_wconf 74' lang='grc' dir='ltr'>λοιποὺς</span> <span class='ocrx_word' id='word_1_590' title='bbox 1737 2035 1784 2062; x_wconf 73' lang='grc' dir='ltr'><strong>ἐπὶ</strong></span> <span class='ocrx_word' id='word_1_591' title='bbox 1803 2034 1841 2061; x_wconf 76' lang='grc' dir='ltr'>τὰ</span> 
     </span>
    </p>
   </div>
   <div class='ocr_carea' id='block_1_87' title="bbox 1054 2081 1838 2117">
    <p class='ocr_par' dir='ltr' id='par_1_87' title="bbox 1054 2081 1838 2117">
     <span class='ocr_line' id='line_1_87' title="bbox 1054 2081 1838 2117; baseline -0.004 -8"><span class='ocrx_word' id='word_1_592' title='bbox 1054 2081 1125 2117; x_wconf 75' lang='grc' dir='ltr'>μέρη</span> <span class='ocrx_word' id='word_1_593' title='bbox 1148 2082 1198 2117; x_wconf 85' lang='grc' dir='ltr'>τῆς</span> <span class='ocrx_word' id='word_1_594' title='bbox 1227 2083 1538 2114; x_wconf 72' lang='grc' dir='ltr'>Κωνσταντινουπόλεως</span> <span class='ocrx_word' id='word_1_595' title='bbox 1569 2083 1616 2109; x_wconf 76' lang='grc' dir='ltr'>καὶ</span> <span class='ocrx_word' id='word_1_596' title='bbox 1642 2081 1838 2116; x_wconf 83' lang='grc' dir='ltr'>Νικομηδείας.</span> 
     </span>
    </p>
   </div>
   <div class='ocr_carea' id='block_1_88' title="bbox 1051 2127 1841 2164">
    <p class='ocr_par' dir='ltr' id='par_1_88' title="bbox 1051 2127 1841 2164">
     <span class='ocr_line' id='line_1_88' title="bbox 1051 2127 1841 2164; baseline -0.001 -11"><span class='ocrx_word' id='word_1_597' title='bbox 1051 2127 1118 2153; x_wconf 88' lang='grc' dir='ltr'>Τότε</span> <span class='ocrx_word' id='word_1_598' title='bbox 1131 2127 1160 2154; x_wconf 86' lang='grc' dir='ltr'><strong>δὲ</strong></span> <span class='ocrx_word' id='word_1_599' title='bbox 1176 2127 1325 2162; x_wconf 80' lang='grc' dir='ltr'>φιλιοῦνται</span> <span class='ocrx_word' id='word_1_600' title='bbox 1347 2129 1487 2164; x_wconf 78' lang='grc' dir='ltr'>ὲπισκόπῳ</span> <span class='ocrx_word' id='word_1_601' title='bbox 1506 2128 1688 2164; x_wconf 79' lang='grc' dir='ltr'>Νικομηδείας</span> <span class='ocrx_word' id='word_1_602' title='bbox 1701 2127 1740 2162; x_wconf 82' lang='grc' dir='ltr'><strong>τῷ</strong></span> <span class='ocrx_word' id='word_1_603' title='bbox 1756 2127 1841 2153; x_wconf 78' lang='grc' dir='ltr'>Εὐσε-</span> 
     </span>
    </p>
   </div>
   <div class='ocr_carea' id='block_1_89' title="bbox 1052 2172 1840 2212">
    <p class='ocr_par' dir='ltr' id='par_1_89' title="bbox 1052 2172 1840 2212">
     <span class='ocr_line' id='line_1_89' title="bbox 1052 2172 1840 2212; baseline -0.004 -10"><span class='ocrx_word' id='word_1_604' title='bbox 1052 2175 1113 2211; x_wconf 66' lang='grc' dir='ltr'><strong>ϐίῳ,</strong></span> <span class='ocrx_word' id='word_1_605' title='bbox 1127 2176 1173 2203; x_wconf 74' lang='grc' dir='ltr'>καὶ</span> <span class='ocrx_word' id='word_1_606' title='bbox 1189 2175 1368 2212; x_wconf 78' lang='grc' dir='ltr'>ἀναφέρουσιν</span> <span class='ocrx_word' id='word_1_607' title='bbox 1381 2175 1456 2211; x_wconf 79' lang='grc' dir='ltr'><strong>αὐτῷ</strong></span> <span class='ocrx_word' id='word_1_608' title='bbox 1468 2175 1502 2202; x_wconf 75' lang='grc' dir='ltr'>τὰ</span> <span class='ocrx_word' id='word_1_609' title='bbox 1521 2174 1591 2202; x_wconf 69' lang='grc' dir='ltr'>κατὰ</span> <span class='ocrx_word' id='word_1_610' title='bbox 1609 2174 1657 2210; x_wconf 76' lang='grc' dir='ltr'>τὴν</span> <span class='ocrx_word' id='word_1_611' title='bbox 1673 2173 1758 2209; x_wconf 68' lang='grc' dir='ltr'>αὐτὴν</span> <span class='ocrx_word' id='word_1_612' title='bbox 1775 2172 1840 2199; x_wconf 82' lang='grc' dir='ltr'><strong>ὑπό-</strong></span> 
     </span>
    </p>
   </div>
   <div class='ocr_carea' id='block_1_90' title="bbox 253 2337 998 2376">
    <p class='ocr_par' dir='ltr' id='par_1_90' title="bbox 253 2337 998 2376">
     <span class='ocr_line' id='line_1_90' title="bbox 253 2337 998 2376; baseline -0.001 -8"><span class='ocrx_word' id='word_1_613' title='bbox 253 2341 308 2376; x_wconf 74' lang='lat'><strong>(57)</strong></span> <span class='ocrx_word' id='word_1_614' title='bbox 328 2340 403 2374; x_wconf 80' lang='grc' dir='ltr'><strong>Ἤδη</strong></span> <span class='ocrx_word' id='word_1_615' title='bbox 422 2339 457 2376; x_wconf 72' lang='grc' dir='ltr'><em>δὲ</em></span> <span class='ocrx_word' id='word_1_616' title='bbox 469 2340 484 2366; x_wconf 86' lang='lat' dir='ltr'><strong>d</strong></span> <span class='ocrx_word' id='word_1_617' title='bbox 499 2338 674 2376; x_wconf 67' lang='grc' dir='ltr'>μακαρίτης.</span> <span class='ocrx_word' id='word_1_618' title='bbox 704 2337 743 2376; x_wconf 63' lang='lat'><strong>13:;</strong></span> <span class='ocrx_word' id='word_1_619' title='bbox 755 2338 863 2376; x_wconf 68' lang='lat' dir='ltr'><strong>eadem</strong></span> <span class='ocrx_word' id='word_1_620' title='bbox 893 2339 998 2376; x_wconf 69' lang='lat' dir='ltr'><strong>officina</strong></span> 
     </span>
    </p>
   </div>
   <div class='ocr_carea' id='block_1_91' title="bbox 1051 2337 1840 2376">
    <p class='ocr_par' dir='ltr' id='par_1_91' title="bbox 1053 2337 1840 2376">
     <span class='ocr_line' id='line_1_91' title="bbox 1053 2337 1840 2376; baseline -0.005 -7"><span class='ocrx_word' id='word_1_621' title='bbox 1053 2341 1081 2369; x_wconf 84' lang='lat' dir='ltr'><strong>in</strong></span> <span class='ocrx_word' id='word_1_622' title='bbox 1091 2341 1273 2369; x_wconf 75' lang='lat' dir='ltr'><strong>conciliabula</strong></span> <span class='ocrx_word' id='word_1_623' title='bbox 1287 2340 1370 2376; x_wconf 79' lang='lat' dir='ltr'><strong>Tyrio</strong></span> <span class='ocrx_word' id='word_1_624' title='bbox 1390 2348 1439 2376; x_wconf 90' lang='lat' dir='ltr'><strong>pro</strong></span> <span class='ocrx_word' id='word_1_625' title='bbox 1452 2339 1601 2376; x_wconf 64' lang='lat' dir='ltr'><strong>Athanasio</strong></span> <span class='ocrx_word' id='word_1_626' title='bbox 1614 2337 1840 2376; x_wconf 45' lang='lat' dir='ltr'><strong>adversusnria-</strong></span> 
     </span>
    </p>
   </div>
   <div class='ocr_carea' id='block_1_92' title="bbox 218 2373 1000 2409">
    <p class='ocr_par' dir='ltr' id='par_1_92' title="bbox 218 2373 1000 2409">
     <span class='ocr_line' id='line_1_92' title="bbox 218 2373 1000 2409; baseline -0.001 -6"><span class='ocrx_word' id='word_1_627' title='bbox 218 2373 390 2409; x_wconf 75' lang='lat' dir='ltr'><strong>consequens</strong></span> <span class='ocrx_word' id='word_1_628' title='bbox 422 2375 536 2401; x_wconf 86' lang='lat' dir='ltr'><strong>historia</strong></span> <span class='ocrx_word' id='word_1_629' title='bbox 553 2374 685 2409; x_wconf 22' lang='lat' dir='ltr'><strong>iprodiit;</strong></span> <span class='ocrx_word' id='word_1_630' title='bbox 712 2373 1000 2409; x_wconf 21' lang='lat' dir='ltr'><strong>Meletianirvidelicet</strong></span> 
     </span>
    </p>
   </div>
   <div class='ocr_carea' id='block_1_93' title="bbox 218 2408 1001 2445">
    <p class='ocr_par' dir='ltr' id='par_1_93' title="bbox 218 2408 1001 2445">
     <span class='ocr_line' id='line_1_93' title="bbox 218 2408 1001 2445; baseline -0.001 -7"><span class='ocrx_word' id='word_1_631' title='bbox 218 2408 371 2445; x_wconf 73' lang='lat' dir='ltr'><strong>cuiuspiam</strong></span> <span class='ocrx_word' id='word_1_632' title='bbox 383 2409 535 2445; x_wconf 79' lang='lat' dir='ltr'><strong>nebulonis.</strong></span> <span class='ocrx_word' id='word_1_633' title='bbox 552 2408 583 2445; x_wconf 80' lang='lat' dir='ltr'><strong>In</strong></span> <span class='ocrx_word' id='word_1_634' title='bbox 589 2416 648 2445; x_wconf 84' lang='lat' dir='ltr'><strong>qua</strong></span> <span class='ocrx_word' id='word_1_635' title='bbox 661 2409 785 2445; x_wconf 82' lang='lat' dir='ltr'><strong>‘primum</strong></span> <span class='ocrx_word' id='word_1_636' title='bbox 800 2408 867 2445; x_wconf 81' lang='lat' dir='ltr'><strong>illud</strong></span> <span class='ocrx_word' id='word_1_637' title='bbox 882 2409 1001 2445; x_wconf 79' lang='lat' dir='ltr'><strong>falsissi-</strong></span> 
     </span>
    </p>
   </div>
   <div class='ocr_carea' id='block_1_94' title="bbox 219 2443 1000 2479">
    <p class='ocr_par' dir='ltr' id='par_1_94' title="bbox 219 2443 1000 2479">
     <span class='ocr_line' id='line_1_94' title="bbox 219 2443 1000 2479; baseline -0.003 -5"><span class='ocrx_word' id='word_1_638' title='bbox 219 2443 364 2477; x_wconf 44' lang='lat' dir='ltr'><strong>mum—est,</strong></span> <span class='ocrx_word' id='word_1_639' title='bbox 380 2444 527 2479; x_wconf 82' lang='lat' dir='ltr'><strong>superstite</strong></span> <span class='ocrx_word' id='word_1_640' title='bbox 553 2444 641 2470; x_wconf 89' lang='lat' dir='ltr'><strong>adhuc</strong></span> <span class='ocrx_word' id='word_1_641' title='bbox 665 2443 1000 2479; x_wconf 19' lang='lat' dir='ltr'><strong>AlexandrorMeletianos</strong></span> 
     </span>
    </p>
   </div>
   <div class='ocr_carea' id='block_1_95' title="bbox 219 2478 999 2513">
    <p class='ocr_par' dir='ltr' id='par_1_95' title="bbox 219 2478 999 2513">
     <span class='ocr_line' id='line_1_95' title="bbox 219 2478 999 2513; baseline -0.001 -5"><span class='ocrx_word' id='word_1_642' title='bbox 219 2489 282 2508; x_wconf 88' lang='lat' dir='ltr'><strong>cum</strong></span> <span class='ocrx_word' id='word_1_643' title='bbox 296 2479 403 2507; x_wconf 82' lang='lat' dir='ltr'><strong>Arianis</strong></span> <span class='ocrx_word' id='word_1_644' title='bbox 416 2478 607 2513; x_wconf 80' lang='lat' dir='ltr'><strong>eouspirasse;</strong></span> <span class='ocrx_word' id='word_1_645' title='bbox 623 2478 695 2513; x_wconf 86' lang='lat' dir='ltr'><strong>quod</strong></span> <span class='ocrx_word' id='word_1_646' title='bbox 713 2478 869 2505; x_wconf 81' lang='lat' dir='ltr'><strong>Alexandro</strong></span> <span class='ocrx_word' id='word_1_647' title='bbox 890 2479 999 2507; x_wconf 87' lang='lat' dir='ltr'><strong>demum</strong></span> 
     </span>
    </p>
   </div>
   <div class='ocr_carea' id='block_1_96' title="bbox 220 2513 1001 2549">
    <p class='ocr_par' dir='ltr' id='par_1_96' title="bbox 220 2513 1001 2549">
     <span class='ocr_line' id='line_1_96' title="bbox 220 2513 1001 2549; baseline -0.004 -5"><span class='ocrx_word' id='word_1_648' title='bbox 220 2519 329 2544; x_wconf 87' lang='lat' dir='ltr'><strong>mortuo</strong></span> <span class='ocrx_word' id='word_1_649' title='bbox 338 2515 484 2549; x_wconf 80' lang='lat' dir='ltr'><strong>contigisse</strong></span> <span class='ocrx_word' id='word_1_650' title='bbox 495 2514 573 2541; x_wconf 86' lang='lat' dir='ltr'><strong>docet</strong></span> <span class='ocrx_word' id='word_1_651' title='bbox 586 2513 753 2541; x_wconf 69' lang='lat' dir='ltr'><strong>Athanasius</strong></span> <span class='ocrx_word' id='word_1_652' title='bbox 765 2514 841 2548; x_wconf 74' lang='lat' dir='ltr'><strong>Apol.</strong></span> <span class='ocrx_word' id='word_1_653' title='bbox 856 2513 884 2549; x_wconf 63' lang='grc'>2,</span> <span class='ocrx_word' id='word_1_654' title='bbox 903 2521 929 2548; x_wconf 88' lang='lat' dir='ltr'><strong>p.</strong></span> <span class='ocrx_word' id='word_1_655' title='bbox 937 2513 1001 2541; x_wconf 82' lang='lat'><strong>605.</strong></span> 
     </span>
    </p>
   </div>
   <div class='ocr_carea' id='block_1_97' title="bbox 221 2547 1000 2583">
    <p class='ocr_par' dir='ltr' id='par_1_97' title="bbox 221 2547 1000 2583">
     <span class='ocr_line' id='line_1_97' title="bbox 221 2547 1000 2583; baseline -0.003 -5"><span class='ocrx_word' id='word_1_656' title='bbox 221 2550 287 2578; x_wconf 79' lang='lat' dir='ltr'><strong>Nam</strong></span> <span class='ocrx_word' id='word_1_657' title='bbox 306 2547 457 2578; x_wconf 78' lang='lat' dir='ltr'><strong>Alexander</strong></span> <span class='ocrx_word' id='word_1_658' title='bbox 471 2549 591 2576; x_wconf 87' lang='lat' dir='ltr'><strong>nondum</strong></span> <span class='ocrx_word' id='word_1_659' title='bbox 603 2556 618 2575; x_wconf 92' lang='lat' dir='ltr'><strong>v</strong></span> <span class='ocrx_word' id='word_1_660' title='bbox 635 2549 774 2576; x_wconf 86' lang='lat' dir='ltr'><strong>mensibus</strong></span> <span class='ocrx_word' id='word_1_661' title='bbox 785 2552 846 2583; x_wconf 86' lang='lat' dir='ltr'><strong>post</strong></span> <span class='ocrx_word' id='word_1_662' title='bbox 860 2547 1000 2576; x_wconf 68' lang='lat' dir='ltr'><strong>Niémnum</strong></span> 
     </span>
    </p>
   </div>
   <div class='ocr_carea' id='block_1_98' title="bbox 220 2583 1002 2620">
    <p class='ocr_par' dir='ltr' id='par_1_98' title="bbox 220 2583 1002 2620">
     <span class='ocr_line' id='line_1_98' title="bbox 220 2583 1002 2620; baseline -0.006 -6"><span class='ocrx_word' id='word_1_663' title='bbox 220 2586 367 2614; x_wconf 81' lang='lat' dir='ltr'><strong>concilium</strong></span> <span class='ocrx_word' id='word_1_664' title='bbox 388 2585 504 2620; x_wconf 86' lang='lat' dir='ltr'><strong>expletis</strong></span> <span class='ocrx_word' id='word_1_665' title='bbox 522 2584 648 2620; x_wconf 84' lang='lat' dir='ltr'><strong>moritur.</strong></span> <span class='ocrx_word' id='word_1_666' title='bbox 670 2583 735 2611; x_wconf 85' lang='lat' dir='ltr'><strong>Post</strong></span> <span class='ocrx_word' id='word_1_667' title='bbox 748 2583 807 2617; x_wconf 86' lang='lat' dir='ltr'><strong>ejus</strong></span> <span class='ocrx_word' id='word_1_668' title='bbox 821 2583 1002 2620; x_wconf 71' lang='lat' dir='ltr'><strong>obitumcum</strong></span> 
     </span>
    </p>
   </div>
   <div class='ocr_carea' id='block_1_99' title="bbox 222 2618 1001 2655">
    <p class='ocr_par' dir='ltr' id='par_1_99' title="bbox 222 2618 1001 2655">
     <span class='ocr_line' id='line_1_99' title="bbox 222 2618 1001 2655; baseline -0.003 -7"><span class='ocrx_word' id='word_1_669' title='bbox 222 2621 346 2649; x_wconf 80' lang='lat' dir='ltr'><strong>Meletius</strong></span> <span class='ocrx_word' id='word_1_670' title='bbox 368 2618 510 2655; x_wconf 20' lang='lat' dir='ltr'><strong>per&#39;ideiln</strong></span> <span class='ocrx_word' id='word_1_671' title='bbox 532 2619 587 2647; x_wconf 84' lang='lat' dir='ltr'><strong>fere</strong></span> <span class='ocrx_word' id='word_1_672' title='bbox 604 2623 714 2655; x_wconf 84' lang='lat' dir='ltr'><strong>tempus</strong></span> <span class='ocrx_word' id='word_1_673' title='bbox 726 2618 899 2655; x_wconf 49' lang='lat' dir='ltr'><strong>excessisset,</strong></span> <span class='ocrx_word' id='word_1_674' title='bbox 919 2618 1001 2655; x_wconf 57' lang='lat' dir='ltr'><strong>Elele-</strong></span> 
     </span>
    </p>
   </div>
   <div class='ocr_carea' id='block_1_100' title="bbox 222 2652 1000 2684">
    <p class='ocr_par' dir='ltr' id='par_1_100' title="bbox 222 2652 1000 2684">
     <span class='ocr_line' id='line_1_100' title="bbox 222 2652 1000 2684; baseline -0.005 -1"><span class='ocrx_word' id='word_1_675' title='bbox 222 2657 288 2684; x_wconf 84' lang='lat' dir='ltr'><strong>tiani</strong></span> <span class='ocrx_word' id='word_1_676' title='bbox 303 2656 336 2683; x_wconf 89' lang='lat' dir='ltr'><strong>ab</strong></span> <span class='ocrx_word' id='word_1_677' title='bbox 350 2652 467 2683; x_wconf 77' lang='lat' dir='ltr'><strong>Eusebio</strong></span> <span class='ocrx_word' id='word_1_678' title='bbox 480 2652 681 2681; x_wconf 80' lang='lat' dir='ltr'><strong>Nicomediensi</strong></span> <span class='ocrx_word' id='word_1_679' title='bbox 695 2652 834 2680; x_wconf 84' lang='lat' dir='ltr'><strong>sollicitati</strong></span> <span class='ocrx_word' id='word_1_680' title='bbox 848 2660 910 2680; x_wconf 89' lang='lat' dir='ltr'><strong>eum</strong></span> <span class='ocrx_word' id='word_1_681' title='bbox 925 2653 1000 2679; x_wconf 83' lang='lat' dir='ltr'><strong>Aria-</strong></span> 
     </span>
    </p>
   </div>
   <div class='ocr_carea' id='block_1_101' title="bbox 222 2686 1003 2721">
    <p class='ocr_par' dir='ltr' id='par_1_101' title="bbox 222 2686 1003 2721">
     <span class='ocr_line' id='line_1_101' title="bbox 222 2686 1003 2721; baseline -0.005 -3"><span class='ocrx_word' id='word_1_682' title='bbox 222 2700 319 2718; x_wconf 74' lang='lat' dir='ltr'><strong>norum</strong></span> <span class='ocrx_word' id='word_1_683' title='bbox 336 2691 454 2718; x_wconf 83' lang='lat' dir='ltr'><strong>factione</strong></span> <span class='ocrx_word' id='word_1_684' title='bbox 470 2690 604 2716; x_wconf 90' lang='lat' dir='ltr'><strong>coierunt.</strong></span> <span class='ocrx_word' id='word_1_685' title='bbox 619 2688 684 2721; x_wconf 68' lang='lat' dir='ltr'><strong>Qua:</strong></span> <span class='ocrx_word' id='word_1_686' title='bbox 698 2687 828 2715; x_wconf 87' lang='lat' dir='ltr'><strong>historica</strong></span> <span class='ocrx_word' id='word_1_687' title='bbox 845 2686 931 2715; x_wconf 81' lang='lat' dir='ltr'><strong>series</strong></span> <span class='ocrx_word' id='word_1_688' title='bbox 948 2687 1003 2715; x_wconf 81' lang='lat' dir='ltr'><strong>Me-</strong></span> 
     </span>
    </p>
   </div>
   <div class='ocr_carea' id='block_1_102' title="bbox 223 2722 747 2760">
    <p class='ocr_par' dir='ltr' id='par_1_102' title="bbox 223 2722 747 2760">
     <span class='ocr_line' id='line_1_102' title="bbox 223 2722 747 2760; baseline -0.01 -7"><span class='ocrx_word' id='word_1_689' title='bbox 223 2727 314 2754; x_wconf 82' lang='lat' dir='ltr'><strong>lctiani</strong></span> <span class='ocrx_word' id='word_1_690' title='bbox 329 2725 485 2760; x_wconf 86' lang='lat' dir='ltr'><strong>impostoris</strong></span> <span class='ocrx_word' id='word_1_691' title='bbox 496 2724 614 2760; x_wconf 83' lang='lat' dir='ltr'><strong>fabulam</strong></span> <span class='ocrx_word' id='word_1_692' title='bbox 632 2722 747 2760; x_wconf 72' lang='lat' dir='ltr'><strong>jugulat.</strong></span> 
     </span>
    </p>
   </div>
   <div class='ocr_carea' id='block_1_103' title="bbox 260 2757 1000 2796">
    <p class='ocr_par' dir='ltr' id='par_1_103' title="bbox 260 2757 1000 2796">
     <span class='ocr_line' id='line_1_103' title="bbox 260 2757 1000 2796; baseline -0.003 -8"><span class='ocrx_word' id='word_1_693' title='bbox 260 2761 318 2796; x_wconf 83' lang='lat'><strong>(58)</strong></span> <span class='ocrx_word' id='word_1_694' title='bbox 332 2757 392 2788; x_wconf 74' lang='grc' dir='ltr'><strong>Ἶιίν</strong></span> <span class='ocrx_word' id='word_1_695' title='bbox 400 2760 440 2796; x_wconf 58' lang='lat' dir='ltr'><strong>es</strong></span> <span class='ocrx_word' id='word_1_696' title='bbox 453 2759 649 2796; x_wconf 54' lang='grc' dir='ltr'>Παφγούέιος.</span> <span class='ocrx_word' id='word_1_697' title='bbox 660 2757 740 2796; x_wconf 83' lang='lat' dir='ltr'><strong>_A_llus</strong></span> <span class='ocrx_word' id='word_1_698' title='bbox 760 2757 804 2796; x_wconf 80' lang='lat' dir='ltr'><strong>hic</strong></span> <span class='ocrx_word' id='word_1_699' title='bbox 817 2765 878 2786; x_wconf 81' lang='lat' dir='ltr'><strong>esse</strong></span> <span class='ocrx_word' id='word_1_700' title='bbox 892 2758 1000 2796; x_wconf 48' lang='grc' dir='ltr'><strong>(ἰείη-ιιι</strong></span> 
     </span>
    </p>
   </div>
   <div class='ocr_carea' id='block_1_104' title="bbox 225 2792 1002 2829">
    <p class='ocr_par' dir='ltr' id='par_1_104' title="bbox 225 2792 1002 2829">
     <span class='ocr_line' id='line_1_104' title="bbox 225 2792 1002 2829; baseline -0.003 -7"><span class='ocrx_word' id='word_1_701' title='bbox 225 2792 324 2829; x_wconf 67' lang='lat' dir='ltr'><strong>magno</strong></span> <span class='ocrx_word' id='word_1_702' title='bbox 342 2796 389 2822; x_wconf 91' lang='lat' dir='ltr'><strong>illo</strong></span> <span class='ocrx_word' id='word_1_703' title='bbox 400 2792 552 2829; x_wconf 80' lang='lat' dir='ltr'><strong>Paphnutio</strong></span> <span class='ocrx_word' id='word_1_704' title='bbox 567 2793 712 2829; x_wconf 84' lang='lat' dir='ltr'><strong>Thebaidis</strong></span> <span class='ocrx_word' id='word_1_705' title='bbox 733 2792 869 2829; x_wconf 80' lang='lat' dir='ltr'><strong>episeopo,</strong></span> <span class='ocrx_word' id='word_1_706' title='bbox 888 2794 934 2827; x_wconf 91' lang='lat' dir='ltr'><strong>qui</strong></span> <span class='ocrx_word' id='word_1_707' title='bbox 954 2792 1002 2820; x_wconf 78' lang='lat' dir='ltr'><strong>Ni-</strong></span> 
     </span>
    </p>
   </div>
   <div class='ocr_carea' id='block_1_105' title="bbox 226 2828 1000 2865">
    <p class='ocr_par' dir='ltr' id='par_1_105' title="bbox 226 2828 1000 2865">
     <span class='ocr_line' id='line_1_105' title="bbox 226 2828 1000 2865; baseline -0.003 -9"><span class='ocrx_word' id='word_1_708' title='bbox 226 2828 307 2857; x_wconf 62' lang='lat' dir='ltr'><strong>canizc</strong></span> <span class='ocrx_word' id='word_1_709' title='bbox 328 2828 447 2865; x_wconf 32' lang='lat' dir='ltr'><strong>synodo’</strong></span> <span class='ocrx_word' id='word_1_710' title='bbox 460 2828 591 2865; x_wconf 80' lang='lat' dir='ltr'><strong>interltnt,</strong></span> <span class='ocrx_word' id='word_1_711' title='bbox 613 2828 723 2865; x_wconf 83' lang='lat' dir='ltr'><strong>quique_</strong></span> <span class='ocrx_word' id='word_1_712' title='bbox 739 2831 764 2865; x_wconf 78' lang='lat' dir='ltr'><strong>et</strong></span> <span class='ocrx_word' id='word_1_713' title='bbox 787 2828 843 2861; x_wconf 88' lang='lat' dir='ltr'><strong>ipse</strong></span> <span class='ocrx_word' id='word_1_714' title='bbox 860 2828 1000 2865; x_wconf 69' lang='lat' dir='ltr'><strong>confessor</strong></span> 
     </span>
    </p>
   </div>
   <div class='ocr_carea' id='block_1_106' title="bbox 226 2862 998 2899">
    <p class='ocr_par' dir='ltr' id='par_1_106' title="bbox 226 2862 998 2899">
     <span class='ocr_line' id='line_1_106' title="bbox 226 2862 998 2899; baseline -0.003 -7"><span class='ocrx_word' id='word_1_715' title='bbox 226 2862 536 2898; x_wconf 64' lang='lat' dir='ltr'><strong>exstitit,&#39;Constantino</strong></span> <span class='ocrx_word' id='word_1_716' title='bbox 559 2862 627 2899; x_wconf 86' lang='lat' dir='ltr'><strong>imp.</strong></span> <span class='ocrx_word' id='word_1_717' title='bbox 650 2862 837 2890; x_wconf 53' lang='lat' dir='ltr'><strong>charis/simus.</strong></span> <span class='ocrx_word' id='word_1_718' title='bbox 860 2862 909 2889; x_wconf 72' lang='lat' dir='ltr'><strong>llic</strong></span> <span class='ocrx_word' id='word_1_719' title='bbox 925 2863 998 2890; x_wconf 86' lang='lat' dir='ltr'><strong>enim</strong></span> 
     </span>
    </p>
   </div>
   <div class='ocr_carea' id='block_1_107' title="bbox 1052 2373 1841 2407">
    <p class='ocr_par' dir='ltr' id='par_1_107' title="bbox 1052 2373 1841 2407">
     <span class='ocr_line' id='line_1_107' title="bbox 1052 2373 1841 2407; baseline -0.005 -3"><span class='ocrx_word' id='word_1_720' title='bbox 1052 2384 1103 2404; x_wconf 90' lang='lat' dir='ltr'><strong>nos</strong></span> <span class='ocrx_word' id='word_1_721' title='bbox 1114 2376 1226 2404; x_wconf 89' lang='lat' dir='ltr'><strong>restitit.</strong></span> <span class='ocrx_word' id='word_1_722' title='bbox 1241 2373 1369 2403; x_wconf 73' lang='lat' dir='ltr'><strong>Fortasse</strong></span> <span class='ocrx_word' id='word_1_723' title='bbox 1383 2373 1447 2404; x_wconf 72' lang='lat' dir='ltr'><strong>vero</strong></span> <span class='ocrx_word' id='word_1_724' title='bbox 1465 2375 1624 2403; x_wconf 80' lang='lat' dir='ltr'><strong>Meh-tianus</strong></span> <span class='ocrx_word' id='word_1_725' title='bbox 1636 2373 1697 2402; x_wconf 88' lang='lat' dir='ltr'><strong>iste.</strong></span> <span class='ocrx_word' id='word_1_726' title='bbox 1710 2374 1757 2407; x_wconf 84' lang='lat' dir='ltr'><strong>qui</strong></span> <span class='ocrx_word' id='word_1_727' title='bbox 1770 2373 1841 2400; x_wconf 85' lang='lat' dir='ltr'><strong>hanc</strong></span> 
     </span>
    </p>
   </div>
   <div class='ocr_carea' id='block_1_108' title="bbox 1050 2408 1836 2445">
    <p class='ocr_par' dir='ltr' id='par_1_108' title="bbox 1050 2408 1836 2445">
     <span class='ocr_line' id='line_1_108' title="bbox 1050 2408 1836 2445; baseline -0.005 -7"><span class='ocrx_word' id='word_1_728' title='bbox 1050 2411 1170 2438; x_wconf 87' lang='lat' dir='ltr'><strong>fabulam</strong></span> <span class='ocrx_word' id='word_1_729' title='bbox 1187 2412 1372 2443; x_wconf 84' lang='lat' dir='ltr'><strong>concinnavit,</strong></span> <span class='ocrx_word' id='word_1_730' title='bbox 1397 2411 1424 2437; x_wconf 91' lang='lat' dir='ltr'><strong>in</strong></span> <span class='ocrx_word' id='word_1_731' title='bbox 1448 2410 1595 2445; x_wconf 78' lang='lat' dir='ltr'><strong>Paphnutii</strong></span> <span class='ocrx_word' id='word_1_732' title='bbox 1615 2409 1724 2435; x_wconf 89' lang='lat' dir='ltr'><strong>nomine</strong></span> <span class='ocrx_word' id='word_1_733' title='bbox 1742 2408 1836 2435; x_wconf 88' lang='lat' dir='ltr'><strong>lucum</strong></span> 
     </span>
    </p>
   </div>
   <div class='ocr_carea' id='block_1_109' title="bbox 1051 2444 1836 2481">
    <p class='ocr_par' dir='ltr' id='par_1_109' title="bbox 1051 2444 1836 2481">
     <span class='ocr_line' id='line_1_109' title="bbox 1051 2444 1836 2481; baseline -0.008 -7"><span class='ocrx_word' id='word_1_734' title='bbox 1051 2446 1169 2481; x_wconf 89' lang='lat' dir='ltr'><strong>posteris</strong></span> <span class='ocrx_word' id='word_1_735' title='bbox 1182 2446 1254 2478; x_wconf 86' lang='lat' dir='ltr'><strong>fecit,</strong></span> <span class='ocrx_word' id='word_1_736' title='bbox 1271 2451 1301 2473; x_wconf 94' lang='lat' dir='ltr'><strong>ut</strong></span> <span class='ocrx_word' id='word_1_737' title='bbox 1314 2444 1498 2480; x_wconf 83' lang='lat' dir='ltr'><strong>Paphnutium</strong></span> <span class='ocrx_word' id='word_1_738' title='bbox 1507 2453 1522 2481; x_wconf 85' lang='lat' dir='ltr'><strong>e</strong></span> <span class='ocrx_word' id='word_1_739' title='bbox 1535 2444 1739 2481; x_wconf 76' lang='lat' dir='ltr'><strong>Meletianorum</strong></span> <span class='ocrx_word' id='word_1_740' title='bbox 1754 2451 1836 2481; x_wconf 72' lang='lat' dir='ltr'><strong>grege</strong></span> 
     </span>
    </p>
   </div>
   <div class='ocr_carea' id='block_1_110' title="bbox 1051 2478 1836 2517">
    <p class='ocr_par' dir='ltr' id='par_1_110' title="bbox 1051 2478 1836 2517">
     <span class='ocr_line' id='line_1_110' title="bbox 1051 2478 1836 2517; baseline -0.006 -9"><span class='ocrx_word' id='word_1_741' title='bbox 1051 2478 1206 2517; x_wconf 78' lang='lat' dir='ltr'><strong>quempiam</strong></span> <span class='ocrx_word' id='word_1_742' title='bbox 1222 2489 1285 2517; x_wconf 79' lang='lat' dir='ltr'><strong>cum</strong></span> <span class='ocrx_word' id='word_1_743' title='bbox 1300 2478 1387 2517; x_wconf 67' lang='lat' dir='ltr'><strong>altej&#39;o</strong></span> <span class='ocrx_word' id='word_1_744' title='bbox 1398 2480 1443 2517; x_wconf 85' lang='lat' dir='ltr'><strong>illo</strong></span> <span class='ocrx_word' id='word_1_745' title='bbox 1455 2479 1614 2517; x_wconf 75' lang='lat' dir='ltr'><strong>confessore</strong></span> <span class='ocrx_word' id='word_1_746' title='bbox 1624 2483 1651 2506; x_wconf 91' lang='lat' dir='ltr'><strong>et</strong></span> <span class='ocrx_word' id='word_1_747' title='bbox 1662 2478 1764 2517; x_wconf 76' lang='lat' dir='ltr'><strong>insigni</strong></span> <span class='ocrx_word' id='word_1_748' title='bbox 1779 2479 1836 2504; x_wconf 86' lang='lat' dir='ltr'><strong>viro</strong></span> 
     </span>
    </p>
   </div>
   <div class='ocr_carea' id='block_1_111' title="bbox 1051 2514 1839 2553">
    <p class='ocr_par' dir='ltr' id='par_1_111' title="bbox 1051 2514 1839 2553">
     <span class='ocr_line' id='line_1_111' title="bbox 1051 2514 1839 2553; baseline -0.006 -9"><span class='ocrx_word' id='word_1_749' title='bbox 1051 2514 1217 2553; x_wconf 69' lang='lat' dir='ltr'><strong>confuderit.</strong></span> <span class='ocrx_word' id='word_1_750' title='bbox 1236 2516 1331 2553; x_wconf 18' lang='lat' dir='ltr'><strong>rSaner</strong></span> <span class='ocrx_word' id='word_1_751' title='bbox 1351 2515 1519 2553; x_wconf 69' lang='lat' dir='ltr'><strong>Paphnutius</strong></span> <span class='ocrx_word' id='word_1_752' title='bbox 1531 2550 1536 2553; x_wconf 88' lang='lat'><em>_</em></span> <span class='ocrx_word' id='word_1_753' title='bbox 1550 2514 1655 2553; x_wconf 77' lang='lat' dir='ltr'><strong>aliquot</strong></span> <span class='ocrx_word' id='word_1_754' title='bbox 1691 2514 1839 2553; x_wconf 68' lang='lat' dir='ltr'><strong>episcopos</strong></span> 
     </span>
    </p>
   </div>
   <div class='ocr_carea' id='block_1_112' title="bbox 1053 2548 1838 2588">
    <p class='ocr_par' dir='ltr' id='par_1_112' title="bbox 1053 2548 1838 2588">
     <span class='ocr_line' id='line_1_112' title="bbox 1053 2548 1838 2588; baseline -0.006 -10"><span class='ocrx_word' id='word_1_755' title='bbox 1053 2555 1178 2588; x_wconf 77' lang='lat' dir='ltr'><strong>recenset</strong></span> <span class='ocrx_word' id='word_1_756' title='bbox 1198 2552 1368 2579; x_wconf 82' lang='lat' dir='ltr'><strong>Athanasius</strong></span> <span class='ocrx_word' id='word_1_757' title='bbox 1388 2548 1413 2578; x_wconf 82' lang='lat' dir='ltr'><strong>in</strong></span> <span class='ocrx_word' id='word_1_758' title='bbox 1427 2550 1570 2585; x_wconf 75' lang='lat' dir='ltr'><strong>Apologia;</strong></span> <span class='ocrx_word' id='word_1_759' title='bbox 1596 2549 1645 2588; x_wconf 73' lang='lat' dir='ltr'><strong>sed</strong></span> <span class='ocrx_word' id='word_1_760' title='bbox 1671 2548 1719 2582; x_wconf 88' lang='lat' dir='ltr'><strong>qui</strong></span> <span class='ocrx_word' id='word_1_761' title='bbox 1749 2548 1838 2588; x_wconf 77' lang='lat' dir='ltr'><strong>ipsius</strong></span> 
     </span>
    </p>
   </div>
   <div class='ocr_carea' id='block_1_113' title="bbox 1053 2583 1837 2618">
    <p class='ocr_par' dir='ltr' id='par_1_113' title="bbox 1053 2583 1837 2618">
     <span class='ocr_line' id='line_1_113' title="bbox 1053 2583 1837 2618; baseline -0.008 -4"><span class='ocrx_word' id='word_1_762' title='bbox 1053 2594 1143 2614; x_wconf 71' lang='lat' dir='ltr'><strong>causre</strong></span> <span class='ocrx_word' id='word_1_763' title='bbox 1164 2587 1295 2618; x_wconf 86' lang='lat' dir='ltr'><strong>faverint,</strong></span> <span class='ocrx_word' id='word_1_764' title='bbox 1323 2594 1406 2614; x_wconf 87' lang='lat' dir='ltr'><strong>unum</strong></span> <span class='ocrx_word' id='word_1_765' title='bbox 1436 2583 1499 2613; x_wconf 81' lang='lat' dir='ltr'><strong>vero</strong></span> <span class='ocrx_word' id='word_1_766' title='bbox 1514 2583 1691 2614; x_wconf 82' lang='lat' dir='ltr'><strong>monachum,</strong></span> <span class='ocrx_word' id='word_1_767' title='bbox 1708 2584 1754 2616; x_wconf 89' lang='lat' dir='ltr'><strong>qui</strong></span> <span class='ocrx_word' id='word_1_768' title='bbox 1767 2583 1837 2610; x_wconf 85' lang='lat' dir='ltr'><strong>insi-</strong></span> 
     </span>
    </p>
   </div>
   <div class='ocr_carea' id='block_1_114' title="bbox 1053 2618 1836 2657">
    <p class='ocr_par' dir='ltr' id='par_1_114' title="bbox 1053 2618 1836 2657">
     <span class='ocr_line' id='line_1_114' title="bbox 1053 2618 1836 2657; baseline -0.008 -8"><span class='ocrx_word' id='word_1_769' title='bbox 1053 2622 1159 2649; x_wconf 87' lang='lat' dir='ltr'><strong>diarum</strong></span> <span class='ocrx_word' id='word_1_770' title='bbox 1175 2623 1427 2656; x_wconf 85' lang='lat' dir='ltr'><strong>calumniarumque</strong></span> <span class='ocrx_word' id='word_1_771' title='bbox 1443 2625 1541 2657; x_wconf 78' lang='lat' dir='ltr'><strong>contra</strong></span> <span class='ocrx_word' id='word_1_772' title='bbox 1563 2627 1593 2646; x_wconf 85' lang='lat' dir='ltr'><strong>se</strong></span> <span class='ocrx_word' id='word_1_773' title='bbox 1615 2619 1650 2657; x_wconf 68' lang='lat' dir='ltr'><strong>ab</strong></span> <span class='ocrx_word' id='word_1_774' title='bbox 1671 2618 1782 2657; x_wconf 73' lang='lat' dir='ltr'><strong>Arianis</strong></span> <span class='ocrx_word' id='word_1_775' title='bbox 1793 2621 1836 2657; x_wconf 81' lang='lat' dir='ltr'><strong>_ct</strong></span> 
     </span>
    </p>
   </div>
   <div class='ocr_carea' id='block_1_115' title="bbox 1054 2653 1835 2692">
    <p class='ocr_par' dir='ltr' id='par_1_115' title="bbox 1054 2653 1835 2692">
     <span class='ocr_line' id='line_1_115' title="bbox 1054 2653 1835 2692; baseline -0.008 -9"><span class='ocrx_word' id='word_1_776' title='bbox 1054 2657 1206 2685; x_wconf 82' lang='lat' dir='ltr'><strong>Meletianis</strong></span> <span class='ocrx_word' id='word_1_777' title='bbox 1233 2653 1462 2692; x_wconf 21' lang='lat' dir='ltr'><strong>excogitatarum‘</strong></span> <span class='ocrx_word' id='word_1_778' title='bbox 1474 2655 1610 2692; x_wconf 68' lang='lat' dir='ltr'><strong>particeps</strong></span> <span class='ocrx_word' id='word_1_779' title='bbox 1636 2653 1735 2692; x_wconf 51' lang='lat' dir='ltr'><strong>fueriL;</strong></span> <span class='ocrx_word' id='word_1_780' title='bbox 1750 2653 1835 2692; x_wconf 63' lang='lat' dir='ltr'><strong>cujus</strong></span> 
     </span>
    </p>
   </div>
   <div class='ocr_carea' id='block_1_116' title="bbox 1053 2687 1832 2726">
    <p class='ocr_par' dir='ltr' id='par_1_116' title="bbox 1053 2687 1832 2726">
     <span class='ocr_line' id='line_1_116' title="bbox 1053 2687 1832 2726; baseline -0.008 -8"><span class='ocrx_word' id='word_1_781' title='bbox 1053 2692 1195 2726; x_wconf 88' lang='lat' dir='ltr'><strong>epistolam</strong></span> <span class='ocrx_word' id='word_1_782' title='bbox 1223 2692 1250 2718; x_wconf 92' lang='lat' dir='ltr'><strong>in</strong></span> <span class='ocrx_word' id='word_1_783' title='bbox 1276 2687 1513 2725; x_wconf 60' lang='lat' dir='ltr'><strong>Aﬁol.2profe&#39;rt.</strong></span> <span class='ocrx_word' id='word_1_784' title='bbox 1543 2687 1681 2726; x_wconf 74' lang='lat' dir='ltr'><strong>Postremo</strong></span> <span class='ocrx_word' id='word_1_785' title='bbox 1708 2687 1832 2714; x_wconf 62' lang='lat' dir='ltr'><strong>Calliniii</strong></span> 
     </span>
    </p>
   </div>
   <div class='ocr_carea' id='block_1_117' title="bbox 1055 2724 1834 2762">
    <p class='ocr_par' dir='ltr' id='par_1_117' title="bbox 1055 2724 1834 2762">
     <span class='ocr_line' id='line_1_117' title="bbox 1055 2724 1834 2762; baseline -0.01 -8"><span class='ocrx_word' id='word_1_786' title='bbox 1055 2724 1190 2762; x_wconf 58' lang='grc' dir='ltr'><strong>μοιριιίαηί</strong></span> <span class='ocrx_word' id='word_1_787' title='bbox 1217 2726 1245 2753; x_wconf 87' lang='lat' dir='ltr'><strong>in</strong></span> <span class='ocrx_word' id='word_1_788' title='bbox 1263 2724 1357 2754; x_wconf 78' lang='lat' dir='ltr'><strong>eadem</strong></span> <span class='ocrx_word' id='word_1_789' title='bbox 1382 2724 1459 2762; x_wconf 76' lang='grc' dir='ltr'>Ᾰριιί.</span> <span class='ocrx_word' id='word_1_790' title='bbox 1482 2724 1616 2757; x_wconf 84' lang='lat' dir='ltr'><strong>meminit,</strong></span> <span class='ocrx_word' id='word_1_791' title='bbox 1630 2729 1834 2762; x_wconf 55' lang='lat' dir='ltr'><strong>cumquem-in</strong></span> 
     </span>
    </p>
   </div>
   <div class='ocr_carea' id='block_1_118' title="bbox 1054 2757 1834 2796">
    <p class='ocr_par' dir='ltr' id='par_1_118' title="bbox 1054 2757 1834 2796">
     <span class='ocr_line' id='line_1_118' title="bbox 1054 2757 1834 2796; baseline -0.008 -7"><span class='ocrx_word' id='word_1_792' title='bbox 1054 2761 1143 2790; x_wconf 63' lang='lat' dir='ltr'><strong>[sione</strong></span> <span class='ocrx_word' id='word_1_793' title='bbox 1168 2766 1195 2789; x_wconf 81' lang='lat' dir='ltr'><strong>et</strong></span> <span class='ocrx_word' id='word_1_794' title='bbox 1216 2762 1381 2788; x_wconf 76' lang='lat' dir='ltr'><strong>Eudannone</strong></span> <span class='ocrx_word' id='word_1_795' title='bbox 1406 2757 1589 2788; x_wconf 74' lang='lat' dir='ltr'><strong>subornatum</strong></span> <span class='ocrx_word' id='word_1_796' title='bbox 1613 2758 1647 2786; x_wconf 87' lang='lat' dir='ltr'><strong>ab</strong></span> <span class='ocrx_word' id='word_1_797' title='bbox 1672 2757 1834 2796; x_wconf 71' lang='lat' dir='ltr'><strong>Eusebianis</strong></span> 
     </span>
    </p>
   </div>
   <div class='ocr_carea' id='block_1_119' title="bbox 1052 2791 1835 2860">
    <p class='ocr_par' dir='ltr' id='par_1_119' title="bbox 1052 2791 1835 2860">
     <span class='ocr_line' id='line_1_119' title="bbox 1052 2791 1835 2860; baseline -0.006 -37"><span class='ocrx_word' id='word_1_798' title='bbox 1052 2798 1159 2860; x_wconf 55' lang='lat' dir='ltr'><strong>Sepihit.</strong></span> <span class='ocrx_word' id='word_1_799' title='bbox 1169 2801 1197 2823; x_wconf 91' lang='lat' dir='ltr'><strong>ut</strong></span> <span class='ocrx_word' id='word_1_800' title='bbox 1213 2797 1342 2826; x_wconf 83' lang='lat' dir='ltr'><strong>falsorqu</strong></span> <span class='ocrx_word' id='word_1_801' title='bbox 1356 2796 1503 2824; x_wconf 85' lang='lat' dir='ltr'><strong>criminum</strong></span> <span class='ocrx_word' id='word_1_802' title='bbox 1516 2802 1592 2823; x_wconf 66' lang='lat' dir='ltr'><strong>{eum</strong></span> <span class='ocrx_word' id='word_1_803' title='bbox 1609 2800 1670 2822; x_wconf 81' lang='lat' dir='ltr'><strong>sese</strong></span> <span class='ocrx_word' id='word_1_804' title='bbox 1687 2791 1723 2821; x_wconf 78' lang='lat' dir='ltr'><strong>ad</strong></span> <span class='ocrx_word' id='word_1_805' title='bbox 1737 2791 1835 2827; x_wconf 83' lang='lat' dir='ltr'><strong>imper.</strong></span> 
     </span>
     <span class='ocr_line' id='line_1_120' title="bbox 1071 2837 1197 2860; baseline -0.016 0"><span class='ocrx_word' id='word_1_806' title='bbox 1071 2842 1084 2860; x_wconf 83' lang='lat' dir='ltr'><strong>e</strong></span> <span class='ocrx_word' id='word_1_807' title='bbox 1097 2837 1197 2860; x_wconf 83' lang='lat' dir='ltr'><strong>errent.</strong></span> 
     </span>
    </p>
   </div>
   <div class='ocr_carea' id='block_1_120' title="bbox 1071 2837 1197 2860">
    <p class='ocr_par' dir='ltr' id='par_1_120' title="bbox 1071 2837 1197 2860">
     <span class='ocr_line' id='line_1_121' title="bbox 1071 2837 1197 2860; baseline -0.016 0"><span class='ocrx_word' id='word_1_808' title='bbox 1071 2837 1197 2860; x_wconf 83' lang='lat' dir='ltr'><strong>clerrcnt.</strong></span> 
     </span>
    </p>
   </div>
  </div>
