1929 3039
87 160 140 190 I93

387 162 572 191 ADVERSUS
592 163 763 193 IIEIIESES
782 165 846 193 LIB.
869 165 899 192 II.
921 164 1002 193 TOM.
1024 165 1055 194 ll.
1076 181 1110 186 —
1131 166 1267 195 IIASIIES.
1289 167 1404 195 LXVIII.

1680 170 1730 199 l9!

83 219 172 247 θεσιν.
191 219 322 256 ᾜδεισαν
339 220 394 257 γὰρ
411 222 493 248 αὐτὸν
518 223 587 258 πρὸς
610 223 656 250 τὸν
680 223 791 259 βασιλέα
808 225 878 252 Κων-

939 225 1103 253 auctoritate
1134 226 1225 253 valere
1254 226 1414 261 plurimum.
1451 226 1502 254 Per
1534 226 1607 254 hunc
1639 228 1731 264 itaque

84 267 227 292 παντῖνον
243 267 403 303 παρρησίαν
416 267 497 303 ἔχειν,
511 268 617 300 ἀξιοῦσί
630 278 659 296 τε
670 270 750 296 αὑτὸν
760 270 794 297 δι’
805 270 886 297 αὐτοῦ

83 311 123 346 τῷ
137 311 245 346 βασιλεῖ
258 313 451 349 γνωρισθῆναι.
477 315 506 340 '0
529 315 566 347 δὲ,
585 315 654 350 μετὰ
675 316 706 341 τὸ
721 316 886 351 ὑποσχέσθαι

84 357 186 388 αὐτοὺς
210 357 329 385 ἀνοίσειν
346 358 386 393 τῷ
403 359 519 394 βασιλεῖ,
541 360 587 387 καὶ
611 361 724 396 ποιῆσαι
743 361 835 393 αὐτοῖς
856 361 887 388 τὸ

84 404 204 438 πρᾶγμα
218 403 269 438 τῆς
281 403 409 440 δεήσεως,
427 406 541 432 αἰτεῖται
554 406 620 442 παρ’
634 406 724 433 αὐτῶν
737 407 767 433 τὸ
781 407 885 442 αἴτημα

83 449 175 481 τοῦτο,
191 450 266 481 ὅπως
277 450 407 484 δέξωνται
424 451 534 487 ’Ἀρειον
553 451 612 487 μετ’
629 451 718 478 αὐτῶν
737 453 777 484 εἰς
791 461 886 479 κοινω-

83 495 156 525 νίαν.
171 495 252 530 δῆθεν
273 496 465 532 προσποιητῶς
485 497 567 524 αὑτὸν
582 497 629 524 καὶ
651 498 778 534 εἰρωνείᾳ
802 492 885 534 μέτα-

82 540 208 568 νοοῦντα.
227 542 259 568 Οἱ
277 542 304 569 δὲ
327 543 522 579 ὑπισχνοῦνται
540 543 621 570 αὐτόν
632 544 654 571 ⁸.
680 545 735 571 Καὶ
759 545 884 572 ἐντεῦθεν

84 587 237 622 προσφέρει
262 588 360 620 αὐτοὺς
384 589 423 625 τῷ
449 588 562 624 βασιλεῖ,
581 590 628 617 καὶ
653 591 688 617 τὰ
709 591 770 617 κατ’
784 592 883 624 αὐτοὺς

83 631 217 665 Εὐσέϐιος
236 634 408 661 ἀναδιδάσκει
420 644 426 650 ·
445 635 493 662 καὶ
515 638 693 672 συγχωρεῖται
712 639 768 669 τοῖς
790 638 882 673 Μελη-

82 679 188 710 τιανοῖς
207 679 301 706 ἔκτοτε
323 680 385 707 καθ’
406 681 518 713 ἑαυτοὺς
544 682 682 716 συνάγειν,
705 683 751 709 καὶ
776 683 812 718 μὴ
831 683 882 710 ὑπό

83 732 166 750 τινων
186 724 333 759 ὀχλεῖσθαι.
354 726 398 758 Ὠς
420 727 475 753 εἴθε
503 727 602 762 μᾶλλον
628 729 652 754 οἱ
681 729 758 756 αὐτοὶ
778 730 803 755 οἱ
833 730 881 765 τὴν

82 771 329 807 ἀκροδικαιοσύνην
344 772 394 808 τῆς
417 772 547 808 ἀληθείας
566 773 774 810 ὰναδεδεγμένοι
792 775 882 810 Μελη-

82 817 171 844 τιανοὶ
189 817 259 852 μετὰ
273 817 327 844 τῶν
342 819 556 854 παραπεσόντων
570 820 640 855 μετὰ
656 820 799 855 μετάνοιαν
811 822 882 848 ἐκοι-

83 861 212 898 νῴνησαν
236 864 309 899 ἥπερ
329 864 428 900 Ἀρείῳ
446 865 492 892 καὶ
513 866 571 897 τοῖς
596 865 642 892 ἀπ’
660 865 757 893 αὑτοῠῖ
783 866 880 901 Γέγονε

83 909 138 945 γὰρ
152 909 245 941 αὐτοῖς
259 908 340 936 τοῦτο
349 909 421 936 κατὰ
435 910 484 946 τὴν
500 912 660 946 παροιμίαν,
680 912 721 938 ὅτι
735 912 880 947 φεύγοντες

82 955 128 981 τον
152 954 257 981 καπνὸν
285 954 325 986 εις
352 954 408 989 πῦρ
427 955 564 982 ἐνέπεσον.
590 955 658 982 Οὔτε
686 956 741 992 γὰρ
772 957 880 990 ’Ἀρειος

82 1000 200 1035 ἠδύνατο
225 999 298 1034 ἔχειν
321 999 416 1027 στάσιν
442 1001 489 1027 καὶ
513 1001 681 1037 παρρησίαν,
704 1001 741 1037 μὴ
763 1001 806 1029 διὰ
830 1002 880 1038 τῆς

82 1045 213 1081 τοιαύτης
239 1045 412 1078 ὑποθέσεως,
436 1046 498 1082 ἥτις
516 1047 629 1081 γέγονεν
647 1047 739 1079 αὐτοῖς
763 1048 810 1074 καὶ
840 1049 880 1080 είς

82 1091 165 1127 δεῦρο
192 1090 265 1127 κακὴ
290 1092 433 1126 συνάφεια.
460 1092 651 1127 Συνεμίγησαν
674 1092 728 1128 γὰρ
750 1093 774 1120 οἱ
796 1093 881 1121 καθα-

85 1136 211 1172 ρεύοντές
228 1145 294 1163 ποτε
311 1137 356 1164 καὶ
369 1137 539 1173 ἀκροδίκαιοι
556 1138 589 1172 τῇ
611 1137 702 1164 πίστει
717 1138 880 1174 Μελητιανοὶ

84 1182 156 1217 μετὰ
170 1182 226 1209 τῶν
238 1182 285 1209 τοῦ
307 1183 411 1217 Ἀρείου
430 1182 576 1218 μαθητῶν·
594 1183 642 1210 καὶ
658 1184 683 1210 οἱ
700 1183 809 1216 πλείους
830 1185 879 1220 μὲν

83 1228 134 1263 ἢδη
148 1228 319 1264 ἑχράνθησαν
330 1230 362 1264 τῇ
381 1229 427 1255 τοῦ
451 1229 556 1265 Ἀρείου
570 1230 748 1265 κακοπιστία,
762 1230 815 1257 ἀπὺ
829 1230 879 1265 τῆς

83 1274 204 1305 πίστεως
224 1274 405 1310 ἐκτραπέντες
420 1275 448 1301 ὲν
469 1274 574 1307 τούτοις
593 1276 648 1307 τοϊς
669 1276 792 1310 χρόνοις·
807 1276 879 1308 τινὲς

83 1320 122 1353 δὲ,
137 1321 161 1346 εί
177 1320 225 1347 καὶ
233 1320 345 1355 ἔμειναν
356 1320 463 1356 ἔχοντες
475 1320 524 1356 τὴν
537 1320 665 1356 ἀληθινὴν
676 1321 776 1355 πίστιν,
789 1321 879 1357 ἔχουσι

86 1365 146 1401 μὲν,
169 1365 200 1392 οὺ
222 1365 274 1400 μὴν
294 1365 322 1392 δέ
347 1366 417 1392 εἰσιν
437 1365 641 1401 ἀπηλλαγμένοι
669 1367 719 1401 τῆς
742 1366 880 1403 βορϐορώ-

83 1411 146 1443 Bon;
162 1411 297 1447 ρυπαρίας
311 1411 355 1438 διὰ
371 1411 420 1446 τὴν
435 1411 504 1447 πρὸς
519 1411 565 1438 τὸν
579 1411 687 1447 ’Δρειον
702 1413 751 1439 καὶ
770 1413 879 1449 Ἀρεια-

84 1458 147 1488 νοὺς
157 1458 310 1486 κοινωνίαν,
332 1457 398 1484 Ἀπὸ
408 1457 437 1483 δὲ
447 1457 498 1493 τῆς
511 1457 714 1493 προειρημένης
726 1458 881 1492 ὑποθέσεως

84 1503 164 1539 ἔσχεν
174 1504 266 1540 ἡπρὺς
275 1504 386 1536 τούτους
394 1504 525 1540 συνάφεια
537 1503 671 1540 Μελητίου
677 1513 710 1531 τε
720 1506 767 1532 καὶ
775 1505 880 1542 ’Δρεια-
894 1519 916 1549 c

84 1549 140 1577 νῶν
154 1549 316 1585 προφάσεις.

127 1595 208 1622 Ἀλλὰ
223 1595 324 1631 μεταξὺ
348 1595 438 1630 ὀλίγου
455 1595 552 1632 χρόνου
568 1595 670 1631 (καθὼς
684 1596 694 1612 ¹
722 1595 882 1631 ὑπεσχόμην

84 1642 174 1668 εἰπεῖν
190 1642 240 1677 τὴν
263 1641 391 1669 ὑπόθεσιν
411 1642 528 1669 ἐνταῦθα
545 1642 739 1678 διηγήσομαι),
762 1643 883 1676 ἀναγκα-

84 1687 200 1723 ζομένου
208 1687 383 1724 Ἀλεξάνδρου
390 1687 437 1714 τοῦ
446 1687 497 1723 τῆς
508 1688 820 1719 Κωνσταντινουπόλεως
827 1689 884 1714 ἐπι-

85 1734 190 1760 σκόπου
205 1734 370 1766 συνάξαιτὸν
382 1735 501 1771 Ἀρειον,
516 1734 564 1761 καὶ
579 1733 661 1762 αὐτοῦ
678 1734 824 1769 εὐχομένου
836 1735 882 1760 καὶ

85 1779 274 1813 στενάξαντος,
287 1779 331 1806 καὶ
344 1780 484 1812 κλίναντος
492 1779 528 1806 τὰ
534 1779 636 1814 γόνατα
648 1780 712 1814 περὶ
721 1779 795 1815 ὥραν
806 1779 881 1806 ἐννά-

83 1833 136 1861 την
149 1825 193 1861 τῷ
204 1825 338 1862 Σαὸὃὰτῳ
352 1825 467 1853 ἐνώπιον
480 1825 528 1853 τοῦ
545 1824 748 1861 θυσιαστηρίου,
766 1824 812 1852 τοῦ
829 1825 882 1851 Εὑ-

84 1871 178 1898 σεὸίου
193 1871 328 1907 λέγοντος,
345 1872 385 1899 ὅτι
401 1873 437 1899 Εἴ
464 1873 501 1908 μὴ
529 1871 688 1908 βουληθείης
707 1871 777 1899 ἑκὼν
787 1871 881 1898 τοῦτον

84 1918 168 1944 αὐτον
184 1917 306 1951 συνάξαι,
324 1918 434 1950 ἄκοντύς
443 1926 491 1945 σου
507 1917 627 1953 σὺνὲμοὶ
645 1917 826 1944 εἰσελεύσεται
846 1918 879 1951 τῇ

85 1962 183 1998 αὔριον
201 1962 294 1998 ἡμέρα
307 1962 445 1998 ’Κυριακὴ
464 1963 493 1989 δὲ
518 1962 689 1997 ἐπέφωσκεν
703 1962 741 1994 ὼς
753 1962 781 1988 δὲ
802 1962 880 1996 ἔφην,

85 2007 237 2043 εὐξαμένου
260 2007 308 2034 τοῦ
328 2007 515 2044 Ἀλεξάνδρου,
533 2009 581 2035 καὶ
596 2008 738 2044 δεηθέντος
761 2007 808 2035 τοῦ
825 2009 882 2035 Κυ-

86 2053 146 2088 ρίου
165 2052 244 2087 ήμῶν
260 2052 277 2087 ἢ
296 2052 378 2079 αὐτὸν
393 2053 505 2089 ἐπᾶραι,
522 2053 565 2080 ἵνα
584 2054 621 2089 μὴ
638 2053 814 2090 συμμολυνθῇ
841 2054 881 2090 τῷ

91 2098 191 2133 Ἀρείῳ
204 2097 243 2132 τῷ
257 2097 327 2125 κατὰ
341 2098 389 2125 τοῦ
404 2099 507 2135 Κυρίου
524 2098 762 2135 βλασφημήσαντι,
775 2099 791 2136 ἦ
806 2100 886 2135 ποιῆ-

85 2152 132 2170 σαι
150 2143 301 2178 παράδοξόν
315 2152 353 2177 τι,
367 2143 405 2175 ὡς
421 2144 516 2171 εἴωθεν
530 2146 559 2172 ἐν
575 2147 656 2181 γενεᾷ
671 2146 718 2172 καὶ
734 2146 816 2181 γενεᾷ
829 2155 881 2172 πα-

86 2189 288 2226 ραδοξοποιεῖν,
318 2190 368 2217 οὐκ
395 2191 435 2222 είς
461 2190 571 2227 μακρὰν
597 2192 613 2226 ἡ
639 2191 707 2227 εὐχὴ
731 2191 778 2218 τοῦ
802 2192 879 2226 ἁγίου

939 271 1080 307 conciliari
1096 278 1124 299 se
1142 272 1302 307 imperatori
1326 280 1357 298 ac
1378 272 1490 306 perduci
1511 273 1659 307 postulant.
1677 273 1730 307 Qui

938 324 1000 343 cum
1018 317 1122 352 prolixe
1141 317 1184 344 bis
1209 318 1301 344 omnia
1318 317 1457 344 facturum
1475 326 1504 346 se
1519 319 1680 354 recepisset.
1701 323 1731 347 ut
1761 347 1764 349 .

937 367 963 390 ct
978 362 1011 390 de
1025 363 1134 390 illorum
1151 370 1234 390 eausa
1254 363 1286 391 ad
1303 363 1495 398 imperatorem
1517 364 1641 397 referret,
1661 371 1687 393 et
1703 365 1731 394 id

937 409 1009 444 quod
1026 410 1154 444 petebant
1171 409 1342 444 impetraret,
1358 410 1479 438 vicissim
1491 411 1544 438 hoc
1556 411 1590 438 ab
1609 412 1664 440 illis
1680 421 1731 447 po—

937 455 1030 488 stulat,
1052 460 1081 482 ut
1097 455 1194 482 Arium
1215 456 1242 482 in
1259 457 1480 484 communionem
1496 458 1659 492 reciperent,
1682 458 1730 493 qui

937 501 1025 528 ﬁctam
1045 502 1260 536 simulatamque
1285 502 1474 537 pmnitentiam
1495 511 1551 538 prae
1569 512 1599 531 se
1615 504 1729 532 tulerat.

935 545 1013 579 Quod
1033 546 1079 575 ubi
1101 546 1314 581 spopondissem
1326 567 1333 579 ,
1351 547 1383 574 ad
1403 547 1596 583 imperatorem
1614 557 1662 577 eos
1681 550 1730 577 ad-

935 591 1012 619 ducit
1029 591 1183 624 Eusebius,
1202 593 1370 627 exponitque
1388 593 1454 628 quid
1475 593 1528 621 illis
1553 594 1654 629 negotii
1671 595 1728 629 sit;

935 645 966 664 ac
988 641 1129 672 postremo
1148 637 1300 666 Meletianis
1313 638 1347 665 ab
1363 646 1395 665 eo
1413 643 1534 674 tempore
1550 640 1726 674 permissum,

934 684 1060 718 privatim
1086 688 1115 711 ut
1135 685 1194 711 sine
1215 685 1268 711 ulla
1293 685 1457 720 cujusquam
1480 686 1606 713 molestia
1628 694 1729 714 conve-

933 727 992 754 nire
1007 731 1130 762 possent.
1146 727 1257 755 Utinam
1284 728 1420 756 Meletiani
1444 729 1501 762 isti,
1522 730 1567 765 qui
1583 731 1728 758 exactissi-

933 780 1004 799 mam
1030 772 1143 808 justitize
1167 781 1199 811 ac
1227 774 1352 802 veritatis
1374 775 1509 803 rationem
1533 776 1652 811 professi
1672 776 1728 805 fue-

933 823 1014 853 rant,
1039 827 1100 846 cum
1127 820 1160 847 iis
1178 820 1224 855 qui
1251 821 1321 856 lapsi
1347 826 1425 848 erant
1451 827 1513 856 post
1536 823 1725 856 paenitentiam

933 865 1153 893 communionem
1176 865 1289 899 habere,
1305 874 1388 901 quam
1410 873 1473 894 cum
1488 867 1600 895 Arianis
1615 869 1727 896 maluis-

934 910 1009 937 sentl
1026 910 1149 946 Contigit
1165 911 1240 938 enim
1262 911 1318 939 illis
1331 911 1402 947 quod
1422 916 1465 939 est
1482 912 1509 939 in
1526 914 1680 948 proverbio,
1699 918 1728 942 nt

933 956 980 990 qui
1007 955 1112 983 fumum
1139 955 1281 989 devitant,
1309 957 1335 983 in
1357 957 1446 992 ignem
1474 957 1606 985 incidant.
1633 958 1728 994 Neque

933 1001 1006 1028 enim
1022 1002 1174 1029 consistere
1191 1002 1284 1034 Arius,
1303 1006 1348 1029 aut
1375 1002 1502 1030 ﬁduciam
1521 1004 1605 1031 ullam
1627 1004 1728 1032 habere

933 1045 1078 1079 potuisset,
1095 1045 1148 1072 nisi
1163 1053 1223 1072 eam
1241 1049 1317 1073 esset
1339 1046 1514 1074 occasionem
1539 1051 1647 1080 nactus,
1665 1055 1727 1082 qua:

933 1090 1081 1124 pessimam
1113 1090 1185 1117 inter
1212 1090 1274 1118 illos
1301 1090 1334 1117 ad
1362 1090 1524 1118 hodiernum
1549 1100 1637 1128 usque
1653 1093 1725 1120 diem

933 1135 1109 1163 concordiam
1129 1136 1261 1164 devinxit.
1291 1136 1432 1172 Siquidem
1460 1136 1596 1165 Meletiani
1623 1138 1725 1166 sinceri

933 1182 1069 1216 quondam
1093 1182 1209 1217 ﬁdeique
1235 1183 1400 1210 tenacissimi
1433 1190 1495 1210 cum
1521 1183 1630 1211 Arianis
1650 1192 1724 1211 com~

933 1227 1006 1254 misti
1028 1233 1109 1262 sunt;
1127 1232 1154 1255 et
1168 1228 1292 1263 plerique
1310 1229 1378 1256 falsa
1399 1229 1455 1256 Arii
1479 1229 1605 1257 doctrina
1630 1236 1724 1256 conta-

933 1273 1028 1299 minati
1057 1279 1072 1299 a
1102 1276 1176 1300 recta
1204 1273 1255 1300 ﬁde
1278 1273 1331 1300 hoc
1360 1277 1483 1308 tempore
1508 1273 1723 1308 degenerarunt;

933 1318 1058 1346 nonnulli
1076 1326 1143 1346 vero
1157 1319 1208 1346 etsi
1225 1323 1386 1346 constanter
1401 1318 1428 1345 in
1444 1326 1476 1346 ea
1492 1325 1702 1353 perseverarunt
1716 1327 1724 1352 ;

933 1365 969 1392 ob
984 1365 1057 1392 illam
1071 1369 1160 1393 tamen
1180 1373 1242 1392 cum
1259 1365 1324 1393 Ario
1339 1365 1505 1401 Arianisque
1520 1365 1676 1393 societatem
1697 1367 1724 1393 in

933 1417 1014 1438 coeno
1034 1410 1081 1438 illo
1098 1418 1130 1437 ac
1147 1411 1277 1438 sordibus
1303 1411 1453 1439 hmsernnt.
1473 1410 1535 1439 Ilaec
1560 1411 1609 1438 fuit
1625 1416 1725 1439 mutua:

934 1455 1006 1484 inter
1029 1456 1188 1484 leletianos
1200 1461 1231 1487 et,
1242 1456 1362 1485 Arianos
1374 1457 1580 1493 conjunctionis
1601 1457 1723 1486 occasio.

969 1597 1049 1632 722
1075 1596 1208 1624 Caeterum
1232 1597 1310 1625 brevi
1331 1598 1475 1633 interiecto
1501 1602 1624 1634 tempore
1649 1599 1723 1635 (jam

933 1642 1006 1669 enim
1033 1643 1073 1669 uti
1097 1644 1237 1678 pollicitus
1265 1651 1326 1671 sum
1347 1645 1518 1673 narrationis
1542 1646 1641 1673 seriem
1660 1654 1724 1681 per-

934 1692 1024 1715 texam
1037 1689 1057 1721 ),
1073 1696 1135 1716 cum
1153 1689 1307 1716 Alexander
1322 1689 1647 1725 Constantinopolitanus
1662 1691 1723 1726 epi-

933 1741 1033 1769 scopus
1048 1734 1141 1761 Arium
1158 1734 1191 1761 ad
1207 1735 1429 1762 communionem
1446 1736 1592 1763 admittere
1612 1741 1723 1764 coactus

933 1780 966 1808 ad
988 1787 1085 1816 preces
1099 1785 1125 1807 et
1141 1780 1260 1815 suspiria
1278 1779 1462 1815 confugisset.
1488 1779 1568 1808 ﬂexis
1582 1788 1656 1808 circa
1673 1781 1724 1808 lto-

933 1834 992 1854 ram
1017 1834 1118 1854 nonam
1147 1826 1259 1853 Sabbati
1291 1830 1356 1854 ante
1379 1826 1465 1854 altare
1491 1827 1622 1861 genibus,
1648 1827 1722 1862 quod

932 1871 1068 1901 Eusebius
1093 1873 1130 1899 ita
1156 1873 1342 1900 comminatus
1365 1876 1438 1900 esset
1462 1882 1468 1900 :
1493 1872 1550 1900 Nisi
1573 1878 1669 1908 sponte
1696 1874 1723 1900 in

932 1917 1151 1945 communionem
1167 1917 1242 1944 illum
1257 1917 1380 1953 recipere
1392 1917 1525 1949 volueris,
1534 1918 1655 1945 crastino
1667 1918 1722 1951 die,

932 1968 959 1991 te
974 1963 1057 1990 etiam
1075 1963 1172 1996 invito,
1187 1970 1293 1991 mecum
1308 1963 1487 1999 ingredietur.
1497 1963 1617 1991 Instabat
1631 1969 1723 1991 autem

932 2010 1093 2038 Dominicus
1117 2010 1195 2044 dies;
1212 2018 1298 2045 quare
1317 2017 1379 2037 eum
1406 2009 1571 2042 Alexander,
1596 2014 1627 2037 ut
1651 2009 1724 2037 dixi-

932 2063 1011 2089 mus,
1037 2055 1155 2082 orationi
1179 2062 1208 2082 se
1229 2054 1367 2086 dedisset,
1391 2058 1418 2081 et
1440 2062 1455 2080 a
1475 2053 1590 2081 Domino
1608 2054 1723 2089 supplex

932 2105 1045 2137 peteret,
1063 2105 1093 2128 ut
1103 2101 1145 2128 vel
1157 2108 1187 2128 se
1198 2108 1229 2128 ex
1241 2100 1293 2127 bac
1308 2099 1362 2126 vita
1378 2100 1495 2132 tolleret,
1511 2107 1546 2127 ne
1558 2100 1681 2134 Arii,qui
1695 2100 1723 2127 in

932 2147 1017 2174 Deum
1038 2146 1255 2174 contumeliosus
1277 2145 1383 2177 fuerat,
1410 2145 1572 2182 contagione
1587 2145 1724 2179 polluere-

931 2196 990 2226 tur;
1017 2197 1063 2219 aut
1092 2191 1253 2218 inusitatum
1281 2190 1418 2226 quoddam
1439 2190 1593 2225 prodigium
1618 2189 1721 2221 ederet,

84 2235 252 2272 ἐπληροῦτο·
269 2236 340 2263 κατὰ
358 2236 407 2270 τὰς
426 2237 527 2269 νύκτας
544 2237 672 2265 εἰσελθὼν
687 2239 701 2264 ὸ
719 2238 827 2273 ’Λρειος
840 2239 878 2270 είς

934 2237 1085 2272 cujusmodi
1108 2237 1190 2264 certis
1209 2236 1380 2272 temporibus
1406 2235 1511 2263 ellicere
1534 2235 1620 2268 solet,
1640 2236 1722 2271 paulo

85 2285 170 2311 θᾶκον
184 2283 253 2319 πρὺς
268 2283 316 2314 τὰς
330 2284 413 2311 αὑτοῦ
427 2284 522 2320 χρείας
534 2284 806 2320 παρασκευασθῆναι,
820 2285 880 2312 ἐλά-

60 2334 64 2343 ⁸
86 2339 159 2361 κιο-ε,
173 2330 299 2365 καθάπερ
311 2330 359 2357 καὶ
380 2330 480 2362 Ἰούδας
494 2330 559 2357 ποτέ
570 2339 576 2346 ·
595 2329 642 2357 καὶ
659 2330 745 2363 οὕτως
759 2329 789 2357 τδ
803 2330 879 2363 τέλος

84 2376 170 2404 αὐτοῦ
189 2377 300 2412 γέγονεν
313 2377 342 2403 ἐν
355 2376 431 2412 τόπῳ
445 2376 557 2404 δυσώδει
573 2377 623 2411 τῆς
635 2376 815 2412 ἀκαθαρσίας.

119 2509 159 2536 2‘.
178 2507 258 2535 Μετὰ
281 2507 309 2535 δὲ
323 2507 419 2535 τοῦτον
435 2507 480 2535 τὸν
503 2507 600 2544 χρόνον
620 2507 713 2535 λοιπὸν
733 2507 880 2535 ὲκαττῦετο

85 2555 151 2591 περὶ
164 2554 176 2570 ⁸
190 2554 244 2581 τῶν
266 2553 361 2581 τούτου
382 2553 510 2590 μαθητῶν
528 2553 563 2580 τὰ
585 2553 657 2580 κατὰ
680 2553 729 2589 τὴν
746 2553 879 2589 συσκευὴν

84 2600 135 2635 τῆς
162 2600 338 2636 Ἐκκλησίας.
362 2599 506 2627 Ἐτελεύτα
531 2599 559 2626 δὲ
582 2599 754 2636 Ἀλέξανδρος
772 2600 786 2626 ό
806 2599 880 2626 Ἀλε-

86 2646 229 2682 ξανδρείας
245 2647 315 2682 μετὰ
334 2646 383 2682 τὴν
400 2647 428 2673 ἐν
443 2646 545 2682 Natat;
560 2646 678 2674 σύνοδον.
692 2646 729 2673 Οὐ
748 2646 839 2682 παρῆν
851 2646 879 2672 δὲ

91 2693 251 2725 Ἀθανάσιος
265 2692 334 2728 μετὰ
345 2693 392 2719 τὸν
403 2692 518 2720 θάνατον
526 2693 641 2728 Ἀρείου.
650 2693 777 2724 Διάκονος
784 2692 838 2728 γὰρ
845 2690 879 2728 ἦν

85 2739 145 2766 κατ’
156 2738 244 2765 ἐκεῖνο
256 2738 352 2774 καιροῦ
365 2738 417 2765 ὑπὸ
433 2737 618 2774 Ἀλεξάνδρου,
626 2738 673 2765 καὶ
686 2737 824 2773 ἀπεστάλη
832 2737 878 2765 ὑπ’

85 2783 170 2812 αὑτοῦ
182 2785 224 2817 είς
231 2783 263 2812 τὸ
271 2784 435 2820 χομητᾶτον.
458 2783 634 2819 Ἀλεξάνδρου
648 2784 676 2811 δὲ
687 2783 876 2820 ἐντειλαμένου

121 2875 173 2906 νιν.
185 2876 272 2913 αὐτῷ.
310 2878 320 2893 ¹
336 2876 415 2905 Deest
428 2877 491 2913 γάρ.
530 2877 540 2894 ³
555 2877 618 2905 Cor.
633 2878 712 2914 παρά.

932 2286 992 2317 post
1019 2282 1106 2309 sancti
1132 2282 1183 2310 viri
1205 2281 1280 2316 quod
1305 2281 1413 2308 volebat
1443 2281 1599 2316 impetravit
1622 2282 1722 2310 oratio.

930 2328 1013 2354 Arius
1036 2327 1109 2354 enim
1133 2326 1168 2354 de
1191 2329 1272 2354 nocte
1299 2325 1406 2353 levandi
1436 2326 1541 2354 ventris
1568 2327 1657 2362 gratia
1686 2327 1722 2355 ad

931 2373 1025 2400 cellam
1046 2372 1158 2400 veniens
1177 2372 1284 2408 crepuit
1305 2371 1535 2407 quemadmodum
1550 2372 1636 2401 Judas
1657 2374 1722 2401 olim

931 2419 1054 2454 proditor
1067 2439 1074 2450 ,
1090 2422 1117 2446 et
1136 2418 1164 2445 in
1190 2417 1298 2453 impuro
1321 2418 1367 2446 illo
1385 2426 1416 2446 ae
1437 2419 1534 2447 Itetido
1557 2419 1618 2447 loco
1641 2420 1722 2448 linem

932 2465 1040 2492 vivendi
1055 2464 1129 2492 fecit.

968 2510 1025 2538 νιι.
1048 2510 1204 2537 Secundum
1230 2510 1287 2538 hac
1312 2510 1346 2538 ab
1367 2511 1428 2546 ejus
1450 2511 1593 2547 discipulis
1607 2512 1722 2539 fraudu-

932 2554 1005 2582 lenta
1031 2555 1075 2581 illa
1101 2560 1199 2582 contra
1225 2554 1376 2583 Ecclesiam
1405 2557 1472 2584 inita
1501 2559 1616 2586 consilia
1645 2563 1720 2585 sunt.

932 2600 1087 2628 Alexander
1110 2608 1174 2628 vero
1197 2601 1371 2630 Alexandria:
1395 2603 1540 2638 episcopus
1562 2608 1622 2638 post
1638 2603 1722 2630 Nica-

933 2654 996 2673 nam
1022 2646 1156 2682 synodum
1182 2647 1265 2680 obiit,
1294 2648 1408 2676 absente
1435 2653 1496 2684 post
1520 2649 1577 2676 Arii
1604 2652 1720 2676 mortem

932 2692 1094 2724 Athanasio,
1119 2693 1166 2727 qui
1181 2692 1314 2721 diaconus
1333 2701 1380 2728 per
1406 2694 1473 2721 illud
1490 2698 1595 2728 tempus
1609 2689 1726 2728 ordina-l‘

932 2741 978 2765 tus
997 2737 1032 2765 ab
1047 2723 1211 2771 Alexandro,
1230 2739 1264 2766 ab
1279 2723 1374 2767 eodem
1392 2739 1493 2767 missus
1509 2723 1727 2794 ad'comitatum:

932 2783 1018 2794 ρης--.
1055 2784 1176 2794 nec“-
1292 2793 1314 2794 η
1336 2785 1487 2794 ..φημί
1509 2784 1612 2794 ηηψ

932 2783 1031 2813 fuerat.
1054 2784 1180 2821 Cumque
1195 2786 1317 2815 moriens
1333 2785 1489 2814 Alexander
1509 2784 1615 2812 nullum
1634 2783 1726 2816 aliuul'
