1929 3039
193 150 246 179 195

895 148 923 175 S.
943 147 1114 174 El’iPllANll

1769 148 1816 177 196

193 208 280 236 suilici
297 207 349 234 sibi
364 210 462 242 praeter
476 207 655 234 Athanasium
684 207 854 240 mandasset,
877 212 906 235 ut
925 212 980 234 tam

1044 207 1134 242 ιηδένα
1151 206 1353 242 κατασταθῆναι
1370 207 1393 233 εἰ
1405 206 1443 242 μὴ
1464 206 1630 237 Ἀθανὰσιον,
1644 208 1683 238 ὡς
1697 207 1779 238 αὐτὸς
1790 215 1817 234 τε

195 253 264 288 ipse.
281 260 363 288 quam
377 253 481 284 clerici,
496 258 522 280 et
541 252 671 280 universa
684 252 752 280 adeo
769 252 892 280 Ecclesia
907 253 982 280 testi-

195 299 338 330 ﬁcabatur,
359 298 496 326 Meletiani
523 297 633 334 IEgypti
659 298 781 333 episcopi
807 298 980 326 occasionem

194 345 267 371 nacti
292 346 372 378 (nam
389 344 555 371 Alexandria
571 351 712 379 nunquam
730 349 759 371 ut
780 345 840 371 aliae
857 344 982 371 civitates

194 390 262 416 duos
278 390 421 424 episcopos
434 389 555 423 habuit),
582 398 645 417 cum
661 390 861 417 Alexandrinus
877 391 982 425 episco-

194 443 244 470 pus
260 435 367 462 ahesset
380 456 386 467 ,
404 434 544 462 Theonatn
562 435 708 470 quemdam
723 437 903 463 substituunt.
923 436 982 468 Quo

193 481 302 515 quidem
322 484 383 515 post
405 482 514 507 tertium
534 488 655 508 mensem
675 485 796 512 mortuo,
818 481 898 515 paulo
919 485 980 515 post

203 526 366 554 Athanasius
387 526 506 553 advenit.
535 525 603 552 Tum
629 526 748 560 undique
773 531 868 553 coacto
889 530 983 554 υγιΙιοο

194 571 327 598 timorum
351 571 468 598 concilio
494 572 520 598 in
546 571 730 599 Alexandrina
757 571 822 599 sedc
842 573 984 599 coris-litui-

194 621 254 649 tur;
283 617 367 651 eique
395 616 562 651 postliminio
586 616 705 652 dignitas
733 617 759 644 in
783 618 828 644 illa
846 618 981 650 redditur,

194 662 240 696 qui
258 665 285 689 et
303 661 403 697 dignus
423 665 500 691 erat,
526 666 552 688 et
575 665 630 688 tam
654 661 701 689 Dei
725 662 880 694 voluntate,
901 671 983 698 quam

194 706 265 734 beati
282 705 430 734 Alexandri
447 705 577 740 suﬂ‘ragio
594 710 621 733 et
631 706 761 734 mandato
776 707 946 742 designatus.

231 851 296 878 Post
318 851 375 878 haec
397 851 566 879 Athanasius
584 852 619 880 ob
641 852 706 880 illud
725 852 933 882 Meletianorum
949 855 984 882 ab

196 896 317 923 Ecclesia
333 896 467 923 catholica
482 896 631 923 divortium
655 899 776 925 exerceri
802 898 984 934 amictarique

194 941 287 975 cmpit.
312 940 398 975 igitur
412 941 514 968 hortari
535 941 581 969 ille
597 949 628 969 ac
648 943 813 977 supplicare,
828 944 985 973 detrectan-

197 990 239 1014 tes
253 986 333 1021 723
351 994 446 1021 urgere
465 994 497 1013 ac
523 994 629 1022 cogere.
650 987 760 1016 Solebat
774 993 864 1024 autem
882 991 986 1019 vicinas

198 1031 346 1063 Ecclesias,
369 1040 468 1067 easque
483 1033 631 1066 praesertim
645 1041 705 1067 qum
715 1034 748 1060 ad
760 1034 934 1064 Mareotidem
948 1037 986 1063 la-

196 1085 259 1104 cum
278 1078 337 1105 sitae
355 1082 436 1108 sunt.
458 1078 586 1106 invisere.
614 1078 696 1107 Forte
714 1079 798 1114 igitur
816 1083 988 1116 congregatis

197 1122 363 1156 Meletianis,
376 1123 509 1152 diaconus
523 1124 633 1159 quidem
649 1133 682 1153 ex
697 1126 840 1154 Athanasii
856 1127 987 1154 comitatu

196 1177 259 1196 cum
277 1169 442 1204 quibusdam
458 1169 491 1198 de
504 1170 614 1205 populo,
631 1175 661 1198 ut
675 1171 746 1199 fama
762 1177 814 1205 est,
833 1173 989 1208 irrumpens

200 1213 342 1241 candelam
373 1215 443 1249 (vas
462 1214 529 1242 illud
554 1215 710 1251 quoddam)
738 1218 890 1253 confregit,
917 1219 990 1247 unde

196 1259 318 1294 jurgium
343 1267 375 1286 ac
395 1267 483 1295 pugna
507 1261 633 1288 conﬂata.
660 1261 729 1290 liinc
752 1264 883 1293 adversus
907 1265 991 1292 Atha-

199 1304 307 1331 nasium
336 1304 450 1332 occultae
474 1306 632 1334 molitiones
651 1306 816 1343 fraudesque
837 1310 989 1341 concitatae,

200 1348 396 1376 accusantibus
425 1349 595 1382 Meletianis,
623 1355 649 1379 et
674 1353 925 1388 calumniantibus,
957 1363 990 1383 ac

200 1393 317 1420 conﬁcta
332 1393 455 1429 quaedam
479 1395 688 1429 objicientibus,
709 1398 820 1426 Arianis
845 1408 908 1428 vero
925 1400 993 1427 alla-

201 1439 364 1468 borantibus
379 1443 407 1468 et
426 1441 539 1468 consilia
563 1444 830 1474 communicantibus
843 1467 850 1479 ,
880 1452 994 1482 propter

203 1483 312 1513 insitam
336 1485 364 1512 in
385 1485 565 1514 orthodoxam
591 1487 670 1516 ﬁdem
691 1489 833 1518 invidiam.
859 1491 931 1527 Ergo
953 1492 993 1520 illi

1033 253 1080 278 καὶ
1087 253 1111 278 οἱ
1126 252 1172 279 τοῦ
1182 252 1293 283 κανόνος
1307 252 1490 288 ἐμαρτύρουν,
1498 253 1544 280 καὶ
1554 253 1628 279 πᾶσα
1636 253 1653 287 ὴ
1661 253 1817 288 Ἐκκλησία,

1033 298 1098 324 λαϐό
1102 307 1176 333 μενοι
1187 298 1283 334 καιρὸν
1291 299 1315 324 οἱ
1324 298 1395 325 κατὰ
1402 298 1536 333 Μελήτιον
1545 298 1600 334 (59)
1615 299 1766 325 ἐπίσκοπον
1774 298 1819 333 τῆς

1032 344 1339 378 Αἱγύπτου,ὲπισκόπου
1353 344 1389 379 μὴ
1407 344 1536 379 παρόντος
1553 346 1604 379 τῆς
1619 344 1821 379 Ἀλεξανδρείας

1034 390 1075 424 (οὐ
1090 390 1143 425 γάρ
1161 398 1225 416 ποτε
1242 391 1258 425 ὴ
1281 389 1470 424 Ἀλεξάνδρεια
1486 389 1532 416 δύο
1554 389 1720 421 ἐπισκόπους
1735 390 1820 425 ἔσχεν,

1033 435 1070 466 ὡς
1085 436 1112 461 αἱ
1127 435 1204 462 ἄλλαι
1222 435 1325 469 πόλεις)
1336 442 1344 450 ·
1362 435 1510 461 καθιστῶσι
1520 435 1608 461 τοίνυν
1619 434 1680 462 ἀντὶ
1701 435 1823 468 Ἀλεξὰνο

1034 479 1097 513 δρου
1114 479 1222 506 Θεωνᾶν
1245 487 1307 506 τινα
1323 479 1446 514 ὀνόματι,
1461 479 1490 510 ὃς
1509 479 1597 514 μῆνας
1616 481 1686 514 τρεῖς
1709 481 1823 515 ποιήσαις

1034 523 1170 550 ἐτελεύτα.
1188 525 1242 551 Καὶ
1266 524 1432 559 παρεγένετο
1453 523 1609 557 Ἀθανάσιος
1633 526 1693 560 μετ’
1705 526 1738 552 οὐ
1758 525 1824 553 πολ)

1037 569 1105 605 μετὰ
1124 570 1172 605 τὴν
1186 570 1313 605 τελευτὴν
1332 570 1435 597 Θεωνᾶ.
1453 571 1509 597 Καὶ
1525 572 1557 597 ἐκ
1579 571 1747 606 πανταχόθεν
1763 580 1824 599 συν-

1035 615 1170 652 εκροτήθη
1187 614 1335 651 ὀρθοδόξων
1351 615 1467 648 σύνοδος.
1483 617 1538 643 Καὶ
1558 617 1644 649 οὕτως
1657 618 1825 650 κατάστασις

1034 660 1145 694 γέγονεν
1162 659 1256 690 αὑτοῦ,
1275 660 1321 686 καὶ
1334 659 1450 695 ἀπεδόθη
1467 660 1541 696 αὐτῷ
1555 662 1569 688 ὁ
1585 661 1678 696 θρόνος
1690 662 1731 697 τῷ
1747 661 1823 696 ἀξίῳ,

1035 707 1082 734 καὶ
1097 703 1118 740 ᾦ
1131 704 1165 741 ἦν
1178 706 1378 741 ἡτοιμασμένος
1398 706 1468 733 κατὰ
1477 707 1530 741 ,τὴν
1544 706 1611 733 Θεοῦ
1626 707 1764 742 βούλησιν,
1780 709 1824 735 καὶ

1035 752 1105 778 κατὰ
1127 752 1176 787 τὴν
1203 751 1338 787 μακαρίου
1362 751 1535 787 Ἀλεξάνδρου
1549 752 1707 788 μαρτυρίαν
1724 761 1754 779 τε
1781 754 1825 779 καὶ

1035 796 1153 832 ἐντολήν.

1077 842 1217 869 Ἐντεῦθεν
1230 842 1343 879 ἄρχεται
1369 841 1526 874 Ἀθανὰσιος
1541 842 1727 877 βιοφορεῖσθαί
1736 851 1767 869 τε
1781 843 1827 869 καὶ

1036 889 1178 916 λυπεῖσθαι
1194 889 1238 916 διὰ
1253 889 1298 915 τὸν
1315 888 1449 932 μερισμὸν
1468 889 1519 923 τῆς
1536 889 1710 923 Ἐκκλησίας,
1728 889 1784 915 τῶν
1799 897 1827 915 τε

1036 935 1212 971 Μελητιανῶν
1225 935 1271 962 καὶ
1285 935 1336 970 τῆς
1351 935 1498 970 καθολικῆς
1513 934 1685 970 Ἐκκλησίας.
1703 934 1826 966 Ἐπειθε,

1037 981 1199 1017 παρεκάλει,
1214 981 1260 1008 καὶ
1276 981 1326 1008 οὐκ
1340 981 1491 1016 ⁴ἠνείχοντο·
1512 980 1675 1015 ἠνάγκαζεν,
1692 980 1826 1013 ἐϐιάζετο.

1044 1028 1291 1064 Ἐπισκεπτόμενος
1305 1028 1334 1054 δὲ
1357 1027 1487 1059 πολλάκις
1501 1027 1604 1061 ἐγίνετο
1622 1026 1672 1058 τὰς
1695 1026 1829 1061 σύνεγγυς

1044 1074 1217 1109 Ἑκκλησίας,
1236 1073 1352 1109 μάλιστα
1367 1073 1416 1105 τὰς
1433 1072 1504 1100 κατὰ
1517 1072 1562 1099 τὸν
1575 1072 1754 1108 Μαραιώτην.
1777 1071 1831 1098 Καὶ

1040 1120 1105 1146 ποτὲ
1130 1119 1307 1156 Μελητιανῶν
1323 1120 1493 1153 συναγόντων
1517 1119 1627 1153 γέγονεν
1640 1119 1672 1145 ὲκ
1694 1118 1743 1145 τοῦ
1761 1118 1830 1152 πλή-

1040 1165 1103 1197 θους
1123 1164 1170 1191 τοῦ
1192 1165 1260 1200 μετὰ
1280 1164 1438 1192 Ἀθανάσιον
1455 1164 1599 1191 Ιδιάκονόν
1624 1172 1685 1191 τινα
1706 1163 1831 1190 ἐπεισελ-

1041 1209 1131 1241 θόντα,
1151 1209 1220 1244 μετὰ
1246 1209 1293 1236 καί
1311 1218 1392 1236 τινων
1407 1209 1460 1235 τῶν
1476 1209 1530 1236 ἀπὸ
1552 1208 1599 1236 τοῦ
1619 1209 1684 1236 λαοῦ
1699 1209 1831 1242 κατεάξαι

1041 1255 1175 1290 κανδῆλαν
1186 1254 1252 1290 (60),
1267 1255 1305 1286 ὡς
1321 1255 1377 1290 ἔχει
1392 1256 1406 1281 ὁ
1422 1255 1509 1289 λόγος,
1527 1255 1574 1282 καὶ
1592 1255 1683 1290 μάχην
1693 1254 1830 1289 γενέσθαι.

1048 1301 1187 1328 Ἐντεῦθεν
1205 1301 1308 1337 ὴ-κατὰ
1333 1301 1490 1328 Ἀθανασίου
1516 1301 1634 1336 συσκευὴ
1653 1301 1761 1336 γέγονε,
1778 1301 1833 1328 τῶν

1043 1347 1219 1382 Μελητιανῶν
1241 1346 1489 1382 κατηγορησάντων
1507 1346 1555 1373 καὶ
1571 1346 1834 1381 συκοφαντησάντιιη

1044 1392 1135 1424 αὐτὸν,
1153 1392 1234 1428 ἕτερα
1251 1392 1310 1419 ἀνθ’
1323 1391 1435 1428 ἑτέρων,
1459 1391 1606 1428 ’Δρειανῶν
1624 1391 1652 1418 δὲ
1668 1399 1835 1418 συνεσκευα-

1046 1439 1162 1473 σμένων,
1179 1438 1225 1464 καὶ
1239 1438 1435 1464 συνεπιδόντων
1449 1438 1572 1469 ἑαυτοὺς,
1585 1437 1630 1465 διὰ
1644 1437 1689 1464 τὸν
1703 1438 1771 1472 πρὸς
1785 1438 1835 1471 τὴν

1045 1483 1126 1517 ἁγίαν
1142 1483 1208 1510 Θεοῦ
1224 1483 1316 1510 πίστιν
1332 1484 1379 1510 καὶ
1402 1482 1554 1519 ὀρθοδοξίαν
1571 1483 1677 1518 φθόνον.
1694 1483 1751 1510 Καὶ
1767 1484 1835 1510 ἁνα-

204 1537 260 1558 rem
278 1531 312 1558 ad
336 1531 529 1566 imperatorem
550 1532 762 1563 Constantinum
777 1536 922 1565 deferunt:
942 1546 986 1566 cu-

1047 1529 1197 1556 κοινοῦνται
1211 1529 1250 1564 τῷ
1265 1529 1371 1564 βασιλεῖ
1386 1529 1592 1564 Κωνο-εαντίνῳ.
1607 1529 1737 1560 Εὐσέϐιος
1755 1529 1783 1556 δὲ
1800 1527 1836 1564 ἦν

203 1574 249 1609 jus
263 1576 346 1604 totius
359 1576 485 1605 factionis
499 1577 661 1607 administer
687 1587 720 1608 ac
739 1582 849 1610 satelles
863 1582 990 1612 Nicome<

205 1621 309 1648 diensis
324 1621 458 1650 Eusebius
477 1623 538 1656 fuit,
553 1631 584 1651 ac
601 1632 678 1653 noxa:
692 1626 764 1655 illius
781 1628 872 1656 omnis
883 1629 992 1663 artifex.

206 1674 266 1701 quae
285 1666 415 1695 Ecclesiae
437 1669 538 1703 pariter
562 1674 590 1698 et
614 1670 765 1700 Athanasio
781 1680 856 1709 papa:
880 1675 915 1703 ab
939 1675 994 1704 illis

205 1715 247 1738 est
262 1712 396 1740 conscita.
413 1713 596 1743 Accusatores
619 1715 711 1751 itaque
736 1717 928 1752 imperatorem
949 1720 995 1747 ad-

206 1761 301 1784 euntes
316 1765 364 1785 vas
378 1759 513 1792 quoddam
528 1764 559 1786 ut
580 1767 660 1788 usum
677 1761 832 1790 divinorum
849 1765 995 1800 mysterio-

207 1807 268 1826 rum
285 1800 401 1828 l'ractum
418 1802 597 1837 objiciebant.
613 1804 686 1839 quod
699 1806 858 1841 candelam,
873 1812 903 1835 ut
921 1809 993 1836 dixi-

207 1854 279 1878 mus,
294 1847 465 1889 appellavere
481 1849 614 1877 nonnulli.
628 1850 700 1883 Quin
715 1856 742 1878 et
758 1852 792 1879 de
808 1853 869 1880 aliis
885 1861 995 1889 quoque

205 1891 368 1919 criminibus
406 1898 587 1926 accusarunt,
623 1899 650 1922 et
675 1895 703 1923 in
723 1897 818 1931 primis
848 1898 993 1926 Arsenium

205 1936 349 1972 quemdam
367 1937 525 1966 Mareotidis
541 1939 732 1974 presbyterum
748 1942 782 1969 ab
795 1950 829 1970 eo
843 1943 993 1978 pulsatum,

206 1982 287 2017 cujus
306 1990 415 2010 manum
443 1984 478 2011 ab
502 1985 644 2013 Athanasii
667 1986 773 2015 fautore
799 1989 915 2023 populo,
937 1989 995 2018 sive

204 2029 321 2064 ipsomet
343 2030 435 2064 potius
454 2031 615 2065 Athanasio,
639 2032 792 2067 pr'ecisam,
816 2041 896 2069 quam
911 2035 994 2062 etiam

205 2075 238 2102 ad
255 2076 415 2102 comitatum
441 2076 513 2103 intra
535 2077 656 2105 arculam
671 2081 786 2104 delatam
807 2080 992 2107 ostentabant.

244 2117 308 2146 Vill.
321 2119 367 2147 His
377 2120 488 2152 auditis,
498 2120 645 2156 imperator
651 2122 825 2150 vehementer
836 2126 992 2157 excanduit,

203 2172 266 2191 cum
283 2164 376 2191 divino
396 2164 513 2199 quodam
535 2166 594 2194 zelo
617 2167 747 2201 majorem
774 2168 801 2195 in
817 2170 926 2197 modum
947 2170 994 2197 ila-

1044 1577 1058 1603 ὀ
1074 1575 1271 1612 προειρημένος
1280 1575 1330 1610 τῆς
1342 1575 1524 1611 Νικομηδείας
1535 1576 1550 1602 ὸ
1561 1574 1696 1609 ὑπουργὸς
1710 1575 1758 1602 τοῦ
1771 1584 1837 1602 παν-

1043 1621 1090 1653 τὸς
1105 1621 1194 1648 αὐτῶν
1220 1621 1401 1656 συστήματος,
1416 1621 1462 1647 καὶ¹
1486 1621 1673 1655 συσκευαστὴς
1694 1620 1745 1656 τῆς
1765 1621 1837 1648 κατὰ

1043 1666 1094 1702 τὴν
1115 1665 1277 1702 Ἐκκλησίαν
1293 1674 1323 1692 τε
1348 1666 1396 1693 καὶ
1414 1665 1459 1693 τδν
1478 1665 1572 1693 πάπαν
1601 1666 1761 1693 ’Δθανάσιον
1776 1666 1839 1701 βλά-

1046 1713 1105 1749 ϐης.
1122 1714 1153 1740 Οἱ
1166 1714 1313 1749 κατήγοροι
1328 1711 1375 1740 οὖν
1387 1713 1539 1749 προσῆλθον
1553 1714 1591 1749 τῷ
1606 1713 1721 1749 βασιλεί,
1738 1713 1838 1745 σκεῦός

1044 1767 1071 1785 τι
1093 1759 1250 1795 μυστηρίων
1276 1759 1401 1793 λέγοντες
1417 1756 1498 1791 εἶναι,
1517 1759 1585 1794 ὅπερ
1611 1758 1746 1794 κανδῆλαν
1763 1759 1837 1790 τινὲς

1045 1803 1159 1839 ἔφασαν,
1174 1805 1206 1840 ἢν
1223 1806 1363 1840 προεῖπον.
1381 1805 1465 1832 Ἀλλα
1482 1804 1512 1832 τέ
1526 1813 1587 1831 τινα
1604 1804 1774 1840 κατηγόρουν
1787 1804 1839 1838 φά-

1047 1859 1157 1882 σκοντες
1171 1850 1356 1887 πρεσϐύτερόν
1372 1859 1433 1878 τινα
1447 1850 1496 1877 τοῦ
1515 1849 1678 1886 Μαραιώτου
1698 1850 1838 1886 Ἀρσένιον

1045 1897 1241 1933 τετυπτῆσθαι,
1257 1898 1352 1924 τούτου
1368 1898 1395 1924 δὲ
1418 1897 1467 1933 τὴν
1479 1898 1559 1933 χεῖρα
1575 1896 1697 1932 μαχαίρᾳ
1708 1897 1764 1923 ὑπὸ
1782 1898 1838 1924 τῶν

1045 1944 1092 1970 τοῦ
1129 1944 1287 1970 Ἀθανασίου
1311 1943 1393 1977 λαῶν,
1422 1943 1512 1970 εῐτουν
1539 1942 1621 1970 αὐτοῦ
1656 1942 1836 1974 Ἀθανασίου,

1045 1989 1206 2025 τετμῆσθαι.
1231 1989 1412 2026 Ἑπεφέρυντο
1425 1988 1478 2024 γὰρ
1493 1988 1540 2015 καὶ
1556 1990 1635 2024 χεῖρα
1651 1989 1680 2015 ὲν
1693 1989 1733 2024 τῷ
1749 1997 1838 2025 κομη-

1044 2036 1129 2071 τάτῳ,
1143 2036 1192 2062 καὶ
1205 2035 1388 2068 ἐπεδείκνυον,
1401 2035 1463 2070 ἣτις
1474 2033 1508 2070 ἦν
1522 2035 1551 2061 ὲν
1567 2034 1764 2070 γλωσσοκόμῳ.

1083 2121 1124 2148 H'.
1143 2120 1236 2148 Ταῦτα
1246 2121 1261 2147 ὸ
1274 2120 1398 2156 βασιλεὺς
1409 2119 1540 2152 ἀκούσας,
1557 2118 1662 2154 αἴρεται
1676 2119 1727 2153 μὲν
1740 2120 1819 2155 θυμῷ
1829 2129 1835 2134 ·

1047 2165 1102 2201 εἶχε
1126 2166 1181 2201 γὰρ
1210 2165 1290 2201 ζῆλον
1309 2166 1398 2192 θεῖκδν
1419 2167 1433 2193 ὁ
1452 2165 1620 2201 μακαρίτης⁹
1643 2165 1674 2191 οὐ
1700 2165 1754 2202 μὴν
1767 2166 1835 2202 ᾔδει,

203 2214 306 2243 graret,
322 2217 372 2237 nec
386 2209 448 2237 illos
466 2211 682 2239 calumniatores
699 2220 761 2240 esse
775 2218 880 2246 nosset,
898 2220 944 2242 aut
959 2223 988 2243 eo

1044 2213 1084 2239 ὅτι
1096 2212 1262 2246 συκοφάνται
1271 2209 1351 2247 ἦσαν,
1362 2211 1395 2239 δι’
1403 2211 1432 2238 ὃν
1442 2212 1572 2247 προεῖπον
1580 2210 1658 2245 ζῆλον
1666 2211 1719 2238 τῶν
1735 2212 1838 2247 Ἀρεια-

204 2254 288 2281 livore
302 2254 377 2286 ferri,
394 2263 474 2290 quem
489 2256 606 2284 Arianos
620 2257 751 2286 adversus
764 2259 899 2288 sinceram
916 2261 995 2289 ﬁdem

204 2299 359 2333 suscepisse
380 2300 510 2328 diximus.
535 2301 620 2336 Igitur
637 2302 700 2338 Tyri
722 2304 748 2331 in
780 2303 910 2334 thnice
929 2314 995 2334 con-

204 2344 298 2371 vocari
324 2345 457 2379 synodum
476 2346 564 2380 jubet,
581 2348 661 2383 eique
673 2348 778 2382 judicio
795 2358 913 2385 praeesse
932 2359 995 2378 cum

205 2387 267 2414 aliis
284 2388 423 2416 nonnullis
445 2390 640 2419 Caesariensem
658 2392 818 2427 Eusebium,
833 2396 880 2430 qui
898 2404 994 2424 omnes

206 2432 234 2459 in
260 2432 424 2460 Arianorum
456 2433 647 2463 inanissimum
675 2438 773 2472 dogma
802 2441 994 2475 propensiores

204 2481 294 2505 crant.
321 2476 388 2504 Cum
408 2479 450 2506 his
465 2487 496 2506 ex
517 2481 651 2509 catholica
670 2482 779 2520 IEgypti
804 2485 944 2518 Ecclesia,
967 2490 994 2514 et

205 2523 357 2550 Athanasio
372 2524 506 2558 subjecta,
519 2526 638 2562 episcopi
652 2529 763 2563 quidam
779 2531 902 2558 advocati
915 2536 991 2564 sunt,

207 2569 330 2613 primarii
347 2569 458 2605 quidem
481 2579 513 2598 ac
530 2577 690 2607 praestantes
705 2575 773 2608 viri,
792 2581 872 2611 atque
886 2579 994 2614 egregia

243 2646 253 2663 ¹
269 2646 333 2674 Cor.
355 2647 524 2676 Ἀθανασίου.
563 2650 574 2666 ¹
589 2650 653 2678 Cor.
669 2652 904 2688 προσκεκλιμένοι.

245 2738 299 2777 (ξὶθ)
318 2742 350 2768 οι
364 2740 437 2777 κατὰ
448 2741 607 2775 Malm/or.
619 2740 777 2768 Meletianos
788 2741 932 2777 episcopos
948 2742 975 2769 in

206 2774 312 2811 tellige,
328 2783 381 2802 non
401 2774 548 2807 Hell-tium.
569 2776 615 2811 qui
636 2777 690 2810 jam
710 2784 725 2803 e
739 2774 812 2804 \‘ivis'
826 2774 991 2805 excesserat.

207 2807 349 2869 aanimi“
360 2811 481 2839 historia:
499 2807 643 2839 mendacio
654 2813 687 2838 ad
704 2815 862 2847 sequentem
876 2812 992 2840 haeresin

276 2851 316 2869 υτ.

276 2851 316 2870 ur.

1047 2257 1099 2284 νῶν
1116 2257 1187 2284 κατὰ
1199 2257 1247 2292 τῆς
1262 2257 1426 2292 ὸρθοδοξίας.
1442 2256 1556 2284 Κελεύει
1569 2256 1597 2283 δὲ
1616 2257 1836 2292 συγκροτηθῆναι

1048 2303 1156 2330 σύνοδον
1171 2303 1242 2330 κατὰ
1256 2303 1306 2338 τὴν
1321 2303 1448 2339 Φοινίκην
1461 2304 1490 2329 ὲν
1510 2303 1591 2338 Τύρῳ
1606 2304 1639 2338 τῇ
1653 2303 1740 2330 πόλει.
1760 2304 1836 2331 Ἐκέ-

1046 2349 1125 2375 λευσε
1138 2348 1167 2375 δὲ
1184 2348 1306 2381 δικάζειν
1322 2348 1451 2375 Εὐσέϐιον
1459 2348 1506 2375 τὸν
1521 2348 1700 2383 Καισαρείας.
1723 2349 1772 2375 καὶ
1790 2349 1837 2376 ἆλ-

1046 2394 1108 2425 λους
1121 2394 1207 2426 τινάς.
1221 2392 1311 2420 *Ησαν
1332 2394 1360 2420 δὲ
1377 2393 1611 2434 προσκεκλημένοι
1626 2394 1636 2409 ⁸
1651 2391 1723 2420 οὗτοι
1747 2395 1837 2426 ποσῶς

1049 2441 1149 2476 μᾶλλον
1166 2442 1198 2477 τῇ
1214 2441 1271 2468 τῶν
1291 2441 1437 2477 Ἀρειανῶν
1460 2440 1631 2476 χυδαιολογίᾳ
1641 2449 1648 2455 ·
1663 2440 1710 2467 καὶ
1725 2440 1840 2476 ἐκλήθη-

1049 2494 1097 2512 σαν
1114 2485 1257 2512 ὲπίσκοποι
1268 2486 1318 2521 τῆς
1333 2485 1471 2520 Αἰγύπτου
1486 2485 1536 2520 τῆς
1550 2484 1708 2520 καθολικῆς,
1723 2485 1772 2512 καὶ
1787 2485 1838 2512 ὑπὸ

1053 2533 1209 2560 Ἀθανάσιον
1222 2533 1374 2569 ἀκρέμονές
1386 2541 1458 2564 τινες
1484 2532 1580 2568 ἄνδρες
1593 2532 1639 2559 καὶ
1657 2532 1779 2567 μείζους,
1791 2532 1839 2558 καὶ

1047 2579 1076 2605 ἐν
1090 2579 1149 2614 Θεῷ
1166 2579 1272 2614 ἔχοντες
1285 2578 1402 2614 διαφανῆ
1415 2579 1461 2605 τὸν
1478 2578 1534 2614 βίον
1544 2586 1552 2594 ·
1570 2579 1598 2605 ἐν
1614 2576 1654 2610 οἷς
1668 2574 1705 2612 ἦν
1716 2579 1731 2604 ὁ
1750 2587 1837 2614 μακα-

1084 2741 1140 2776 (60)
1156 2741 1302 2774 Κατεάξαι
1327 2740 1494 2774 κανδῇλαν.
1522 2742 1652 2776 Qumnam
1679 2752 1711 2772 ea
1731 2753 1784 2773 vox
1803 2745 1838 2772 sit

1048 2777 1326 2815 nontlunineonipcri.
1343 2776 1456 2815 Certum
1469 2783 1522 2815 Vest
1547 2780 1679 2815 ποτήριον
1707 2780 1836 2815 μυστικὸν

1047 2812 1143 2875 aliis?
1161 2811 1228 2841 Vide
1242 2813 1342 2839 Athan.
1356 2812 1446 2846 ipsum
1468 2814 1495 2841 in
1512 2815 1600 2849 Apol.,
1611 2811 1834 2855 Theodoretum,

1116 2855 1122 2873 I
1143 2855 1166 2874 ιι.
