1929 3039
95 161 148 199 is:

400 169 585 198 ADVERSUS
605 168 775 197 IIERESES
795 168 859 196 LII}.
877 169 885 196 I

938 169 1012 197 ΓΟΜ.
1033 169 1064 198 II.
1077 187 1110 191 —
1124 169 1259 199 IIIERES.
1281 170 1397 199 LXVIII.

1679 172 1729 203 I98

91 227 175 262 ρίτης
191 226 326 261 Ποτάμων
342 227 357 253 ὁ
377 227 474 262 μέγας,
492 229 506 254 ὁ
521 228 571 262 τῆς
593 226 755 263 Ἡρακλείας
778 227 887 254 ἐπίσκο-

941 228 1001 255 vitm
1015 229 1161 256 sanctitate
1175 233 1201 256 et
1215 228 1346 264 religione
1365 229 1482 265 prmtliti,
1499 230 1569 258 inter
1584 237 1655 266 quos
1670 230 1731 259 feli-
1746 228 1749 231 λ

94 280 147 304 πος
164 273 212 299 καὶ
233 272 418 307 ὀμολογητὴς·
431 272 499 299 ἀλλὰ
519 274 566 299 καὶ
582 273 607 299 οἱ
628 272 682 298 τῶν
699 273 886 308 Μελητιανῶν,

96 318 215 353 μάλιστα
234 318 257 344 οί
274 317 321 344 τοῦ
342 317 502 345 Ἀθανασίου
516 318 742 353 κατηγοροῦντες,
761 318 888 354 Ζηλωτὴς

94 363 124 390 δὲ
139 363 177 390 ὣν
193 363 264 399 ὑπὲρ
279 363 409 398 ἀληθείας
423 363 469 390 καὶ
489 363 643 399 ὀρθοδοξίας
657 365 671 390 ὸ
691 364 888 400 προειρημένος

95 409 231 444 Ποτάμων
247 410 261 436 ὁ
275 409 444 444 μακαρίτης,
462 408 706 444 ἐλευθεροστομῶν,
720 410 748 441 ὃς
763 409 888 436 οὐδέποτε

93 454 191 489 εἴληφε
218 453 362 488 πρόσωπόν
388 461 476 484 τινος·
499 453 545 479 τὸν
571 453 778 490 ὀφθαλμὸν-γὰρ
804 455 832 480 ἐν
849 453 888 489 τῷ

93 498 208 534 ἄωγμῷ
227 498 271 525 διὰ
286 498 335 534 τὴν
357 498 485 534 ἀλήθειαν
509 497 668 534 ἐτυφλώθη·
690 499 821 534 ἑωρακὼς
841 499 888 526 τὸν

93 545 227 572 Εὐσέϐιον
242 543 424 579 καθεζόμενον
440 544 486 570 καὶ
497 543 650 576 δικάζοντα,
667 544 713 571 καὶ
732 544 888 571 Ἀθανάσιον

94 590 213 624 ἑστῶτα,
235 590 435 625 καταπονηθεὶς
454 591 487 625 τῇ
509 590 592 626 λύπῃ,
609 590 656 617 καὶ
677 590 826 626 δακρύσας,
844 587 887 616 οἷα

93 637 200 671 γίνεται
222 636 297 672 παρά
315 637 371 667 τοῖς
396 635 534 671 ἀληθέσιν,
558 635 719 662 ἀπετείνατο
744 636 820 671 φωνῇ
840 644 887 671 με.

93 682 166 718 γάλῃ
180 681 303 716 Etim-:6qu
315 680 400 715 λέγων
410 689 417 696 ν
430 681 466 707 Σὺ
479 680 592 717 καθέξει,
606 680 730 711 Εὑσὲϐιε,
747 681 794 707 καὶ
813 681 889 707 Ἀθα-

92 729 189 760 νάσιος
204 727 293 759 ἀθῶος
308 727 346 753 ὢν
361 726 436 762 παρά
449 725 496 753 σοῦ
519 727 658 762 κρίνεται;
671 726 719 758 Τίς
732 726 838 760 ἐνέγκοι
854 726 888 753 τὰ

92 774 221 806 rauim;
239 773 310 807 Λέγε
328 773 356 800 δέ
380 781 425 807 μοι
448 773 491 804 σὺ,
515 772 545 798 οὐ
565 773 614 799 σὺν
630 772 692 808 ἐμοὶ
707 770 778 808 ἦσθα
804 773 832 799 ὲν
853 773 886 808 τῇ

92 819 202 854 φυλακῇ
220 819 266 845 ἐπὶ
281 818 328 845 τοῦ
343 817 478 853 διωγμοῦς
495 818 582 852 Κάγὼ
603 819 652 853 μὲν
667 817 805 854 ὀφθαλμὸν
831 819 886 844 ἀπ-

91 864 232 899 εϐαλόμην
244 863 314 898 ὑπὲρ
332 861 460 897 ἀληθείας
470 869 478 877 '
493 863 526 889 σὺ
546 862 574 889 δὲ
596 861 656 888 οὕτε
674 862 756 898 φαίνῃ
770 862 888 897 λελωϐη-

939 274 979 301 eis
995 275 1142 303 Jnemoria:
1170 282 1286 310 magnus
1310 275 1355 302 ille
1380 275 1493 304 Potamo
1518 276 1570 304 fuit
1593 275 1730 304 Heraclea

938 320 1084 355 cpiscopus
1101 324 1128 348 et
1145 319 1299 348 confessor.
1315 321 1437 348 Aderant
1453 325 1480 349 et
1494 319 1630 349 Meletiani
1644 321 1730 349 Atha-

939 366 1007 393 nasii
1023 367 1174 400 praesertim
1190 369 1377 394 accusatores.
1395 367 1428 405 At
1445 367 1540 394 beatus
1556 367 1671 394 Potamn
1683 375 1730 394 ve-

938 411 1027 440 ritatis
1047 419 1079 439 ac
1088 415 1180 442 ,rectaa
1206 411 1266 440 fidei
1293 412 1391 440 ardore
1413 417 1544 446 mstuans,
1561 413 1603 439 vir
1622 420 1731 440 summa

938 454 1068 490 loquendi
1087 455 1225 488 libertate,
1242 456 1290 491 qui
1308 456 1392 484 nullis
1408 464 1526 492 unquam
1544 465 1667 492 persona:
1687 465 1732 483 νει--

937 500 1040 528 tionem
1054 501 1199 532 habuerat,
1218 506 1244 529 et
1270 509 1319 538 pro
1332 502 1455 530 veritatis
1470 501 1645 530 confessione
1664 502 1731 530 alte-

938 553 999 573 rum
1014 546 1042 573 in
1057 547 1246 581 persecutione
1262 547 1372 574 oculum
1388 547 1525 579 amiserat,
1543 547 1730 579 iskEusebium

942 590 1081 618 sedentem
1118 595 1145 618 et
1173 591 1516 625 jndicantemystantem
1551 592 1632 628 724
1665 600 1730 621 vero

938 636 1118 664 Athanasium
1144 637 1321 672 conspicatus
1336 638 1431 666 dolore
1446 638 1607 671 confectus,
1625 643 1652 665 et
1668 638 1729 666 illa-

938 689 1081 717 crymans,
1105 682 1258 716 cujusmodi
1284 683 1400 711 sinceris
1424 683 1561 711 mentibus
1584 683 1730 711 usuvenire

939 727 1017 755 solet.
1037 735 1135 762 magna
1151 735 1217 755 voce
1228 728 1360 757 adversus
1375 728 1521 757 Eusebium
1536 729 1659 756 invectus
1674 732 1726 757 est.

937 772 987 804 Et,
1012 772 1094 805 Tene,
1121 773 1217 808 inquit,
1243 773 1352 806 Eusebi,
1380 774 1475 802 sedere
1505 778 1531 802 et
1551 774 1724 801 innocentem

937 817 1117 845 Athanasium
1134 825 1148 844 a
1165 822 1191 845 te
1204 819 1340 854 iudicari?
1355 818 1423 851 Quis
1442 819 1493 846 ista
1508 819 1645 846 sustinere
1658 826 1723 853 pos-

939 863 992 890 sit?
1008 863 1074 897 Dic,
1095 864 1186 896 sodes,
1207 872 1298 891 nonne
1314 872 1421 892 mecum
1440 865 1640 900 persecutionis
1659 869 1729 892 tem-

92 910 177 945 μένον
197 918 225 936 τι
248 908 317 944 ἔχων
337 909 366 935 ἐν
389 908 429 944 τῷ
449 908 568 944 σώματι,
587 907 649 935 οὔτε
674 908 887 944 ἐμαρτύρησας·

939 917 1005 945 pore
1022 910 1048 938 in
1064 911 1189 938 custodia
1216 911 1310 939 fuisti?
1326 913 1415 947 Atque
1429 919 1479 947 ego
1493 911 1602 947 quidem
1618 911 1729 939 oculum

91 953 162 981 ἀλλὰ
187 954 305 989 ἕστηκας
335 953 390 986 ζῶν
418 953 502 989 μηδὲν
528 954 799 990 ὴκρωτηριασμένος.
824 953 887 984 Πῶς

91 999 272 1035 ἀνεχώρησας
295 999 348 1026 ἀπὸ
373 1000 423 1035 τῆς
445 999 579 1034 φυλακῆς,
595 1000 619 1026 εἰ
645 999 683 1035 μὴ
706 1000 747 1026 ὅτι
769 990 890 1034 ὑπέσχου.

91 1046 149 1077 τοῖς
169 1044 220 1080 τὴν
234 1045 357 1079 ἀνάγκην
373 1044 420 1071 τοῦ
444 1044 564 1079 διωγμοῦ
588 1045 654 1080 ἡμῖν
675 1045 837 1079 ἐπενέγκασι
857 1044 888 1071 τὸ

91 1090 223 1125 ἀθέμιτον
238 1089 350 1125 πρᾶξαι,
368 1089 384 1125 ἢ
400 1088 540 1125 ἐπραξας;
556 1089 649 1116 Ταῦτα
664 1089 784 1121 ἀκούσας
803 1089 888 1116 Εὐσέ-

92 1134 162 1166 ϐιος,
179 1134 287 1170 αἴρεται
305 1134 354 1169 μὲν
373 1135 412 1165 είς
428 1134 623 1169 ἀγανάκτησιν,
638 1134 685 1160 καὶ
697 1134 815 1165 ἀναστὰς
835 1134 889 1160 διέ-

91 1180 158 1207 λυσε
171 1180 203 1206 τὸ
219 1180 402 1215 δικαστήριον,
416 1179 511 1214 λέγων,
529 1180 570 1206 ὅτι
586 1180 618 1206 El
644 1179 761 1206 ἐνταῦθα
783 1180 887 1216 ἤλθετε,

92 1227 141 1253 καὶ
157 1226 226 1261 πρὸς
245 1227 317 1261 ἡμᾶς
330 1226 364 1252 τὰ
380 1225 492 1252 τοιαῦτα
510 1226 675 1260 ἀντιλέγετε,
689 1226 742 1262 ἄρα
758 1225 804 1253 οὖν
819 1226 888 1262 άλη-

93 1272 220 1299 θεύουσιν
232 1273 256 1298 οἱ
274 1272 421 1307 κατήγοροι
437 1272 524 1307 ὑμῶν.
540 1272 570 1298 Εἰ
586 1271 640 1307 γὰρ
655 1268 705 1298 ὧδε
718 1273 886 1307 τυραννεῖτε,

93 1317 185 1352 πολλῷ
202 1317 301 1352 μᾶλλον
316 1318 344 1343 ἐν
358 1316 390 1353 τῇ
407 1317 483 1352 ὑμῶν
500 1317 620 1351 πατρίδι.

938 962 987 990 pro
1002 955 1116 983 veritate
1136 957 1261 991 perdidi;
1280 961 1307 983 tu
1324 957 1398 983 nulla
1415 957 1541 991 corporis
1557 960 1633 991 parte
1649 955 1732 982 muti-

939 1000 1010 1027 Iatus
1024 1008 1064 1031 es,
1082 1008 1171 1036 neque
1185 1003 1347 1037 martyrium
1366 1002 1486 1034 subiisti,
1503 1002 1551 1029 sv-d
1566 1002 1644 1029 vivus
1659 1001 1730 1028 inte«

939 1054 1041 1081 gerque
1058 1047 1198 1075 consistis.
1214 1048 1337 1081 Quanam
1359 1049 1466 1076 ratione
1485 1056 1501 1075 e
1523 1048 1648 1075 custodia
1665 1054 1730 1074 ero-

939 1092 1021 1125 Iasii,
1047 1093 1100 1120 nisi
1126 1092 1199 1127 quod
1224 1094 1448 1128 persecutoribus
1467 1094 1570 1121 nostris
1593 1092 1729 1120 nefarium

940 1137 1047 1164 facinus
1060 1137 1245 1165 admissurum
1261 1145 1286 1166 te
1297 1146 1364 1166 'esse
1376 1139 1513 1173 recepisti,
1527 1138 1567 1166 vel
1583 1139 1664 1166 etiam
1679 1137 1729 1164 ad-

939 1178 1064 1208 misisti?
1079 1182 1142 1208 Haec
1163 1181 1300 1210 Eusebius
1315 1183 1430 1210 audiens
1451 1190 1615 1218 magnopere
1631 1182 1728 1214 doluit,

938 1231 965 1254 et
984 1231 1096 1262 repente
1112 1235 1228 1263 surgens
1245 1229 1392 1255 concilium
1413 1228 1533 1260 dimisit,
1549 1229 1640 1263 itaque
1655 1228 1730 1255 Iocu-

938 1276 983 1300 tus
1004 1277 1067 1300 est:
1088 1273 1115 1300 Si
1134 1274 1186 1300 huc
1211 1274 1372 1302 accedentes
1397 1277 1539 1309 tantopere
1563 1273 1643 1301 nobis
1662 1281 1730 1300 cou-

938 1318 1074 1346 tradicere
1097 1319 1212 1353 audetis,
1232 1328 1326 1348 verum
1347 1324 1388 1348 est
1416 1321 1540 1356 profecto
1553 1319 1625 1354 quod
1645 1317 1730 1346 vestri

95 1367 277 1390 accusatores
296 1362 439 1398 objiciunt.
460 1361 528 1389 Nam
541 1370 603 1389 cum
623 1362 674 1390 hoc
694 1361 722 1389 in
738 1361 797 1389 loco
811 1362 980 1397 tyrannidem
995 1363 1142 1398 quamdam
1169 1365 1330 1398 exerceatis,
1354 1365 1440 1392 multo
1466 1365 1492 1393 id
1512 1364 1599 1400 magis
1628 1363 1655 1390 in
1681 1369 1729 1397 pa-

94 1413 147 1440 tria
162 1417 254 1440 vestra
272 1411 372 1439 facitis.

129 1459 169 1486 8’.
187 1457 254 1485 Εἶτα
271 1458 447 1494 ἐπεχείρησεν
462 1457 594 1489 Εύσέὸιος
612 1457 658 1484 καὶ
674 1456 699 1483 οἱ
716 1455 774 1492 μετ’
787 1455 886 1482 αὐτοῦ’

974 1452 1021 1481 IX.
1045 1452 1093 1481 His
1107 1453 1159 1482 hoc
1175 1454 1256 1482 modo
1272 1455 1426 1487 transactis,
1439 1455 1511 1482 aliud
1536 1455 1664 1490 quiddam
1676 1454 1732 1483 Eu-

94 1504 143 1531 καὶ
154 1504 349 1537 ἀποστέλλουσι
363 1503 409 1530 δύο
424 1502 500 1534 τινὰς
513 1502 567 1530 τῶν
585 1503 639 1530 ἀπὸ
655 1502 807 1529 Παννονίων
826 1502 886 1528 ἐπι-

95 1549 205 1576 σκόπων
228 1549 262 1576 τά
287 1550 392 1584 Ἀρείου
414 1549 589 1586 φρονοῦντας,
614 1548 765 1584 Οὺρσάκιόν
784 1556 814 1574 τε
839 1547 886 1574 καὶ

94 1595 245 1628 οὺάλεντα,
261 1595 301 1627 είς
315 1604 344 1622 τε
359 1596 409 1631 τὴν
429 1595 632 1630 Ἀλεξάνδρειαν
651 1594 697 1621 καὶ
711 1592 886 1629 Μαραιὼτην,

93 1641 159 1669 ἔνθα
174 1642 267 1676 ἐλεγον
281 1641 445 1678 γεγενῆσθαι
460 1641 494 1667 τὰ
510 1641 697 1677 προειρημένα
710 1639 756 1667 τοῦ
773 1639 888 1671 σκεύους

93 1686 144 1714 καὶ
158 1686 212 1713 τῶν
228 1685 315 1714 ἄλλων
335 1685 506 1721 πραγμάτων
521 1685 570 1720 τῆς
590 1685 688 1720 μάχης.
707 1684 738 1710 Oi
760 1683 788 1710 δὲ
804 1682 888 1709 ἀπελ-

94 1732 188 1764 θόντες
211 1733 262 1760 οὐκ
283 1733 374 1758 ἐκεῖνα
402 1731 555 1766 ἀνήνεγκαν
578 1729 628 1756 ὅσα
649 1727 682 1765 ἦν
704 1728 802 1764 ἀληθῆ,
829 1727 885 1755 ἀλλ’

93 1779 179 1814 lupa
193 1778 250 1805 ἀνθ’
265 1777 365 1814 ἑτέρων
380 1777 642 1812 παραχωρήσαντες,
655 1774 803 1810 ἐψεύσαντο
813 1782 820 1789 ·
839 1773 889 1800 καὶ

93 1824 319 1859 ἐσυκοφάντησαν
330 1823 375 1850 τὸν
389 1823 542 1857 μακαρίτην
549 1822 642 1848 πάπαν
659 1820 826 1848 Ἀθανάσιον.
834 1820 889 1846 Κά-

94 1872 175 1898 κεϊνα
182 1870 210 1896 δὲ
218 1870 255 1901 ὼς
262 1869 349 1904 ἀληθῆ
359 1869 423 1896 ὄντα
431 1868 599 1903 πλασάμενοι
609 1867 753 1901 ἐγγράφως
761 1865 888 1900 ἐνέγκαν-

94 1925 141 1948 τες
159 1916 291 1950 ἀνέφερον
313 1915 359 1942 ἐπὶ
378 1914 426 1950 τὴν
441 1913 548 1941 σύνοδον
562 1913 607 1940 τὸν
628 1912 692 1949 περὶ
704 1911 832 1939 Εὑσέὸιον
842 1911 889 1938 καὶ

94 1962 159 1993 τοὺς
169 1961 177 1976 ¹
186 1961 281 1992 ἄλλους
289 1960 327 1992 ὡς
338 1959 492 1996 εἰσύστερον
501 1958 604 1991 ἔδειξαν
616 1956 808 1993 μετανοοῦντες
817 1956 853 1984 Οὐ
858 1965 887 1991 ρ-

96 2007 191 2038 σάκιος
202 2007 248 2033 καὶ
260 2005 376 2041 Οὐάλης,
396 2004 465 2040 μετὰ.
487 2004 614 2031 λιῦέλλων
637 2002 830 2039 προσελθόντες
849 2002 888 2038 τῷ

97 2052 239 2089 μακαρίτῃ
257 2051 358 2086 Ἰουλίῳ
384 2050 422 2086 τῷ
438 2050 579 2085 ὲπισκόπῳ
604 2048 723 2084 Ῥώμης,
750 2049 889 2083 ὑπεραπο-

95 2098 256 2133 λογούμενοι
271 2097 319 2123 τοῦ
334 2096 423 2123 αὐτῶν
437 2096 608 2131 σφάλματος·
624 2095 665 2121 ὄτι
690 2094 889 2129 Ἐσυκοφαντή-

942 1499 1035 1526 sebius
1053 1506 1116 1526 cum
1141 1500 1200 1528 suis
1227 1500 1395 1535 aggreditur.
1420 1499 1488 1526 Nam
1510 1500 1581 1528 duos
1598 1501 1731 1535 quosdam

936 1541 1088 1570 Pannoniae
1121 1544 1261 1579 episcopis
1290 1544 1345 1571 Arii
1372 1544 1514 1576 asseclas,
1533 1543 1672 1572 Ursatium
1704 1548 1732 1572 et

936 1586 1078 1615 Valentem
1094 1589 1291 1616 Alexandriam
1313 1593 1339 1616 et
1358 1589 1385 1616 in
1409 1588 1584 1617 Mareotidem
1607 1590 1730 1622 mittunt,

938 1633 984 1661 ubi
1005 1634 1161 1669 superiores
1178 1641 1274 1662 omnes
1305 1634 1367 1661 illas
1384 1634 1500 1667 turbas,
1523 1634 1670 1669 jurgiaque
1696 1635 1732 1662 ob

936 1688 986 1708 vas
1000 1681 1144 1713 violatum,
1161 1684 1188 1708 et
1214 1680 1266 1707 alia
1288 1680 1314 1706 id
1330 1687 1417 1715 genus
1435 1679 1571 1707 accidisse
1593 1688 1732 1708 memora-

937 1725 1012 1753 bant.
1029 1725 1069 1752 Illi
1086 1725 1222 1760 legatione
1238 1733 1288 1752 sua
1306 1724 1392 1752 functi
1408 1733 1464 1752 rem
1481 1732 1537 1752 non
1564 1725 1670 1752 sincere
1690 1726 1731 1752 uti

938 1778 968 1798 se
990 1771 1132 1803 habuerat,
1154 1770 1202 1798 sed
1218 1770 1287 1797 falsa
1300 1770 1425 1805 quaedam
1449 1774 1476 1797 et
1492 1770 1607 1797 conﬁcta
1624 1770 1732 1798 detule-

938 1820 1019 1849 runt;
1036 1816 1121 1843 multa
1146 1815 1280 1843 adversus
1296 1815 1406 1843 beatum
1432 1822 1529 1850 papam
1549 1815 1731 1843 Athanasium

939 1862 1054 1890 subdole
1069 1865 1096 1889 et
1110 1860 1280 1888 calumniose
1295 1859 1460 1892 commenti,
1477 1868 1538 1895 qua:
1549 1860 1657 1894 quidem
1680 1866 1732 1894 pro

939 1907 1012 1935 veris
1027 1911 1054 1934 et
1069 1905 1217 1941 compertis
1241 1905 1268 1933 in
1289 1909 1349 1932 acta
1369 1905 1522 1932 referentes
1550 1905 1577 1931 in
1596 1904 1731 1940 synodum

939 1954 972 1980 ad
991 1953 1139 1981 Eusebium
1151 1956 1178 1980 et
1192 1951 1264 1979 alios
1280 1950 1416 1978 deferunt.
1437 1951 1467 1978 Id
1482 1951 1555 1986 quod
1581 1950 1683 1979 Ursatii
1703 1955 1732 1977 et

939 1998 1064 2026 Valentis
1089 1996 1263 2025 confessione
1286 2000 1381 2031 postea
1400 1996 1570 2024 declaratum
1590 2001 1649 2028 est,
1668 2004 1730 2023 cum

939 2043 1101 2079 pmnitentia
1124 2041 1200 2069 ducti
1226 2040 1300 2068 Julio
1324 2040 1449 2069 Romano
1476 2041 1599 2077 pontitici
1623 2041 1732 2068 libellos

939 2089 1110 2122 obtulerunt,
1127 2087 1228 2123 quibus
1250 2095 1371 2115 errorem
1396 2095 1477 2115 suum
1501 2086 1729 2121 deprecabantur.

98 2131 187 2179 σαμεν
204 2143 250 2170 τὸν
271 2142 366 2169 πάπαν
385 2142 542 2168 Ἀθανάσιον
553 2149 560 2156 '
578 2140 648 2167 ἀλλὰ
668 2139 742 2172 δέξαι
756 2140 829 2174 ἡμᾶς
847 2140 886 2170 είς

938 2134 1121 2165 Calumniam,
1137 2133 1308 2168 inquiebant,
1322 2138 1419 2160 contra
1436 2139 1534 2167 papam
1548 2131 1730 2159 Athanasium

95 2190 241 2218 κοινωνίαν
256 2189 303 2216 καὶ
317 2189 356 2220 είς
375 2188 528 2224 μετάνοιαν.
546 2187 602 2214 Καὶ
625 2186 692 2221 πρὸς
706 2185 786 2212 αὑτὸν
799 2185 826 2211 δὲ
842 2185 888 2212 τὸν

103 2236 261 2263 Ἀθανὰσιον
277 2236 337 2266 ταῖς
353 2234 442 2260 αὐτῶν
455 2234 605 2269 ἐχρήσαντο
617 2232 766 2268 ἐγγράφοις
782 2231 825 2258 διὰ
838 2240 888 2266 με-

96 2282 207 2313 τανοίας
223 2281 394 2307 συστάσεσιν.
418 2279 550 2315 Ὀρῶντος
568 2279 597 2305 δέ
612 2277 659 2304 τοῦ
674 2277 752 2304 πάπα
775 2275 888 2303 Ἀθανα-

98 2327 156 2354 σιου
169 2326 245 2357 ὄντος
259 2326 287 2352 ἐν
300 2326 334 2360 τῇ
349 2325 430 2360 Τύρῳ
445 2324 556 2359 βαρεῖαν
570 2323 619 2359 τὴν
638 2323 698 2349 τότε
712 2321 845 2356 συσκευὴν
856 2322 888 2348 ἐκ

97 2370 277 2405 πανταχόθεν,
296 2369 378 2404 πρινὴ
403 2368 533 2396 εἰσελθεῖν
555 2368 595 2400 είς
613 2368 644 2394 τὸ
664 2366 849 2402 δικαστήριον,
869 2366 885 2401 ἢ

97 2419 138 2449 εις
155 2417 300 2452 πρόσωπον
321 2415 356 2442 τὰ
381 2414 620 2450 συκοφαντούμενα
636 2413 666 2447 ἐξ
689 2412 881 2440 ἀντικαταστά-

97 2471 168 2493 σεως
182 2462 307 2496 γένηται,
321 2460 428 2496 νύκτωρ
448 2459 639 2495 ἀναχωρήσας,
661 2458 803 2494 ἀνέρχεται
817 2458 886 2494 πρὸς

97 2508 304 2534 Κωνσταντῖνον
315 2507 355 2538 εἰς
369 2506 400 2532 τὸ
410 2506 574 2541 κομητᾶτον,
590 2505 636 2532 καὶ
646 2504 795 2540 προσφέρει
812 2502 887 2539 αὐτῷ

96 2555 130 2581 τὰ
147 2554 208 2581 κατ’
224 2553 305 2580 αὑτὸν
319 2552 514 2579 ἀναδιδάσκων.
535 2552 564 2577 '0
578 2550 616 2584 δὲ,
629 2550 668 2577 ἐτι
687 2549 759 2585 λύπῃ
770 2549 888 2585 φερόμε-

97 2609 152 2631 νος,
169 2600 217 2626 καὶ
228 2598 345 2634 νομίζων
361 2599 398 2634 μή
411 2606 449 2633 πη
470 2597 524 2633 ἄρα
539 2596 716 2632 ἀληθεύουσιν
726 2595 750 2622 οἱ
769 2603 887 2630 κατηγο-

100 2647 244 2681 ρήσαντες,
257 2644 383 2680 ψεύδεται
404 2644 433 2670 δὲ
448 2644 463 2670 ὁ
485 2641 711 2677 ἀπολογούμενος,
734 2641 773 2668 ἐτι
796 2640 890 2676 ἐχαλέ·

99 2700 188 2719 παινε.
204 2690 418 2722 Χαλεπαίνοντος
434 2689 461 2716 δὲ
480 2688 573 2720 αὑτοῦ,
585 2689 599 2715 ό
620 2687 714 2719 πάπας
734 2686 891 2717 ’Δθανάσιος

99 2738 176 2772 λόγον
192 2737 278 2773 βαρὺν
294 2736 333 2772 τῷ
347 2735 451 2772 βασιλεῖ
473 2734 636 2766 ἐπετείνετο,
652 2733 690 2765 ὡς
713 2732 754 2759 ὅτι
780 2731 892 2758 Δικάσει

101 2784 202 2821 Κύριος
218 2783 353 2818 ἀναμέσον
369 2780 436 2817 ἐμοῦ
451 2780 498 2808 καὶ
511 2779 567 2812 σοῦ,
582 2779 660 2806 ὁποῖα
675 2778 722 2805 καὶ
734 2775 815 2808 αὐτὸς
828 2783 893 2811 ouu-

139 2869 149 2887 ί
161 2870 194 2899 F.
207 2870 269 2899 τῶν.

942 2181 1111 2211 struximus;
1136 2183 1164 2205 tu
1183 2185 1247 2205 vero
1267 2177 1300 2205 ad
1317 2177 1537 2204 communionem
1554 2180 1580 2204 et
1596 2177 1730 2211 paeniten-

941 2227 1007 2254 tiam
1029 2233 1080 2252 nos
1097 2224 1222 2252 admitte.
1239 2223 1296 2250 Imo
1309 2228 1336 2251 et
1350 2222 1421 2257 apud
1442 2223 1532 2257 ipsum
1548 2223 1729 2249 Athanasium

940 2272 1036 2299 eadem
1051 2271 1078 2297 in
1095 2270 1199 2304 scripto
1215 2268 1417 2303 supplicatione
1436 2267 1478 2295 usi
1494 2271 1568 2294 sunt.
1585 2266 1658 2294 Inter
1671 2267 1730 2294 haec

940 2316 1107 2344 Athanasius
1129 2322 1191 2342 cum
1207 2313 1278 2349 apud
1294 2313 1396 2348 Tyrum
1412 2320 1522 2348 gravem
1537 2319 1569 2339 ac
1584 2305 1731 2340 vehemen-

941 2367 994 2391 tem
1010 2362 1080 2390 hanc
1090 2360 1322 2396 conspirationem
1336 2366 1398 2387 esse
1413 2362 1548 2393 cerneret,
1568 2358 1730 2394 priusquam

940 2409 968 2436 in
979 2407 1114 2444 judicium
1130 2406 1262 2442 prodiret,
1277 2409 1323 2432 aut
1340 2412 1437 2433 omnes
1455 2404 1515 2432 ista:
1527 2404 1672 2432 calumnia:
1685 2411 1730 2431 co-

940 2462 998 2482 ram
1013 2453 1076 2484 sibi,
1092 2458 1119 2480 et
1136 2460 1169 2480 ex
1185 2451 1300 2479 adverso
1317 2450 1513 2485 obiicerentur,
1529 2449 1562 2477 de
1579 2453 1657 2477 nocte
1670 2448 1728 2477 dis-

940 2498 1041 2527 cedens
1062 2498 1089 2524 in
1113 2497 1274 2524 comitatum
1298 2495 1332 2523 ad
1352 2494 1562 2522 Constantinum
1589 2497 1728 2529 properat,

940 2545 1029 2580 deque
1055 2547 1112 2571 tota
1140 2551 1170 2571 re
1195 2542 1340 2570 certiorem
1371 2541 1447 2568 illum
1471 2540 1548 2568 facit.
1579 2540 1729 2575 Imperator

941 2591 1031 2618 adhuc
1044 2589 1139 2617 dolore
1154 2588 1235 2624 725
1248 2591 1403 2616 commotus
1413 2608 1421 2620 ,
1436 2593 1469 2614 ac
1481 2593 1545 2614 vera
1561 2593 1622 2613 esse
1635 2584 1728 2619 suspi-

939 2640 1030 2668 catus,
1043 2643 1104 2671 quaa
1117 2639 1293 2662 accusatores
1311 2636 1523 2669 proposuerant,
1539 2629 1648 2657 mentiri
1664 2636 1729 2656 vero

939 2686 1100 2710 accusatum
1116 2680 1310 2712 Athanasium,
1323 2678 1392 2706 nihil
1405 2678 1441 2706 de
1453 2676 1596 2705 iracundia
1612 2675 1730 2702 remitte-

940 2728 998 2756 bat.
1015 2728 1094 2762 Quod
1116 2727 1215 2756 videns
1236 2725 1404 2754 Athanasius
1429 2723 1485 2752 acri
1506 2722 1583 2750 illum
1604 2721 1730 2749 oratione

941 2773 1103 2810 perstrinxit
1117 2781 1125 2801 :
1145 2773 1182 2802 De
1199 2776 1236 2806 te,
1256 2771 1357 2807 inquit,
1373 2777 1405 2798 ac
1422 2777 1466 2798 me
1482 2767 1619 2804 iudicabit
1637 2766 1728 2795 Domi-
