1929 3039
185 149 236 178 199

186 215 248 240 nus,
262 205 334 241 quod
350 208 378 232 et
397 205 454 240 ipse
471 201 671 230 mediocritatis
691 208 758 228 mea:
772 201 978 228 calumniatori-
992 204 1014 232 Α

186 252 238 280 bus
256 250 426 279 assentiaris.
443 247 545 275 Deinde
560 246 634 273 datis
651 253 666 272 a
686 245 793 281 synodo
809 244 843 271 ad
860 245 977 279 impera-

186 300 274 323 torem
298 294 399 321 litteris
424 292 451 319 in
483 291 611 318 exsilium
640 290 777 325 relegatur
798 289 977 316 Athanasius.

186 342 295 369 Absens
311 339 411 375 quippe
424 337 566 372 depositus
581 341 634 369 est,
646 344 709 363 cum
720 336 754 363 ad
769 340 869 363 cetera
882 342 979 362 recens

187 388 233 414 illa
248 385 379 421 principis
398 383 565 411 accessisset
581 382 706 410 otTensio.
722 381 872 409 Duodecim
887 381 980 416 itaque

186 434 228 461 vel
246 432 376 460 tredecim
391 429 513 457 armisin
527 429 603 456 Italia
619 428 730 457 mansit.

221 521 257 549 Χ.
284 520 341 548 Sub
355 521 430 551 haec,
447 523 478 546 ut
493 519 628 554 frequenti
647 517 788 546 hominum
805 524 915 545 rumore
937 516 980 543 tli-

187 569 328 603 vulgatum
342 571 393 599 est,
403 565 536 594 Arsenius
556 565 611 596 ille,
622 564 668 599 qui
681 563 786 599 pridem
802 571 817 590 a
834 562 982 590 calumnia-

189 613 295 640 toribus
313 611 385 638 inter
403 614 527 638 mortuos
546 609 753 640 numerabatur,
770 608 870 643 cuique
885 615 982 643 ampu-

189 663 246 685 tata
270 665 368 685 manus
394 656 537 684 dicebatur
549 675 557 688 ,
575 655 603 682 in
618 654 720 682 Arabia
737 658 863 689 repertus
889 657 940 681 est.
957 653 983 681 Is

189 703 262 730 enim
292 702 442 729 Athanasio
459 721 467 734 ,
495 709 558 728 cum
584 701 611 727 in
643 700 740 728 exsilio
770 699 860 726 adhuc
888 703 982 730 esset,

189 749 312 784 seipsum
336 747 467 783 prodidit.
494 746 581 779 Quem
601 745 646 774 ille
661 745 749 778 clam,
768 748 798 772 ut
815 744 982 779 accepimus,

195 794 376 826 arcessitum,
405 801 468 820 mox
489 797 518 819 ut
535 791 661 823 advenit,
690 797 783 818 coram
796 789 944 818 Constante
957 792 985 816 et

190 841 355 868 Constantio
371 839 545 867 Constantini
563 838 637 869 ﬁliis.
654 838 700 873 qui
720 842 775 865 tum
800 836 870 864 forte
883 843 983 864 conve-

192 889 299 916 nerant.
309 886 412 916 vivum,
423 889 450 912 et
465 884 558 911 ambas
572 891 670 911 manus
683 883 827 910 habentem
842 882 982 917 produxit.
999 873 1021 902 Β

192 931 252 965 Quo
269 931 341 958 tacto
363 938 448 966 penes
465 933 643 957 accusatores
658 936 713 956 non
731 928 811 956 modo
830 928 984 961 calumnias,

193 977 241 1004 sed
266 977 348 1004 etiam
375 976 410 1004 ob
433 976 622 1004 circumlatam
648 975 722 1003 illam
746 975 846 1002 mortui
875 982 986 1002 manum

194 1023 300 1050 violata;
315 1023 505 1058 sepulcrorum
529 1022 670 1058 religionis
689 1021 794 1048 crimen
811 1020 930 1053 resedit;
955 1028 987 1048 ac

192 1068 325 1102 deinceps
343 1068 439 1102 ingens
456 1067 530 1095 risus
546 1075 579 1095 ex
607 1067 655 1095 tali
676 1070 806 1101 tantaque
831 1065 923 1093 fabula
935 1085 943 1098 ,
960 1069 987 1093 et

194 1115 340 1142 admiratio
350 1118 510 1141 consecuta.
522 1113 617 1149 Neque
631 1113 698 1141 satis
713 1112 906 1145 conveniebat,
920 1112 987 1147 quid

193 1162 227 1190 de
251 1163 464 1190 accusatoribus
479 1184 486 1196 ,
507 1167 555 1190 aut
582 1170 630 1190 reo
659 1162 718 1197 ipso
733 1181 741 1194 ,
767 1161 854 1196 deque
880 1161 987 1189 caeteris

194 1207 324 1234 omnibus
340 1207 486 1235 dicendum
517 1207 666 1235 videretur.
684 1207 751 1240 Quae
779 1206 803 1234 si
829 1206 987 1241 singillatim

195 1260 309 1280 narrare
324 1253 454 1286 voluero,
482 1253 633 1287 longiorem
654 1252 808 1280 orationem
834 1252 986 1279 instituam.

195 1297 261 1325 Post
273 1297 448 1325 Constantini
476 1298 598 1330 obitum,
615 1298 782 1326 Athanasius
809 1297 857 1332 qui
880 1305 988 1325 summa

196 1344 223 1370 in
250 1344 372 1371 omnium
398 1344 564 1372 auctoritate
592 1349 619 1372 et
643 1344 749 1379 gratia,
765 1350 798 1371 ac
825 1351 881 1371 non
907 1343 988 1371 modo

195 1389 288 1416 Romae
302 1410 310 1423 ,
329 1389 376 1417 sed
398 1393 426 1416 et
453 1389 538 1416 Italia:
563 1389 647 1416 totius
661 1408 669 1421 ,
686 1388 740 1415 imo
759 1391 787 1415 et
813 1387 989 1423 imperatoris

194 1434 313 1469 ejusque
339 1433 489 1462 liberorum
507 1434 666 1462 Constantis
683 1440 717 1461 ac
742 1432 919 1460 Constantini
941 1440 990 1468 ap-

195 1480 361 1516 probatione
377 1479 503 1511 ﬂorebat,
532 1479 567 1507 ab
586 1479 630 1507 his
650 1478 758 1507 duobus
777 1478 990 1511 imperatoribus

196 1529 259 1560 post
273 1529 388 1553 mortem
406 1524 528 1560 parentis
543 1524 571 1552 in
586 1523 736 1560 Egyptum
755 1523 920 1554 remittitur.
945 1530 990 1551 as-

198 1573 332 1599 sentiente
346 1571 508 1598 Constantio
520 1591 528 1605 ,
543 1571 590 1606 qui
608 1575 666 1598 tum
682 1570 835 1597 Antiochiae
858 1569 989 1597 versaba—

197 1619 252 1641 tur.
269 1614 356 1649 Cujus
372 1615 411 1642 rei
427 1614 526 1643 seriem
541 1622 576 1642 ex
596 1615 678 1642 trium
696 1615 892 1649 imperatorum
918 1614 989 1643 datis

197 1659 232 1687 ad
248 1659 462 1692 Alexandrinos,
488 1663 515 1687 et
530 1659 710 1688 Athanasium
726 1660 816 1695 ipsum
835 1659 935 1687 litteris
947 1659 991 1687 di-

197 1705 325 1733 dicimus.
345 1705 384 1733 lta
397 1705 442 1733 ille
457 1705 516 1733 sedi
531 1713 588 1733 suae
601 1705 747 1734 restitutus
763 1708 816 1736 est,
833 1710 895 1740 post
909 1705 991 1740 726

197 1752 359 1787 Gregorium
370 1771 377 1784 .
394 1759 476 1787 quem
499 1751 636 1779 exsulanti
653 1751 804 1779 Athanasio
822 1751 917 1778 Ariani
931 1750 990 1778 suf-

198 1797 332 1825 fecerant.

198 1846 277 1881 πάπᾳ
291 1845 456 1880 Ἀθανασίῳ·
473 1845 521 1871 καὶ
539 1845 682 1876 καθέζεται
704 1844 786 1871 πάλιν
806 1845 846 1876 εἰς
863 1845 911 1871 τὸν
933 1844 1027 1880 θρόνον

890 141 919 169 S.
941 140 1115 169 EPIPﬂAXll

1768 138 1829 166 ΞΟ

1029 201 1127 234 φωνεῖς
1141 200 1197 231 τοῖς
1215 198 1414 233 συκοφαντοῦσι
1428 198 1475 233 τὴν
1493 198 1630 234 ἡμετέραν
1645 197 1828 234 μετριότητι.

1036 245 1175 273 Ἐντεῦθεν
1196 244 1340 280 συμῢαὶνει
1355 243 1436 271 αὐτὸν
1449 243 1542 279 ὲξορίᾳ
1560 245 1707 271 ὑποπεσεῖν
1727 244 1780 270 ἀπό
1791 252 1830 270 τε

1029 290 1083 317 τῶν
1097 290 1258 326 γραφέντων
1272 290 1325 316 ἀπὸ
1339 290 1389 326 τῆς
1405 289 1514 316 συνόδου
1535 289 1573 324 τῷ
1591 288 1705 324 βασιλεῖ.
1727 290 1831 316 Ἀπου-

1029 344 1076 368 τος
1096 336 1150 373 γὰρ
1164 336 1248 363 αὑτοῦ
1273 335 1433 370 καθαίρεσιν
1457 335 1596 362 ποιοῦνται
1614 334 1710 367 αὐτοῦ,
1728 335 1775 362 καὶ
1794 334 1833 366 ἐξ

1029 378 1067 408 ὧν
1081 382 1096 408 ὸ
1113 382 1241 417 βασιλεὺς
1257 381 1436 417 παροξυνθεὶς
1449 381 1517 417 πρὸς
1528 381 1609 408 αὑτὸν
1622 381 1758 408 ἐλυπεῖτο.
1771 382 1832 407 Καὶ

1033 428 1109 463 μένει
1126 429 1156 454 ἐν
1182 429 1238 459 τοῖς
1264 428 1360 463 μέρεσι
1390 428 1440 460 τῆς
1460 427 1574 458 Ἰταλίας
1600 427 1656 462 (61)
1680 427 1727 453 ἐπὶ
1754 427 1833 454 ἔτεσι

1031 473 1117 500 πλείω
1129 473 1232 500 δώδεκα
1245 474 1261 509 ἢ
1276 473 1473 510 δεκατέσσαρα.

1067 520 1095 546 l'.
1123 519 1210 550 Πολὺς
1226 519 1255 545 δὲ
1281 519 1430 555 μετέπειτα
1444 519 1536 555 ᾄδεται
1559 518 1647 553 λόγος,
1676 519 1714 550 ὡς
1733 519 1835 554 ’Δρσὲ-

1032 574 1087 598 νιος
1104 566 1118 592 ό
1132 565 1216 593 πάλαι
1236 565 1266 593 ὲν
1287 565 1416 593 τεθνεῶσι
1441 565 1516 601 παρὰ
1531 565 1707 600 συκοφαντῶν
1724 573 1835 599 καταγ-

1032 611 1202 647 γελλόμενος,
1220 611 1268 638 καὶ
1279 612 1329 647 τὴν
1345 613 1424 647 χεῖρα
1444 611 1596 647 τετμῆσθαι
1613 610 1769 646 λεγόμενος,
1785 610 1836 637 εὓ-

1035 665 1115 693 ρηται
1128 657 1157 684 ὲν
1170 658 1226 689 τοῖς
1240 657 1338 692 μέρεσι
1352 657 1401 692 τῆς
1415 657 1556 693 Ἀραὸἶας.
1568 657 1624 684 Καὶ
1642 657 1681 688 ὡς
1698 657 1834 692 ἀνήγγει-

1034 704 1079 731 λεν
1102 703 1197 731 έαυτδν
1215 703 1283 735 ὅλως
1304 704 1318 729 ὁ
1343 703 1479 740 ’Λρσένιος
1504 703 1542 739 τῷ
1570 703 1649 739 πάι-τᾳ
1674 702 1835 737 Ἀθανασίῳ

1034 750 1091 778 Βντι
1108 752 1138 777 ὲν
1149 752 1182 786 τῇ
1201 750 1303 786 ὲξορίᾳ,
1319 751 1366 777 καὶ
1382 750 1430 777 τοῦ
1445 751 1522 778 πάπα
1533 750 1695 777 Ἀθανασίου
1716 749 1835 784 λεληθό-

1035 804 1089 828 τως
1101 795 1181 822 αὐτὸν
1200 795 1458 831 μεταστειλαμένου,
1476 795 1514 827 ὡς
1529 796 1546 830 ἡ
1566 795 1607 826 εὶς
1625 794 1700 830 ἡμᾶς
1715 792 1836 820 ἐλθοῦσα

1036 841 1114 877 φήμη
1130 841 1263 877 περιέχει,
1283 842 1331 868 καὶ
1346 841 1428 868 αὐτοῦ
1446 841 1585 876 Ἀρσενίου
1605 841 1673 876 πρὸς
1688 839 1736 867 τὸν
1750 839 1835 866 αὐτὸν

1037 888 1192 923 μακαρίτην
1206 887 1366 915 ’Δθανάσιον
1383 887 1541 923 γενομένου,
1558 886 1627 922 ὁμοῦ
1649 894 1679 913 τε
1707 886 1756 912 ἐπὶ
1777 886 1837 916 τοῖς

1036 932 1102 968 περὶ
1113 932 1245 960 Κώνσταν
1260 933 1308 960 καὶ
1324 932 1509 960 Κωνστάντιον
1525 933 1582 964 τοῖς
1602 932 1670 963 υίοῐς
1686 931 1838 958 Κώνσταν-

1036 978 1109 1005 τίνου
1126 979 1282 1014 γενομένοις
1296 979 1365 1015 ἃμα,
1386 980 1401 1006 ὁ
1428 979 1477 1015 μὲν
1491 977 1649 1010 Ἀθανάσιος
1665 978 1710 1004 τὸν
1735 977 1836 1013 Ἀρσέ-

1036 1031 1092 1049 νιον
1105 1023 1224 1049 ἐδείκνυε
1240 1022 1330 1055 ζῶντά
1347 1031 1387 1057 τε,
1400 1023 1447 1050 καὶ
1461 1022 1508 1049 δύο
1519 1024 1613 1059 χεῖρας
1631 1022 1737 1058 ἔχοντα.
1749 1022 1839 1048 Συκο-

1038 1069 1152 1104 φαντίας
1173 1078 1203 1096 τε
1219 1069 1313 1096 λοιπον
1334 1070 1358 1096 οἱ
1381 1070 1528 1105 κατήγοροι
1550 1069 1629 1096 αἴτιοι
1648 1068 1678 1095 οὐ
1695 1067 1777 1103 μόνον
1790 1067 1838 1093 εὑο

1039 1115 1173 1151 ρίσκοντο,
1188 1114 1255 1141 ἀλλὰ
1276 1114 1325 1141 καὶ
1348 1113 1542 1150 τυμὸωρυχίας
1564 1113 1608 1140 διὰ
1630 1113 1678 1149 τήν
1695 1121 1762 1140 ποτε
1781 1121 1837 1139 πε-

1038 1160 1220 1196 ριφερομένην
1242 1160 1342 1196 νεκρὰν
1365 1161 1453 1196 χεῖρα.
1474 1159 1615 1187 Ἐντεῦθεν
1638 1159 1669 1186 τὸ
1699 1159 1750 1194 μὲν
1780 1160 1838 1185 πᾶν

1038 1206 1142 1239 γελοῖον
1158 1204 1203 1242 ἦν,
1221 1206 1269 1233 καὶ
1284 1205 1414 1242 ἔκπληξις
1427 1205 1474 1233 τοῦ
1489 1205 1612 1233 τοιούτου
1637 1205 1683 1231 καὶ
1703 1204 1838 1231 τοσούτου

1038 1252 1320 1287 δραματουργήματος
1342 1252 1390 1279 καὶ
1411 1252 1529 1288 ἀπορίας
1552 1252 1572 1285 ⁸,
1588 1251 1619 1278 τὸ
1641 1250 1682 1282 τίς
1702 1250 1738 1278 ἂν
1762 1252 1839 1278 εἴποι

1040 1297 1103 1333 περί
1120 1306 1149 1324 τε
1164 1297 1218 1324 τῶν
1232 1297 1490 1334 κατηγορησάντων,
1507 1296 1571 1333 περι
1595 1305 1625 1323 τε
1646 1295 1694 1323 τοῦ
1717 1305 1839 1332 κατηγοο

1041 1343 1183 1379 ρουμένου,
1209 1343 1274 1379 περί
1301 1352 1331 1369 τε
1357 1343 1412 1370 τῶν
1439 1343 1526 1370 ἄλλων
1554 1342 1673 1375 πάντων,
1697 1338 1736 1370 ὧν
1763 1341 1839 1369 κατὰ

1041 1389 1124 1425 μέρος
1137 1390 1223 1416 εἰπεῖν
1243 1389 1326 1416 πολὺν
1347 1389 1479 1416 ἀναλώσω
1495 1389 1599 1425 χρόνον.
1615 1389 1839 1424 Τελευτήσαντος

1039 1434 1067 1461 δὲ
1090 1435 1312 1468 Κωνσταντίνου,
1336 1435 1383 1462 τοῦ
1409 1436 1489 1462 πάπα
1513 1435 1672 1462 ’Δθανασίου
1696 1436 1726 1461 ὲν
1750 1435 1837 1470 πολλῇ

1040 1481 1182 1517 παρρησίᾳ
1198 1481 1246 1507 καὶ
1269 1481 1453 1516 εὐδοκιμήσει,
1471 1481 1519 1508 καὶ
1538 1479 1660 1513 δεξιώσει
1679 1480 1793 1516 Ῥώμης
1807 1489 1839 1507 τε

1041 1525 1088 1552 καὶ
1109 1517 1198 1561 τέάσης
1215 1526 1344 1558 Ἰταλίας,
1374 1525 1421 1553 καλ¹
1446 1525 1514 1561 πρὸς
1539 1525 1621 1553 αὑτὸν
1641 1526 1687 1552 τὸν
1711 1525 1837 1560 βασιλέα,

1041 1571 1087 1598 καὶ
1102 1572 1165 1602 τοὺς
1178 1571 1261 1598 αὑτοῦ
1280 1571 1378 1603 παῖδας
1399 1571 1590 1599 Κωνστάντιον
1602 1571 1649 1599 καὶ
1665 1571 1801 1598 Κώνσταν
1815 1573 1838 1603 ¹,

1041 1615 1278 1643 ἀποστέλλεταιὲκ
1296 1616 1350 1643 τῶν
1368 1615 1416 1643 δύο
1427 1614 1558 1650 βασιλέων
1577 1615 1646 1650 μετὰ
1656 1615 1706 1651 τὴν
1721 1614 1770 1642 τοῦ
1786 1623 1839 1650 με-

1040 1662 1124 1696 γάλου
1135 1661 1340 1689 Κωνσταντίνου
1354 1661 1492 1697 τελευτὴν,
1509 1661 1682 1688 Κωνσαντίου
1693 1661 1774 1693 δντος
1789 1662 1840 1688 ἐπὶ

1041 1707 1090 1742 τῆς
1111 1707 1287 1742 Ἀντιοχείας,
1312 1706 1359 1733 καὶ
1381 1706 1603 1738 συνευδοκοῦντος
1624 1706 1696 1733 ἰδίων
1711 1706 1722 1722 ³
1735 1714 1767 1732 τε
1788 1706 1838 1734 καὶ

1041 1753 1188 1788 ἐγγράφων
1216 1752 1383 1779 ἑπιστολῶνο
1411 1752 1489 1788 παρὰ
1509 1752 1564 1779 τῶν
1589 1752 1673 1788 τριῶν
1700 1751 1837 1787 βασιλέων

1042 1797 1164 1833 ἔγνωμεν
1177 1797 1333 1833 γραφεισῶν
1348 1799 1404 1829 τοῖς
1416 1797 1619 1834 Ἀλεξανδρεῦσι
1636 1797 1683 1824 καὶ
1704 1797 1781 1833 αὐτῷ
1797 1797 1838 1832 τῷ

1050 1846 1119 1881 μετὰ
1142 1846 1188 1872 τὸν
1209 1845 1397 1882 διαδεξάμενον
1422 1845 1503 1888 αὑτὸν
1532 1845 1585 1872 ὑπὸ
1614 1845 1668 1872 τῶν
1687 1845 1839 1881 ’Δρειανῶν

197 1891 358 1926 πεμφθέντα
374 1890 534 1925 Γρηγόριον,
552 1890 597 1916 ὅτε
613 1887 647 1924 ἦν
666 1890 696 1915 ὲν
719 1890 752 1924 τῇ
770 1889 863 1925 agam
879 1889 1051 1924 Ἀθανάσιος.

235 1935 280 1962 XI.
298 1935 352 1963 Sed
374 1943 484 1962 rursum
506 1942 583 1961 novze
599 1934 638 1961 illi
655 1934 743 1962 turbas
767 1941 799 1961 ac
815 1935 961 1963 calumnias
974 1943 990 1963 a

200 1981 341 2016 Stephano
356 1981 471 2015 ejusque
496 1980 610 2008 asseclis
628 1979 907 2015 apud‘Constantium
925 1989 992 2009 con-

199 2025 280 2058 ﬂate,
296 2025 397 2060 quibus
410 2025 501 2052 denuo
515 2025 550 2052 (le
563 2025 628 2052 sede
637 2031 689 2052 sua
704 2025 800 2059 pulsus
813 2029 866 2053 est.
882 2026 994 2054 lterum-

200 2080 254 2108 que
268 2071 401 2098 Leontius
414 2071 559 2098 eunuchus
573 2070 650 2097 illum
663 2078 726 2097 cum
744 2070 803 2098 suis
822 2071 874 2098 alia
890 2071 994 2098 machi-

201 2119 313 2146 natione
330 2117 448 2153 pcreulit
459 2137 467 2149 ,
483 2124 532 2152 per
548 2123 630 2151 quam
649 2116 753 2151 ejectus
769 2136 776 2149 ,
792 2124 824 2144 ac
838 2116 936 2144 deinde
948 2124 993 2144 re-

1072 1937 1123 1964 lA'.
1138 1937 1222 1964 Πάλιν
1234 1937 1262 1964 δὲ
1276 1936 1477 1973 συνεσκευάσθη
1491 1937 1560 1973 πρὸς
1577 1937 1767 1965 Κωνστάντιον
1781 1938 1839 1965 ἀπὸ

1043 1982 1098 2009 τῶν
1122 1983 1186 2018 περὶ
1211 1982 1356 2017 Σκτέφανον,
1385 1983 1431 2009 καὶ
1454 1981 1590 2017 ἐξεώσθη·
1614 1982 1662 2009 καὶ
1685 1983 1838 2017 μετέπειτα

1045 2027 1127 2054 πάλιν
1144 2027 1345 2063 συνεσκευάσθη
1358 2027 1412 2054 ἀπὸ
1424 2027 1479 2054 τῶν
1494 2027 1559 2063 περὶ
1575 2027 1698 2054 Λεόντιον
1711 2028 1757 2055 τὸν
1769 2029 1837 2055 ἁπό-

1046 2082 1141 2106 κοπον,
1155 2074 1202 2100 καὶ
1227 2074 1289 2106 τοὺς
1308 2074 1367 2109 ἅμα
1388 2074 1491 2106 αὺτοῖς.
1507 2073 1603 2100 Ἔνθεν
1628 2074 1733 2108 ἐγίνετο
1757 2075 1839 2102 ιῢτδν

1048 2119 1235 2151 ἔκὸἀλλεσθαι,
1254 2119 1301 2146 καὶ
1322 2120 1403 2146 πάλιν
1423 2120 1607 2156 εἰσφέρεσθαι.
1627 2119 1764 2156 Γεώργιος
1783 2121 1838 2156 γὰρ

200 2166 314 2193 stitutus
339 2168 404 2196 est;
425 2170 488 2190 nam
522 2170 585 2189 cum
610 2161 745 2197 Georgius
772 2169 788 2188 a
814 2162 988 2190 Constantinc

1047 2165 1100 2191 ὕπὸ
1113 2165 1301 2191 Κωνσταντίου
1322 2165 1526 2199 ἀποστέλλεται,
1544 2166 1591 2192 καὶ
1606 2165 1744 2201 ὑποχωρεῖ
1761 2166 1839 2193 Ἀθα-

201 2211 304 2239 missus
318 2213 410 2243 esset,
431 2208 602 2236 Athanasius
628 2207 691 2243 fuga
708 2215 738 2235 se
756 2207 913 2236 subduceris
941 2208 988 2235 ali-

1046 2211 1146 2243 νάσιος,
1171 2210 1282 2246 κρυὸεὶς
1303 2211 1398 2247 χρόνον
1418 2211 1488 2243 τινὰ,
1514 2211 1566 2243 ἕως
1585 2212 1629 2238 ὅτε
1657 2212 1671 2237 ὁ
1700 2212 1838 2248 Γεώργιος

200 2257 323 2292 quandiu
339 2255 467 2287 delituit,
485 2255 573 2282 donec
589 2253 725 2289 Georgius
749 2253 910 2282 interfectus
929 2258 971 2283 est
986 2264 992 2281 :

200 2309 257 2336 quo
282 2306 403 2336 tempore
426 2300 553 2328 Julianus
578 2299 750 2336 imperabat,
773 2300 819 2335 qui
837 2304 899 2336 post
921 2300 994 2328 Con-

202 2346 299 2373 stantii
316 2345 420 2372 obitum
445 2345 478 2372 ad
497 2345 640 2381 gentilium
660 2346 884 2381 superstitionem
903 2346 995 2374 desci-

202 2397 291 2421 verat.
318 2392 425 2420 Etenim
444 2391 623 2419 Alexandrini
641 2391 788 2428 Georgium
810 2396 901 2420 vetere
918 2391 945 2419 in
962 2392 995 2419 il-

204 2440 260 2466 ium
281 2438 344 2466 odio
364 2442 513 2473 concepto,
529 2438 652 2465 occisum
674 2441 905 2469 concremarunt,
920 2437 995 2472 ejus-

202 2493 258 2521 que
283 2485 390 2513 cineres
414 2485 442 2512 in
467 2488 564 2513 ventos
583 2489 755 2520 sparserunt.
772 2482 870 2511 Postea
884 2483 994 2511 Juliano

204 2533 232 2559 in
247 2531 361 2560 Perside
382 2536 501 2564 mortuo,
519 2530 652 2560 Iovianus
671 2531 760 2559 felicis
777 2529 913 2557 memoriae
929 2537 993 2557 sue-

202 2579 297 2607 ccssit.
311 2578 362 2611 Qui
378 2578 677 2611 honoriﬁcentissimis,
692 2577 810 2612 fideique
825 2575 993 2611 plenissimis

1046 2256 1181 2293 ἀνῃρέθη·
1206 2257 1236 2282 ὲν
1259 2253 1281 2290 ᾧ
1306 2257 1393 2293 χρόνῳ
1421 2257 1594 2284 ἐϐασίλευσεν
1618 2258 1771 2290 Ἰουλιανὸς,
1791 2261 1838 2286 καὶ

1047 2303 1087 2334 εἰς
1109 2301 1284 2337 Ἐλληνισμὸν
1312 2302 1417 2338 ἐτράπη
1443 2303 1513 2338 μετὰ
1533 2303 1582 2338 τὴν
1606 2303 1736 2340 τελευτὴν
1762 2305 1838 2331 Κων-

1048 2347 1182 2374 σταντίου·
1202 2347 1397 2383 ’Δλεξανδρέων
1416 2347 1470 2384 γὰρ
1495 2349 1576 2384 μῆνιν
1597 2350 1778 2384 τηρησάντων
1800 2350 1838 2385 τῷ

1047 2392 1186 2429 Γεωργίῳ,
1210 2393 1302 2420 τοῦτον
1327 2394 1508 2427 ἀπέκτειναν,
1531 2395 1579 2421 καὶ
1600 2394 1769 2427 καύσαντες,
1793 2397 1837 2422 καὶ

1047 2439 1150 2474 τέφραν
1165 2439 1335 2474 ποιήσαντες,
1353 2440 1393 2471 είς
1418 2440 1534 2475 ἀνέμους
1555 2440 1730 2476 ὲσκόρπισαν.
1758 2441 1837 2468 Ἀπο-

1048 2485 1171 2517 θανόντος
1180 2486 1208 2512 δὲ
1220 2485 1266 2512 τοῦ
1281 2486 1424 2512 Ἰουλιανοῦ
1437 2486 1466 2513 ὲν
1477 2487 1509 2522 τῇ
1522 2487 1642 2522 Περσίδι,
1655 2487 1702 2513 καὶ
1715 2487 1836 2521 διαδεξα-

1048 2532 1129 2566 μένου
1150 2531 1180 2558 τδ
1205 2531 1339 2566 βασίλειον
1358 2531 1486 2559 Ἰοὸιανοῦ
1508 2532 1555 2559 τοῦ
1580 2533 1746 2569 μακαρίτου,
1770 2533 1836 2569 pars

1047 2577 1146 2612 πολλῆς
1168 2577 1263 2612 τιμῆς,
1282 2577 1329 2604 καὶ
1350 2577 1514 2611 ἀξιοπίστων
1531 2579 1701 2613 γραμμάτων
1715 2579 1835 2615 γράψαν-

241 2650 247 2665 ¹
263 2647 295 2676 F.
310 2647 422 2684 ἀπορία.
458 2648 468 2663 ³
485 2647 516 2675 ι’.
533 2647 737 2675 Κωνσταντίνον
750 2645 949 2679 Κωνστάντιον,
964 2654 988 2674 κς

1044 2645 1151 2674 κώνσταν
1167 2655 1174 2680 ;
1190 2646 1239 2674 sed
1259 2647 1317 2675 haec
1329 2652 1468 2682 corrupta.
1506 2646 1516 2662 ³
1528 2645 1558 2673 F.
1576 2646 1614 2678 ὡς
1627 2645 1657 2678 ἐξ
1669 2646 1703 2674 ιδ.

240 2726 297 2763 (61)
314 2727 366 2754 Καὶ
376 2727 459 2762 μένει
477 2726 512 2753 ἐν
525 2726 587 2758 τοῖς
604 2725 775 2763 μέρεσιλτῆς
790 2725 924 2763 Ἰταλίας,
941 2724 993 2753 Ne-

203 2760 258 2798 que
278 2763 343 2789 illud
360 2760 453 2789 verum
469 2766 522 2792 est.
549 2765 590 2788 tot
608 2769 695 2788 annos
710 2761 737 2789 in
750 2760 845 2788 Galliis
859 2761 992 2794 hmsisse;

206 2797 262 2825 non
290 2797 362 2824 enim
392 2798 510 2832 amplius
538 2804 624 2832 quam,
648 2803 793 2832 annosﬂn,
823 2803 932 2832 mens_es
949 2803 991 2832 tv,

204 2831 350 2861 exsulavit.
365 2836 394 2858 ut
409 2830 522 2859 testatur
534 2830 878 2860 Theodoretus.VideAnn.
891 2830 992 2858 Ercles.

196 2867 317 2902 ‘au.558.
333 2866 445 2902 lieliqua
463 2867 631 2894 narrationis
648 2866 740 2902 hujus,
755 2874 815 2902 quae
829 2866 992 2902 insequenti

1047 2733 1162 2753 numero
1188 2725 1260 2752 haud
1276 2725 1384 2753 sincera
1401 2729 1476 2756 sunt,
1494 2724 1623 2752 Historiis
1640 2725 1834 2753 ecclesiasticis

1047 2764 1074 2787 et
1092 2760 1239 2787 Annalibus
1268 2760 1429 2788 Baronianis
1450 2761 1510 2787 luce
1534 2760 1652 2787 clariora
1679 2765 1756 2788 sunt.
1771 2760 1835 2793 Qua

1048 2799 1076 2822 tu
1091 2795 1166 2822 illinc
1179 2799 1296 2830 repetes.
1313 2795 1372 2822 Sub
1392 2795 1573 2822 Constantino
1592 2796 1758 2830 imperatore
1773 2800 1834 2822 ante

1046 2829 1241 2867 relegationem
1266 2830 1422 2867 Athanasii,
1440 2829 1549 2860 Arsenii
1579 2830 1677 2858 drama
1710 2830 1835 2867 contigit,

1046 2873 1101 2894 non
1119 2869 1180 2901 post
1198 2866 1272 2894 illius
1290 2866 1405 2893 obitum.
