1929 3039
111 164 161 192 2m

481 162 667 191 ADVERSUS
685 160 854 189 "IERESES
873 160 893 187 L

955 160 986 188 II.
1007 161 1090 190 TUM.
1111 163 1188 191 l|.—
1207 162 1343 191 HéERES.
1362 163 1455 191 LXIX.

1684 162 1737 193 ειη

109 231 157 254 τος
176 221 216 258 τῷ
230 221 373 257 ὲπισκόπῳ
392 221 557 256 Ἀθανασίῳ,
575 222 622 248 καὶ
639 220 895 257 μετάστειλαμένου⁴

955 220 1052 250 litteris
1065 221 1099 249 ad
1114 222 1294 250 Athanasium
1311 222 1431 257 scriptis,
1444 222 1477 249 ad
1499 229 1560 250 sese
1573 221 1648 249 illum
1673 229 1738 249 evo-

110 267 350 303 περιπτυξαμένου
367 275 396 293 τε
409 267 502 300 αὑτὸν,
518 267 565 294 καὶ
574 268 785 300 ἀποστείλαντος
801 268 841 298 είς
854 267 899 294 τὸν

111 314 179 340 ἴδιον
189 313 300 348 θρόνον,
321 312 401 339 πάλιν
416 312 606 349 ἀπολαϐούσης
625 314 675 348 τῆς
692 314 773 348 ἁγίας
789 313 899 348 Ἐκκλη-

111 359 173 390 σίας
187 359 233 386 τὸν
246 359 405 389 ἐπίσκοπον.
423 359 470 385 καὶ
485 358 551 393 πρὸς
562 359 652 393 ὀλίγον
665 359 898 394 παρακληθείσης,

107 404 321 439 τελευτήσαντος
339 404 387 430 τοῦ
402 403 541 436 Ίοϐιανοῦ,
562 404 592 431 ἐν
606 406 662 436 τοῖς
681 405 772 436 αὐτοῖς
792 405 871 431 πάλιν
885 406 899 431 ὁ

111 450 248 486 μακάριος
264 449 422 482 Ἀθανάσιος
437 450 579 484 διωγμοῖς,
597 450 645 478 ml.
661 452 780 486 φήμαις,
795 452 840 478 καὶ
851 460 897 477 τα-

111 497 210 531 ραχαῖς
219 495 343 531 ἐφέρετο.
355 495 392 522 οὺ
409 495 462 531 μὴν
474 496 528 522 ἀπὸ
545 495 594 531 τῆς
608 496 772 531 Ἐκκλησίας
789 496 835 522 καὶ
851 496 898 522 τοῦ

110 541 207 577 θρόνου
237 541 415 577 μετεκινήθη·
443 541 642 577 Ἀλεξανδρέων
670 541 699 568 δὲ
727 541 897 577 πρεσϐευσα-

111 588 203 622 μένων
217 588 287 623 ὐπὲρ
298 588 397 618 αὑτοῦ.
417 587 464 614 καὶ
479 587 569 622 πάσης
586 589 637 623 τῆς
658 587 761 619 πόλεως
780 587 897 620 ἀξιωσά-
915 622 918 624 _

110 641 174 668 σης,
186 633 256 668 μετὰ
269 634 278 648 ¹
291 633 336 659 τὸν
348 632 472 665 Λούκιον,
486 633 534 660 καὶ
546 633 592 659 τὸν
606 633 653 659 νῦν
662 633 691 660 ‘A
697 633 801 667 ρειανδν
815 642 898 660 κατα-

110 679 243 714 σταθῆναι
253 679 300 705 ὲπὶ
315 678 404 714 ξένης,
414 678 485 713 τάχα
502 679 531 705 δὲ
543 679 553 694 ¹
568 678 727 714 Ἀντιοχείᾳ,
743 668 790 705 καί
800 679 898 705 πο).λὰ-

109 734 155 757 κις
171 725 401 761 παρακαλέσαντα
421 725 467 751 τὸν
490 724 601 760 βασιλέα
621 726 758 753 Οὐάλεντα
779 726 898 753 ἀποστα-

108 771 190 806 λῆναι
207 773 246 801 είς
256 771 302 797 τὸν
311 772 360 806 τῆς
373 771 576 806 Ἀλεξανδρείας
589 771 692 807 θρόνον,
708 772 753 798 καὶ
763 771 844 799 αὐτοῦ
854 771 897 798 διὰ

107 818 160 853 τὴν
178 817 232 844 τῶν
244 817 318 843 λαῶν
333 817 453 852 ταραχὴν
472 818 509 853 μὴ
534 817 706 853 βουληθέντος
719 809 804 845 ταύτὸν
818 817 898 850 ἐξεῶ-

109 871 166 890 σαι.
183 859 273 898 Πέρας
289 862 315 896 τ’
329 860 385 894 οὖν,
396 863 439 889 ὅτε
456 863 583 890 ἐτελεύτα
594 865 608 890 ὁ
620 864 712 895 πάντας
727 863 895 896 ’Λθανάσιος,

953 273 1039 300 cans,
1067 273 1129 302 post
1151 268 1364 296 humanissimos
1399 268 1559 304 complexus
1585 268 1619 296 ad
1644 267 1738 295 sedem

952 319 1029 339 suam
1043 312 1157 341 dimisit.
1176 314 1214 341 Ita
1230 319 1324 342 saneta
1338 314 1471 346 Ecclesia,
1487 314 1617 349 episcopo
1628 321 1679 341 suo
1692 320 1738 340 rc-

952 362 1042 392 eepto,
1058 358 1182 386 nonnihil
1197 359 1286 386 solatii
1304 359 1408 386 habuit.
1436 357 1536 386 Verum
1564 361 1672 385 mortuo
1687 356 1736 384 Jo-

953 403 1045 435 viano,
1063 403 1159 431 iisdem
1175 413 1285 432 rursum
1301 404 1470 432 Athanasius
1488 404 1628 439 periculis,
1642 410 1674 430 ac
1689 411 1736 430 ru—

953 449 1075 476 ncnribus
1095 455 1121 476 et
1136 450 1225 478 turbis
1241 450 1394 477 conﬂictari
1415 451 1507 485 coepit.
1523 450 1686 485 Quanquam
1702 449 1737 476 de

953 493 1072 521 lii-clesia
1089 502 1121 522 ac
1148 495 1212 523 sede
1236 503 1286 522 sua
1313 495 1424 522 minimc
1450 495 1574 529 dejectus
1590 498 1640 522 est.
1667 493 1736 521 Nam

951 539 1200 568 Alexandrinorum
1215 541 1312 568 civitas
1330 541 1457 568 universa
1471 541 1604 576 publicam
1623 547 1672 575 pro
1690 540 1737 566 illo

952 585 1114 620 legationem
1131 594 1163 614 ac
1188 587 1418 622 supplicationem
1442 583 1579 619 decrevit;
1609 593 1670 613 cum
1698 586 1738 612 in-

952 632 1029 658 lcrim
1052 630 1155 660 Lucius
1182 640 1215 660 ex
1236 633 1337 660 Ariana
1365 632 1502 664 factione,
1528 632 1573 667 qui
1603 631 1736 666 hodieque

951 675 1043 708 sedet,
1068 677 1211 711 peregrina
1241 677 1269 704 in
1294 677 1405 712 regione
1426 683 1473 708 ac,
1488 676 1540 703 nisi
1563 675 1658 708 fallor,
1680 675 1736 701 An-

950 720 1058 748 tiochia:
1077 726 1185 750 creatus
1202 723 1349 757 episcopus
1362 743 1369 756 ,
1394 722 1507 749 multum
1527 721 1600 756 apud
1619 721 1735 755 impera-

950 770 1036 793 torem
1055 765 1193 794 Valentem
1210 768 1326 795 instaret
1339 787 1346 799 ,
1363 771 1393 794 ut
1411 766 1621 794 Alexandrinam
1639 765 1672 792 ad
1690 772 1736 791 sc-

949 811 1010 839 dem
1026 812 1191 844 mitteretur,
1205 812 1352 848 imperator
1368 820 1433 840 vero
1450 812 1607 847 popularem
1623 811 1735 838 seditio-

949 864 1011 884 nem
1029 858 1133 886 veritus
1146 859 1282 893 expellere
1299 859 1443 886 noluisset.
1458 857 1580 884 Tandem
1593 864 1659 884 vero
1674 860 1736 891 post

107 895 251 944 ἀπεστάλη
272 895 396 940 Λούκιος,
417 908 501 935 πολλὰ
525 909 598 935 κακὰ
616 909 802 944 ἐνδειξάμενος
816 911 850 945 τῇ
868 895 895 936 τε

949 904 1090 932 Athanasii
1105 908 1221 932 mortem
1244 905 1398 933 submissus
1418 907 1460 931 est
1482 903 1603 936 Lucius,
1623 902 1669 937 qni
1685 895 1738 928 Ec-

107 954 269 990 Ἐκκλησίᾳ,
282 955 315 990 τῇ
332 963 361 981 τε
377 954 463 986 πόλει,
479 955 535 986 τοῖς
550 955 633 987 λαοῖς.
656 957 711 987 τοῖς
730 956 897 987 ἐπισκόποις,

107 1003 166 1033 τοῖς
186 1002 326 1036 κληρικοῖς
348 1002 404 1032 τοῖς
422 1000 645 1027 ύπὺτΔθανασίου
663 998 733 1034 οὖσι,
753 1001 799 1028 καὶ
818 1001 899 1028 αὐτον

107 1048 138 1074 ὲν
155 1047 258 1083 ἑκάστῃ
271 1047 419 1083 Ἐκκλησία
437 1046 635 1082 διαδεξαμένοις
645 1047 666 1080 ³,
685 1048 732 1074 καὶ
751 1047 845 1083 Πέτρῳ
860 1047 898 1083 τῷ

108 1093 181 1129 μετὰ
207 1093 366 1120 Ἀθανάτων
392 1092 590 1120 κατασταθέντι
618 1093 731 1129 διαδόχῳ
760 1093 842 1121 αὺτοῦ
870 1094 898 1120 ὲν

106 1139 308 1174 Ἀλεξανδρείᾳ.

143 1184 237 1210 Ταῦτα
250 1184 302 1216 ἕως
317 1185 368 1220 τῆς
386 1184 467 1219 δεῦρο
487 1184 654 1219 πέπρακται,
674 1184 728 1210 τῶν
751 1184 800 1218 μὲν
816 1184 900 1220 ὲξοριο

107 1229 228 1256 σθέντων
247 1229 402 1256 ἐπισκόπων
420 1238 448 1256 τε
473 1230 519 1256 καὶ
539 1229 730 1265 πρεσϐυτέρων
747 1229 793 1256 καὶ
808 1229 899 1256 διακό-

107 1285 172 1305 νων.
194 1275 280 1302 ἄλλων
294 1275 322 1302 δὲ
339 1275 488 1310 κεφαλικὴν
511 1275 645 1311 τιμωρίαν
661 1275 833 1302 ὑποστάντων
853 1275 899 1302 ἐπὶ

107 1321 158 1356 τῆς
183 1321 405 1356 ’Δλεξανδρεὶας,
437 1321 539 1356 ἐτέρων
567 1321 596 1348 δὲ
627 1321 897 1356 θηριομαχησὰντων,

107 1366 333 1402 παρϐενευουσῶν
355 1367 384 1394 δὲ
403 1366 638 1399 ἀποκτανθεισῶν,
657 1368 705 1394 καὶ
728 1367 833 1394 πολλῶν
853 1367 900 1395 ἀλ-

107 1412 160 1438 λων
177 1413 364 1448 ἀπολομένων.
384 1413 429 1440 Ἐν
457 1413 563 1445 τούτοις
587 1413 626 1440 ἑτι
649 1414 728 1450 δεῦρο
749 1414 860 1450 φέρεται
880 1415 897 1449 ή

108 1458 258 1493 Ὶ-ὶκκλησία
281 1458 328 1484 τοῦ
349 1458 427 1491 Θεοῦ,
443 1458 497 1485 ἀπὸ
518 1459 567 1495 τῆς
584 1459 786 1496 προειρημένης
802 1458 900 1487 ὑποδι-

107 1511 179 1534 σεως
199 1503 254 1529 τῶν
272 1502 446 1531 Μελετιανῶν
470 1504 518 1531 καὶ
538 1504 594 1531 τῶν
607 1505 765 1540 Ἀρειανῶν,
787 1506 841 1534 τῶν
855 1506 898 1534 διὰ

106 1549 236 1576 τοιούτων
260 1549 368 1585 τρόπων
390 1551 547 1586 ἐσχηκότων
571 1551 621 1587 τὴν
648 1552 753 1584 στάσιν,
781 1553 829 1579 καὶ
850 1552 897 1580 τοῦ
911 1564 932 1594 c

107 1594 249 1630 ἐνισχῦσαι
263 1595 295 1622 τὸ
310 1595 376 1622 αὐτὸ
396 1595 521 1632 σύστημα
539 1596 589 1632 τῆς
602 1597 770 1630 κακοδοξίας,
787 1598 858 1634 φημὶ
869 1597 898 1625 δὲ

107 1639 266 1674 ’Δρειανῶν.
282 1639 327 1667 Ἐν
349 1640 378 1667 δὲ
393 1641 433 1676 τῷ
445 1641 516 1668 κατὰ
528 1642 634 1678 Ἀρείου
651 1643 754 1678 ἐλέγχῳ
768 1643 839 1670 κατὰ
852 1643 896 1670 λε-

106 1684 176 1712 πτὸν
188 1685 252 1720 περὶ¹
262 1685 371 1713 πάντων
381 1686 575 1723 διηγησόμεθα.
591 1688 796 1725 ’Υπερϐήσομαι
808 1690 837 1717 δὲ
849 1691 897 1717 καὶ

105 1730 211 1766 ταύτην
224 1731 273 1767 τὴν
290 1731 419 1759 ὑπόθεσιν
429 1741 435 1748 ·
450 1733 496 1760 ἐπὶ
513 1733 542 1760 δὲ
562 1733 646 1770 αὐτὴν
659 1734 708 1769 τὴν
725 1735 779 1761 τῶν
790 1735 897 1771 Ἀρειαο

105 1776 161 1804 νῶν
175 1777 281 1813 αἰρεσιν
292 1778 505 1815 παρελεύσομαι,
521 1779 588 1806 θεὸν
604 1780 817 1814 ἐπικαλούμενος
834 1781 896 1817 βοη-

105 1823 154 1850 θόν
167 1823 208 1859 τῷ
220 1824 328 1860 φοϐερῷ
345 1825 431 1861 τούτῳ
441 1826 488 1853 καὶ
499 1826 679 1863 πολυκεφάλῳ
693 1826 800 1863 ἑρπετῷ
827 1827 895 1864 πρὸς

106 1869 200 1906 μάχην
212 1870 340 1903 πελάζειν
352 1871 567 1908 παρερχόμενος.

265 1927 360 1955 KATA
377 1928 447 1955 ΤΩΝ
465 1929 738 1963 ΑΡΕῘΟΜΑΝῙΤΩΝ,

101 1973 221 2009 Αἵρεσις
244 1973 612 2044 τεσσφαηστέῖάῖᾌάτην
630 1976 649 2010 ἡ
671 1977 721 2004 καὶ
741 1977 893 2012 ἐξηκοστὴ

140 2056 178 2083 A'.
198 2055 315 2087 Τούτους
328 2056 392 2087 τοὺς
404 2057 468 2092 περὶ
483 2057 528 2084 τὸν
544 2056 676 2084 Μελέτιον
688 2058 734 2084 καὶ
752 2057 800 2085 τοῦ
814 2058 892 2093 ἁγίου

105 2102 212 2138 Πέτρου
234 2102 437 2140 Ἀλεξανδρείας
465 2104 614 2130 ἐπισκόπου
638 2103 749 2140 χρόνους
776 2105 894 2140 καθεξῆς

104 2149 256 2184 διαδέχεται
277 2149 384 2185 ¹Αρειος
404 2148 498 2185 καὶτῐ
518 2149 566 2176 ἀπ’
583 2149 666 2176 αὑτοῦ
694 2150 845 2184 Ἀρειανοὶ,
864 2151 893 2177 ὲν

103 2183 212 2231 χρόνοις
227 2183 356 2231 ἀκμάσας
380 2183 554 2231 ’ἅξάνδρου
570 2195 617 2222 τοῦ
637 2195 716 2229 ἁγίου
728 2183 891 2228 επισκόπου,

949 950 1073 982 clesiam,
1087 951 1223 978 civitatem
1235 970 1242 983 ,
1257 951 1373 986 plebem,
1389 950 1535 985 episcopos
1559 956 1591 976 ac
1620 948 1735 975 clericos

949 997 1089 1026 Athanasii
1120 998 1262 1029 fautores,
1283 1001 1310 1024 et
1336 997 1383 1031 qui
1414 996 1440 1023 in
1465 995 1581 1031 singulis
1604 994 1736 1022 Ecclesiis

949 1043 1169 1072 communionem
1201 1049 1264 1069 cum
1297 1042 1345 1070 illo
1370 1041 1547 1072 retinebant,
1574 1047 1680 1068 necnon
1707 1044 1735 1067 ct

949 1089 1058 1118 Petrum
1075 1090 1165 1125 ipsum
1193 1088 1336 1116 Athanasii
1366 1095 1555 1116 successorem
1583 1087 1734 1114 innumeris

949 1134 1030 1161 malis
1045 1134 1144 1161 allecit.

985 1177 1047 1205 Haec
1072 1181 1158 1209 sunt,
1185 1185 1246 1212 qua:
1273 1176 1307 1204 ad
1330 1176 1490 1204 hodiernum
1519 1182 1608 1211 usque
1626 1179 1734 1210 tempus

949 1223 1122 1259 Alexandriae
1141 1228 1205 1251 sunt
1233 1227 1324 1259 gesta;
1348 1222 1394 1249 ubi
1421 1221 1558 1257 episcOpi,
1582 1222 1733 1257 presbyteri

948 1273 976 1296 et
991 1268 1099 1296 diaconi
1124 1268 1222 1304 partim
1241 1267 1350 1302 relegati
1366 1286 1374 1299 ,
1391 1267 1488 1302 partim
1506 1266 1614 1302 capitali
1632 1267 1735 1302 suppli-

948 1315 992 1342 cio
1008 1313 1113 1341 multati
1124 1333 1132 1346 ,
1147 1313 1228 1349 727
1243 1313 1341 1348 partim
1353 1312 1387 1340 ad
1402 1312 1505 1340 bestias
1517 1312 1659 1344 damnati;
1677 1313 1734 1339 vir-

949 1361 1026 1396 gines
1039 1367 1121 1396 porro
1137 1366 1223 1388 sacrae
1244 1367 1307 1387 cum
1331 1359 1470 1395 plerisque
1483 1358 1546 1386 aliis
1570 1358 1730 1386 interfectae.

949 1405 1014 1439 Quae
1028 1405 1138 1441 quidem
1152 1404 1322 1433 calamitates
1344 1405 1492 1433 etiamnum
1517 1403 1666 1432 Ecclesiam
1685 1403 1733 1432 Dei

948 1455 1087 1486 exercent,
1103 1459 1137 1480 ex
1160 1459 1192 1479 ea
1217 1459 1300 1487 quam
1326 1450 1440 1486 exposui
1474 1449 1681 1478 Mcletianorum
1705 1456 1734 1477 et

948 1497 1111 1525 Arianorum
1131 1497 1250 1525 coitione
1263 1497 1417 1524 concitatae.
1433 1495 1486 1530 Qui
1503 1496 1614 1532 quidem
1638 1496 1732 1523 Ariani

949 1543 1001 1571 hac
1016 1543 1122 1572 ratione
1135 1543 1260 1576 stabiliti,
1277 1543 1354 1579 impii
1365 1543 1500 1578 dogmatis
1511 1542 1656 1570 factionem
1671 1549 1733 1570 cor-

948 1591 1124 1619 roborarunt.
1143 1589 1197 1617 Sed
1215 1590 1272 1618 haec
1297 1589 1390 1617 omnia
1416 1589 1444 1617 in
1460 1590 1585 1624 proxima
1600 1589 1732 1617 adversus

947 1635 1042 1663 Arium
1067 1634 1252 1669 disputatione
1272 1634 1429 1661 accuratius
1452 1637 1535 1661 erunt
1560 1633 1730 1668 explicanda,

947 1680 981 1708 ad
998 1687 1090 1716 quam,
1108 1679 1237 1715 prmsenti
1248 1678 1406 1706 narratione
1420 1678 1565 1713 przeterita,
1579 1685 1731 1705 sermonem

946 1725 1085 1752 conferam
1099 1745 1107 1757 ,
1133 1724 1278 1758 implorata
1301 1723 1378 1758 prius
1401 1730 1452 1758 ope
1475 1722 1538 1756 Dei,
1564 1730 1644 1757 quant
1669 1730 1730 1749 cum

947 1769 1071 1797 horribili
1096 1769 1144 1796 illo
1169 1775 1202 1796 ac
1228 1767 1384 1803 multicipiti
1405 1772 1532 1803 serpente
1547 1768 1574 1795 in
1592 1771 1731 1795 certamen

945 1813 1118 1844 descendam.

1134 1924 1276 1954 CONTRA
1295 1924 1530 1953 ABIOMANITAS
1541 1944 1548 1957 .

1050 1970 1116 2004 Qua
1131 1975 1170 1999 est
1184 1970 1291 1998 Itwrest's
1306 1968 1400 1998 XLIX
1411 1989 1420 2004 ,
1437 1970 1491 1998 sive
1503 1969 1608 1998 LXIX.

978 2058 999 2087 1.
1019 2058 1085 2086 Post
1099 2058 1241 2094 superiora
1255 2057 1301 2085 illa
1310 2056 1411 2084 Meletii
1422 2064 1453 2084 ac
1462 2056 1535 2084 Petri
1550 2055 1729 2084 Alexandrini

943 2105 1063 2140 episcopi
1078 2109 1200 2140 tempora
1217 2103 1300 2130 Arius
1313 2102 1463 2137 Arianique
1485 2102 1608 2137 proxime
1632 2109 1730 2128 conse-

943 2154 1075 2186 quuntur.
1090 2149 1137 2178 ille
1160 2149 1213 2177 sub
1235 2148 1392 2176 Alexandro
1411 2147 1485 2175 Petri
1503 2154 1664 2175 successore
1683 2145 1730 2173 llo-

944 2197 1020 2229 ruit;
1040 2204 1055 2223 a
1071 2203 1127 2231 quo
1150 2203 1205 2223 non
1232 2194 1292 2221 sine
1309 2200 1406 2228 magna
1422 2193 1604 2220 commotione
1633 2193 1730 2227 ingen-

103 2239 151 2266 τοῦ
177 2239 300 2274 διαδόχου
332 2239 454 2276 Πέτρου,
481 2240 529 2267 τοῦ
557 2240 715 2272 καθελόντος
742 2240 788 2267 τὸν
811 2240 892 2268 αὑτὸν

948 2243 1019 2278 lique
1051 2245 1147 2269 coacta
1175 2240 1281 2276 synodo
1309 2240 1469 2275 proﬂigatns
1496 2243 1548 2267 est.
1575 2239 1729 2267 Alexander

103 2285 215 2321 Ἀρειον
230 2285 275 2312 διὰ
289 2285 389 2320 πολλῆς
407 2286 542 2321 κινήσεως
564 2286 611 2313 καὶ
628 2285 749 2322 μεγάλης
771 2286 890 2314 συνόδου.

102 2331 268 2367 ’Δπεκίνησε
281 2331 336 2368 γὰρ
351 2331 449 2364 αὐτὸν,
466 2331 513 2359 καὶ
535 2331 646 2364 ἐξέϐαλε
659 2333 709 2368 τῆς
727 2332 891 2368 Ἐκκλησίας

101 2387 132 2404 τε
152 2378 200 2405 καὶ
217 2378 267 2413 τῆς
283 2377 399 2409 πόλεως,
424 2377 462 2409 ὡς
489 2377 562 2414 μέγα
584 2377 669 2404 κακὸν
695 2378 827 2413 φοιτῆσαν
851 2378 891 2414 τῷ

102 2424 164 2459 βίῳ,
177 2424 246 2450 Φασὶ
258 2423 287 2450 δὲ
301 2423 382 2451 αὑτὸν
395 2423 479 2451 Λίϐυν
496 2423 536 2460 τῷ
551 2423 638 2458 γένει,
657 2424 685 2451 έν
701 2424 891 2460 Ἀλεξανδρείᾳ

99 2469 129 2497 δὲ
144 2469 331 2505 πρεσϐύτερον
348 2470 491 2504 γεγονότα,
507 2469 537 2502 ὃς
553 2469 701 2505 προΐστατο
712 2471 762 2505 τῆς
774 2471 890 2506 Ἐκκλη-

101 2516 164 2547 σίας
182 2516 234 2551 τῆς
257 2515 421 2547 Βαυκάλεως
445 2515 517 2542 οὕτω
538 2514 717 2550 καλουμένης.
733 2515 814 2542 Ὅσαι
835 2515 889 2550 γὰρ

100 2561 246 2596 ἐκκλησίαι
261 2562 311 2596 τῆς
321 2560 541 2597 καθολικῆςωῒ)
549 2560 712 2596 Ἐκκλησίας
722 2561 751 2588 ὲν
763 2560 888 2594 ’Λλεξαν-

99 2607 178 2643 δρείᾳ
199 2607 251 2634 ὑπὸ
268 2607 316 2634 ἕνα
335 2607 551 2643 ἁρχιεπίσκοπον
564 2604 659 2638 οὖσαι,
681 2607 729 2633 καὶ
745 2606 805 2633 κατ’
821 2606 889 2633 ἰδίαν

98 2652 212 2684 ταύταις
227 2652 436 2688 ἐπιτεταγμένοι
451 2652 504 2678 εἰσὶ
520 2651 700 2687 πρεσϐύτεροι
718 2651 762 2679 διὰ
779 2652 828 2683 τὰς
846 2651 889 2678 ὲκ-

98 2697 296 2734 κλησιαστικὰς
316 2697 411 2733 χρείας
432 2696 488 2723 τῶν
504 2696 666 2732 οἰκητόρων,
684 2696 805 2732 πλησίων
824 2696 888 2724 ἐκά-

135 2768 144 2784 ¹
159 2766 194 2794 F.
209 2755 253 2794 τό.
291 2768 301 2783 ⁵
319 2765 350 2794 F.
368 2766 407 2793 ὲν.
446 2766 457 2783 ³
475 2767 542 2794 Cor.
558 2765 726 2802 δεξαμένοις.

132 2833 201 2870 (62⁵)
211 2832 366 2870 Ὅσαι-τὰρ
382 2822 539 2870 ἐκκλησίαι
556 2832 611 2867 τῆς
622 2832 795 2870 φθολικῆς-
818 2833 887 2870 Vitio

98 2869 124 2897 in
137 2868 288 2905 Ἀννικιιάίεε
299 2868 521 2895 Dissertationum
534 2876 595 2903 qua:
611 2868 645 2896 ad
655 2868 727 2896 hunc
741 2868 831 2897 locum
851 2868 886 2896 dc

256 2918 393 2948 PA'I'I‘OL.
405 2917 463 2948 Gn.
483 2917 580 2948 XLII.

942 2288 1014 2316 enim
1029 2287 1107 2314 illum
1124 2286 1215 2321 ejeeit,
1243 2290 1324 2320 atque
1336 2292 1370 2312 ex
1383 2284 1504 2312 Ecclesia
1518 2289 1545 2312 ct
1559 2286 1637 2319 urbe,
1655 2286 1728 2314 velut

943 2334 1038 2369 ingens
1051 2332 1187 2368 quoddam
1207 2332 1307 2359 malum
1321 2352 1329 2364 ,
1351 2330 1423 2366 quod
1444 2331 1477 2358 ad
1492 2331 1602 2358 humani
1619 2333 1727 2367 generis

941 2379 1088 2415 perniciem
1104 2377 1298 2414 grassabatur,
1314 2376 1517 2410 exterminavit,
1533 2375 1636 2405 Ferunt
1649 2377 1727 2405 illum

942 2433 974 2453 ex
990 2425 1074 2460 Libya
1099 2423 1246 2451 oriundum
1267 2422 1439 2451 Alexandriae
1456 2423 1646 2459 presbyterum
1667 2432 1732 2454 esse,

941 2471 1047 2499 factum
1059 2489 1068 2501 ,
1085 2470 1201 2505 quitum
1220 2469 1399 2497 Baucalensis
1427 2469 1571 2504 cujusdam
1599 2470 1729 2498 Ecclesia:

940 2516 1129 2552 prmiecturam
1142 2515 1262 2551 gerebat.
1277 2515 1383 2543 Etenim
1407 2520 1542 2552 quotquot
1556 2517 1728 2546 Alexandrite

939 2562 1079 2590 catholicae
1104 2562 1304 2590 communionis
1317 2562 1440 2590 ecclesiae
1455 2569 1541 2595 sunt.
1561 2563 1608 2590 uni
1637 2563 1728 2590 archi-

938 2608 1068 2643 episcopo
1084 2608 1234 2643 subjectae,
1264 2615 1333 2635 suns
1360 2608 1459 2643 cuique
1492 2608 1656 2644 pmpositus
1686 2613 1727 2634 cst

939 2653 1091 2688 presbyter,
1107 2653 1153 2687 qui
1164 2652 1351 2680 ecclesiastica
1369 2660 1481 2680 munera
1496 2653 1529 2680 iis
1544 2652 1727 2683 administrct,

938 2699 984 2735 qui
1007 2699 1084 2727 circa
1099 2699 1231 2727 ecclesiae
1249 2699 1309 2727 illas
1331 2699 1469 2732 habitant,
1494 2704 1645 2732 eorumque
1660 2704 1728 2725 con-

937 2824 1195 2868 chorcpis‘coporum
1203 2831 1518 2868 institutidneadnotavit
1524 2829 1727 2868 Belavluslcutn

938 2865 1084 2905 prolixiora
1098 2865 1154 2896 Sint
1169 2872 1199 2897 ut
1214 2869 1286 2897 inter
1298 2873 1378 2896 notas
1398 2867 1487 2896 locum
1502 2866 1630 2904 habeant.
1647 2865 1727 2894 Ευιτ.

1553 2914 1572 2951 ἴ
