1929 3039
219 168 270 197 207

908 164 936 192 S.
957 164 1125 192 EPIPHANII

1784 169 1835 196 ειιιι

218 229 418 264 hemipltorium
433 227 605 255 etcnlobium
621 227 732 254 indutus
753 227 780 253 in
800 226 945 261 colloquiis
969 234 997 253 ac

1052 227 1229 264 προσηγορίᾳ,
1246 228 1346 255 πείθων
1359 229 1402 255 ἀεὶ
1414 229 1503 264 ψυχάς
1516 228 1563 255 καὶ
1579 227 1719 255 θωπεύων.
1738 229 1835 265 Διόπερ

219 274 431 302 salutationibus
459 274 573 301 blandus
593 277 652 301 erat
674 273 817 308 inprimis,
843 276 923 307 atque
943 280 1001 298 om-

219 321 294 347 nium
317 319 422 347 animos
443 319 629 346 adulationum
647 319 782 346 illecebris
796 318 937 346 devinctos
960 322 1001 345 te-

219 365 310 394 nebat.
334 365 422 398 Quare
443 365 516 392 brevi
536 365 723 400 septingentas
747 364 803 392 fere
823 364 878 391 Deo
902 371 1000 391 conse-

219 416 309 438 cratas
336 410 454 444 virgines
477 410 511 437 ab
536 409 657 437 Ecclesia
687 410 838 438 abstractas
863 410 890 436 in
918 418 1001 437 unum

218 457 317 491 coegit.
341 456 451 483 Addunt
470 459 497 483 et
521 455 694 491 presbyteros
720 455 754 482 ab
775 463 808 482 co
829 459 944 490 septem.
969 463 1002 482 ac

218 501 359 528 duodecim
385 499 516 527 diaconos
539 499 682 527 abductos.
705 498 858 532 Quinetiam
887 497 1002 525 subinde

218 545 375 581 pestiferum
392 545 464 572 illius
478 545 555 572 virus
566 544 600 571 ad
614 544 757 579 episcopos
769 551 857 578 usque
869 543 1000 579 pervasit.

217 592 285 619 Nam
309 591 465 619 Secundum
487 590 723 625 Pentapolitanum
744 590 903 624 episcopum
938 595 1001 615 cum

217 639 277 666 aliis
292 638 431 665 nonnullis
445 637 471 664 in
482 641 573 671 partes
586 643 652 664 suas
667 636 817 671 pertraxit;
836 643 897 670 qu:e
909 635 1000 661 omnia

216 685 287 711 clam
312 684 391 711 beato
414 682 571 710 Alexandro
595 681 724 716 episcopo
738 681 766 708 in
780 680 901 708 Ecclesia
923 687 1001 715 gere-

216 730 317 757 bantur
331 739 337 756 :
349 729 435 756 donec
459 727 583 756 Meletius
599 726 746 754 Thebaidis
764 727 791 753 in
813 725 931 762 [Egypto
955 733 1001 752 ar-

216 775 419 809 chiepiSCopus,
458 779 488 800 ut
509 781 591 808 supra
611 772 667 800 dixi
685 772 816 806 (necdum
832 772 904 799 enitn
921 771 1001 798 Mele-

216 821 290 847 tiana
312 819 394 846 factio
417 819 443 846 in
463 819 576 846 hostiles
589 821 615 846 et
634 817 819 852 implacabiles
844 816 1001 844 inimicitias

216 869 344 900 eruperat
368 874 375 892 :
395 865 438 892 hic
462 864 544 900 igitur
566 864 664 892 ardore
686 862 999 900 pietatisinllammatus,

217 917 279 937 cum
295 910 362 938 nihil
378 917 393 936 a
415 914 488 937 recta
505 909 556 937 [ide
572 909 690 937 alienum
710 912 738 936 et.
759 909 913 936 abhorrens
930 913 1001 936 tene-

217 959 268 987 ret,
297 955 344 983 scd
369 955 426 982 sola
451 954 581 982 affectatae
605 954 746 989 cujusdam
771 954 885 988 justitia:
908 954 1001 989 specie

217 1001 347 1033 differret,
364 1009 411 1036 per
429 1007 510 1036 quam
525 999 713 1031 nihilominus,
734 1003 763 1026 ut
781 1003 860 1026 antea
879 1006 940 1026 cum
957 999 1001 1026 ad-

216 1056 312 1076 versus
324 1055 386 1075 cum
402 1046 604 1081 disputaremus
618 1045 798 1076 ostendintus,
816 1052 943 1080 magnum
955 1052 1002 1072 or-

216 1095 242 1121 bi
259 1098 392 1121 terrarum
408 1092 521 1120 exitium
534 1091 628 1119 attulit
645 1100 651 1119 :
674 1095 730 1118 tum
753 1098 817 1118 vero
831 1091 854 1118 is
870 1090 928 1126 ipse
944 1090 1000 1118 Me-

216 1140 296 1167 letius
308 1138 530 1174 archiepiscopus
544 1137 571 1164 in
585 1137 713 1172 [Egyptm
727 1140 754 1164 et
767 1136 922 1163 Alexandro
938 1136 1001 1163 sub-

215 1186 320 1221 iectus,
346 1193 403 1213 rem
431 1192 538 1212 omnem
565 1184 598 1212 ad
625 1183 771 1210 Alexandri
800 1182 999 1218 archiepiscopi

216 1239 297 1259 aures
315 1231 420 1259 detulit.
437 1230 496 1258 Jaut
511 1234 603 1257 autem
625 1229 745 1257 diximus
760 1228 897 1256 Meletium
915 1229 998 1257 istum

216 1277 245 1303 Β.
262 1276 332 1303 Petri
356 1275 476 1311 episcopi
492 1280 519 1302 et
535 1274 665 1310 martyris
684 1274 816 1309 aequalem
837 1273 930 1301 fuisse.
947 1273 1000 1306 Qui

216 1329 279 1349 cum
293 1321 349 1349 Arii
366 1320 488 1348 facinora
511 1320 602 1347 omnia
620 1320 812 1356 significasset,
829 1319 957 1346 nimirum
972 1322 999 1346 et

216 1375 233 1397 a
244 1367 358 1396 veritate
368 1367 443 1394 illum
460 1366 598 1399 aberrare,
610 1373 643 1393 ac
654 1366 799 1401 plerosque
813 1366 847 1393 ab
858 1369 930 1392 recta
947 1364 998 1392 fide

217 1422 267 1444 sua
282 1414 461 1450 persuasione
481 1413 643 1448 depravatos
663 1416 689 1439 et
711 1412 868 1447 inquinatos
887 1411 912 1438 in
942 1411 999 1438 cxi-

217 1460 285 1487 tinm
297 1459 415 1489 trahere,
428 1458 580 1486 Alexander
597 1456 693 1484 Arium
711 1457 743 1483 ad
756 1464 818 1483 sese
834 1464 935 1484 vocans
953 1463 999 1483 ec-

216 1505 281 1541 quid
300 1505 337 1532 ita
352 1511 411 1532 sese
426 1511 469 1531 res
484 1503 595 1531 haberet
610 1502 770 1536 interrogat.
788 1501 857 1529 Tum
872 1502 916 1529 ille
930 1501 999 1528 nihil

1053 272 1151 299 αὐτίκα
1167 273 1246 308 μάλα·
1260 274 1285 300 τί
1302 274 1356 308 γὰρ
1371 274 1427 301 ἀλλ’
1442 274 1458 309 ἢ
1475 274 1640 305 ἑπτακοσίας
1655 273 1833 309 παρθενενού-

1054 327 1102 350 σας
1115 318 1159 345 τὸν
1173 318 1287 355 ἀριθμὸν
1303 320 1352 354 τῆς
1372 319 1535 355 Ἐκκλησίας
1547 319 1598 346 ὑπὸ
1612 319 1642 347 ἒν
1655 319 1833 355 παρείλκυσε;

1052 365 1098 391 καὶ
1112 365 1269 392 ams-itacui.
1293 365 1338 392 τὸν
1357 366 1438 393 αὑτὸν
1459 366 1515 401 ἔχει
1539 366 1617 400 λόγος
1639 366 1835 402 πρεσϐυτέρως

1052 419 1080 436 τε
1091 411 1160 438 ἑπτὰ
1184 412 1231 438 καὶ
1247 411 1386 443 διακόνους
1396 411 1508 439 δώδεκα.
1527 413 1605 448 ’Λχρι
1621 412 1650 439 δὲ
1669 413 1716 439 καὶ
1728 413 1836 440 ἐπισκό-

1052 465 1110 483 πων
1131 457 1210 488 εὐθὺς
1231 457 1331 491 ἔφθασε
1352 457 1384 484 τὸ
1409 457 1490 484 αὑτοῦ
1504 457 1674 494 δηλητήριον.
1695 459 1837 486 Σεκοῦνδον

1051 502 1105 537 γὰρ
1116 502 1161 528 τὸν
1183 502 1375 534 Πενταπόλεως
1392 503 1460 538 (72),
1477 504 1525 530 καὶ
1545 503 1640 535 ἄλλους
1656 503 1764 530 ἔπεισεν
1781 505 1837 539 ἅμα

1051 547 1125 583 αὐτῷ
1140 548 1354 583 συναπαχθῆναι.
1375 549 1494 583 Ἐγίνετο
1518 549 1546 576 δὲ
1568 549 1655 576 ταῦτα
1674 550 1703 576 ὲν
1718 551 1753 584 τῇ
1778 550 1836 576 Ἐκ-

1051 594 1159 630 κλησία,
1179 594 1338 630 ἀγνοοῦντος
1357 594 1405 622 τοῦ
1429 595 1565 630 μακαρίου
1593 594 1768 630 Ἀλεξάνδρου
1792 594 1837 620 τοῦ

1051 641 1209 673 ἐπισκόπου,
1230 641 1282 672 ἕως
1300 641 1345 667 ὅτε
1373 640 1508 676 Μελήτιος
1528 640 1542 666 6
1559 640 1610 675 τῆς
1624 640 1762 674 Δίγύπτου
1786 639 1838 666 ἀπὸ

1051 685 1181 720 Θηϐαΐδος
1204 685 1289 712 δοκῶν
1308 683 1388 717 εῖναι,
1406 686 1453 712 καὶ
1467 685 1546 716 αὐτὸς
1566 684 1797 720 ἀρχιεπίσκοπος,
1824 685 1838 710 6

1050 732 1099 767 ἤδη
1116 741 1161 767 μοι
1174 732 1379 767 προειρημένος
1395 731 1471 758 οὔπω
1480 731 1534 767 γὰρ
1549 731 1585 758 τὰ
1601 730 1670 758 κατὰ
1685 731 1732 757 τὸν
1746 731 1838 765 Μελή-

1049 785 1107 804 τιον
1125 777 1166 809 εἰς
1186 777 1286 812 ἔχθραν
1307 777 1422 810 ἀτοπίας
1438 777 1563 812 ὲλήλακε·
1584 777 1658 812 ζήλῳ
1678 776 1770 803 τοίνυν
1795 777 1838 803 ὲν-

1050 822 1138 858 εχθεὶς
1150 824 1164 850 6
1176 823 1320 858 Μελήτιος·
1333 823 1408 850 οὐδὲν
1424 822 1478 858 γὰρ
1491 821 1525 858 ἦν
1538 822 1731 858 διηλλαγμένος
1743 823 1776 857 τῇ
1793 822 1838 848 πί-

1052 875 1110 894 στει
1130 867 1148 903 ἢ
1171 867 1251 902 μόνον
1270 868 1442 903 προσχήματι
1465 866 1722 901 ὲθελοδικαιοσύνης,
1742 867 1812 901 ὅπερ
1830 867 1837 882 ¹

1052 913 1100 940 καὶ
1115 913 1196 944 αὐτὸς
1210 913 1296 940 δεινόν
1307 922 1334 940 τι
1344 912 1528 949 ὲπειργάσατο
1541 912 1579 947 τῷ
1592 912 1651 948 βίῳ,
1673 912 1711 944 ὼς
1726 912 1779 948 ἥδη
1793 913 1841 940 καὶ

1052 959 1116 995 περὶ
1125 959 1206 986 αὐτοῦ
1217 960 1338 995 εἴπομεν.
1357 960 1503 994 ’Λνήνεγκε
1517 960 1603 986 τοίνυν
1617 959 1657 990 είς
1667 959 1701 986 τὰ
1718 955 1778 986 ὦτα
1793 958 1842 986 τιῦ

1051 1005 1265 1040 ἀρχιεπισκόπου
1287 1005 1462 1040 Ἀλεξάνδρου
1484 1006 1498 1032 6
1516 1004 1730 1040 άρχιεπίσκοπος
1745 1005 1838 1040 Μελή-

1051 1058 1107 1081 τιος
1121 1051 1135 1076 6
1146 1050 1216 1076 κατὰ
1227 1050 1277 1086 τὴν
1290 1051 1435 1084 Αῑγυτι-τον,
1448 1049 1502 1077 ὑπὸ
1519 1049 1547 1076 δὲ
1563 1050 1640 1085 χεῖρα
1664 1049 1838 1085 Ἀλεξάνδρου

1051 1096 1136 1123 ἐδόκει
1155 1094 1235 1124 ε’ναι.
1256 1096 1406 1132 Σύγχρονος
1424 1096 1453 1123 δὲ
1466 1094 1542 1128 οὗτος
1559 1095 1573 1122 6
1587 1095 1720 1130 Μελήτιος
1743 1095 1838 1129 γέγονε

1051 1141 1155 1177 Πέτρου
1172 1141 1219 1168 τοῦ
1236 1142 1385 1177 μακαρίτου
1401 1141 1550 1168 ἐπισκόπου
1571 1140 1618 1167 καὶ
1635 1140 1784 1175 μάρτυρος.
1802 1140 1840 1172 ὡς

1051 1187 1128 1222 ἔρην.
1149 1187 1193 1218 Ὧς
1206 1184 1252 1213 οὖν
1267 1188 1386 1222 ὲσήμανε
1405 1187 1440 1214 τὰ
1459 1186 1528 1214 κατὰ
1542 1187 1588 1213 τὸν
1607 1186 1714 1222 ’Δρειον
1736 1186 1839 1217 πάντα,

1050 1233 1088 1264 ὼς
1100 1232 1178 1263 ἐκτὸς
1193 1232 1292 1268 βέϐηκε
1306 1233 1355 1268 τῆς
1370 1232 1508 1268 ἀληθείας,
1520 1232 1566 1258 καὶ
1578 1232 1616 1264 ὼς
1632 1231 1744 1262 πολλοὺς
1755 1231 1837 1267 ἔχρα-

1051 1287 1079 1305 νε
1092 1278 1139 1304 καὶ
1152 1278 1293 1312 ἠφάνισεν,
1311 1277 1478 1313 ὑποφθείρας
1489 1277 1544 1304 ἀπὸ
1553 1277 1603 1313 τῆς
1617 1277 1699 1312 ὀρθῆς
1719 1276 1840 1308 πίστεως

1049 1323 1112 1354 τοὺς
1124 1322 1197 1358 αὑτῷ
1213 1321 1382 1354 πεισθέντας,
1401 1322 1461 1349 τότε
1485 1321 1728 1358 μεταστειλάμενος
1748 1321 1764 1347 6
1780 1321 1840 1348 ἐπί-

1050 1376 1150 1400 σκοπος
1173 1368 1253 1395 αὐτὸν
1275 1368 1320 1394 τὸν
1339 1369 1457 1404 Ἄρειον,
1475 1368 1568 1403 ἠρώτα
1583 1367 1647 1402 περὶ
1665 1367 1719 1394 τῶν
1739 1367 1840 1402 ἐνηχη-

1050 1412 1160 1444 θέντων,
1178 1413 1202 1439 εί
1220 1412 1305 1439 ταῦτα
1321 1412 1406 1444 οὕτως
1428 1412 1495 1448 ἔχει.
1517 1412 1546 1439 '0
1562 1411 1590 1441 δὲ
1609 1411 1670 1438 οὔτε
1687 1411 1839 1442 ὲδίστασεν,

1049 1458 1110 1484 οὔτε
1123 1457 1278 1489 ἐδειλίασεν,
1291 1457 1347 1484 ἀλλ’
1363 1457 1393 1490 ἐξ
1405 1457 1529 1493 ὑπαρχῆς
1544 1456 1716 1493 παρατρίψας
1730 1456 1761 1483 τὺ
1775 1456 1839 1491 μέτ-

1049 1513 1133 1538 ωπον,
1153 1505 1202 1540 τὴν
1225 1505 1313 1531 πᾶσαν
1329 1503 1410 1532 αὐτοῦ
1435 1503 1551 1539 ὲξήμεσε
1568 1502 1735 1534 κακοδοξίαν,
1752 1501 1791 1533 ὡς
1810 1502 1838 1528 αι

217 1551 421 1586 tergiversatus,
446 1554 493 1577 aut
515 1552 672 1579 cunctatus.
691 1548 783 1579 statim
807 1547 924 1575 frontem
940 1555 997 1582 per-

1050 1551 1131 1578 αὑτοῦ
1147 1549 1285 1577 ἐπιστολαὶ
1305 1549 1466 1581 δεικνύουσι,
1483 1549 1530 1576 καὶ
1552 1549 1570 1585 ὴ
1592 1549 1650 1576 κατ’
1663 1547 1744 1574 αὑτὸν
1761 1556 1838 1582 γενο-

217 1595 319 1622 fricans
341 1602 450 1630 pravam
465 1601 573 1621 omnem
592 1600 670 1620 suam
690 1592 845 1627 opinionem
866 1591 997 1623 evomuit,

217 1647 247 1668 ut
269 1649 301 1668 ex
318 1641 404 1675 ipsius
423 1639 558 1675 epistolis,
578 1642 605 1666 et
624 1637 694 1666 actis
717 1638 790 1665 illius
811 1637 999 1677 inquisitionis

215 1690 335 1715 constat.
351 1685 531 1719 Quamobrem
555 1685 707 1712 Alexander
721 1683 814 1711 habito
829 1683 999 1719 presbytero-

216 1740 276 1760 rum
293 1739 323 1760 ac
336 1731 516 1767 quorumdam
543 1730 732 1765 episcoporum
748 1729 794 1764 qui
809 1729 923 1756 aderant
936 1735 999 1755 con-

215 1783 308 1812 \entu,
320 1779 353 1806 de
363 1786 396 1806 eo
411 1778 588 1813 quaestionem
602 1777 682 1804 habet
695 1783 727 1803 ac
737 1776 883 1811 diligenter
895 1776 998 1804 exami-

216 1830 272 1853 nat.
296 1824 365 1852 Tum
388 1823 496 1850 veritati
522 1822 617 1850 cedere
644 1822 837 1849 detrectantem
865 1821 941 1857 ejicit
964 1830 997 1849 ex

216 1870 350 1901 Ecclesia,
374 1875 405 1896 ac
420 1872 476 1895 tota
498 1867 606 1894 civitate
630 1866 793 1901 proscribit;
814 1873 875 1893 cum
895 1873 949 1900 quo
971 1871 997 1894 et

218 1915 338 1951 virgines
352 1913 414 1946 ilice,
431 1920 462 1940 ac
478 1912 583 1944 clerici,
597 1918 666 1946 quos
682 1915 760 1938 antea
775 1911 996 1943 commemoravi,

216 1969 278 1989 cum
300 1960 403 1995 reliqua
426 1957 598 1986 multitudine
621 1956 693 1984 baud
708 1957 806 1992 exigua
827 1956 861 1984 ab
874 1955 996 1985 Ecclesia

216 2005 340 2034 distracti
355 2007 430 2031 sunt.

250 2050 331 2086 73o
349 2048 392 2076 IV.
414 2047 483 2075 lliuc
505 2047 570 2074 Ario
584 2046 732 2082 longiorem
759 2047 785 2074 in
809 2047 876 2074 urbe
892 2054 995 2073 moram

216 2096 348 2127 trahente,
360 2094 475 2122 moritur
489 2093 630 2121 confessor
647 2092 768 2121 Melctius
785 2096 812 2120 et
829 2097 941 2128 martyr.
956 2092 996 2119 ln-

214 2143 294 2171 tcrim
309 2141 392 2169 Arius
403 2139 549 2169 divortium
564 2146 596 2166 ac
610 2137 754 2166 dissidinm
769 2138 870 2173 ubique
881 2137 995 2172 faciens,

214 2193 241 2217 ct
256 2188 284 2216 in
297 2186 514 2221 uniuscujusque
530 2184 639 2212 animos
654 2184 753 2211 callide
767 2191 828 2211 sese
849 2183 995 2211 insinuans

214 2234 315 2262 multos
331 2232 460 2268 perdidit.
488 2230 540 2257 Sed
563 2229 608 2257 ubi
626 2228 822 2264 deprehensus,
836 2232 863 2256 et
878 2228 906 2254 iu
926 2228 994 2255 urbe

213 2279 366 2310 convictus,
384 2280 466 2311 atque
481 2275 603 2302 outuium
628 2273 764 2308 praeconio
785 2272 927 2301 traductus
941 2277 994 2305 est,

214 2323 376 2352 Alexandria
389 2322 496 2357 fugiens
510 2321 536 2348 iu
551 2320 723 2347 Palaestinam
733 2319 808 2346 abiit.
823 2318 860 2346 lbi
872 2319 995 2354 singulos

213 2370 355 2405 episcopos
365 2367 450 2398 adire,
460 2370 492 2393 π
506 2372 644 2401 prensare,
656 2364 818 2399 adularique
833 2364 927 2399 cmpit,
939 2371 994 2399 quo

213 2414 304 2448 plures
320 2412 372 2440 sibi
385 2410 580 2446 suﬂragatores
589 2409 757 2444 adiungeret.
772 2408 810 2436 Ex
824 2409 867 2436 his
883 2409 994 2443 quidam

213 2460 288 2488 illum
308 2460 481 2492 receperunt,
505 2456 551 2482 alii
570 2463 633 2483 vero
652 2455 822 2491 repulerunt.
843 2454 910 2487 Quae
929 2462 992 2481 mox

250 2548 259 2562 '
276 2545 308 2573 F.
321 2546 407 2581 ὅσπερ
423 2545 465 2573 vel
481 2544 555 2571 αὑτό.

211 2623 376 2661 respondere
394 2622 480 2661 _dicit_
499 2622 693 2661 indumeutmn
711 2618 776 2647 illud
796 2627 829 2646 ex
841 2625 988 2661 .purpu‘ra,

211 2654 282 2695 quod
297 2658 434 2695 aﬂcervicc
448 2657 480 2683 ad
493 2662 593 2695 pectus
606 2654 905 2695 estentuuugcstabant
916 2654 989 2687 prin-

211 2688 296 2730 cipes.
312 2694 382 2729 Ergo
398 2688 540 2730 propterea
554 2691 685 2730 κολόϐιον,
708 2695 734 2716 et
748 2688 892 2724 ἡμιφόριον
902 2695 990 2730 rvoca-

211 2726 267 2758 tuin
283 2733 336 2761 est,
350 2726 416 2763 ἶμιὶὶι
428 2728 509 2762 justae
525 2727 608 2763 vestis
622 2730 878 2763 more_ncquaquam
896 2726 991 2763 exten-

210 2757 335 2792 debatur.’
345 2757 485 2790 A'liud'cst
501 2761 653 2821 ῴμοφόριον
667 2759 870 2793 episcoporum,
888 2757 921 2784 de
935 2765 990 2792 quo

211 2799 361 2821 ﬁni-nimius
378 2798 594 2821 (Iitiislanlmuno
608 2799 708 2821 ttanus.

211 2799 361 2827 Germanus
378 2798 708 2830 Constantinopolitanus.

245 2825 301 2867 (r72)
319 2832 486 2860 Σεκοῦνδον
510 2825 569 2866 γὰρ’
589 2829 642 2856 τὸν
663 2827 898 2867 ηενταπρτϊίτην.
930 2825 992 2867 Fuit

211 2861 261 2896 istc
276 2861 451 2896 l‘tolemaidis
466 2861 622 2901 episcopus,
637 2863 684 2899 qui
697 2870 759 2890 cum
777 2862 901 2895 Thcona,
916 2861 990 2896 quod

1053 1597 1119 1632 μένη
1134 1597 1194 1624 τότε
1212 1596 1342 1629 ἐξέτασις.
1356 1595 1532 1630 Συγκαλεῖται
1544 1595 1632 1622 τοίνυν
1644 1593 1674 1620 τὸ
1686 1593 1835 1629 πρεσόυτὲ-

1050 1651 1107 1678 ριον
1133 1644 1146 1669 6
1173 1641 1354 1678 Ἀλέξανδρος,
1372 1642 1419 1668 καὶ
1444 1641 1540 1673 ἄλλους
1565 1640 1640 1672 τινάς
1666 1639 1836 1670 ἐπισκόπους

1049 1689 1195 1724 παρόντας,
1213 1688 1260 1715 καὶ
1273 1687 1398 1714 άνέτασιν
1413 1687 1507 1714 τούτου
1522 1688 1638 1714 ποιεῖται
1657 1685 1703 1712 καὶ
1720 1685 1838 1720 ἀνάκρι-

1050 1743 1101 1761 σιν.
1116 1734 1160 1766 Ὠς
1175 1734 1204 1760 δὲ
1217 1734 1267 1760 οὐκ
1281 1733 1393 1768 ἐπείσθη
1409 1734 1441 1768 τῇ
1455 1731 1578 1768 ἀληθείᾳ,
1599 1731 1668 1763 ἐξεοῖ
1684 1730 1766 1757 αὑτὸν
1785 1730 1836 1765 τῆς

1055 1780 1226 1815 Ἐκκλησίας,
1243 1780 1289 1806 καὶ
1305 1779 1473 1814 ἐκκήρυκτον
1488 1779 1560 1804 ποιεῖ
1575 1778 1604 1804 ὲν
1622 1778 1655 1812 τῇ
1671 1777 1758 1803 πόλει.
1784 1777 1837 1803 Σὺν

1047 1824 1122 1859 αὐτῷ
1135 1824 1163 1851 δὲ
1176 1823 1392 1859 ἀπεσπάσθησαν
1403 1824 1431 1850 αἱ
1444 1822 1639 1858 προειρημέναι
1656 1821 1838 1857 παρθενεύου-

1049 1879 1104 1900 σαι,
1123 1871 1170 1896 καὶ
1185 1869 1310 1905 κληρικοὶ
1329 1869 1354 1896 οἱ
1375 1868 1577 1905 προειρημένοι,
1595 1867 1642 1895 καὶ
1663 1867 1742 1903 ὄχλος
1757 1866 1837 1899 ἄλλος

1048 1915 1140 1947 πολύς.

1082 2047 1117 2073 Δ’.
1136 2047 1320 2082 Διατρίϐοντος
1338 2047 1366 2073 δὲ
1389 2045 1493 2082 Ἀρείου
1522 2044 1606 2072 πολὺν
1629 2044 1724 2080 χρόνον
1745 2045 1776 2071 ὲν
1799 2046 1833 2080 τῇ

1047 2094 1133 2126 πόλει,
1164 2093 1245 2125 εὐθὺς
1269 2093 1380 2128 τελευτᾷ
1401 2093 1415 2119 6
1430 2091 1595 2127 ὀμολογητὴς
1614 2091 1669 2124 (75)
1694 2089 1832 2125 Μελήτιος

1047 2139 1094 2166 καὶ
1113 2136 1226 2174 μάρτυς.
1247 2138 1389 2174 Σχίσματα
1411 2135 1458 2164 οὖν
1479 2136 1562 2164 ποιῶν
1581 2137 1595 2163 6
1612 2135 1693 2168 αὒτδς
1711 2136 1833 2172 Ἄρειος,

1047 2185 1093 2210 καὶ
1120 2185 1235 2211 ἕκαστον
1258 2183 1447 2213 ὐποκλέπτων.
1473 2182 1586 2214 πολλοὺς
1604 2180 1746 2216 ἠφάνισεν.
1769 2182 1832 2208 Eic-

1010 2220 1032 2248 ι)
1047 2229 1158 2265 ὑστερον
1168 2229 1207 2261 δὲ,
1217 2229 1310 2264 ἐπειδὴ
1319 2228 1458 2265 ἐφωράθη,
1471 2228 1519 2255 καὶ
1531 2228 1571 2259 εἰς
1581 2226 1690 2262 ἔλεγχον
1703 2224 1788 2263 ἦλθεν
1803 2229 1832 2254 ὲν

1042 2276 1075 2310 τῇ
1093 2275 1179 2307 πόλει,
1199 2275 1246 2302 καὶ
1263 2275 1433 2310 ὲκκήρυκτος
1454 2273 1608 2309 γεγένηται,
1637 2273 1832 2309 ἀποδιδράσκει

1043 2320 1096 2346 ἀπὸ
1123 2319 1172 2354 τῆς
1204 2318 1414 2355 Ἀλεξανδρείας,
1439 2319 1487 2346 καὶ
1507 2319 1554 2346 ἐπὶ
1575 2318 1625 2354 τὴν
1646 2318 1831 2354 Παλαιστίνην

1043 2365 1180 2392 στέλλεται
1195 2366 1318 2401 πορείαν.
1336 2367 1385 2397 '0;
1400 2363 1485 2391 ἐλθὼν
1503 2363 1707 2400 προσεπέλαζεν
1725 2364 1833 2399 ἑκάστῳ

1041 2410 1095 2437 τῶν
1107 2410 1265 2438 ἐπισκόπων
1281 2410 1351 2446 μετὰ
1370 2410 1488 2442 θωπείας
1505 2419 1534 2437 τε
1553 2410 1600 2437 καὶ
1615 2409 1772 2441 κολακείας,
1789 2409 1834 2437 ἵνα

1041 2454 1116 2490 αὑτῷ
1137 2454 1251 2486 πολλοὺς
1269 2455 1370 2491 ποιήσῃ
1387 2455 1543 2490 συνεργούς.
1565 2454 1620 2481 Καὶ
1635 2453 1760 2488 δέχονται
1784 2452 1833 2488 μὲν

1043 2619 1136 2644 Arium
1149 2619 1278 2645 damnare
1292 2617 1384 2649 nollet,
1393 2614 1420 2642 in
1435 2615 1547 2644 Nicmno
1559 2615 1673 2643 concilio
1684 2615 1831 2644 damnatus

1042 2658 1094 2686 cst,
1113 2654 1193 2694 homo
1217 2653 1384 2681 teterrimus.
1411 2651 1497 2686 Cujus
1521 2651 1636 2686 sparsim
1659 2651 1830 2679 Athanasius

1043 2689 1176 2716 meminit.

1079 2724 1134 2758 (73)
1151 2723 1250 2756 Εὐθὺς
1267 2720 1395 2758 τελευτᾷν
1408 2722 1425 2748 ό
1441 2719 1636 2758 epodon-istic.
1656 2719 1747 2758 Tanto
1768 2724 1830 2758 ante

1043 2755 1189 2786 Alexandri
1204 2755 1318 2785 mortem
1333 2756 1506 2784 ctNicaanum
1517 2756 1662 2783 concilium
1675 2755 1830 2782 decessisse

1045 2793 1179 2820 llielctium
1193 2797 1280 2828 putat.
1293 2792 1322 2819 In
1334 2799 1398 2828 quo
1406 2791 1581 2828 vehementer
1596 2795 1684 2828 errat:
1703 2794 1734 2816 ut
1746 2796 1829 2824 supra

1044 2824 1259 2857 demonstratum
1275 2832 1316 2856 est
1332 2824 1358 2854 in
1375 2826 1580 2855 Meletianorum
1599 2824 1758 2854 schismate.
