1929 3039
74 174 129 204 209

422 174 608 204 ADVERSUS
627 176 801 206 lIIERESES
819 178 874 206 LIB

931 201 936 207 .
956 179 1040 209 ἸῸΜ.
1061 180 1139 210 11.-
1159 180 1298 209 ll.~EltES.
1317 180 1407 209 LXIX.

1659 184 1710 212 2m

74 232 159 282 αὐτόν
171 241 255 266 τινες,
268 232 342 260 ἄλλοι
361 233 390 261 δὲ
406 235 488 262 αὐτὸν
501 235 656 265 ἀπώσαντο.
670 238 827 266 Μετέπειτα
842 240 871 267 δὲ

929 246 953 269 ut
970 241 1003 269 ad
1019 250 1100 270 aures
1118 242 1265 270 Alexandri
1279 242 1402 278 episcopi
1422 243 1525 278 perlata
1542 247 1616 278 sunt,
1630 252 1712 282 ency-

75 279 116 310 είς
141 275 200 305 ὦτα
228 279 338 315 ἔρχεται
360 280 408 307 τοῦ
433 282 584 310 ἐπισκόπου
613 284 798 322 Ἀλεξάνδρου,
823 287 871 314 καὶ

76 326 178 362 γράφει
193 327 338 360 ἐπιστολὰς
356 328 527 363 ἐγκυκλίους,
542 330 645 363 αἵτινες
669 332 744 368 παρὰ
761 333 873 367 φιλοκά-

75 372 133 405 λοις
147 372 187 400 ἔτι
202 373 334 405 σώζονται
351 375 390 406 ὡς
407 375 453 402 τὸν
471 375 588 412 ἀριθμὸν
605 377 800 414 ἑϐδομήκοντα,
817 379 872 407 τῶν

76 419 237 446 ἐπισκόπων
247 419 365 456 ἑκάστῳ,
381 421 504 456 Εὑσεϐίῳ
517 421 598 455 εὐθὺς
613 423 650 459 τῷ
662 425 691 451 ὲν
706 425 870 461 Καισαρείᾳ,

76 464 178 500 περιῆν
190 465 255 500 γὰρ,
271 465 320 492 καὶ
336 466 472 503 Μακαρίῳ
488 467 693 504 Ἰεροσολύμων,
715 470 872 507 ’Δτκληπιῷ

75 511 106 537 ὲν
126 511 210 548 Γάζῃ,
237 512 362 547 Λογγίνῳ
384 513 414 539 ὲν
442 513 603 547 Ἀσκάλωνι,
628 516 760 552 Μακρίνῳ
782 517 821 552 τῷ
842 518 872 544 ἐν

82 557 198 593 Ίαμνίᾳ,
218 558 265 585 καὶ
278 559 378 592 ἀλλοις,
404 559 433 586 ἐν
457 568 487 586 τε
507 561 540 596 τῇ
561 561 673 599 Φοινίκῃ
693 563 796 598 Ζήνωνι
819 573 871 591 τινι

75 603 185 639 ἀρχαίῳ
196 605 224 632 ἐν
236 604 328 640 Τύρῳ,
343 605 390 632 καὶ
401 606 502 639 ἄλλοις,
516 607 574 642 ἅμα
585 608 632 634 καὶ
645 609 674 635 ἐν
684 610 717 645 τῇ
729 610 814 646 Κοίλῃ
826 611 872 637 Συ-

75 650 133 686 ρίᾳ.
160 651 204 682 Ὡς
218 649 265 678 οὖν
281 651 474 687 ἀπεστάλησαν
485 653 513 679 αἱ
527 654 678 687 ἐπιστολαὶ,
695 656 871 691 μεμφόμεναι

73 697 140 727 τοὺς
155 697 236 723 αὑτὸν
258 697 486 733 ὑποδεξαμένους,
514 699 629 731 ἕκαστος
654 701 807 738 ἀντέγραψε
832 701 871 738 τῷ

75 744 208 779 μακαρίῳ
229 743 397 780 Ἀλεξάνδρῳ
413 745 641 782 ἀπολογούμενος,
662 748 710 775 καὶ
726 750 751 775 oi.
769 749 818 784 μὲν
831 751 871 777 εί-

75 789 179 825 ρωνείᾳ
190 790 373 825 γεγράφασιν,
388 790 462 818 ἀλλοι
473 791 502 818 δὲ
522 793 551 818 ὲν
566 793 690 830 ἀληθείᾳ·
706 795 730 821 οί
743 795 793 830 μὲν
806 796 872 823 ὑπο-

73 832 202 870 δέχεσθαι
215 835 321 868 τοῦτον,
332 836 407 865 ἄλλοι
420 836 449 863 δὲ
465 837 537 864 κατὰ
551 838 662 872 ἄγνοιαν
680 839 869 876 ὑποδέχεσθαι·

73 882 166 917 ἕτεροι
182 881 211 908 δὲ
227 881 388 916 φάσκοντες,
409 883 448 915 ὡς
466 883 509 910 διὰ
523 884 573 920 τῆς
586 884 722 921 ὑποδοχῆς
740 887 870 923 κερδῆσαι

73 926 158 953 αὐτὸν
171 927 394 963 ἀπολογούμενοι.
411 928 499 965 Πολλή
512 929 555 962 τις
568 930 642 957 ἐστιν
656 932 674 966 ἠ
688 933 751 968 περὶ
767 933 871 960 τούτων

73 972 89 998 ὑ
94 972 215 1004 natum.

111 1018 152 1045 E'.
174 1018 331 1047 Μετέπειτα
345 1019 373 1047 δὲ
387 1020 425 1053 ὡς
436 1020 507 1055 ἔγνω
519 1023 532 1049 6
549 1023 667 1059 Ἄρειος,
678 1024 719 1051 ὅτι
732 1024 873 1054 ἐπιστολαῖ

75 1064 233 1100 ἠνέχθησαν
249 1067 306 1098 τοῖς
323 1066 483 1099 ἐπισκόποις
495 1068 594 1104 πάντη,
608 1069 654 1096 καὶ
667 1069 760 1097 λοιπὸν
775 1080 875 1099 παντα-

73 1111 156 1146 χόθεν
167 1111 349 1147 ἀπηλαύνετο,
366 1113 414 1139 καὶ
425 1113 515 1140 οὐκέτι
528 1123 570 1146 τις
589 1114 670 1142 αὐτὸν
685 1116 874 1152 πωσελαμόά-

73 1166 137 1184 νετο
160 1158 177 1193 ἢ
199 1158 224 1184 οἱ
240 1159 323 1185 αὑτοῦ
347 1159 482 1195 συνεργοί·
500 1160 631 1193 Εὐσέϐιος
655 1161 711 1198 γὰρ
729 1163 743 1189 6
760 1163 874 1196 παλαιὸς

73 1202 167 1237 γέρων
197 1203 369 1240 Νικομηδεὺς
393 1205 408 1231 6
437 1205 516 1239 λόγος
537 1206 544 1221 ¹
563 1206 638 1242 αὐτῷ
661 1207 796 1243 ὑπῆρχεν,
814 1209 874 1244 ἅμα

74 1248 221 1284 Λουκιανῷ
244 1249 274 1276 ἐν
295 1249 465 1286 Νικομηδείᾳ
484 1250 541 1286 (74)
562 1252 770 1287 συμϐεὸιωκὼς,
795 1254 875 1282 Ἀλλά

75 1294 124 1321 καὶ
141 1295 268 1327 Λεόντιος
279 1296 293 1322 6
304 1295 441 1328 ἀπόκοπος
455 1297 485 1324 εν
499 1297 658 1334 Ἀντιοχείᾳ,
669 1298 745 1326 οὔπω
756 1299 804 1335 τὴν
815 1301 873 1327 ὲπι-

75 1340 185 1374 σκοπὴν
208 1341 435 1377 πεπιστευμένος,
451 1343 498 1369 καὶ
511 1332 684 1376 ἄλλοιτινές·
704 1345 766 1372 ἐπεὶ
783 1332 829 1373 οὖν
843 1347 875 1374 ὲκ
894 1332 913 1338 Ι.

74 1386 125 1421 τῆς
137 1385 223 1420 αὐτῆς
236 1386 282 1413 τοῦ
293 1386 456 1423 δηλητηρίου
472 1388 588 1425 φατρίας
599 1385 672 1417 οὗτοι
686 1390 786 1424 πάντες
794 1390 874 1428 ἦσαν,

75 1432 238 1467 ὑποδέχεται
253 1433 303 1467 μὲν
323 1434 404 1460 αὑτὸν
417 1434 547 1466 Εὐσέϐιος
560 1435 648 1471 χρόνῳ
666 1438 761 1473 ζκανῷ·
772 1438 833 1465 ὅθεν
843 1439 875 1474 δὴ

77 1479 222 1510 ἐπιστολὰς
236 1479 325 1515 πάσης
335 1480 468 1516 φλυαρίας
478 1482 719 1518 ὲμπεπλησμένας,
735 1485 877 1521 περιεχού-

77 1533 128 1556 σας
153 1526 245 1553 πᾶσαν
266 1525 347 1553 αὐτοῦ
371 1527 421 1562 τὴν
440 1528 585 1561 κακόδοξον
607 1529 708 1562 πίστιν,
733 1530 843 1565 γράψας
862 1532 877 1558 6

922 289 1007 316 clicas
1033 289 1068 317 ad
1089 289 1213 325 singulos
1235 289 1381 326 episcOpos
1399 290 1506 318 litteras
1533 291 1623 324 dedit,
1653 300 1714 327 qua:

923 334 1060 379 hodieque
1082 336 1268 363 studiosorum
1285 336 1313 363 in
1334 335 1461 363 manibus
1482 340 1639 368 versantur,
1663 345 1713 364 nu-

923 389 1001 409 mero
1015 381 1071 409 fere
1087 382 1269 418 septuaginta.
1286 382 1404 418 Scripsit
1417 383 1487 410 inter
1500 382 1570 410 alios
1579 383 1612 410 ad
1628 382 1713 410 Eusc-

922 428 996 456 biutn
1015 428 1148 457 Caesarea:
1168 429 1402 465 cpiscopumnqul
1419 428 1509 456 adhuc
1523 433 1675 464 supererat,
1686 432 1714 457 et

922 474 955 501 ad
976 474 1124 502 Macarium
1149 474 1420 511 Hierosolymorum,
1441 473 1597 510 Asclepium
1619 474 1712 508 Gnate.

925 520 1078 554 Longinum
1104 521 1268 554 Ascalonis,
1297 520 1448 548 Macrinum
1472 520 1586 548 Jamnize
1609 520 1715 555 episco-

923 572 1005 599 pmn,
1029 571 1056 592 et
1074 566 1153 593 alios.
1178 565 1246 593 Item
1273 566 1299 593 in
1325 565 1493 593 thniclam
1517 565 1550 592 ad
1575 564 1713 591 Zenonem

921 611 1068 646 quemdam
1081 612 1223 647 antiquum
1241 611 1304 647 Tyri
1321 612 1491 647 episcopum,
1503 614 1530 639 et
1542 610 1621 638 alios.
1638 609 1714 638 Scri-

922 657 976 691 psit
992 660 1020 684 et
1043 656 1071 684 in
1090 657 1184 685 Coelen
1198 657 1315 693 Syriam.
1331 657 1422 685 Missis
1438 657 1482 685 his
1506 656 1640 692 epistolis,
1658 656 1714 691 qui-

921 702 972 729 bus
991 709 1038 730 eos
1058 702 1212 736 incusabat,
1229 703 1275 737 qui
1298 702 1393 729 Arium
1416 705 1588 737 receperant,
1612 701 1714 728 rescrio

921 756 1001 784 psere
1009 748 1042 775 ad
1054 749 1238 776 Alexandrum
1251 748 1362 783 singuli,
1378 748 1489 783 quidam
1505 747 1715 775 dissimulanter

922 799 949 821 et
961 793 1071 824 callide,
1088 793 1134 820 alii
1150 801 1183 820 ex
1196 793 1287 819 animo
1301 797 1326 820 et
1337 791 1456 819 sincere.
1473 791 1511 818 Ac
1525 790 1651 818 nonnulli
1663 797 1714 818 cx-

922 845 1030 875 ceptum
1050 846 1064 865 a
1080 846 1109 867 se
1129 839 1268 866 hominem
1292 837 1438 873 negabant,
1452 837 1498 866 alii
1519 845 1567 872 per
1581 837 1714 872 ignoran-

922 885 987 912 tiam
1009 884 1173 912 admissum.
1193 883 1277 910 Erant
1290 887 1317 910 ct
1330 882 1375 918 qui
1395 889 1427 910 eo
1445 889 1475 910 se
1502 881 1621 910 consilio
1639 888 1716 909 rece-

923 930 997 966 pisse
1013 930 1175 961 l'aterentur,
1195 933 1225 956 ut
1235 937 1296 957 eum
1319 928 1389 956 lucri
1405 927 1538 956 iacerent.
1559 927 1589 955 In
1606 934 1716 955 summa

922 977 997 1005 varia
1014 977 1166 1005 litterarum
1184 980 1345 1012 argumenta
1363 975 1482 1003 fuerunt.

958 1022 992 1051 V.
1018 1023 1052 1050 At
1076 1023 1159 1050 Arius
1184 1023 1230 1050 tibi
1256 1022 1374 1058 scriptas
1398 1022 1432 1049 ad
1453 1028 1549 1048 omnes
1570 1019 1717 1055 episcopos

923 1069 1029 1098 litteras
1049 1070 1193 1105 comperit.
1206 1077 1268 1096 cum
1282 1068 1315 1095 ab
1325 1067 1454 1094 omnibus
1469 1066 1572 1101 passim
1585 1066 1716 1093 exclusus

924 1124 939 1144 a
956 1116 1082 1149 nemine,
1100 1119 1282 1152 praeterquam
1297 1122 1313 1141 a
1329 1112 1485 1140 fautoribus
1501 1111 1571 1144 suis,
1589 1110 1716 1146 suscipe-

923 1166 1009 1195 retur,
1027 1168 1143 1197 quorum
1165 1161 1293 1196 princeps
1314 1162 1373 1187 erat
1393 1158 1528 1186 Eusebius
1551 1156 1647 1193 grandi
1666 1156 1715 1184 ad-

925 1207 1036 1235 modum
1056 1211 1122 1234 natu
1145 1204 1363 1233 Nicomediensis
1388 1204 1552 1239 cpiscopus;
1578 1202 1626 1237 qui
1651 1210 1714 1230 cum

925 1253 1046 1281 Luciano
1077 1251 1242 1279 Nicomedia:
1269 1250 1351 1278 simul
1385 1249 1492 1277 vixerat
1522 1258 1528 1276 :
1556 1255 1662 1276 uccuon
1688 1252 1717 1276 et

925 1297 1056 1325 Leontius
1077 1295 1199 1324 eviratus
1211 1294 1374 1327 Antiochiae,
1391 1293 1514 1322 nondum
1530 1293 1716 1328 episcopalem

925 1343 959 1370 ad
972 1342 1063 1370 sedem
1078 1344 1231 1378 promotus,
1247 1340 1346 1375 aliique
1364 1339 1487 1367 nonnulli
1503 1348 1511 1367 :
1530 1347 1593 1367 cum
1603 1346 1669 1374 ergo
1683 1346 1718 1367 ex

927 1390 1080 1426 pernicioso
1101 1388 1178 1416 illius
1195 1387 1323 1415 sodalitio
1344 1394 1440 1414 onmes
1455 1385 1494 1414 illi
1510 1390 1614 1417 essent,
1636 1393 1718 1413 eum-

926 1444 980 1471 que
993 1435 1039 1462 diu
1063 1434 1135 1470 apud
1156 1442 1186 1462 se
1204 1433 1341 1461 Eusebius
1364 1431 1517 1465 habuisset,
1533 1431 1665 1467 epistolas
1682 1431 1721 1458 ad

926 1482 1001 1510 hunc
1022 1482 1110 1517 ipsum
1133 1480 1282 1508 Eusebium
1304 1478 1416 1514 scripsit
1433 1485 1568 1513 nugarum
1589 1477 1718 1513 plenissi-

927 1536 998 1560 mas,
1019 1528 1119 1564 quibus
1135 1527 1248 1562 impium
1266 1533 1347 1552 omne
1363 1524 1462 1560 dogma
1483 1524 1643 1559 complexus
1663 1528 1717 1551 est.

77 1571 162 1602 αὐτὸς
181 1572 290 1607 ’Λρειος
314 1572 437 1607 Εὑσεὸίῳ
458 1573 498 1608 τῷ
515 1574 544 1600 ὲν
563 1574 741 1612 Νικομηδείᾳ,
760 1576 873 1612 μηδέπω

929 1575 1090 1608 Quanquam
1112 1573 1233 1600 nomium
1251 1571 1437 1599 Nicomediam
1452 1571 1485 1598 ad
1501 1570 1578 1597 illum
1595 1573 1717 1598 venerat.

77 1617 187 1652 φθάσας
198 1618 266 1653 πρὸς
279 1618 359 1645 αὑτὸν
375 1619 403 1645 ὲν
416 1619 595 1656 Νικομηδείᾳ,
607 1620 683 1647 οὐδὲν
694 1621 774 1648 πλέον
787 1622 844 1649 ἀλλ’
855 1622 872 1658 ἢ

78 1663 113 1689 τά
129 1663 201 1689 αὐτὰ
220 1664 299 1690 ὁποῖα
322 1664 367 1691 καὶ
391 1665 500 1701 ἐφρόνει
516 1667 545 1693 ὲν
559 1667 655 1699 αὑταῖς
674 1667 797 1701 ὲντάξας,
814 1670 873 1696 κατ’

79 1709 184 1736 ἐκεῖνον
197 1709 242 1736 τὸν
257 1710 353 1746 καιρὸν
367 1712 624 1747 ἐπραγματεύσατοο
643 1713 673 1746 ἐξ
694 1710 731 1741 ὦν
749 1715 814 1750 μίαν
831 1715 874 1741 ελ-

80 1755 181 1783 θοῦσαν
200 1757 240 1788 εἰς
258 1756 307 1789 τὰς
322 1758 459 1793 ἡμετέρας
475 1759 570 1794 χεῖρας
588 1759 706 1786 ἐνταῦθα
726 1760 874 1795 ἀναγκαῖον

80 1803 230 1838 ἡγησάμην
244 1803 423 1838 παραθέσθαι,
436 1804 510 1837 ὅπως
523 1805 602 1832 ἴδοιεν
615 1806 641 1832 ol
655 1806 873 1841 ἐντυγχάνοντες,

79 1847 120 1873 ὃτι
136 1847 168 1874 οὗ
185 1856 211 1874 τι
226 1848 296 1874 κατά
309 1857 380 1880 τινος
395 1850 673 1885 σεσυκοφαντημένως
684 1852 874 1888 είρήκαμεν,ῆ

80 1891 210 1928 λέγομεν.
228 1893 282 1919 Καὶ
299 1892 371 1920 ἐστιν
390 1894 447 1929 ἥδε·

327 1992 492 2028 Ἐπιστολὴ
517 1993 636 2029 Ἀρείου.

119 2049 167 2082 ς’.
188 2048 285 2084 Κυρίῳ
301 2049 483 2083 ποθεινοτάτῳ
510 2049 647 2086 ἀνθρώπῳ
675 2052 744 2079 Θεοῦ
777 2053 874 2089 πιστῷ,

83 2094 218 2130 ὸρθοδόξῳ
236 2094 369 2130 Εὺσεϐίῳ,
387 2095 495 2130 ’Ἄρειος
519 2097 533 2122 6
552 2096 715 2133 διωκόμενος
733 2099 785 2125 ὑπὸ
803 2100 877 2126 Ἀλε-

84 2141 199 2176 ξάνδρου
217 2141 295 2167 πὰπα
318 2139 418 2172 ἀδίκως
434 2140 476 2168 διὰ
494 2141 543 2177 τὴν
562 2142 650 2170 πάντα
669 2144 788 2171 νικῶσαν
811 2145 878 2180 ἀλή-

84 2188 174 2220 θειαν,
209 2184 243 2223 ἧς
266 2187 313 2214 καὶ
343 2187 375 2214 σὺ
403 2187 610 2224 ύπερασπίζεις,
643 2189 672 2216 ὲν
689 2190 797 2226 εΚυρίῳ
818 2191 878 2226 χαί-

87 2242 157 2270 ρειν.
618 2246 619 2250 ‘

121 2279 176 2305 Τοῦ
193 2279 295 2315 πατρός
316 2288 367 2315 μου
394 2280 548 2316 Ἀμμωνίου
567 2281 606 2314 είς
626 2281 676 2317 τὴν
698 2280 880 2318 Νικομήδειαν

85 2325 267 2360 ἀφικομένου,
293 2325 404 2360 εὔλογον
432 2326 480 2353 καὶ
508 2326 683 2362 ὀφειλόμενον
711 2327 798 2363 ἐφάνη
834 2337 880 2363 μοι

86 2369 311 2406 προσαγορεῦσαί
329 2379 360 2397 σε
377 2370 411 2397 δι’
426 2370 519 2404 αὑτοῦ,
534 2371 603 2407 ὁμοῦ
620 2381 650 2399 τε
667 2372 714 2400 καὶ
725 2373 881 2408 ὑπομνῆσαι

90 2415 141 2451 τὴν
156 2415 275 2450 ἔμφυτόν
291 2425 337 2443 σου
353 2417 463 2452 ἀγάπην
479 2420 525 2444 καὶ
538 2417 667 2451 διάθεσιν,
681 2418 714 2453 ῆν
729 2417 800 2454 ἔχεις
814 2419 882 2455 πρὸς

87 2461 152 2493 τοὺς
170 2461 301 2496 ἀδελφοὺς
328 2463 372 2489 διὰ
388 2463 434 2490 τὸν
448 2463 515 2490 Θεὸν
531 2463 579 2490 καὶ
593 2463 640 2490 τὸν
654 2463 771 2498 Χριστὸν
784 2464 878 2497 αὐτοῦ,

86 2508 129 2534 ὅτι
145 2507 272 2542 μεγάλως
289 2509 364 2544 ἡμᾶς
378 2509 506 2544 ἐκπορθεῖ
525 2509 571 2535 καὶ
582 2508 685 2542 διώκει,
698 2509 745 2536 καὶ
758 2511 812 2536 πᾶν
829 2518 880 2537 κα-

89 2554 136 2580 κδν
155 2555 226 2580 κινεῖ
237 2554 294 2589 (75)
309 2555 370 2581 καθ’
383 2555 460 2591 ἡμῶν
471 2556 485 2582 6
500 2555 658 2590 ἐπίσκοπος,
674 2555 744 2582 ὥστε
754 2556 881 2589 ἐκδιῶξαι

88 2601 165 2636 ἡμᾶς
183 2602 216 2628 ὲκ
230 2602 279 2637 τῆς
297 2602 410 2634 πόλεως,
429 2601 466 2634 ὡς
481 2602 641 2638 ἀνθρώπους
658 2602 766 2636 ἀθέους,
787 2603 880 2639 ἐπειδὴ

88 2648 120 2674 οὺ
142 2648 344 2682 συμφωνοῦμεν
368 2649 442 2685 αὐτῷ
458 2649 577 2685 δημοσίᾳ
593 2649 707 2684 λέγοντι·
735 2649 790 2676 Ἀεὶ
804 2649 883 2682 θεὸς,

128 2728 137 2743 ¹
151 2727 215 2754 Cor.
232 2726 291 2758 ὅλος
304 2728 389 2762 αὐτῷ.

129 2804 186 2847 (Π)
205 2805 285 2846 ’τΑμα
306 2804 463 2847 Actutum]:
483 2805 518 2832 ἐν
539 2805 741 2847 Ῑξξιξιρμηὸειίμ.Δ
762 2804 885 2846 ξλιιςὶιὶιὶο

94 2840 272 2868 Sam-tissime
288 2845 417 2876 martyre,
432 2849 514 2876 quem
531 2840 712 2876 nihilominus
728 2841 820 2867 Ariani
834 2848 884 2874 pa-

96 2881 209 2939 ιτοῗυιο
227 2881 424 2912 auctoremque
439 2875 519 2904 Suum
528 2875 726 2912 jactabant.De
736 2883 790 2911 quo
803 2875 884 2912 paulo

96 2919 142 2939 nos
157 2932 166 2939 .

95 2919 166 2946 post.

925 1622 1014 1656 Atque
1037 1622 1080 1649 ita:
1100 1619 1211 1655 quidem
1236 1619 1359 1654 cpistola:
1374 1617 1441 1645 nihil
1464 1616 1538 1644 aliud
1558 1615 1716 1649 continc'nt,

925 1669 1004 1705 731
1024 1670 1124 1703 praeter
1140 1666 1275 1693 doctrina:
1300 1673 1357 1693 sua:
1382 1664 1612 1695 declarationem,
1636 1670 1718 1698 quam

925 1723 974 1750 per
996 1713 1062 1740 illud
1080 1717 1189 1747 tempus
1202 1711 1364 1739 elaboravit.
1382 1710 1483 1737 llarum
1499 1717 1593 1741 uuam,
1607 1716 1668 1743 quae
1683 1708 1719 1735 ad

927 1764 1035 1788 nostras
1057 1766 1157 1786 manus
1177 1757 1312 1792 pervenit,
1329 1757 1380 1783 hoc
1403 1756 1462 1783 loco
1482 1755 1657 1788 subscribere
1670 1762 1719 1781 ne-

925 1804 1079 1833 cessarium
1105 1802 1210 1838 putavi,
1229 1806 1260 1829 ut
1278 1802 1325 1836 qui
1342 1809 1403 1829 eain
1419 1800 1547 1836 legerint,
1566 1799 1720 1834 intelligant

926 1851 993 1878 nihil
1015 1857 1030 1876 a
1046 1849 1124 1877 nobis
1142 1851 1239 1876 contra
1262 1847 1420 1883 qttempiam
1444 1846 1616 1875 calumniose
1630 1846 1721 1881 jacta-

927 1904 984 1925 tum
1000 1897 1081 1929 alias,
1096 1900 1144 1924 aut
1158 1895 1343 1932 impraesentia
1354 1894 1464 1930 jactari.
1480 1893 1529 1922 Est
1541 1897 1633 1922 autem
1648 1892 1722 1928 ejus-

928 1943 999 1972 modi
1021 1953 1028 1971 ε

1227 1999 1285 2026 Arii
1299 1998 1424 2034 epistola.

964 2055 1008 2082 Vl.
1029 2055 1144 2083 Domino
1157 2053 1349 2087 dilectissimo,
1371 2053 1430 2080 viro
1451 2052 1510 2086 Dei,
1529 2052 1612 2084 ﬁdeli,
1628 2051 1722 2078 ortho-

929 2101 1001 2129 doxo
1017 2101 1146 2133 Eusebio,
1165 2101 1258 2132 Arius,
1272 2107 1353 2135 quem
1369 2098 1526 2126 Alexander
1539 2103 1607 2133 papa
1619 2097 1723 2132 injuste

928 2148 964 2175 ob
984 2147 1125 2175 victricem
1149 2146 1272 2174 omnium
1292 2145 1433 2173 veritatem
1451 2144 1617 2178 insequitur,
1640 2143 1722 2178 cujus

928 2197 955 2221 et
971 2197 999 2221 tu
1015 2197 1202 2229 propugnator
1218 2200 1258 2225 es,
1277 2192 1304 2218 in
1322 2191 1437 2218 Domino
1451 2190 1579 2217 salutem.

967 2283 1035 2311 Cum
1059 2283 1222 2311 Ammonius
1241 2286 1320 2318 pater
1336 2289 1414 2309 meus
1428 2279 1615 2308 Nicomediam
1636 2280 1722 2315 proli-

930 2329 1093 2360 cisceretur,
1109 2337 1164 2356 non
1179 2329 1262 2356 modo
1278 2327 1377 2355 rationi
1388 2329 1654 2360 consentaneum,et
1664 2326 1721 2354 olli:

931 2375 975 2403 cio
992 2375 1110 2410 quodam
1123 2383 1138 2402 a
1154 2383 1196 2403 me
1208 2375 1328 2403 debitum
1351 2373 1455 2410 putavi,
1471 2373 1518 2401 tibi
1533 2378 1562 2400 ut
1580 2380 1628 2409 per
1645 2372 1723 2400 illum

933 2423 1050 2450 salutem
1066 2421 1198 2454 dicerem,
1211 2429 1320 2456 unaque
1334 2419 1462 2448 charitati
1478 2423 1540 2452 tute,
1558 2427 1591 2447 ac
1607 2419 1724 2446 benevo-

934 2467 1035 2498 lentia},
1050 2474 1103 2502 qua
1118 2470 1229 2502 propter
1239 2465 1334 2498 Deum,
1348 2465 1463 2500 ejusque
1471 2464 1611 2493 Christum
1624 2464 1725 2493 fratres

935 2512 1111 2548 prosequeris
1127 2511 1302 2546 subiicerent,
1315 2519 1398 2546 quam
1414 2518 1464 2539 nos
1479 2510 1654 2538 vehementer
1666 2511 1725 2546 epi-

934 2567 1035 2594 scopus
1058 2559 1183 2590 infestet.
1208 2562 1289 2592 atque
1310 2557 1447 2585 hostiliter
1471 2556 1651 2592 insequatur,
1673 2563 1725 2583 nec

934 2605 1019 2632 ullum
1043 2604 1106 2631 mali
1121 2611 1208 2640 genus
1229 2611 1284 2631 non
1303 2603 1449 2631 adversum
1469 2610 1520 2630 nos
1534 2605 1724 2633 commoveat,

935 2658 1022 2685 usque
1046 2657 1079 2678 eo
1099 2654 1129 2677 ut
1146 2657 1196 2677 nos
1210 2649 1292 2677 etiam
1307 2649 1382 2677 velut
1398 2649 1497 2684 impios
1519 2656 1551 2676 ac
1576 2647 1662 2676 Deum
1676 2653 1727 2675 no-

976 2804 1032 2839 (75)
1051 2803 1105 2831 Kal
1121 2801 1293 2839 πᾶννκιικὸγ
1317 2801 1404 2839 κινεῖ.
1425 2799 1490 2839 ch.
1506 2806 1540 2839 ex
1554 2797 1731 2839 Theodoreto

939 2834 987 2866 ιίιιζ
1005 2834 1028 2870 ι,’
1040 2846 1101 2870 cap.
1118 2838 1145 2869 5.
1167 2838 1213 2865 ubi
1232 2838 1296 2864 ha-c‘
1310 2837 1404 2864 eadem
1423 2835 1538 2870 epistola
1560 2834 1723 2870 continetur,

939 2868 1028 2900 πάντα
1042 2868 1132 2901 κάλων
1149 2874 1229 2904 κινεῖ,
1244 2880 1346 2899 omnem
1358 2868 1599 2898 moect‘rudantem.
1610 2868 1729 2897 Notissi-

940 2917 1014 2937 mum
1030 2914 1071 2937 est
1085 2908 1270 2943 proverbium.
