1929 3039
89 162 146 190 215

393 163 580 193 ADVERSUS
599 164 769 193 IIA‘ZRESES
788 164 851 192 LIB.
873 165 903 192 ll.
926 164 1007 193 ΤΟΜ.
1027 163 1059 192 ll.
1073 163 1254 192 —-ll:£RES.
1276 163 1368 192 LXIX.

1663 162 1714 190 2H»
1748 192 1750 195 τ

123 221 160 248 Ζ¹.
188 220 269 248 Ἀλλὰ
283 221 330 248 καὶ
342 221 424 256 ἄλλην
440 221 494 249 ἀπὸ
506 222 690 258 Νικομηδειας
709 222 748 258 τῷ
761 223 882 258 ἁγιωτά-

970 221 1026 249 Vll.
1047 221 1134 250 Aliam
1149 227 1278 258 praeterea
1294 221 1452 249 Nicomedia
1465 221 1498 249 ad
1513 220 1714 250 sanctissimum

86 275 125 302 τῳ
142 265 222 302 πάπᾳ
238 265 404 302 Ἀλεξάνδρῳ
417 267 564 302 ἀπολογίας
582 268 661 303 χάριν
674 268 753 304 δῆθεν
764 271 878 304 γραφεῖ-

88 320 150 344 σιν,
171 312 218 338 καὶ
232 313 316 348 χείρω
330 312 410 339 πάλιν
423 313 472 348 τῆς
490 313 571 340 αὑτοῦ
591 313 707 345 ἰοϐολίας
720 314 878 350 ἁπαραλεί-

87 366 165 389 πτως
179 358 347 393 βλασφήμων
361 359 490 394 ῥημάτων
505 360 747 396 ἐμπεπλησμένην,
767 361 814 387 καὶ
832 361 878 388 ὑπ’

86 404 174 430 αὑτοῦ
195 405 224 432 ὲν
250 405 438 441 Ἀλεξανδρείᾳ
457 405 664 442 ἀπεσταλμένην
692 407 875 443 ὑπετάξαμεν.

86 451 145 476 Καὶ
161 450 235 477 ἔστιν
248 451 307 486 ἥδε·

185 507 344 542 Ἐπιστολὴ
366 507 478 542 Ἀρείου
490 508 565 542 πρὸς
581 508 789 543 Ἀλέξανδρον.

125 563 263 599 Μακαρὶῳ
292 566 372 599 πὰπξι
401 564 447 591 καὶ
477 563 619 600 ὲπισκόπῳ
644 564 723 599 ἡμῶν
754 564 880 598 Ἀλεξάν-

87 608 148 643 ὅρῳ
166 609 191 635 οἱ
213 608 393 644 πρεσϐύτεροι
415 609 461 636 καὶ
477 610 502 636 οἱ
519 609 638 637 διάκονοι
661 611 689 637 ὲν
708 610 802 646 Κυρίῳ
819 611 879 645 χαί-

90 662 159 689 ρειν.

131 711 164 736 'll
179 709 270 742 πίστις
293 710 371 746 ἡμῶν
396 711 412 746 ἡ
434 710 466 737 ὲκ
481 710 631 747 προγόνων,
651 711 684 746 ἣν
698 711 745 737 καὶ
765 711 818 738 ἀπὸ
831 711 877 738 σοῦ

91 757 303 792 μεμαθήκαμεν,
322 758 439 793 μακάριε
464 758 552 790 πάπα,
572 757 645 784 ἐστιν
662 757 744 792 αὕτη·
764 757 878 793 Οἴδαμεν

89 802 140 829 ἕνα
154 802 219 828 Θεὸν
232 803 311 837 μόνον
326 803 482 838 ἀγέννητον,
499 803 578 838 μόνον
589 803 682 836 ἀΐδιον,
702 803 782 838 μόνον
797 804 880 839 ἄναρ-

89 855 149 883 χον,
165 847 244 883 μόνον
256 847 392 882 ἀληθινὸν,
410 848 560 876 ἀθανασίαν
572 848 678 884 ἔχοντα,
695 848 775 884 μόνον
787 849 878 883 σοφὸν,

90 892 174 927 μόνον
197 893 307 926 ἀγαθον,
330 893 409 928 μόνον
429 893 571 929 δυνάστην,
595 894 674 929 μόνον
692 894 790 930 κριτὴν
811 894 879 921 πάν-

89 947 158 968 των,
173 938 320 974 διοικητὴν,
337 939 487 974 οἰκονόμον¹
508 939 652 974 ἄτρεπτον.
668 940 716 966 καὶ
735 939 882 966 ἀναλλοίωο

89 994 148 1018 τον,
162 985 275 1017 δίκαιον,
298 986 345 1012 καὶ
359 986 472 1020 ἀγαθὸν,
487 987 570 1022 νόμου
593 987 640 1014 καὶ
658 987 816 1022 προφητῶν,
834 987 882 1015 καὶ

91 1031 197 1066 Καινῆς
212 1031 349 1068 Διαοήκης
362 1031 456 1059 τοῦτον
468 1032 533 1059 Θεὸν
545 1033 713 1068 γεννήσαντα
726 1033 789 1059 Yle
802 1041 882 1068 μονο-

91 1077 159 1112 γενῆ
171 1077 225 1112 πρὸ
235 1078 340 1112 χρόνων
353 1078 480 1110 αἰωνίων,
492 1077 524 1104 δι’
538 1074 568 1104 οὖ
580 1078 627 1105 καὶ
637 1078 700 1110 τοὺς
710 1077 821 1111 αἰῶνας,
835 1078 882 1105 καὶ

90 1123 127 1150 τὰ
149 1123 231 1150 λοιπὰ
247 1124 391 1160 πεποίηκε’
407 1125 577 1160 γεννήσαντα
594 1124 622 1151 δὲ
642 1124 673 1150 οὺ
688 1124 807 1159 δοκήσει,
824 1124 881 1151 ἀλλ’

89 1170 217 1205 ἀληθείᾳ·
234 1170 425 1205 ὑποστήσαντα
434 1170 463 1197 δὲ
477 1170 534 1206 ἰδίῳ
544 1170 684 1206 θελήματι,
693 1170 827 1205 ἄτρεπτον
835 1170 883 1196 καὶ

91 1216 281 1249 ἀναλλοίωτον,
296 1217 397 1252 κτίσμα
411 1216 457 1243 τοῦ
469 1216 536 1243 Θεοῦ
551 1216 662 1248 τέλειον,
679 1215 794 1251 ἀλλὀὐχ
801 1216 839 1248 ὡς
853 1217 882 1243 ἒν

91 1262 148 1290 τῶν
163 1263 332 1297 κτισμάτων,
350 1263 484 1298 γέννημα,
501 1262 559 1289 ἀλλ’
570 1262 620 1297 οὐχ
632 1262 669 1295 ὼς
680 1262 709 1289 ἓν
720 1262 774 1288 τῶν
786 1270 883 1299 γεννη-

95 1309 199 1344 μάτων·
211 1309 265 1335 οὺδ“
280 1309 317 1340 ὠς
334 1308 508 1340 Οὐαλεντῖνος
522 1308 656 1344 προϐολὴν
669 1308 726 1343 (78)
743 1308 773 1335 τὸ
786 1308 882 1344 γέννη-

94 1363 133 1389 μα
146 1354 194 1380 τοῦ
206 1354 312 1390 Πατρὸς
323 1354 510 1390 ἐδογμάτισεν·
525 1355 578 1381 οὐδ’
591 1355 627 1387 ὡς
641 1355 789 1390 Μανιχαῖος
801 1355 884 1391 μέρος

93 1399 236 1434 ὁμοοὺσιον
252 1399 299 1426 τοῦ
313 1399 418 1435 Πατρὸς
439 1399 470 1426 τὺ
491 1399 614 1435 γέννημα
637 1400 811 1435 εἰσηγήσατο·
829 1399 883 1426 οὐδ’

92 1444 131 1475 ὡς
144 1443 290 1476 Σαδέλλιος
300 1445 314 1471 ὁ
325 1443 374 1479 τὴν
389 1443 491 1479 μονάδα
506 1443 619 1479 διαιρῶν
633 1444 781 1480 υἱοπάτορα
796 1442 882 1471 εἶπεν·

93 1488 148 1516 οὐδ’
165 1488 203 1519 ὠς
220 1489 345 1524 Ὶέρακας
361 1488 456 1524 λύχνον
471 1488 526 1515 ἀπὸ
541 1487 648 1524 λύχνου,
667 1489 683 1524 ἢ
699 1489 737 1521 ὡς
757 1489 884 1524 λαμπάδα

94 1530 134 1565 εἰς
149 1534 206 1560 δύοε
222 1534 282 1561 οὐδὲ
295 1534 340 1561 τὸν
354 1534 418 1561 ὄντα
434 1534 565 1570 πρότερον
581 1534 693 1571 ὕστερον
707 1535 882 1572 γεννηθέντα,

95 1581 111 1615 ἧ
133 1580 324 1607 ἐπικτισθέντα
341 1581 381 1612 εἰς
396 1580 469 1612 Υἱὸν,
485 1581 520 1613 ὡς
543 1581 591 1608 καὶ
605 1581 637 1608 σὺ
655 1581 746 1614 αὐτὸς,
766 1582 884 1618 μακάριε

96 1627 186 1658 mina,
209 1627 237 1653 ἐν
257 1626 326 1663 μέσῃ
339 1635 368 1653 τε
384 1626 517 1663 ἐκκλησίᾳ
537 1628 584 1654 καὶ
603 1628 733 1664 συνεδρίῳ
757 1629 885 1656 πλειστά-

95 1681 140 1702 κις
156 1673 218 1704 τοὺς
232 1673 316 1700 ταῦτα
332 1674 566 1709 εἰσηγησαμένους
588 1674 791 1710 ἀπηγόρευσας·
809 1675 878 1709 ἀλλ’,

97 1719 136 1751 ὡς
157 1718 258 1753 φαμὲν,
280 1718 411 1753 θελήματι
432 1718 478 1746 τοῦ
495 1719 562 1745 Θεοῦ
585 1719 638 1755 πρὸ
654 1720 756 1755 χρόνων
771 1720 818 1747 καὶ
832 1721 885 1756 πρὸ

97 1763 204 1791 αἰώνων
219 1763 372 1793 κτισθέντα,
387 1764 473 1790 καὶτὸ
488 1764 537 1800 ζῇν
553 1764 600 1791 καὶ
617 1764 647 1791 τὸ
660 1764 729 1792 εἶναι
749 1765 826 1801 παρὰ.
837 1766 884 1792 τοῦ

97 1811 204 1846 Harpe;
215 1810 354 1845 εἰληφότα,
367 1810 415 1837 καὶ
429 1810 477 1844 τὰς
488 1810 565 1843 δόξας
577 1811 828 1846 συνυποστήσαντος
838 1812 886 1839 αὑ-

95 1854 135 1890 τῷ
154 1854 200 1881 τοῦ
217 1855 337 1890 Πατρός·
355 1854 385 1881 οὐ
399 1854 453 1890 γὰρ
468 1855 482 1881 ὁ
497 1855 592 1890 Πατὴρ
602 1855 663 1886 δοὺς
681 1855 756 1890 αὺτῷ
776 1855 886 1884 πάντων

95 1902 146 1936 τὴν
171 1901 352 1936 κληρονομίαν
375 1901 521 1937 ἐπέρησεν
546 1901 640 1928 ἑαυτὸν
654 1901 707 1927 τὸ¹
731 1902 886 1937 άγεννὴτως

96 1947 170 1981 ἔχειν
183 1947 211 1972 ἐν
225 1946 322 1981 ἑαυτῷ.
340 1947 420 1982 Πηγὴ
434 1947 488 1982 γάρ
502 1947 559 1973 ἐστι
571 1946 689 1974 πάντων·

932 274 1028 302 papam
1040 267 1224 296 Alexandrum
1238 268 1316 304 quasi
1333 267 1482 296 excusandi
1493 267 1535 296 sui
1549 267 1634 303 gratia
1648 271 1716 295 scrt-

932 315 986 348 psit
1005 314 1083 350 longe
1114 316 1255 350 superiore
1281 315 1326 342 illa
1343 314 1473 349 pejorem,
1492 321 1552 349 qua:
1568 317 1625 342 ton
1643 313 1717 340 illius

931 362 975 385 est
997 367 1111 391 veneno,
1136 367 1168 387 ac
1193 359 1398 387 contumeliosis
1420 359 1448 385 in
1468 358 1590 386 divinum
1615 365 1717 385 numen

932 404 1045 431 vocibus
1067 404 1178 437 referta,
1199 413 1281 440 quam
1305 404 1516 433 Alexandrinam
1541 404 1625 432 misit.
1651 403 1716 430 Eam

933 456 983 477 nos
1000 450 1198 484 subjiciendam
1216 451 1380 486 putavimus.

1097 504 1220 540 Epistola
1234 505 1293 533 Arii
1308 505 1342 532 ad
1359 505 1552 532 Alexandrum.

942 581 944 583 -
966 562 1049 590 Beato
1074 570 1150 598 papte
1167 566 1194 590 et
1210 563 1337 598 episcopo
1352 567 1447 590 nostro
1472 561 1636 594 Alexandro,
1652 568 1714 596 pre-

932 608 1032 644 sbyteri
1047 614 1074 637 et
1087 609 1205 642 diaconi,
1224 611 1339 637 salutem
1355 609 1382 636 in
1403 608 1528 636 Domino.

968 717 1048 746 Fides
1060 718 1106 746 illa
1123 726 1206 754 quam
1220 722 1273 747 eta
1289 718 1439 754 majoribus
1460 718 1626 754 accepimus,
1653 722 1679 745 et
1700 725 1716 746 a

933 768 959 792 te
973 764 1128 795 didicimus.
1147 764 1305 792 beatissime
1320 772 1399 800 papa,
1421 764 1555 800 ejusmodi
1571 769 1614 792 est
1629 772 1636 791 :
1652 764 1717 792 Cre-

932 812 1023 839 dimus
1044 818 1128 838 unum
1136 811 1220 839 Deum
1231 830 1239 843 ,
1266 812 1353 839 solum
1369 811 1530 846 ingenitum,
1543 810 1630 839 solum
1639 815 1718 838 aeter-

933 863 1009 887 num,
1036 855 1123 883 solum
1147 855 1279 891 principio
1316 862 1464 887 carentem,
1497 855 1587 883 solum
1610 862 1716 888 verum,

934 901 1022 928 solum
1048 901 1238 932 immortalem,
1256 901 1345 928 solum
1372 901 1532 936 sapientem.
1556 900 1644 928 solum
1670 900 1719 928 bo-

934 952 1011 976 num,
1028 945 1116 972 solum
1135 949 1337 980 prmpotentem,
1352 946 1441 972 solum
1450 945 1583 980 judieem,
1597 945 1720 972 omnium

933 990 1132 1019 moderatorem
1156 995 1183 1018 et
1205 991 1470 1023 administratorem.
1512 991 1655 1018 immotum
1693 993 1722 1018 et

934 1035 1142 1068 immutabilem,
1158 1036 1274 1071 justum,
1299 1028 1415 1070 bonum,
1436 1035 1505 1071 legis
1526 1042 1554 1065 et
1574 1036 1720 1071 propheta—

935 1088 1005 1112 rum.
1023 1088 1055 1109 ac
1074 1081 1142 1108 Novi
1159 1081 1326 1110 Testamenti
1342 1082 1447 1117 pariter
1467 1081 1552 1109 Deum
1563 1100 1571 1113 ,
1596 1081 1642 1117 qui
1659 1080 1722 1108 uni-

934 1127 1054 1162 genitum
1075 1126 1174 1154 Filium
1199 1132 1263 1156 ante
1284 1128 1451 1163 sempiterna
1474 1130 1596 1162 tempora
1612 1126 1719 1161 genuit,

935 1180 984 1207 per
1002 1179 1082 1208 quem
1101 1177 1129 1200 et
1146 1173 1258 1206 saecula,
1272 1177 1300 1201 et
1316 1173 1423 1208 reliqua
1445 1172 1600 1208 procreavit
1613 1171 1718 1200 omnia.

935 1217 1068 1245 Genuisse
1084 1226 1168 1253 porro
1180 1218 1298 1247 dicimus
1315 1219 1416 1253 reipsa,
1434 1225 1489 1245 non
1509 1218 1603 1253 specie
1628 1222 1721 1249 tenus,

936 1271 967 1290 ae
981 1263 1174 1292 subsistentem
1186 1264 1262 1291 illum
1275 1269 1371 1299 suapte
1385 1265 1525 1292 voluntate
1539 1263 1714 1295 condidisse;

935 1308 1081 1343 ejusmodi,
1098 1313 1125 1336 ut
1139 1317 1228 1344 neque
1243 1309 1379 1340 converti,
1394 1317 1483 1344 neque
1498 1309 1599 1336 mutari
1615 1308 1722 1344 possit;

936 1354 1083 1389 perlectam
1104 1354 1150 1382 Dei
1165 1359 1330 1386 creaturam,
1347 1355 1394 1383 sed
1411 1363 1465 1383 non
1481 1359 1612 1390 tanquam
1629 1361 1722 1382 rerum

937 1405 1088 1427 creatarum
1111 1401 1229 1436 aliquam
1246 1411 1252 1428 :
1267 1400 1350 1428 letum
1371 1401 1484 1434 itidem,
1512 1401 1559 1428 sed
1585 1407 1638 1427 non
1664 1395 1724 1427 tari-

936 1454 1017 1480 quam
1041 1455 1123 1474 unum
1138 1456 1153 1474 e
1169 1448 1274 1475 caeteris
1291 1454 1361 1480 ;ncc
1381 1447 1611 1483 quemadmodum
1631 1445 1724 1473 Valen-

938 1491 1012 1520 tinus
1028 1493 1212 1524 asseverabat.
1224 1493 1397 1521 emissionem
1412 1492 1559 1528 quamdam
1576 1492 1652 1519 illum
1664 1499 1725 1519 esse

938 1535 1025 1564 Patris
1051 1537 1155 1564 fetum:
1175 1541 1222 1564 aut
1249 1542 1278 1564 ut
1302 1537 1469 1564 Maniclueus
1494 1536 1620 1564 eumdem
1648 1536 1725 1562 illum

899 1598 920 1627 ο
940 1581 1020 1609 fetum
1044 1587 1146 1617 partem
1167 1590 1228 1610 esse
1247 1583 1316 1610 dixit
1340 1582 1414 1610 Patri
1438 1582 1699 1610 consubstantialem
1716 1589 1726 1614 ;

937 1633 1027 1664 neque
1044 1633 1072 1656 ut
1088 1629 1225 1657 Sabellius
1242 1630 1289 1665 qui
1309 1631 1439 1658 unitatem
1455 1630 1559 1659 divisit.
1575 1633 1603 1657 et
1626 1628 1725 1656 Filium

937 1674 1044 1702 Patrem
1061 1676 1205 1711 appellavit
1219 1685 1226 1709 ;
1245 1684 1299 1705 non
1315 1677 1395 1712 733
1408 1677 1472 1704 item
1490 1680 1519 1703 ul.
1528 1675 1668 1707 Hicraéas,
1683 1675 1727 1701 lu-

937 1727 1047 1747 cernam
1064 1729 1080 1748 e
1103 1722 1224 1754 lucerna,
1251 1726 1298 1748 aut
1322 1722 1474 1757 lampadem
1496 1722 1522 1748 in
1545 1720 1615 1748 duas
1635 1723 1727 1754 partes

938 1766 1063 1798 divisam,
1078 1775 1166 1802 neque
1181 1775 1244 1795 vero
1254 1768 1400 1803 ejusmodi,
1412 1772 1441 1795 ut
1452 1775 1513 1796 cum
1525 1767 1601 1802 prius
1617 1765 1725 1796 fuisset,

939 1816 1033 1846 postea
1058 1813 1094 1840 sit
1117 1813 1244 1847 genitus,
1273 1821 1306 1842 ac
1327 1813 1417 1841 denuo
1444 1817 1553 1841 creatus
1571 1813 1598 1840 in
1617 1811 1726 1838 Filium.

941 1857 1174 1890 Quemadmodum
1191 1863 1220 1886 tu
1240 1858 1308 1894 ipse,
1321 1859 1479 1886 beatissime
1494 1865 1574 1893 papa,
1593 1856 1682 1884 media
1700 1855 1727 1883 in

939 1903 1064 1936 ecclesia,
1084 1909 1111 1932 et
1126 1913 1257 1933 consessu
1277 1912 1463 1942 saepenumero
1482 1904 1528 1939 qui
1545 1903 1602 1931 luee
1618 1910 1727 1930 assere-

939 1954 1000 1977 rcnt
1016 1950 1158 1984 refutasti;
1174 1951 1233 1984 sed,
1252 1955 1281 1978 ut
1295 1951 1425 1983 diximus.
1442 1950 1489 1979 Dei
1505 1951 1645 1978 voluntate
1661 1953 1726 1976 ante

97 1996 234 2027 tempora,
250 1996 277 2019 et
298 1993 397 2020 smel-la
415 1992 507 2019 omnia
535 1996 668 2024 creatum,
695 1997 725 2020 ut
744 1993 856 2027 viveret,
883 1999 965 2030 atque
989 1999 1072 2028 esset,
1098 2004 1114 2023 a
1133 1995 1214 2025 Patre
1236 1998 1374 2033 accepisse
1395 1997 1558 2025 conﬁtemur
1576 2005 1583 2023 :
1602 1995 1670 2023 adeo
1694 1999 1724 2022 ut

96 2037 193 2065 eadem
209 2038 255 2065 illa
271 2038 407 2066 creatione
424 2039 538 2073 gloriam
555 2039 581 2066 ei
600 2038 680 2066 Pater
699 2039 926 2077 splendoremque
949 2042 1095 2070 contulerit
1122 2052 1127 2069 :
1147 2051 1236 2079 neque
1253 2043 1326 2071 enim
1353 2043 1564 2072 existimandum
1592 2046 1645 2072 est.
1672 2041 1723 2068 Pa-

97 2088 180 2116 trem,
201 2091 268 2113 cum.
281 2085 402 2112 omnium
419 2092 512 2112 rerum
547 2084 573 2112 ei
597 2085 798 2120 possessionem
832 2086 961 2121 lradcrtt,
985 2089 1036 2117 sibi
1056 2089 1108 2124 ipsi
1132 2090 1204 2124 quod
1227 2089 1346 2125 ingenita
1367 2089 1484 2125 quadam
1502 2089 1530 2116 in
1553 2081 1590 2116 'se
1616 2087 1723 2114 ratione

95 2131 255 2160 continebat
269 2132 412 2159 ademisse.
434 2131 506 2160 Fons
518 2131 591 2160 enim
606 2131 650 2159 ille
664 2132 785 2159 omnium
801 2137 852 2159 est.

136 2179 176 2204 H'.
194 2177 275 2204 Ὥστε
299 2179 373 2214 τρεῖς
402 2178 470 2205 εἰσιν
498 2178 670 2211 ὑποστάσεις,
696 2177 800 2214 Πατὴρ,
819 2177 883 2210 Υἱὸς

974 2179 1040 2207 Vlll.
1058 2179 1240 2213 Quamobrem
1265 2184 1321 2207 tres
1349 2184 1413 2207 sunt
1438 2179 1608 2214 hyposlases,
1635 2176 1725 2210 Pater,

96 2224 146 2252 καὶ
162 2223 239 2257 ἆγιον
252 2224 372 2259 Πνεῦμα.
383 2224 439 2250 Καὶ
448 2225 462 2251 ὸ
477 2223 525 2260 μὲν
536 2224 602 2255 Θεὸς
615 2224 700 2254 αἴτιος
709 2223 764 2250 τῶν
779 2223 882 2251 πάντων

941 2223 1037 2256 Filius,
1056 2225 1174 2259 Spiritus
1192 2230 1314 2253 sanctus.
1333 2225 1365 2252 Et
1380 2224 1490 2260 quidem
1507 2223 1588 2255 Deus,
1603 2230 1665 2250 cum
1683 2230 1727 2249 re.-

96 2270 239 2306 τυγχάνων
253 2270 326 2297 ἐστὶν
340 2270 465 2306 ἄναρχος,
483 2269 645 2306 μονώτατος·
660 2270 674 2296 ὁ
683 2269 710 2296 δὲ
728 2269 801 2302 Υἱὸς,
810 2269 889 2306 ἀχρό-

137 2346 260 2374 ¹Ι²¹.τοῦ.

134 2426 192 2459 (78)
213 2426 281 2452 Οὐδ’
306 2426 346 2459 ὡς
361 2425 574 2458 -οὺίιλεντῖνος
595 2425 758 2460 προϐολήν.
777 2424 888 2460 Hieron.

97 2462 176 2493 Apol.
188 2462 206 2488 2
219 2463 245 2487 in
267 2460 328 2495 Ruf.
346 2461 464 2488 [labetur
477 2461 604 2496 Dialogus
618 2459 689 2495 apud
702 2459 806 2496 Graecus
825 2459 890 2487 Ori-

97 2497 182 2532 gvnis.
195 2501 220 2523 et
233 2494 347 2523 Candidi
367 2494 564 2532 Valentinianwt
575 2494 702 2532 ha'reseos
719 2494 864 2528 defensoris
881 2502 890 2521 :

98 2531 149 2565 (in)
165 2540 229 2565 quos
245 2531 311 2557 duos
326 2531 482 2558 Andabatas
509 2531 685 2564 digladiari!“
707 2532 775 2558 inter
791 2538 817 2557 se
832 2539 890 2564 spe-

98 2573 185 2594 ctasse
210 2575 250 2593 me
266 2567 360 2600 [‘aleor.
382 2566 452 2593 Dicit
468 2566 615 2596 Candidus,
637 2565 735 2592 Filium
752 2565 783 2592 de
801 2565 890 2592 Putris

96 2610 154 2630 esse
178 2601 340 2631 substanlia.
356 2610 448 2628 errans
464 2602 489 2628 in
505 2609 534 2628 eo
549 2602 618 2636 quod
634 2601 768 2636 προὸολήν
783 2601 888 2627 asserit.

100 2637 123 2664 Ινῖ
138 2637 241 2671 regione
254 2636 379 2673 Origenes
386 2636 468 2671 juxta
484 2636 577 2673 Arium
592 2641 616 2662 et
633 2635 790 2673 Eunomia":
814 2643 892 2673 [cpu-

97 2669 172 2706 ynal.
187 2680 246 2699 eunt
259 2672 296 2699 vel
305 2669 515 2706 Vprolatumeue.
528 2671 565 2698 vel
577 2669 678 2702 natmn',
688 2679 718 2697 ne
732 2670 799 2697 Deus
811 2669 891 2705 Pata-

96 2705 234 2735 dwidatur
247 2707 272 2734 in
287 2713 385 2741 partes.
404 2706 541 2734 Marianus
559 2706 714 2740 llieioiuymi
729 2705 890 2733 sclmliastes

99 2742 236 2779 προϐολήν
264 2742 309 2769 hic
337 2741 504 2779 esse‘credit
524 2741 715 2779 excellentiam.
731 2745 757 2768 et
772 2741 887 2779 ὲξοχήνε

96 2775 128 2805 et'
139 2775 233 2805 errare
245 2781 388 2812 propterea
400 2776 562 2806 Candidum.
577 2776 649 2811 quod
671 2775 784 2812 Patrem
794 2775 886 2802 excel-

99 2810 251 2840 lentiorenr
261 2810 328 2839 Filio
336 2812 449 2840 diceret.
466 2811 519 2839 Sed
535 2810 606 2838 aliud
617 2816 659 2839 est
672 2810 884 2847 προϐολή-(πνοιῇ

97 2847 264 2888 excellentia.
282 2846 374 2882 Neque
386 2847 458 2888 enim
468 2851 542 2887 recte
555 2845 820 2888 quispiam‘igpoﬁoiiﬂ
833 2845 886 2872 dici

101 2887 208 2918 potest;
225 2884 276 2910 hoc
291 2878 338 2910 est.
348 2882 506 2910 excellentia
520 2878 775 2919 iiiajiii-e'qiramllt'us.
793 2878 885 2915 Itaque

942 2277 1002 2297 rum
1019 2270 1140 2297 omnium
1155 2277 1238 2299 causa
1254 2270 1299 2303 sit,
1317 2270 1393 2298 solus
1409 2277 1443 2297 ex
1460 2269 1588 2296 omnibus
1600 2268 1730 2307 principii,

939 2424 1075 2459 προϐολήν
1093 2422 1254 2450 Valentinus
1272 2421 1479 2459 [tTOtLIICllDJtCHl
1495 2422 1630 2455 ejusmodi
1646 2430 1727 2459 voces.

940 2456 996 2491 bat,
1016 2456 1068 2493 qua
1080 2461 1251 2493 procreatum
1268 2457 1301 2484 ab
1317 2456 1452 2485 [Eunibus
1467 2456 1559 2493 Jesum
1576 2458 1726 2487 asserebat.

940 2491 1251 2527 Nimir'uln'emnposito
1280 2500 1312 2519 ac
1337 2492 1487 2519 constituto
1513 2491 1674 2524 l‘leromate.
1699 2497 1728 2521 et

943 2528 1032 2556 {Eone
1055 2529 1189 2558 restituto,
1200 2527 1232 2554 de
1263 2527 1398 2554 communi
1426 2527 1548 2554 omnium
1576 2529 1726 2559 voluntate,

940 2573 1002 2592 cum
1021 2563 1210 2599 unusquisque
1232 2562 1305 2597 quod
1324 2562 1726 2599 liabebat"praestantiSSimnm

943 2600 1090 2630 conferret,
1103 2597 1214 2626 'novum
1232 2597 1376 2630 quemdam
1391 2598 1525 2633 ptodiisse
1542 2598 1637 2629 fetum,
1650 2597 1726 2633 vide-

942 2636 1003 2662 licet
1025 2634 1128 2663 Jesum.
1154 2634 1212 2660 sive
1238 2633 1377 2660 Christum
1392 2631 1433 2658 ἰιι
1463 2632 1641 2659 Salvatorem.
1658 2631 1727 2659 Vide

942 2669 1042 2697 llzeres.
1059 2669 1102 2700 5i,
1120 2676 1194 2695 num.
1218 2668 1264 2699 l5;
1281 2667 1326 2695 ubi
1341 2666 1445 2694 Aionas
1459 2675 1554 2694 omnes
1566 2667 1603 2692 ait
1623 2664 1726 2701 προϐα-

939 2704 1031 2731 λέσθαι
1061 2704 1206 2739 πῴὃλημα
1232 2704 1271 2734 εις
1298 2702 1380 2739 τιμὴν
1394 2703 1448 2739 καὶ
1463 2701 1543 2739 δόξαν
1559 2700 1605 2739 τοῦ
1626 2700 1724 2739 Βρίξοᾷι

939 2740 1001 2767 ΙΙιυο
1026 2735 1277 2766 θειῪειΙοίιίἰιιὶιιιιιι
1308 2735 1726 2773 προϐολήηΛΙιοιιιιῇ’προϐολήφ

946 2775 1022 2802 νενιιὶ
1036 2774 1234 2808 productionem
1255 2770 1391 2808 appellare
1419 2770 1490 2808 nihil
1511 2770 1645 2808 prohibet.
1663 2770 1694 2797 Et
1710 2770 1727 2798 ia

937 2805 1067 2843 Gregorio
1086 2809 1214 2836 Naziauz.
1236 2805 1396 2842 ueterisque
1419 2805 1546 2834 Patribns
1563 2805 1642 2834 Verbi
1659 2813 1729 2842 προτ

937 2845 1032 2876 ϐολεύς
1046 2845 1125 2872 Pater
1143 2844 1307 2870 ncnlinatur.
1697 2844 1700 2845 '
