1929 3039
90 166 141 196 2⁴Ξ1

414 169 598 199 ADVERSUS
618 169 791 198 HAERESES
809 169 873 199 LIB.
893 169 926 198 Il.
947 169 1030 198 T0.ll.
1052 169 1127 198 ll.—
1141 169 1279 198 IIJERES.
1301 168 1394 196 LXIX.

1676 164 1727 193 2'2

128 234 179 261 ΠΨ.
196 233 309 270 Ἄρειος
325 232 415 259 τοίνυν
431 228 508 264 οὗτος
524 230 689 266 ὲνεπνεύσθη
704 230 757 257 ὑπο
768 231 886 257 διαϐολι-
904 246 908 261 Α

976 230 1034 259 XII.
1054 230 1145 259 Redeo
1158 231 1213 266 jam
1229 229 1262 257 ad
1279 230 1385 261 Arium,
1401 227 1448 266 qui
1467 223 1579 262 pessimi
1597 222 1728 252 danuonis

94 281 146 316 ιιῆς
165 281 316 315 ἐνεργείας,
341 279 388 306 καὶ
403 277 616 315 άθυρογλὼττως
635 277 794 312 ἀναισχυντὶ
809 277 889 312 φερό-

97 334 188 361 μενος,
216 326 320 362 ἐπῆρεν
348 324 431 352 αὑτοῦ
457 324 507 360 τὴν
527 323 650 358 γλῶτταν
668 323 739 350 κατὰ
755 323 802 350 τοῦ
825 323 889 349 ἰδίου

98 373 249 405 Δεσπότου,
258 369 289 400 ιε
302 370 390 407 ἀρχῆς
405 370 485 405 δῆθεν
496 369 545 405 τὴν
559 368 635 404 παρὰ
649 369 688 404 τῷ
704 367 840 404 Σολομῶνι
861 369 890 394 ὲν

96 417 158 449 ταῖς
186 416 269 444 αὑτοῦ
294 416 462 451 Παροιμίαι(
482 415 587 448 λέξεσιν
612 413 780 450 ἑρμηνεῦσαι
799 413 892 449 βουλό-

99 471 192 498 μενος,
204 462 246 493 τὸ,
266 462 293 488 '0
310 462 418 496 Κύριος
427 459 528 487 ἐκτισέ
536 469 576 494 με
588 459 689 494 ἀρχὴν
697 458 775 486 ὁδῶν
786 458 890 491 αὐτοῦ,

99 509 157 542 πρὸ
168 507 223 535 τοῦ
238 505 530 542 αὶῶνοςὲθεμελίωσέ
536 513 586 540 με.
607 506 658 532 Ἐν
671 504 751 540 ἀρχῇ
765 504 823 538 πρὸ
838 503 893 531 τοῦ

99 554 159 588 τὴν
182 553 241 588 γῆν
267 553 404 587 ποιῆσαι.
425 551 476 579 καὶ
493 551 552 585 πρὸ
580 551 633 578 τοῦ
660 551 714 584 τὰς
738 550 894 584 ἀϐύσσους

99 600 236 634 ποιῆσαι,
253 599 310 634 πρὸ
329 599 382 626 τοῦ
397 597 556 632 προελθεῖν
568 597 622 630 τὰς
634 597 733 632 πηγὰς
747 596 807 623 τῶν
819 596 894 624 ὑδά-

100 654 171 676 των.
196 645 254 680 πρὸ
282 645 336 672 τοῦ
365 644 419 678 ὄρη
442 643 634 678 ἑδρασθῆναι,
650 642 706 677 πρὸ
722 641 757 669 δὲ
774 641 897 669 πάντων

99 692 224 725 ,Βουνῶν
245 691 337 727 γεννᾷ
361 700 408 726 με.
434 691 530 717 Ἔνθεν
550 690 624 726 αὐτῷ
651 690 668 725 ὴ
690 680 828 724 είσαγωγὴ
846 688 897 723 τῆς

100 738 208 774 πλάνης
224 738 377 773 γεγένηται.
388 737 443 763 Καὶ
459 737 508 763 οὐκ
520 736 631 772 ᾐδέσθη,
649 736 695 762 καὶ
705 736 730 762 οἱ
742 734 825 762 αὑτοῦ
842 743 895 769 μα-

102 786 196 821 θηταὶ,
217 784 319 819 κτίσμα
345 783 494 810 ἀποκαλεῖν
509 783 555 809 τὸν
579 782 615 809 τὰ
640 782 730 809 πάντα
755 781 896 811 κτίσαντα,

102 831 149 859 τον
166 831 198 858 ἐκ
221 829 328 865 [ἰατρὸς
343 829 466 864 άχρόνως
487 828 533 854 καὶ
550 827 677 863 ἀνάρχως
699 824 898 861 γεγεννημένον

105 878 201 912 Λόγον.
216 876 315 903 Λοιπὸν
327 875 356 902 δὲ
369 874 422 901 ἀπὸ
434 873 480 900 τοῦ
497 873 556 905 ἐνὸς
568 873 662 899 τούτου
685 872 764 906 λόγου
784 872 824 902 είς
836 871 900 897 πολ-

103 923 155 955 λὰς
167 923 214 949 καὶ
230 920 317 952 κακὰς
332 919 443 956 τρίϐους
454 919 553 950 ἐλάσας
564 918 612 953 τὴν
624 916 720 944 ἑαυτοῦ
730 916 899 952 κακότροπον
917 912 936 938 Β

106 968 232 1004 γνώμην,
255 967 303 993 καὶ
316 966 340 992 οἱ
369 966 416 991 ἀπ’
438 964 520 990 αὑτοῦ
544 963 661 998 διάδοχοι
682 962 775 999 μυρία,
793 961 840 988 καὶ
853 962 901 987 ἑπ-

106 1014 199 1041 ἐκεινα
215 1013 255 1043 είς
265 1012 310 1038 τὸν
322 1011 386 1037 Υἱὸν
397 1010 444 1037 τοῦ
460 1009 527 1036 Θεοῦ
543 1008 590 1035 καὶ
602 1009 642 1040 εἰς
656 1008 687 1034 τὺ
703 1007 779 1042 ἅγιον
790 1006 902 1041 Πνεῦμα

108 1058 304 1094 βλασφημῆσαι
327 1055 519 1094 ἐπεχείρησαν.
547 1052 707 1088 Παρέλυσαν
733 1052 772 1082 δὲ,
791 1050 829 1083 ὠς
858 1051 896 1076 εί-

108 1091 226 1135 ἁῖνξτδ
234 1091 326 1136 στῖφος
339 1100 387 1128 καὶ
402 1091 452 1135 τὴν
465 1099 591 1135 ὁμόνοιαν
603 1098 652 1133 τῆς
665 1097 745 1132 ἁγίας
760 1097 807 1123 καὶ
818 1095 897 1132 ὀρθο-

107 1150 184 1183 δόξου
195 1149 314 1179 πίστεως
332 1147 379 1173 καὶ
405 1144 577 1180 Ἐκκλησίας,
594 1144 624 1170 οὺ
637 1143 680 1170 διὰ
692 1143 740 1178 τῆς
754 1142 846 1169 αὐτῶν
863 1141 904 1167 δυ-

109 1195 219 1231 νάμεως
242 1194 259 1229 ἦ
287 1193 392 1227 σοφίας·
419 1191 503 1225 ὀλίγοι
526 1189 580 1226 γὰρ
611 1190 636 1216 οἱ
662 1187 877 1224 προσκληθέντες
895 1187 903 1202 ¹

111 1239 294 1276 ἠπατημένοι,
316 1237 410 1264 πολλοὶ
425 1236 453 1263 δὲ
478 1236 502 1262 οἱ
528 1234 671 1270 ὑποκρίσει
687 1232 903 1263 ὑπεισδύνοντες.

110 1285 209 1313 Πολλοὶ
223 1284 252 1311 δὲ
268 1283 315 1310 καὶ
328 1282 400 1309 κατὰ
414 1281 475 1316 βίαν
495 1280 532 1316 μὴ
548 1279 656 1314 ἔχοντες
674 1277 760 1309 οὓτως
783 1275 906 1303 κοινωνοὶ

110 1333 169 1363 τοῖς
179 1330 270 1361 αὐτοῖς
282 1328 471 1363 τυγχάνουσιν.
488 1325 582 1356 Οὐδεὶς
595 1324 623 1351 δὲ
648 1323 750 1350 τούτων
767 1322 905 1358 πρόξενος,

112 1377 183 1405 ἀλλὰ
200 1375 307 1412 πρῶτον
336 1374 385 1410 μὲν
408 1371 553 1408 δοκιμασία
578 1370 692 1401 πιστῶν,
722 1368 852 1404 βασιλέων
879 1367 908 1394 δὲ

113 1411 336 1458 ὑπερασιιισμδς,
347 1419 418 1455 ἀρχὴ
432 1419 480 1454 μὲν
495 1416 684 1446 Κωνστάντιος
694 1415 708 1441 ὁ
728 1413 863 1449 βασιλεὺς,
874 1411 909 1438 τὰ

116 1470 168 1506 μὲν
188 1468 255 1496 ἄλλα
267 1468 355 1495 πάντα
369 1466 454 1501 πρᾶος
473 1464 523 1492 xui;
536 1463 648 1497 ἀγαθὸς,
664 1461 702 1492 ὡς
724 1461 782 1492 υίὸς
801 1459 847 1486 τοῦ
862 1469 909 1495 με-

114 1516 200 1551 γάλου
220 1514 268 1541 καὶ
286 1513 389 1540 τελείου
405 1509 610 1538 Κωνσταντίνου
622 1507 669 1535 τοῦ
686 1505 838 1538 θεοσεϐοῦς,
864 1505 911 1531 καὶ

117 1562 209 1589 πίστιν
227 1559 310 1596 ὀρθὴν
332 1557 466 1593 ἀληθινῶς
493 1554 692 1590 πεφυλακύτος,
720 1552 769 1579 καὶ
783 1551 865 1578 αὑτοῦ
881 1551 910 1577 δὲ

117 1606 165 1634 τοῦ
180 1603 369 1632 Κωνσταντίου
386 1603 442 1638 (87)
466 1600 608 1631 θεοσεϐοῦς
632 1599 718 1630 ὄντος,
745 1598 792 1624 καὶ
807 1596 910 1631 ἁγαϋοῦ

117 1650 191 1678 κατὰ
207 1649 320 1684 πολλοὺς
333 1647 461 1683 τρόπους·
477 1647 506 1672 ὲν
524 1644 611 1679 τούτῳ
626 1643 653 1670 δὲ
672 1643 762 1678 μόνον,
778 1643 807 1669 ὲν
819 1642 858 1677 τῷ
875 1641 912 1677 μὴ

118 1695 191 1723 κατὰ
206 1695 256 1730 τὴν
270 1694 363 1720 πίστιν
379 1692 427 1719 τοῦ
449 1691 550 1727 πατρὸς
563 1690 644 1717 αὑτὸν
655 1688 813 1719 ὡδευκέναι,
827 1687 912 1722 ἐσφά-

119 1743 165 1778 λη,
180 1742 230 1768 οὐκ
242 1740 287 1775 ἀφ’
308 1739 405 1766 ἑαυτοῦ
422 1738 521 1769 αίτίιις,
541 1735 610 1763 ἀλλὰ
624 1735 678 1762 ἀπὸ
692 1734 747 1761 τῶν
762 1733 914 1769 μελλόντων

119 1787 213 1816 δοῦναι
234 1786 312 1821 λόγον
332 1787 371 1817 είς
395 1784 503 1821 ἡμέραν
516 1782 634 1819 κρίσεως
652 1780 706 1807 τῶν
721 1780 831 1815 δοκήσει
853 1779 913 1806 ὲπι-

122 1834 233 1862 σκόπων
260 1831 424 1867 λεγομένων,
461 1827 706 1865 παραφθειράντων
733 1825 761 1852 δὲ
775 1825 825 1861 τὴν
847 1824 914 1851 Θεοῦ

121 1878 253 1915 ἀληθινὴν
283 1878 385 1904 πίστιν·
409 1875 509 1907 οἵτινες
542 1874 634 1910 ἔχουσι
653 1872 745 1900 δοῦναι
765 1871 845 1906 λόγον
868 1869 917 1897 καὶ

121 1926 195 1961 ὑπὲρ
209 1925 260 1959 τῆς
281 1924 410 1955 πίστεως,
431 1922 479 1948 καὶ
493 1920 564 1956 ὑπὲρ
576 1919 630 1947 τῶν
645 1918 773 1954 διωγμῶν
786 1917 834 1952 τῆς
854 1917 916 1943 Ἐκ-

122 1969 249 2005 κλησίας,
265 1968 313 1995 καὶ
324 1966 459 1994 τοσούτων
472 1965 576 1996 κακῶν,
592 1964 640 1991 καὶ
654 1963 742 1998 φόνων
752 1961 806 1988 τῶν
821 1961 850 1987 ὲν
858 1961 917 1992 ταῖς

129 2015 306 2051 Ἑκκλησίαις
316 2014 408 2041 ἕνεκεν
416 2011 505 2039 αὐτῶν
512 2010 713 2046 γεγενημένων,
725 2008 772 2036 καὶ
782 2006 835 2034 τῶν
846 2006 918 2033 λαῶν

123 2063 179 2090 τῶν
192 2063 222 2088 ὲν
237 2060 363 2096 ὑπαίθρῳ
379 2059 419 2085 ἔτι
432 2058 512 2093 δεῦρο
528 2055 662 2083 τοσούτων
675 2054 812 2090 μυριάδων
829 2053 919 2088 θλίψιν

125 2106 332 2144 ὑπομενουσῶν,
346 2105 394 2133 καὶ
408 2105 477 2141 ὑπὲρ
496 2102 578 2130 αὐτοῦ
597 2101 643 2128 τοῦ
666 2099 817 2137 μακαρίτου
842 2100 921 2126 Κων-

128 2156 254 2184 σταντίου
275 2154 323 2182 τοῦ
339 2154 385 2180 ὑπ’
402 2152 492 2180 αὐτῶν
519 2149 740 2185 πεπλανημένου,
761 2148 809 2175 καὶ
826 2147 921 2183 ἀγνοή-

129 2210 226 2234 σαντος
237 2202 287 2237 τὴν
301 2200 393 2228 πίστιν
406 2199 456 2234 τῆς
468 2197 632 2234 ὀρθοδοξίας,
644 2195 692 2222 καὶ
706 2194 865 2226 ὑπείξαντος
877 2193 922 2220 αὑ-

943 275 1032 303 aﬁlatu
1050 276 1107 310 pari
1124 276 1221 310 linguae
1233 273 1462 302 immoderatione
1475 275 1503 299 et
1519 269 1687 305 impudentia
1700 275 1732 296 os

943 330 1023 350 suum
1034 322 1166 350 adversus
1178 321 1321 348 Dominum
1334 319 1431 347 ell‘erre
1441 326 1495 345 non
1508 315 1654 344 dubitavit.
1663 313 1732 343 Cum

944 368 1069 404 inprimis
1097 367 1224 395 videlicet
1246 366 1401 394 Salomonis
1427 364 1502 392 illam
1528 363 1555 390 in
1578 360 1735 389 Proverbiis

945 414 1109 442 sententiam
1127 413 1301 449 interpretari
1316 412 1417 440 vellet:
1438 410 1568 437 Dominus
1585 408 1684 435 creauit
1695 414 1735 433 me

944 460 1100 495 principium
1125 459 1227 486 viarum
1253 464 1378 489 suarum;
1399 460 1460 483 ante
1484 454 1588 482 meum
1615 452 1736 487 fundauit

946 514 996 538 me,
1018 506 1045 532 in
1057 505 1134 532 initio
1153 509 1294 539 antequam
1311 508 1409 530 terram
1432 502 1539 537 faceret,
1555 505 1580 527 et
1595 505 1736 534 antequam

947 555 1047 579 crearet
1059 551 1169 585 abysso:
1179 558 1187 582 ς
1199 555 1341 585 antequam
1354 548 1489 584 prodirent
1500 547 1584 581 [antes
1595 552 1734 580 aquantur,

948 603 1087 632 antequam
1101 603 1200 624 mortles
1220 597 1404 631 ﬁrmarentur,
1420 599 1479 620 ante
1495 600 1584 620 omnes
1599 590 1679 618 colles
1692 597 1737 625 ge-

949 644 1006 670 nuit
1020 644 1088 670 me'.
1103 642 1172 669 Hinc
1185 641 1288 669 erroris
1304 641 1347 668 sui
1365 638 1553 666 introduc-cudi
1565 635 1738 664 occasionem

950 694 1047 716 nactus
1060 693 1113 716 est.
1124 687 1179 715 Nec
1193 687 1269 714 illum
1285 686 1381 721 ejusve
1397 683 1547 719 discipulos
1562 681 1658 717 puduit
1672 679 1738 707 Ver-

947 736 1013 762 bum
1035 733 1111 764 illud.
1133 733 1205 768 quod
1226 732 1318 760 omnia
1339 730 1451 764 creavit,
1467 729 1540 764 quod
1556 735 1570 755 a
1586 727 1667 754 Patre
1682 725 1740 754 sine

952 785 1073 816 tempore
1087 780 1219 814 initioque
1237 779 1357 814 genitum
1381 781 1434 808 est,
1458 778 1613 802 creaturam
1638 772 1740 800 dicere.

952 827 1010 859 Qua
1025 834 1056 853 ex
1076 834 1128 852 una
1147 833 1213 852 voce
1226 824 1354 858 deinceps
1370 823 1397 849 iu
1413 822 1495 848 multa
1512 828 1544 847 ac
1562 827 1645 855 prava
1660 825 1735 845 erro-

954 879 1013 898 rum
1029 870 1189 898 divcrticula
1213 869 1427 896 consceleratam
1445 870 1563 893 mentem
1582 864 1742 896 immitteus,

951 925 1001 945 nec
1017 917 1075 952 ipse
1091 915 1182 947 modo,
1199 915 1245 942 sed
1264 915 1324 949 ejus
1340 918 1366 941 et
1382 913 1513 940 doctrina:
1528 916 1678 938 sectatores
1693 909 1737 936 in-

952 964 1042 991 ﬁnitas
1057 963 1084 989 in
1103 961 1148 989 Dei
1164 961 1260 988 Filium
1286 968 1318 988 ac
1337 959 1469 994 Spiritum
1492 962 1619 986 sanctum
1644 959 1744 983 c0ntu-

952 1010 1046 1036 melias
1063 1008 1200 1043 conjicere
1222 1015 1276 1034 non
1299 1006 1468 1033 dubitarunt.
1492 1004 1577 1032 Porro
1608 1002 1689 1030 iidem
1707 1001 1746 1029 illi

952 1058 1054 1081 sancta:
1067 1059 1094 1081 et
1108 1052 1268 1080 orthodoxae
1291 1052 1367 1083 ﬁdei.
1391 1057 1472 1086 atque
1486 1049 1615 1078 Ecclesia:
1635 1047 1747 1076 Confer-

954 1103 1010 1125 tum
1026 1098 1109 1125 veluti
1131 1097 1241 1132 globum
1265 1095 1498 1129 concordiamque
1521 1094 1674 1123 solverunt.
1691 1099 1746 1119 non

954 1142 1007 1169 ulla
1024 1141 1137 1177 quidem
1154 1141 1276 1176 ipsoruzn
1293 1140 1319 1166 vi
1338 1144 1385 1166 aut
1401 1138 1535 1173 sapientia
1552 1147 1559 1165 :
1579 1138 1658 1172 pauci
1673 1137 1747 1164 cnim

954 1188 987 1215 ab
1006 1187 1040 1214 iis
1062 1187 1182 1219 inducti,
1208 1194 1240 1213 ac
1257 1185 1434 1213 circumventi
1447 1189 1530 1215 sunt;
1547 1183 1594 1211 sed
1614 1183 1747 1219 plerique,

955 1237 1002 1260 aut
1020 1241 1068 1267 per
1089 1233 1293 1260 simulationem
1321 1232 1497 1266 obrepentes,
1526 1233 1573 1256 aut
1596 1230 1621 1256 vi
1647 1228 1747 1262 coacti,

955 1287 1018 1306 cum
1036 1279 1115 1313 longe
1138 1278 1210 1304 aliud
1235 1278 1262 1304 in
1285 1277 1379 1304 animo
1394 1276 1528 1308 foverent,
1545 1276 1636 1303 socios
1651 1282 1681 1302 se
1696 1274 1750 1301 illis

956 1324 1035 1360 737
1054 1324 1249 1359 adjunxerunt.
1263 1323 1357 1358 Neque
1374 1331 1438 1350 vero
1455 1323 1479 1350 id
1497 1322 1608 1349 aliunde
1620 1320 1751 1348 concilia-

957 1375 1014 1397 tum
1032 1375 1086 1401 cst,
1112 1370 1163 1397 nisi
1188 1370 1261 1405 quod
1281 1369 1314 1396 ad
1335 1369 1454 1396 ﬁdelium
1480 1368 1670 1404 probationem
1694 1367 1751 1394 ida

960 1416 1013 1442 Deo
1026 1415 1189 1451 permissum
1203 1420 1255 1443 est.
1271 1415 1396 1443 Accessit
1411 1422 1438 1442 ct
1455 1415 1650 1449 imperatorum
1665 1413 1751 1444 favor,

960 1460 1040 1494 rujns
1063 1459 1171 1487 initium
1190 1468 1204 1486 a
1221 1460 1385 1487 Constantio
1410 1460 1576 1494 imperatore
1598 1458 1752 1493 profectum

961 1509 1012 1533 cst.
1040 1504 1091 1538 Qui
1107 1512 1170 1532 cum
1186 1505 1295 1533 caeteris
1318 1505 1344 1532 in
1360 1506 1442 1532 rebus
1459 1505 1646 1539 perhumanus
1663 1511 1695 1530 ac
1709 1503 1754 1530 bo-

963 1560 1015 1578 nus
1030 1555 1112 1582 esset,
1130 1555 1225 1586 utpote
1250 1551 1339 1586 magni
1365 1551 1446 1582 illius.
1462 1554 1488 1577 et
1509 1550 1536 1577 in
1552 1550 1626 1577 omni
1644 1549 1755 1577 virtutis

962 1604 1061 1632 genere
1078 1597 1202 1631 perfecti.
1218 1597 1395 1631 religiosique
1409 1596 1585 1625 Constantini
1604 1595 1687 1627 ﬁlius.
1707 1595 1756 1630 qui

964 1644 1099 1670 sinceram
1116 1651 1149 1669 ex
1165 1643 1257 1670 animo
1273 1643 1352 1670 ﬁdem
1371 1646 1533 1670 constanter
1554 1641 1688 1674 retinuit;
1708 1640 1757 1668 sed

963 1693 990 1716 et
1002 1688 1180 1715 Constantius
1196 1688 1255 1722 ipse
1273 1688 1334 1722 pius
1352 1687 1487 1722 alioquin,
1505 1694 1537 1713 ac
1554 1687 1649 1714 multis
1664 1686 1758 1721 probi-

964 1735 1028 1761 tatis
1052 1733 1221 1760 ornamentis
1247 1733 1390 1768 praeditus,
1417 1732 1469 1759 hac
1489 1740 1543 1759 una
1561 1739 1591 1758 re
1609 1731 1756 1762 aberravit.

965 1779 1036 1815 quod
1054 1786 1108 1806 non
1125 1779 1259 1814 impressa
1277 1786 1292 1805 a
1311 1781 1424 1813 parente
1441 1776 1502 1804 ﬁdei
1518 1776 1632 1811 vestigia
1647 1780 1758 1804 secutus

965 1828 1017 1851 est.
1033 1823 1111 1857 Quod
1139 1824 1228 1858 ipsum
1254 1827 1346 1850 tamen
1372 1829 1426 1849 non
1452 1822 1526 1850 illius
1545 1821 1626 1856 culpa
1646 1820 1758 1854 factum,

967 1869 1013 1897 sed
1028 1869 1222 1897 nonuullorttm
1234 1869 1342 1901 fraude,
1356 1869 1402 1904 qui
1416 1868 1504 1896 in-die
1516 1867 1614 1903 judicii
1627 1868 1759 1895 rationem

967 1915 1102 1943 reddituri
1119 1919 1199 1947 sunt;
1212 1915 1258 1950 qui
1271 1915 1365 1950 specie
1375 1922 1407 1942 ac
1420 1915 1532 1942 nomine
1547 1918 1627 1942 tenus
1639 1913 1760 1949 episcopi

968 1962 1105 1990 sinceram
1123 1960 1168 1988 Dei
1186 1961 1266 1988 ﬁdem
1286 1960 1502 1994 labefactarunt;
1525 1968 1540 1987 a
1553 1960 1653 1996 quibus
1666 1959 1762 1995 procul

969 2008 1054 2035 dubio
1071 2015 1127 2034 non
1148 2007 1237 2042 ipsius
1263 2007 1345 2034 modo
1369 2006 1430 2034 ﬁdei
1457 2005 1596 2034 reddenda
1623 2006 1694 2033 ratio
1708 2009 1762 2036 est.

970 2057 1019 2084 sed
1042 2056 1255 2084 inscctationum
1282 2053 1410 2081 Ecclesia!
1429 2053 1563 2085 omnium,
1579 2055 1763 2079 actanmrum

971 2102 1170 2132 calamitatum,
1191 2104 1219 2128 et
1237 2100 1364 2131 caedium,
1383 2106 1444 2134 qua:
1459 2098 1485 2125 in
1503 2097 1642 2124 Ecclesias
1654 2096 1763 2123 illorum

971 2155 1054 2177 causa
1079 2147 1208 2175 derivata:
1235 2149 1316 2177 sunt;
1349 2152 1456 2172 necnon
1473 2147 1500 2170 et
1521 2142 1690 2170 inﬁnitorum
1713 2140 1764 2168 bo-

972 2195 1075 2222 Ininum
1091 2193 1218 2223 millium.
1234 2199 1294 2226 quae
1311 2191 1337 2217 in
1352 2189 1516 2217 hodiernum
1529 2195 1616 2222 usque
1630 2186 1702 2213 diem
1716 2193 1764 2213 va-

127 2250 185 2281 τοῖς
204 2232 243 2280 ῶς
264 2232 372 2284 ’ἱερεῦσι
394 2232 466 2272 κατὰ
485 2232 610 2278 άγνοιαν,
626 2241 810 2276 ἀγνοήσαντος
829 2239 880 2275 τὴν
893 2239 906 2265 ὲ

974 2239 1022 2267 riis
1041 2238 1173 2266 aerumnis
1195 2241 1273 2265 extra
1290 2236 1373 2263 urbes
1395 2243 1428 2263 ac
1451 2239 1524 2261 tecta
1550 2232 1764 2264 conﬂictantur;

130 2295 222 2326 αὐτοῖς
238 2293 342 2328 πλάνην
355 2291 406 2326 τῆς
421 2289 582 2324 τυφλώσεως
597 2287 644 2314 καὶ
654 2284 835 2317 κακοπιστίας
844 2292 922 2320 γενο-

131 2341 215 2377 μένης
230 2341 263 2366 ὲκ
274 2338 396 2366 διαϐόλου
414 2335 603 2372 παρασκευῆς.

976 2289 1114 2321 postremo
1128 2289 1156 2311 et
1172 2282 1243 2310 beati
1258 2289 1367 2316 quoque
1381 2278 1535 2307 Constantii
1552 2278 1581 2305 in
1595 2283 1717 2305 errorem
1731 2276 1766 2303 ab

977 2331 1031 2358 illis
1057 2328 1172 2360 inducti,
1200 2327 1246 2362 qui
1276 2331 1357 2354 recta:
1384 2324 1446 2352 ﬁdei
1469 2323 1591 2359 regulam
1619 2321 1766 2357 ignoravit,

129 2371 281 2423 eademque
293 2385 446 2422 ignorantia
462 2384 494 2411 ad
509 2384 617 2411 illorum
633 2389 662 2410 se
677 2384 772 2416 utpote
785 2378 959 2408 sacerdotum
989 2378 1180 2405 auctoritatem
1198 2373 1416 2402 accommodavit
1434 2392 1442 2405 ,
1474 2372 1548 2408 quod
1573 2371 1664 2406 ipsum
1688 2377 1767 2398 error

130 2422 252 2466 illorum,
267 2442 299 2462 ae
314 2434 434 2464 caecitas,
453 2432 654 2466 depravataque
671 2428 749 2460 ﬁdes,
765 2432 794 2456 et
809 2435 842 2455 ex
861 2427 963 2455 diaboli
986 2425 1108 2462 proiecta
1126 2423 1242 2452 consilio
1257 2422 1364 2449 lateret.

165 2482 216 2509 II".
231 2481 363 2517 Δεύτερον
377 2480 418 2506 ἔτι
431 2478 554 2513 ὲνίσχυσε
570 2476 626 2513 (88)
639 2476 669 2503 τὺ
684 2477 786 2503 τούτων
801 2475 922 2511 ἑρπετῶ-

129 2528 175 2560 δες
192 2527 374 2563 ἐργαστήριον
391 2525 424 2552 δι’
445 2523 574 2551 Εὑσεὸίου
597 2522 644 2549 τοῦ
665 2520 854 2552 ὑπεισδύντος,
872 2520 924 2547 ικαὶ

132 2573 371 2610 παραφθείραντος
401 2571 450 2607 τὴν
478 2570 562 2605 ἀκοὴν
591 2569 672 2596 πάλιν
700 2567 849 2598 Οὐάλεντος
879 2565 926 2593 τοῦ

133 2619 279 2651 Θεοσεδοῦς
294 2619 443 2655 βασιλέως,
463 2617 511 2644 καὶ
533 2613 747 2645 εὐλαϐεστάτου,
770 2613 817 2640 καὶ
835 2612 926 2647 θεοφι-

173 2699 182 2716 ¹
195 2697 226 2725 F.
248 2696 469 2732 προσκλιθέντες.
506 2695 515 2710 ¹
534 2694 614 2722 Prov.
631 2701 691 2725 vnt,
708 2692 743 2719 22
755 2699 831 2727 seqq.

171 2757 229 2798 (87)
247 2755 301 2798 Καί
322 2754 473 2798 adroges:
497 2753 551 2798 τοῦ
578 2750 800 2798 [ituraeos-tiae.
832 2748 927 2798 ‘Sil'nilo

135 2784 269 2822 huic.'ac
293 2791 372 2825 longe
393 2790 475 2817 etiam
499 2787 731 2825 honoriﬁcentius
760 2791 790 2825 et_
807 2784 925 2825 liberius

135 2819 261 2860 eiusdem
287 2819 464 2860 imp‘ératoris
481 2824 598 2860 elogium
613 2825 703 2860 exstat
720 2821 790 2856 apud
806 2819 924 2860 _Nazian-

136 2855 235 2890 zenqu
254 2861 282 2888 in
301 2855 394 2896 pfiore
407 2855 603 2896 στηλιτεῦτικῷ
615 2856 701 2896 :quod
711 2855 832 2896 oratorio
843 2862 930 2887 more,

139 2905 172 2926 ac
182 2896 293 2925 dicendi
302 2891 425 2932 impetu,
441 2891 469 2923 et
482 2894 574 2922 calore
589 2891 732 2929 profusum
747 2891 834 2928 magis
847 2896 929 2926 quam

1011 2473 1079 2501 XIII.
1100 2471 1224 2499 Accessit
1246 2473 1275 2497 et
1299 2469 1350 2496 alia
1376 2475 1471 2500 causa,
1488 2474 1549 2503 quas
1570 2466 1634 2494 huic
1650 2473 1765 2502 serpen.

980 2523 1036 2546 tum
1051 2518 1165 2545 ollicinae
1180 2516 1325 2551 plurimum
1335 2514 1434 2549 adjecit
1445 2513 1555 2544 virium,
1567 2512 1702 2540 Eusebius
1716 2512 1769 2539 sci-

981 2565 1054 2595 licet.
1072 2563 1118 2599 qui
1134 2562 1232 2590 callide
1249 2570 1279 2588 se
1301 2561 1456 2591 insinuans.
1486 2559 1606 2586 Valentis
1631 2565 1712 2585 aures
1732 2557 1769 2591 pii

980 2618 1012 2639 ac
1036 2609 1155 2645 religiosi
1172 2602 1357 2643 imperatoris.
1373 2614 1405 2634 ac
1429 2605 1514 2634 divini
1530 2604 1652 2633 numinis
1675 2609 1771 2630 aman-

979 2753 1012 2774 cx
1031 2745 1069 2772 rei
1082 2744 1197 2771 veritate
1215 2744 1367 2779 profectum
1380 2741 1498 2769 videtur.

1015 2771 1072 2814 (88)
1090 2771 1234 2813 Δεύτεροῖκ·
1249 2779 1293 2805 ἔτι
1315 2778 1474 2814 ἐνίσχυσε.
1498 2774 1560 2814 βοῇ
1589 2772 1623 2800 ab
1639 2771 1770 2814 Eusebio,

976 2809 1023 2846 sed
1031 2809 1068 2842 ab
1076 2809 1212 2847 Eudoxio,
1223 2814 1268 2848 qui
1278 2809 1607 2848 Constantinopolitauam
1617 2809 1771 2848 sedetque-

983 2843 1276 2888 cuparathbapliiaius
1286 2853 1329 2877 est
1338 2847 1446 2875 Valens.
1460 2843 1549 2880 Quare
1565 2851 1616 2881 pro
1628 2843 1773 2876 Εὺσεόίου,

983 2884 1053 2925 ὶρέο,
1070 2884 1207 2919 Εὐδοξὶου.
