1929 3039
179 140 233 167 ἓν)υῦ

913 141 942 169 S.
964 141 1133 171 EPIPHANH

1761 145 1814 173 εει

180 200 281 227 tissimi
309 202 442 237 corrupit.
460 202 512 235 Qui
530 204 603 238 quod
635 203 669 230 ab
694 203 741 230 illo
771 202 909 238 baptismo
935 206 970 229 stt

1023 203 1094 236 λοῦς.
1118 205 1226 241 Ἐπειδὴ
1243 205 1297 241 γὰρ
1316 206 1381 241 παρ’
1396 205 1478 233 αὐτοῦ
1491 206 1522 232 τὸ
1533 205 1644 241 λουτρὸν
1655 205 1814 240 ἐκομίσατο.

181 246 317 279 initiatus,
346 255 379 275 ea
404 256 488 275 causa
511 249 638 276 videlicet
656 249 716 280 fuit,
740 257 789 276 cur
807 249 864 276 haec
888 248 972 276 factio

181 293 291 322 stabilis
309 301 341 321 ac
362 293 438 321 ﬁrma
455 294 628 322 consisteret.
654 294 721 322 Nam
744 295 846 330 alioqui
862 293 972 330 jamdu-

180 338 246 365 dum
270 339 311 366 vel
343 346 358 366 a
385 339 554 367 mulierculis
583 347 615 367 ac
641 340 775 375 puerulis,
803 347 837 366 ne
861 339 972 367 adultos

179 391 402 416 commemorem,
414 384 461 419 qui
482 391 562 414 rectm
579 385 642 412 litlci
659 393 690 412 ac
703 385 843 420 religionis
853 385 973 412 exactis-

181 427 250 454 sima
266 427 381 455 scientia
397 428 502 463 praediti
518 433 593 462 sunt,
609 430 644 457 ab
662 430 705 462 iis,
725 430 847 464 inquam,
867 430 913 464 qui
929 429 973 458 vel

137 469 146 480 ‘
181 473 342 500 tenuissima
368 474 491 502 veritatis
519 475 615 502 notitia
640 475 744 511 perfusi
771 481 845 507 sunt,
876 475 972 510 primis

180 518 350 553 temporibus
364 519 500 547 confutati
519 520 661 556 fugatique
673 526 779 552 essent.
795 525 926 556 tanquam
942 525 972 548 et

181 563 208 591 in
229 564 373 592 Domimtm
396 567 599 597 contumeliosi.
619 571 648 595 et
658 561 741 594 alteri
760 568 871 603 quidam
897 567 972 595 illius

163 601 382 642 ’interfectores,
400 618 432 638 ac
456 610 563 639 Domini
590 612 677 640 nostri
701 601 888 640 Jesthristi
909 620 972 647 per-

180 654 257 682 fecta:
280 655 434 684 divinitatis
450 664 593 686 eversores
615 668 622 686 :
648 658 674 685 id
697 658 771 694 quod
797 658 972 694 imperatoris

180 701 272 728 favore
284 709 316 728 ae
327 702 480 737 patrocinio
492 707 683 739 susceperunt.
696 709 725 731 ut
740 711 836 732 eorum
846 704 971 731 omnittm

180 747 316 774 ntalorutn
344 752 471 782 auctores
488 753 590 780 essent.
607 757 668 784 qua:
689 753 716 776 ct
730 749 863 777 hactenus
883 749 971 776 exsti-

179 797 283 826 terunt,
297 797 324 821 et
341 794 476 830 hodieque
493 803 541 830 per
558 795 620 822 illos
637 794 817 827 Alexandriae,
843 794 972 823 Nicome-

180 839 249 871 dite,
274 840 300 866 in
327 839 523 875 Mesopotamia
549 848 581 867 ac
605 840 751 868 Palzestina
781 841 969 873 concitantur,

181 885 284 919 ubique
301 890 433 916 pratscnte
452 893 485 913 ac
505 890 666 921 protegente
683 886 817 921 principe.

215 930 298 965 738
316 930 387 958 XIV.
407 931 590 964 Quamobrem
616 940 648 960 ex
675 932 727 959 hac
741 940 795 959 una
809 940 888 966 voce,
910 940 972 968 quas

182 975 210 1002 in
228 974 385 1004 Proverbiis
402 975 559 1005 Salomonis
585 977 683 1013 legitur
700 988 707 1005 :
726 978 853 1005 Dominus
875 979 971 1006 creauit

180 1029 220 1048 nte
239 1022 343 1048 initium
359 1023 460 1049 viarum
479 1031 587 1050 suarum
610 1024 637 1051 iu
661 1032 740 1059 opera
766 1033 815 1052 sua
830 1025 852 1056 ¹,
869 1028 969 1052 caetera

180 1067 216 1094 ab
244 1067 297 1094 illis
324 1068 525 1104 excogitantur,
554 1077 614 1104 quae
640 1074 778 1105 utcunque
802 1070 834 1097 ad
862 1069 971 1097 illorum

179 1112 331 1140 orationem
363 1115 564 1142 accommodari
588 1119 714 1150 possunt,
731 1120 758 1143 et
775 1115 899 1143 eamdem
921 1117 972 1143 ha-

179 1159 244 1186 bere
263 1160 329 1191 vim.
355 1167 388 1187 ac
414 1167 599 1189 consentanea
615 1170 677 1190 esse
692 1162 829 1194 videntur,
846 1170 908 1190 cum
931 1166 973 1189 ta-

179 1212 241 1231 men
258 1213 346 1239 neque
361 1214 451 1234 sermo
467 1207 536 1242 ipse,
560 1214 610 1234 nec
633 1207 737 1242 reliqua
753 1208 836 1234 verba
851 1207 885 1235 de
901 1207 971 1235 divi-

180 1249 266 1276 nitate
282 1249 342 1276 Filii
360 1249 407 1277 Dei
428 1252 593 1279 mentionem
607 1253 690 1279 ullam
707 1253 841 1287 ejusmodi
857 1253 969 1281 iaciant.

177 1295 289 1322 Addunt
300 1300 327 1322 et
341 1296 395 1323 alia
407 1297 530 1331 quaedam
546 1297 590 1326 his
607 1299 707 1326 similia
723 1300 795 1330 loca.
808 1300 882 1327 velut
897 1300 971 1335 quod

179 1341 215 1368 ab
230 1342 361 1376 Apostolo
375 1343 507 1377 scriptum
520 1349 562 1371 est
579 1354 585 1372 :
604 1345 719 1379 Accipite
738 1346 887 1380 pontiﬁcem
900 1355 966 1373 σοη-

179 1389 300 1423 fessionis
318 1394 420 1420 vestrm,
438 1388 540 1423 ﬁdelem
554 1391 577 1416 ei
603 1391 647 1424 qui
667 1391 727 1424 fecit
748 1393 833 1426 ipsum
847 1393 875 1426 ’;
899 1393 965 1420 item

179 1442 212 1461 ex
227 1434 342 1462 Joannis
360 1434 508 1469 Evangelio
525 1445 531 1463 :
549 1435 602 1462 llic
627 1441 666 1463 est
682 1436 713 1462 de
728 1445 779 1471 quo
796 1436 853 1464 dixi
876 1437 946 1464 vobis
961 1445 971 1464 :

180 1480 233 1513 Qui
246 1485 304 1513 post
319 1488 358 1508 me
372 1481 450 1512 venit,
464 1485 525 1508 ante
545 1489 586 1508 me
599 1482 686 1516 factus
703 1487 742 1509 est
759 1483 790 1516 ³;
812 1487 838 1510 et
853 1483 881 1510 in
895 1484 971 1511 Actis

1024 249 1070 275 διὰ
1095 249 1224 285 τοιαύτης
1244 250 1400 282 ὑποθέσεως
1421 251 1591 287 ἠδυνήθησαν
1609 248 1681 278 οὗτοι
1707 252 1815 286 στῆναι.

1029 295 1106 322 Ἐπεὶ
1124 295 1158 322 ἂν
1171 295 1288 322 ἔκπαλαι
1304 296 1351 322 καὶ
1368 296 1421 335 ὑπὸ
1440 296 1576 330 γυναικῶν
1591 296 1638 323 καὶ
1652 296 1815 332 παιδαρίων,

1022 339 1054 366 οὐ
1065 339 1136 374 λέγω
1145 340 1210 376 περὶ
1221 340 1274 367 τῶν
1286 340 1492 376 ὲντελεστέρων,
1503 341 1558 368 τῶν
1569 342 1619 377 τὴν
1632 343 1723 368 πᾶσαν
1740 343 1817 378 ἀκρί-

1023 385 1099 412 σειαν
1122 386 1172 420 τῆς
1187 386 1343 418 θεοσεὸείας
1361 387 1409 414 καὶ
1423 387 1540 420 πίστεως
1557 388 1607 423 τῆς
1621 388 1706 424 ὀρθῆς
1723 389 1817 422 ἐπιγι-

1023 432 1194 464 νωσκόντων,
1212 432 1280 460 ἀλλὰ
1296 432 1344 460 καὶ
1362 433 1416 466 ὑπὸ
1437 433 1492 460 τῶν
1515 442 1541 460 τι
1561 434 1614 460 ἀπὸ
1626 434 1739 469 μέρους,
1762 433 1818 461 κᾶν

1022 477 1052 504 τὸ
1064 477 1143 512 τυχὸν
1156 479 1207 513 τῆς
1221 477 1349 513 ἀληθείας
1364 478 1566 514 ἐπισταμένων·
1580 479 1626 506 καὶ
1639 479 1818 514 ἐλεγχόμενοι

1022 523 1076 550 ἀπὸ
1086 524 1141 550 τῶν
1151 523 1284 555 παλαιῶν,
1294 523 1445 554 ἐδιώκοντο,
1455 524 1493 555 ὡς
1503 524 1658 560 βλάσφημοι
1665 524 1815 555 Δεσπότου,

1022 569 1070 595 καὶ
1086 568 1207 604 δεύτεροι
1219 568 1389 604 κυριοκτόνοι
1403 568 1485 600 τινὲς,
1497 569 1543 595 καὶ
1556 568 1686 603 ἀθετηταὶ
1700 568 1751 603 τῆς
1765 568 1815 595 τοῦ

1022 614 1125 649 Κυρίου
1139 614 1217 649 ἡμῶν
1239 614 1327 649 Ἰησοῦ
1342 614 1435 641 ἐνθέου
1450 614 1626 649 τελειότητος,
1641 614 1685 640 διὰ
1701 613 1752 648 τῆς
1764 614 1815 640 τοῦ

1023 658 1156 694 βασιλέως
1169 659 1336 694 προστασίας
1346 668 1353 676 ·
1367 660 1437 695 ὅπερ
1450 659 1524 686 ἐστὶν
1538 660 1747 695 ὑπερασπισμὺς
1765 660 1817 687 αὺ-

1021 704 1091 736 τῶν,
1112 706 1152 736 εἰς
1171 704 1202 731 τὸ
1212 705 1361 741 ἐπιχειρεῖν
1384 705 1472 733 πάντα
1493 705 1528 732 τὰ
1551 705 1623 732 κακὰ
1641 705 1691 732 ὅσα
1705 705 1816 739 γέγονε,

1022 751 1068 777 καὶ
1084 750 1124 777 ἔτι
1137 750 1170 778 δι’
1186 751 1276 778 αὐτῶν
1287 751 1391 786 γίνεται.
1404 751 1434 778 ὲν
1453 751 1649 786 ’Δλεξανδρείᾳ,
1661 751 1708 778 καὶ
1724 752 1753 778 ὲν
1765 751 1816 777 Νι-

1022 796 1171 832 κομηδείᾳ,
1187 798 1216 823 ὲν
1229 797 1437 833 Μεσοποταμίᾳ,
1460 797 1491 824 ὲν
1512 796 1692 832 Παλαιστίνῃ,
1710 795 1753 832 [ἡ]
1766 795 1816 823 τοῦ

1022 841 1112 868 αὐτῶν
1125 842 1258 877 παρόντος
1271 842 1402 877 βασιλέως
1419 843 1571 878 προστασία
1581 842 1602 870 ⁷.

1058 931 1106 958 IA'.
1131 931 1179 958 Ἐκ
1195 931 1297 966 ταύτης
1315 929 1362 959 οὖν
1378 931 1428 967 τῆς
1440 931 1538 965 λέξεως
1547 932 1597 967 τῆς
1613 933 1642 958 ὲν
1662 931 1702 967 τῷ
1715 941 1815 968 παροι-

1024 978 1124 1013 μιαστῇ
1140 977 1351 1013 γεγραμμένης,
1367 978 1408 1005 ὅτι
1421 978 1528 1012 Κύριος
1542 978 1646 1005 ἕκτισέ
1656 987 1696 1013 με
1714 979 1816 1012 ἀρχὴν

1023 1020 1101 1047 ὁδῶν
1110 1021 1203 1048 αὑτοῦ
1216 1023 1260 1054 εις
1277 1022 1349 1057 ἔργα
1362 1022 1457 1049 αὐτοῦ
1467 1043 1474 1055 ,
1491 1022 1584 1050 λοιπὸν
1604 1023 1638 1050 τὰ
1660 1024 1750 1050 πάντα
1764 1024 1818 1050 αὺ-

1022 1067 1077 1098 τοῖς
1093 1067 1258 1099 ἐπινοεῖται,
1275 1067 1326 1094 ὄσα
1346 1076 1376 1095 τε
1394 1068 1506 1095 δύναται
1530 1068 1662 1104 σύμφωνα
1679 1069 1720 1104 τῷ
1741 1069 1817 1104 λόγῳ

1021 1110 1101 1146 εἶναι,
1119 1113 1166 1139 καὶ
1183 1114 1332 1149 ίσορῤοπεῖ,
1349 1115 1397 1141 καὶ
1414 1114 1525 1141 δύναται
1539 1115 1671 1151 συνᾴδειν,
1687 1115 1749 1142 οὔτε
1765 1116 1817 1142 αὺ-

1021 1157 1068 1184 τοῦ
1090 1157 1138 1184 τοῦ
1153 1157 1231 1192 λόγου
1242 1179 1250 1190 ,
1267 1158 1330 1186 οὔτε
1351 1159 1405 1186 τῶν
1424 1160 1511 1187 ἄλλων
1533 1161 1663 1196 ῥημάτων
1679 1161 1745 1196 περὶ
1763 1161 1816 1196 τῆς

1022 1202 1147 1238 θεότητος
1160 1203 1207 1230 τοῦ
1229 1203 1295 1230 Υίοῦ
1308 1203 1356 1230 τοῦ
1373 1204 1440 1231 Θεοῦ
1461 1204 1580 1232 τοιοῦτόν
1595 1214 1622 1232 τι
1642 1206 1814 1240 φασκόντων.

1027 1249 1108 1275 Ἀλλὰ
1118 1249 1212 1276 λοιπὸν
1227 1249 1277 1276 ὅσα
1291 1250 1349 1277 ἐστὶ
1363 1250 1468 1282 τούτοις
1481 1252 1576 1286 ὅμοια,
1588 1251 1620 1278 τὸ
1635 1252 1664 1278 ὲν
1677 1250 1717 1287 τῷ
1735 1252 1815 1278 Ἀπο-

1008 1295 1107 1330 ςστόλῳ
1123 1295 1326 1331 γεγραμμένον,
1339 1296 1379 1328 τὺ,
1394 1296 1527 1329 Δέξασθε
1542 1297 1595 1324 τὸν
1607 1297 1745 1331 ἀρχιερέα
1760 1296 1817 1331 τῆς

1021 1341 1182 1375 ὁμολογίας
1203 1340 1286 1376 ὑμῶν
1299 1342 1410 1370 πιστὸν
1428 1342 1502 1369 ὄντα
1523 1342 1564 1375 τῷ
1579 1342 1741 1375 ποιήσαντι
1760 1344 1815 1370 αὐ-

1021 1388 1089 1414 τόν·
1108 1388 1155 1414 καὶ
1174 1388 1203 1414 ὲν
1223 1387 1262 1423 τῷ
1277 1389 1347 1415 κατὰ
1369 1388 1496 1424 Ἰωάννην
1515 1389 1673 1423 Εὺαγγελίῳ
1687 1397 1815 1424 γεγραμ-

1023 1432 1103 1466 μένον
1114 1453 1122 1466 ,
1137 1433 1179 1460 ὅτι
1195 1431 1290 1466 Οὗτός
1310 1434 1376 1460 ἐστι
1398 1434 1465 1469 περὶ
1481 1432 1518 1462 οὗ
1534 1432 1620 1461 εἶπον
1639 1434 1725 1468 ὑμῖν,
1739 1434 1784 1461 ὅτι
1797 1436 1815 1461 ό

1021 1478 1118 1505 ὀπίσω
1129 1487 1190 1513 μου
1205 1479 1364 1514 ἐρχόμενος
1380 1480 1549 1515 ἔμπροσθέν
1559 1489 1619 1515 μου
1631 1480 1734 1516 γέγονε
1744 1489 1751 1495 -
1767 1480 1815 1507 καὶ

178 1526 366 1560 apostolorum
379 1535 386 1553 :
399 1525 499 1553 Nolunt
514 1527 585 1554 vobis
603 1528 648 1560 sit,
663 1529 748 1555 omnis
763 1528 856 1556 domus
875 1529 970 1562 Israel,

1023 1525 1053 1551 τὸ
1076 1525 1105 1552 ἐν
1127 1527 1186 1558 ταῖς
1213 1526 1332 1561 Πράξεσι
1354 1527 1565 1563 γεγραμμένον,
1595 1528 1637 1554 ὅτι
1666 1528 1815 1554 Γνωστὸν

179 1572 248 1607 quod
265 1573 333 1599 hunc
359 1572 451 1600 Jesum
472 1582 546 1608 quem
571 1581 615 1601 eos
635 1575 819 1609 cruciﬁxistis,
834 1580 859 1602 et
880 1575 970 1602 Domi-

178 1626 242 1645 num
255 1623 280 1645 et
295 1618 430 1646 Christum
441 1618 534 1646 Iesum
548 1619 617 1646 Deus
632 1620 692 1654 fecit
707 1620 729 1647 ⁵.
746 1621 784 1647 Ac
800 1620 823 1648 si
840 1629 893 1656 qua
909 1628 974 1650 sunt

177 1664 286 1698 generis
312 1664 435 1699 ejusdem
463 1665 528 1693 alia.
549 1665 616 1698 Qua:
640 1666 731 1693 omnia
756 1666 790 1694 ad
805 1667 972 1700 cautionem,

178 1714 207 1742 et
221 1710 451 1743 observationem,
466 1715 494 1738 et
508 1711 709 1746 propulsandos
723 1711 817 1740 hostes
832 1713 860 1740 in
879 1721 973 1748 prout-

180 1761 227 1790 ptu
257 1764 319 1785 esse
344 1757 456 1784 debent.
486 1756 586 1785 Hostes
609 1757 683 1784 enim
710 1765 804 1786 revera
830 1758 972 1787 insidiato-

180 1810 279 1835 resque
297 1807 370 1830 sunt.
388 1804 427 1831 Ac
445 1803 540 1831 nescio
564 1811 598 1830 an
621 1803 654 1830 ad
672 1803 747 1838 ipsos
761 1812 912 1839 eorumque
934 1804 972 1832 si-

180 1849 259 1876 miles
285 1847 435 1883 Scriptum
463 1849 541 1876 locus
567 1849 612 1876 illo
639 1850 784 1876 conveniat
805 1859 812 1877 :
836 1849 972 1886 Exsurgat

179 1893 263 1925 Deus,
280 1899 304 1921 et
316 1893 477 1928 dissipentur
491 1895 591 1921 inimici
607 1895 664 1930 ejus
679 1896 702 1927 ',
718 1904 780 1923 cum
796 1896 905 1923 interim
921 1896 972 1923 do-

180 1940 288 1967 mestici
302 1947 364 1967 esse
379 1940 533 1968 videantur.
548 1940 649 1968 Verum
664 1942 755 1970 nullus
766 1946 808 1969 est
819 1941 971 1970 domestico

180 1985 260 2012 hoste
276 1985 396 2012 deterior
411 1995 418 2012 :
434 1985 542 2012 inimici
559 1988 627 2014 enim
643 1987 756 2015 hominis
777 1996 867 2015 omnes
885 1988 972 2016 dome-

179 2032 240 2058 stici
262 2031 318 2066 ejus
333 2033 356 2059 '.
373 2031 449 2065 Quod
466 2032 555 2068 ipsum
568 2033 694 2061 fortassis
715 2038 743 2062 et
758 2035 785 2061 in
803 2034 865 2062 istis
880 2035 970 2062 locum

181 2078 271 2105 Italtet.

215 2123 274 2151 XV.
294 2123 362 2151 Nam
385 2124 541 2151 rabidorum
565 2132 665 2153 canum
693 2133 768 2154 more
785 2130 915 2162 tanquam
941 2127 968 2155 in

179 2169 307 2196 inimicos
323 2169 460 2197 insiliunt.
486 2169 522 2196 Ita
548 2177 612 2197 vero
633 2170 739 2204 jactare
753 2175 781 2198 et
799 2171 969 2207 interrogare

1023 1570 1095 1606 ὑμῖν
1117 1571 1195 1598 ἔστω
1216 1572 1276 1605 πᾶς
1296 1570 1377 1606 οἶκος
1404 1573 1537 1607 Ἰσραὴλ.
1561 1572 1607 1599 ὅτι
1628 1572 1738 1600 τοῦτον
1761 1572 1815 1599 τὸν

1030 1616 1161 1651 Ἰησοῦν,
1172 1617 1208 1644 ὃν
1217 1618 1436 1652 ἐσταυρώσατε,
1445 1619 1493 1645 καί
1504 1619 1613 1652 Κύριον
1625 1618 1673 1645 καὶ
1683 1618 1815 1652 Χριστὸν

1022 1662 1117 1689 αὑτὸν
1136 1664 1153 1690 ὁ
1174 1663 1246 1697 Θεὸς
1266 1663 1401 1697 ἐποίησε.
1426 1664 1481 1691 Καὶ
1502 1664 1570 1691 ἄλλα
1595 1664 1700 1696 τούτοις
1719 1664 1812 1700 ὃμοια.

1023 1708 1133 1735 ⁸Ὂπου
1147 1708 1201 1745 γὰρ
1225 1710 1266 1742 εἰς
1282 1711 1472 1747 παρατήρησιν
1500 1711 1540 1742 εἰς
1566 1710 1671 1746 ἐχθρῶν
1695 1710 1812 1745 ἄμυναν.

1029 1755 1137 1791 Ἐχθροὶ
1151 1756 1206 1792 γάρ
1228 1757 1298 1783 εἰσιν
1315 1757 1353 1788 ὡς
1371 1757 1480 1792 ἀληθῶς
1498 1757 1546 1784 καὶ
1567 1756 1713 1783 ἐπίϐουλοι.
1736 1756 1813 1791 Τάχα

1022 1801 1077 1837 γὰρ
1095 1802 1159 1838 περὶ
1172 1803 1261 1830 αὐτῶν
1273 1802 1440 1838 γέγραπται,
1455 1803 1503 1830 καὶ
1521 1802 1575 1829 τῶν
1589 1803 1681 1834 αὐτοῖς
1699 1803 1811 1837 ὁμοίων,

1021 1847 1062 1873 ὃτι
1090 1848 1261 1881 Ἁναστήτω
1279 1850 1296 1875 ὁ
1317 1848 1399 1882 Θεὸς,
1420 1849 1469 1876 καὶ
1489 1848 1813 1883 ὃιασκορπισθήτωσαν

1021 1895 1048 1921 oi
1061 1893 1161 1928 ἐχθροὶ
1177 1894 1280 1922 αὑτοῦ.
1292 1894 1406 1922 Δοκοῦσι
1418 1894 1446 1921 δὲ
1458 1895 1505 1922 καὶ
1522 1895 1654 1922 οἱκειακοὶ
1665 1893 1745 1922 εἶναι.
1761 1895 1813 1922 Οὐ·

1021 1939 1077 1971 διεὶς
1095 1939 1123 1965 δὲ
1142 1939 1241 1975 χείρων
1256 1940 1400 1967 οίκειακῶν
1417 1940 1531 1976 ἐχθρῶν.
1551 1940 1668 1974 Ἐχθροι
1684 1939 1740 1975 τὰρ
1761 1939 1813 1967 τοῦ

1021 1985 1177 2019 ἀνθρώπου
1197 1985 1329 2018 ἅπαντες
1348 1987 1375 2013 οι
1397 1985 1505 2020 ἄνδρες
1527 1985 1580 2013 τοῦ
1600 1986 1685 2013 οἴκου
1706 1985 1810 2013 αὐτοῦ.

1021 2031 1076 2058 Καὶ
1091 2030 1253 2066 τοῦτοτάχα
1268 2032 1316 2058 καὶ
1331 2031 1395 2066 περὶ
1409 2031 1512 2059 τούτων
1531 2031 1693 2067 πληροῦται.

1055 2122 1106 2149 lE’.
1121 2121 1290 2157 ’Δναπηδῶσι
1296 2121 1350 2158 γὰρ
1357 2121 1394 2154 ὡς
1401 2121 1570 2158 λυσσητῆρες
1577 2121 1656 2153 κύνες
1662 2121 1703 2153 εἰς
1708 2121 1755 2156 ὲχο
1760 2120 1812 2156 ρῶν

1019 2167 1134 2203 ἄμυναν.
1148 2167 1202 2194 Καί
1213 2176 1288 2202 φασι·
1299 2167 1360 2199 Πῶς
1371 2167 1460 2202 λέγεις
1467 2167 1531 2204 περὶ
1541 2166 1587 2194 τοῦ
1600 2167 1664 2194 Υίοῦ
1670 2167 1718 2193 τοῦ
1726 2167 1793 2194 Θεοῦ
1803 2175 1811 2198 ;

178 2215 269 2242 solent
284 2225 290 2242 :
310 2215 379 2248 Quid
395 2215 465 2243 dicis
479 2216 512 2243 de
526 2215 572 2243 Dei
590 2215 677 2244 Filio?
693 2216 757 2245 Haec
768 2217 895 2245 nimirum
910 2218 970 2247 illo-

1023 2215 1116 2241 Ταῦτα
1129 2214 1184 2250 γὰρ
1195 2213 1285 2241 αὐτῶν
1296 2214 1355 2240 ἐστι
1366 2213 1400 2240 τὰ.
1411 2213 1584 2249 τεχνάσματα
1596 2213 1644 2246 τῆς
1657 2214 1812 2248 εἰσαγωγῆς

178 2269 239 2289 rum
251 2261 366 2289 artificia
381 2268 456 2295 sunt,
468 2263 569 2297 quibus
585 2264 660 2291 virus
674 2271 755 2291 suunt
770 2264 968 2299 simpliciorum

174 2308 279 2335 animis
299 2307 444 2335 instillant.
464 2308 626 2343 Quanquam
644 2309 710 2344 quid
739 2309 773 2337 ad
800 2309 859 2337 haec
887 2309 970 2345 adjici

177 2357 280 2388 potest,
306 2357 452 2388 postquam
470 2353 516 2380 Dei
533 2353 619 2381 Filius
633 2355 785 2389 appellatus
809 2356 870 2383 est?
884 2356 906 2383 Ο
921 2356 970 2383 ho-

179 2399 267 2425 mines
287 2397 359 2432 apud
384 2398 545 2433 semctipsos
568 2400 716 2436 sapientes,
734 2405 761 2429 et
776 2401 906 2436 opinione
920 2410 970 2430 sua

178 2452 211 2471 ae
229 2444 320 2478 specie
345 2448 426 2472 tenus
443 2445 541 2472 eruditi
555 2445 561 2472 l
586 2445 657 2478 Quid
672 2449 714 2474 est
730 2447 803 2482 qttod
824 2448 857 2475 ad
871 2456 970 2479 nomen

180 2490 245 2517 Jcsu
264 2490 352 2524 possit
375 2490 516 2523 accedere,
535 2491 588 2518 nisi
612 2492 752 2527 legitimus
764 2493 855 2522 Patris
871 2493 968 2528 Filius,

179 2536 213 2562 ab
229 2544 316 2571 eoque
337 2535 486 2571 productus
509 2535 629 2570 dicatur,
653 2545 705 2565 nec
729 2538 786 2566 ulla
804 2540 910 2567 ratione
925 2540 969 2567 di-

179 2583 293 2613 versus?
309 2582 361 2610 Sed
378 2582 493 2609 subinde
517 2590 578 2610 cum
595 2583 651 2610 risu
673 2591 706 2611 ac
722 2584 841 2613 ludibrio
864 2586 905 2614 sic
930 2587 970 2614 in-

179 2629 294 2656 vadunt:
305 2628 448 2662 Quomodo
463 2636 478 2655 a
494 2628 548 2655 Deo
563 2637 625 2656 esse
640 2631 748 2664 potest?
763 2631 841 2664 Quod
855 2632 877 2660 si
894 2634 971 2667 quis-

179 2675 251 2710 piam
273 2675 429 2703 sciscitetur
444 2674 516 2702 sitne
533 2673 618 2703 Filius
636 2683 734 2710 necne,
751 2677 833 2705 verbo
859 2679 968 2713 quidem

179 2719 278 2748 Filium
295 2729 357 2749 esse
373 2721 549 2754 confitentur,
573 2721 665 2756 reipsa
688 2729 754 2750 vero
774 2730 807 2750 ac
829 2726 966 2753 sententia

227 2824 234 2838 ‘
250 2823 328 2850 Prov.
344 2833 403 2855 vnt,
417 2825 462 2852 ‘22.
515 2826 524 2841 '
543 2824 624 2852 Hebr.
643 2834 683 2857 Ill.
697 2826 724 2853 Ξ.
778 2827 788 2842 ³
803 2825 870 2854 Joan
889 2837 908 2859 I,
921 2830 966 2857 ‘27.

182 2853 190 2868 ⁷
205 2858 268 2886 Cor.
287 2853 447 2896 προστασίᾳ.
485 2861 495 2876 ⁸
508 2860 598 2889 Locus
620 2853 743 2891 defectus
756 2853 859 2898 aliquot

1023 2261 1070 2288 τοῦ
1088 2260 1251 2297 δηλητηρίου
1265 2259 1355 2287 αὐτῶν
1372 2260 1440 2296 πρὸς
1454 2260 1516 2292 τοὺς
1532 2259 1650 2294 ἀφελεῖς.
1667 2260 1722 2286 Καὶ
1735 2260 1762 2286 τί
1775 2260 1813 2286 ἔνι

1024 2308 1093 2343 μετὰ
1103 2306 1199 2338 ταῦτα,
1218 2307 1287 2342 μετὰ
1297 2307 1327 2334 τὺ
1340 2307 1429 2339 λέγειν
1441 2307 1505 2333 Υἰὸν
1517 2305 1584 2332 Θεοῦ
1595 2314 1602 2338 ;
1617 2304 1652 2332 Ὦ
1665 2306 1771 2332 συνετοὶ
1784 2306 1812 2332 ἑν

1023 2354 1141 2384 ἑαυτοῖς.
1162 2353 1210 2380 καὶ
1223 2352 1409 2388 ἐπιγνώμονες
1423 2351 1541 2379 ἐνώπιον
1555 2351 1644 2378 αὐτῶν
1654 2372 1662 2384 ,
1681 2351 1729 2378 καὶ
1740 2349 1812 2377 ’ὲπι-

1023 2400 1157 2435 στήμονες
1175 2399 1316 2431 δοκοῦντες
1336 2396 1422 2426 εἴναιί
1442 2399 1474 2425 Τί
1491 2398 1531 2425 ἔτι
1553 2397 1684 2433 προσθείη
1709 2406 1753 2429 τις
1775 2396 1812 2432 τῷ

1023 2446 1135 2482 ὀνόματι
1156 2445 1255 2481 Ἰησοῦ,
1273 2445 1297 2472 εί
1313 2446 1350 2481 μή
1366 2454 1392 2472 τι
1410 2445 1474 2472 Υἱὸν
1489 2445 1599 2480 γνήσιον
1620 2444 1694 2478 λέγοι
1712 2445 1745 2470 ὲκ
1759 2445 1812 2470 Πα-

1021 2493 1085 2528 τρὸς
1096 2492 1171 2525 ὄντα,
1186 2492 1233 2520 καὶ
1255 2492 1305 2518 οὑκ
1319 2491 1517 2527 ἡλλοιωμένονς
1535 2489 1601 2517 Εἶτα
1617 2490 1698 2521 εὐθὺς
1716 2489 1812 2525 χλευα-

1022 2537 1121 2569 στικῶς
1137 2536 1295 2572 ἀναπηδῶσι
1305 2557 1312 2568 ,
1328 2536 1468 2570 λέγοντεςο
1486 2536 1548 2567 Πῶς
1564 2535 1674 2562 δύναται
1691 2532 1763 2561 εἶναι
1781 2536 1812 2561 ὲκ

1020 2584 1103 2617 Θεοῦ;
1133 2583 1320 2619 Ἐρωτώμενοι
1339 2583 1378 2614 δὲ,
1394 2583 1435 2610 ὅτι
1453 2583 1510 2609 Οὐκ
1531 2582 1604 2608 ἐστιν
1621 2581 1700 2614 Υίός;
1714 2581 1746 2608 τὺ
1764 2581 1811 2616 μὲν

1021 2630 1084 2662 Υἱὸς
1094 2630 1206 2665 ὀνόματι
1225 2628 1400 2665 ὁμολογοῦσι,
1415 2630 1448 2664 τῇ
1464 2628 1492 2655 δὲ
1514 2628 1625 2663 δυνάμει
1641 2628 1688 2654 καὶ
1708 2627 1811 2662 διανοίᾳ

1020 2675 1174 2712 ἀρνοῦνται.
1188 2675 1265 2702 νόθον
1279 2675 1359 2701 αὐτὸν
1372 2674 1528 2701 παντάπασι
1541 2673 1696 2709 βουλόμενοι
1707 2673 1808 2707 λέγειν,

1020 2723 1068 2750 καὶ
1082 2722 1131 2749 οὐκ
1144 2720 1282 2757 ἀληθινόν.
1297 2721 1330 2748 El
1342 2721 1408 2757 γὰρ,
1431 2720 1522 2755 φασὶν,
1540 2721 1572 2746 ἑκ
1590 2719 1658 2746 Θεοῦ
1674 2719 1735 2746 ἐστι
1745 2739 1753 2752 ,
1764 2718 1810 2745 καὶ

1022 2834 1031 2849 ⁸
1050 2834 1111 2860 Act.
1128 2840 1165 2865 ιι,
1187 2831 1232 2860 '56.
1287 2831 1298 2846 ⁸
1310 2829 1383 2857 Psal.
1407 2836 1492 2862 mn,
1507 2827 1535 2855 2.
1578 2827 1597 2844 ⁶
1611 2825 1706 2854 Matth.
1722 2833 1751 2858 ι,
1764 2822 1808 2851 56.
