1929 3039
69 169 130 196 225

71 228 224 261 ἐγέννησεν
235 223 265 257 ἐξ
279 222 362 250 αὑτοῦ
381 222 395 248 ὸ
407 221 473 254 Θεὸς
482 243 491 255 ,
504 222 542 254 ὡς
560 223 656 254 εἰπεῖν,
673 222 702 254 ἐξ
727 221 795 254 ιδίας
808 221 874 248 ὑπο-

72 270 202 301 στάσεως
229 268 323 304 φύσει,
350 268 366 303 ἢ
398 268 431 294 ἐκ
462 267 511 302 τῆς
538 268 606 299 ιδίας
634 267 746 299 οὐσίας,
776 267 875 294 οὐκοῦν

71 315 209 351 tarmen,
222 315 239 350 ἢ
251 315 337 350 τομὴν
350 313 468 346 ἐδέξατο,
481 313 497 348 ἦ
509 315 537 339 ἐν
550 313 588 348 τῷ
601 314 696 348 γεννᾷν
709 312 874 348 ἐπλατύνοη,

72 363 91 398 ἢ
112 361 264 396 συνεστάλη
276 381 284 391 ,
298 360 315 396 ἧ
331 369 355 387 τι
376 360 430 386 τῶν
450 359 522 386 κατὰ
538 359 573 386 τὰ
591 359 664 394 πάθη
681 359 715 386 τὰ
732 359 877 394 σωματικὰ

74 407 199 442 ὑπέστη.
218 406 273 433 Καὶ
296 406 327 433 τὸ
343 406 398 432 πᾶν
418 406 471 432 εἰσι
487 404 699 440 χλευαζόμενοι,
714 405 749 432 τὰ
773 405 876 432 ἑαυτῶν

74 456 118 486 εἰς
137 454 184 480 τὸν
203 453 269 480 Θεὸν
287 452 482 487 ἀναλογοῦντες
494 473 501 485 ,
517 452 565 479 καὶ
581 453 628 487 ἀφ’
644 452 748 479 ἑαυτῶν
768 452 877 478 εἰκάσαι

74 501 126 528 τὸν
148 501 215 527 Θεὸν
233 499 399 536 βουλόμενοι.
432 499 477 525 Ἐν
499 497 553 534 γὰρ
576 497 636 533 Θεῷ
660 497 736 524 οὐδὲν
762 497 800 524 ἔνι
823 499 877 524 τῶν

75 547 209 574 τοιούτων
219 555 226 562 -
244 545 352 580 πνεῦμα
364 545 420 580 γὰρ
434 545 448 571 ὁ
463 544 529 576 Θεὸς
539 558 558 576 ,ο
568 544 616 570 καὶ
629 543 675 578 ἀφ’
690 543 786 570 ἑαυτοῦ
803 543 878 578 ἐγέν-

77 601 147 629 νησε
170 592 216 619 τὸν
231 591 370 626 Μονογενῆ
385 591 525 626 ἀρρήτως,
541 591 589 617 καὶ
607 590 817 625 ὰκαταλήπτως,
831 590 878 616 καὶ

77 641 234 676 ἀχράντως.
253 639 314 671 Πῶς
331 637 394 670 οὖν,
408 639 501 674 φησιν,
520 639 544 664 εί
559 639 592 664 ὲκ
613 637 663 673 τῆς
685 637 780 668 οὐσίας
795 636 877 664 αὑτοῦ

79 687 168 716 ἐστιν.
185 686 236 712 οὒκ
250 683 303 712 οἶδε
316 684 365 720 τὴν
376 684 495 720 ἡμέραν,
511 684 548 716 ὼς
560 683 644 718 λέγει,
658 684 705 711 καὶ
720 683 768 719 τὴν
785 682 877 718 ὥρανς

79 733 154 766 Περὶ
178 731 212 758 δὲ
226 731 281 765 τῆξ,-
303 731 416 765 ὴμέρας
428 730 548 765 ἐκείνης
570 729 589 764 ἣ
607 729 662 763 τῆς
683 729 760 763 ὥρας
780 728 880 760 οὐδεὶς

80 777 176 811 οἶδεν,
194 778 263 804 οὔτε
283 779 308 804 al
325 777 459 812 ἄγγελοι,
479 776 549 803 οὔτε
568 777 584 802 ὁ
602 775 677 808 Υἱὸς,
695 776 721 801 εἰ
732 774 775 809 μὴ
791 775 879 811 d'Ila-

81 826 141 860 τήρ
151 826 255 860 μόνος.
271 823 334 855 Πῶς
344 823 373 850 δὲ
386 823 427 854 εἰς
442 822 531 857 σάρκα
548 819 642 856 ἦλθεν,
658 822 682 847 εί
698 820 771 847 ἔστιν
786 821 818 847 ὲκ
832 819 879 846 τοῦ

83 871 210 906 Πατρόςς
228 869 288 901 πῶς
315 870 344 896 δὲ
366 867 477 896 ἐδύνατο
500 868 517 902 ἡ
545 867 687 902 ἀχώρητος
709 865 802 901 ἐκείνη
827 865 879 900 φύ-

84 926 129 950 σις
157 918 248 953 σάρκα
274 915 447 945 ἐνδύσασθαι.
476 914 501 941 εί
521 911 555 950 ἦν
581 914 614 940 ὲκ
629 913 675 939 τοῦ
691 912 796 948 [ἰατρὸς
809 911 881 939 κατὰ

84 962 184 998 φύσιν;

86 1011 137 1038 illo
155 1015 181 1038 et
195 1010 261 1036 hara
268 1016 359 1036 mento
373 1008 456 1041 navit,
479 1015 560 1042 neque
575 1007 673 1042 angeli,
690 1014 771 1042 neque
784 1004 885 1038 Filius,

452 165 638 195 ADVERSUS
655 165 827 194 lIIERESES
847 165 910 194 LIB.
925 164 958 194 ll.
980 165 1064 193 TOM.
1085 164 1155 193 ll.—-
1175 164 1314 192 Μειιιῑδ.
1332 162 1426 192 LXlX.

1626 153 1628 157 ’
1661 161 1717 190 ηις

888 227 910 256 Α
926 225 1036 255 negant,
1057 228 1175 256 eumque
1196 220 1319 255 spuriqu
1343 219 1467 252 omnino,
1483 225 1716 253 nec’germanum

927 267 1060 294 aliirmare
1083 267 1203 294 student.
1228 266 1296 293 Nam
1321 266 1358 298 si,
1384 265 1523 301 inquiunt,
1545 272 1561 291 a
1586 264 1643 292 Deo
1664 269 1718 295 est,

926 320 1043 348 eumque
1069 311 1140 339 Deus
1163 320 1196 339 ex
1214 319 1275 339 sese
1296 311 1403 347 genuit,
1422 311 1474 338 hoc
1501 314 1542 338 est
1560 310 1671 345 propria
1687 317 1720 336 ex

928 359 1079 395 hypostasi,
1097 364 1144 386 aut
1157 358 1289 391 essentia,
1313 358 1355 386 vel
1382 363 1489 386 tumore
1513 357 1651 385 distentus
1666 360 1720 388 est].

927 406 968 434 vel
984 410 1085 436 sectus,
1111 405 1153 432 vel
1178 406 1205 432 in
1230 404 1387 440 generando
1411 405 1557 437 dilatatus,
1584 408 1632 430 aut
1656 410 1724 430 con-

927 455 1033 478 tractus
1051 455 1106 482 est,
1123 455 1170 478 aut
1185 451 1305 485 aliquam
1321 458 1416 478 earum
1442 449 1631 481 aﬂ'ectionum,
1661 456 1722 484 qua:

927 497 1052 532 c0rporis
1078 497 1195 532 propr-ite
1219 501 1294 528 sunt,
1318 496 1486 524 sustinuisse
1509 494 1643 522 dicendus
1668 498 1722 522 est.

929 543 982 571 Sed
999 543 1107 570 ridiculi
1127 543 1207 578 plane
1220 547 1296 573 sunt.
1312 542 1376 570 dum
1394 546 1518 570 naturam
1535 548 1612 569 suam
1638 539 1722 575 739

929 596 962 616 ac
974 589 1160 616 conditionem
1183 588 1210 615 in
1229 588 1313 616 Deum
1342 587 1521 619 transierunt,
1544 594 1663 621 eumque
1688 593 1722 613 ex

929 636 1028 671 seipsis
1044 637 1144 670 lingere
1164 639 1191 662 et
1205 635 1370 662 adumbrare
1390 637 1535 661 conantur.
1561 631 1633 659 Nihil
1650 631 1722 658 enim

930 681 999 709 ihcst
1025 681 1140 708 istarum
1170 687 1263 707 rerqu
1287 679 1367 708 Deo:
1394 680 1439 714 qui
1467 679 1576 714 quidem
1605 677 1724 713 Sp'ritus

929 731 983 760 est,
1002 730 1029 753 et
1054 726 1224 762 unigenitum
1243 725 1342 752 Filiu'm
1359 732 1459 752 arcana
1479 716 1725 760 quadam’ratione

931 772 1066 807 genuerit,
1082 779 1143 806 qua:
1163 779 1213 798 nec
1230 771 1360 806 explicari
1383 770 1474 798 verbis
1492 769 1589 804 possit,
1607 776 1658 796 nec
1674 775 1724 795 co-

931 819 1061 854 gitatione
1079 817 1288 852 comprehendi,
1303 820 1331 844 et
1348 817 1383 844 ab
1398 815 1551 844 omni-labe
1565 822 1597 842 ac
1617 814 1724 841 macula

932 863 1114 892 remotissima
1135 863 1181 891 sit.
1200 861 1300 890 Verum
1317 862 1420 889 instant
1438 869 1444 888 :
1462 866 1489 889 et
1515 860 1544 887 Si
1566 868 1599 888 ex
1626 859 1724 894 ipsius,

897 904 918 932 Β
934 910 1072 946 inquiunt,
1091 909 1209 937 essentia
1226 909 1371 943 prodierit,
1387 907 1526 943 quomodo
1538 906 1634 942 judieii
1652 905 1725 933 diem

934 961 962 983 et
976 956 1082 988 horam,
1102 959 1131 982 ut
1148 955 1206 995 ipse
1221 958 1350 986 testatur,
1365 953 1490 989 ignorat?
1505 952 1544 980 De
1558 951 1611 984 die,
1627 951 1726 986 inquit,

904 1005 957 1032 nisi
968 1004 1040 1031 solus
1056 1003 1138 1031 Pater
1150 1004 1169 1029 '.
1185 1003 1225 1030 Ad
1239 1003 1296 1030 hare
1311 1002 1334 1029 si
1347 1010 1378 1029 ex
1403 1001 1484 1028 Patre
1509 1004 1562 1033 est,
1590 998 1728 1036 quomodo

85 1056 232 1085 descendit
243 1055 275 1084 ad
291 1055 423 1083 carnem?
441 1058 489 1082 aut
517 1061 579 1090 qua
608 1054 682 1081 nulla
706 1060 736 1081 re
759 1052 821 1088 capi
841 1051 1039 1087 continerique.
1057 1054 1156 1077 natura
1173 1052 1275 1085 potest,
1304 1055 1416 1075 carnem
1432 1047 1533 1080 induit,
1556 1047 1579 1075 si
1596 1044 1728 1074 naturali-

85 1109 130 1133 ter
146 1112 161 1131 a
177 1104 256 1132 Patre
276 1103 432 1139 processit?

123 1152 183 1185 ιιῖι.
197 1151 251 1178 Καὶ
263 1151 312 1178 οὐκ
328 1151 415 1178 οἴδασι
432 1150 492 1182 πῶς
503 1150 543 1182 εἰς
558 1149 660 1176 ἑαυτῶν
676 1148 806 1184 αἰσχύνην
818 1147 882 1179 τοὺς

86 1197 236 1233 λογισμοὺς
245 1195 356 1228 τούτους
368 1196 587 1230 ὲπισυνὰγουσιν.
601 1196 632 1222 Εἰ
647 1194 712 1230 γὰρ,
728 1194 771 1221 διὰ
789 1193 820 1221 τὺ
834 1193 882 1228 ὴλ-

87 1242 216 1271 λοιῶσθαι
230 1243 311 1270 αὐτὸν
325 1243 402 1278 παρὰ
419 1243 469 1279 τὴν
482 1242 529 1269 τοῦ
544 1241 648 1276 [ἰατρὸς
665 1241 769 1276 οὐσίαν,
791 1239 882 1267 ἐνεδύ-

90 1299 157 1317 σατο
175 1291 276 1325 σάρκα,
291 1289 339 1316 καὶ
354 1290 383 1316 ὲν
396 1289 465 1324 αὐτῇ
488 1288 605 1315 πέπονθε
615 1308 622 1321 ,
643 1288 690 1315 καὶ
704 1287 879 1322 ἐσταυρώθη·

89 1336 256 1369 δειξάτωσαν
267 1336 344 1372 ἡμῖν,
357 1335 384 1361 τί
397 1335 450 1362 τῶν
463 1335 551 1362 ἄλλων
565 1333 757 1370 πνευματικῶν
770 1333 884 1368 κτισμά-

90 1390 156 1414 των,
177 1381 298 1416 καίτοιγε
315 1381 414 1413 ὅντων,
436 1379 578 1408 ἐνεδύσατο
598 1380 697 1415 σάρκα.
713 1380 750 1406 Οὑ
764 1379 819 1415 γὰρ
838 1379 884 1405 δύ-

91 1436 186 1455 νανται
205 1427 242 1464 μὴ
257 1428 306 1462 οὐχ
321 1427 463 1462 ὁμολογεῖν
475 1427 522 1454 τὸν
539 1426 603 1453 Υἰὺν
618 1427 688 1462 ὑπὲρ
707 1426 806 1453 πάντα.
826 1425 885 1452 Κᾶν

92 1482 123 1500 τε
141 1474 244 1509 κτίσμα
266 1475 347 1502 αὑτὸν
373 1474 488 1510 λέγοιεν,
510 1473 686 1510 ὁμολογοῦσιν
708 1473 790 1500 αὐτὸν
814 1473 885 1508 ὑπὲρ

93 1519 142 1545 δλα
157 1519 192 1545 τὰ
207 1519 343 1555 κτίσματα
365 1521 459 1548 αὑτοῦ.
482 1520 563 1547 Ἀλλὰ
585 1519 634 1547 καὶ
656 1519 693 1551 ὠς
710 1518 885 1555 χαριζόμενοι

94 1563 186 1599 αὐτῷ,
210 1564 350 1600 βούλονται
378 1565 460 1592 αὑτὸν
485 1565 648 1601 θεραπεύειν
675 1564 764 1600 λόγῳ,
791 1563 885 1599 ὥσπερ

94 1610 180 1646 χειρὶ-
195 1611 243 1647 μιᾷ
271 1611 321 1646 μὲν
349 1611 493 1644 παίοντες,
519 1612 551 1646 τῇ
577 1610 605 1637 δὲ
628 1610 694 1646 ἄλλῃ
719 1609 884 1644 ἀλείφοντες.

94 1655 181 1683 Τοῦτο
199 1656 253 1691 γὰρ
269 1657 391 1684 Θέλουσιν
405 1657 499 1692 ὥσπερ
514 1656 544 1689 ὲξ
558 1657 626 1688 ιδίας
639 1655 825 1692 προαιρέσεως
841 1655 886 1681 ab.

95 1701 135 1738 τῷ
149 1702 393 1738 προσχαρίσασθαι.
407 1702 461 1729 Καὶ
472 1702 598 1737 λέγουσι·
615 1701 726 1736 κτίσμα
747 1700 795 1736 μὲν
808 1700 886 1734 λέγο-

97 1757 159 1784 μεν,
172 1748 228 1775 ἀλλ’
241 1749 290 1783 οὐχ
303 1748 340 1780 ὡς
354 1748 383 1775 ἓν
397 1748 451 1774 τῶν
466 1748 635 1784 κτισμάτων,
649 1747 697 1774 καὶ
708 1747 825 1782 ποίημα,
840 1746 888 1773 καὶ

95 1795 147 1830 υῡχ
161 1794 199 1826 ὼς
213 1794 243 1820 ἓν
259 1794 313 1820 τῶν
329 1793 499 1830 ποιημάτων,
515 1793 562 1820 καὶ
575 1793 708 1828 γέννημα,
725 1792 772 1819 καὶ
789 1792 837 1827 οὐχ
849 1793 888 1824 ὡς

96 1839 127 1866 ἓν
142 1839 196 1866 τῶν
210 1839 386 1874 γεννημάτων
396 1847 404 1856 ν
416 1839 460 1866 ἵνα
471 1839 500 1864 ὲν
513 1838 553 1874 τῷ
564 1838 662 1869 εἰπεῖν,
677 1838 727 1873 οὐχ
739 1837 777 1869 ὡς
792 1837 820 1863 ἓν
834 1836 888 1863 τῶν

95 1885 286 1921 γεννημάτων,
304 1885 529 1920 ἀποστερήσωσιν
550 1884 631 1911 αὐτὸν
649 1883 700 1918 τῆς
722 1883 792 1910 κατὰ
808 1882 888 1918 φύσιν

97 1930 266 1965 γεννήσεως·
283 1929 330 1956 καὶ
345 1930 373 1956 ὲν
385 1929 425 1964 τῷ
435 1930 531 1960 εἰπεῖν,
545 1929 593 1964 οὐχ
607 1928 645 1960 ὡς
657 1928 687 1955 ἓν
701 1928 755 1955 τῶν
773 1927 889 1963 κτισμά‹

97 1984 153 2003 ⁹(ουν
163 1996 170 2009 ,
179 1976 222 2003 ἵνα
232 1975 357 2010 ἀληθινὸν
366 1975 468 2010 κτίσμα
477 1974 557 2001 αὑτὸν
565 1973 750 2009 ἀποφάνωσιν.
763 1971 824 2000 Οἷον
836 1973 889 2008 γὰρ

98 2021 148 2049 ἰὰν
193 2021 305 2056 κτίσμα,
321 2021 424 2056 κτίσμα
434 2021 560 2056 ὑπάρχει-
577 2020 627 2047 κᾶν
639 2028 668 2046 τε
687 2019 890 2055 μυριανταπλά-

100 2076 159 2094 σιον
173 2067 267 2094 ἐπάνω
282 2067 325 2102 εἴη
345 2067 431 2102 ὄνομα
450 2066 521 2101 ἔχον,
541 2065 571 2093 τὸ
590 2066 656 2093 αὐτὸ
678 2066 735 2092 ἐστι
752 2066 808 2097 τοῖς
824 2065 890 2092 πᾶσι

99 2113 249 2149 κτίσμασιν
259 2112 460 2147 ὲξισαζόμενον.
476 2112 513 2139 Οὐ
531 2111 585 2147 γὰρ
597 2112 638 2138 ὅτι
656 2111 731 2147 ἥλιος
749 2111 892 2147 φαιδρότε-

100 2169 148 2196 ρος
161 2159 217 2186 τῶν
229 2159 317 2187 ἄλλων
328 2159 396 2191 ἐστὶ,
410 2159 522 2185 δύναται
538 2159 575 2194 μὴ
589 2156 659 2185 εἶναι
670 2158 783 2193 κτίσμα,
796 2157 891 2194 ὥσπερ

100 2207 149 2234 καὶ
166 2207 180 2233 ὁ
194 2206 265 2238 λίθος
275 2214 281 2221 ·
299 2205 359 2232 οὐδὲ
374 2206 416 2232 ὅτι
432 2206 448 2241 ὴ
465 2206 564 2241 σελήνη
581 2205 727 2240 ὑπερπαίει
743 2204 779 2231 τὰ
792 2205 890 2240 ἄστρα,

100 2252 178 2288 παρὰ
190 2252 271 2279 τοῦτο
287 2252 338 2278 οὐκ
357 2252 415 2279 ἔστι
435 2251 488 2279 τῶν
508 2250 764 2287 κτισμάτων.“Ιδοὺ
782 2250 838 2286 γὰρ
854 2251 891 2277 τὰ

99 2298 265 2333 σύμπαντα
288 2296 385 2324 δοῦλα
405 2297 457 2324 σά.
481 2297 551 2324 Ὅσα
567 2297 621 2333 γάρ
644 2297 733 2327 ἐστιν,
757 2295 787 2329 ἐξ
808 2295 891 2322 αὑτοῦ

100 2344 176 2370 ἔστιν
196 2342 342 2378 ἐκτισμένα
359 2343 406 2370 καὶ
425 2342 521 2370 δοῦλα·
538 2343 552 2369 ὁ
565 2342 594 2369 δὲ
607 2342 762 2378 Μονογενὴς
778 2340 892 2377 ἀλήθειά

101 2389 172 2421 ἐστι,
189 2389 237 2416 καὶ
249 2389 264 2415 ὸ
280 2389 358 2423 λόγος
372 2389 455 2415 αὐτοῦ
470 2388 596 2424 ἀληθινὸς
610 2388 747 2424 ὑπάρχει,
766 2387 805 2419 ὡς
821 2387 872 2423 ἔφη
883 2395 891 2402 ·

107 2435 181 2462 Ἐὰν
196 2433 280 2469 ὑμεῖς
294 2435 416 2469 μείνητε
428 2435 463 2462 ἐν
474 2434 514 2467 τῷ
529 2435 610 2469 λόγῳ
625 2433 666 2466 τῷ
681 2433 758 2468 ἐμῷ,
772 2433 894 2468 ἀληθῶς

99 2482 232 2517 μαθηταί
237 2482 296 2516 μού
304 2481 382 2512 ἐστε,
393 2482 440 2509 καί
450 2481 603 2517 γνώσεσθε
613 2479 831 2515 τὴνάλήθειαν,
844 2479 894 2506 καὶ

102 2528 124 2561 ἡ
140 2527 268 2562 ἀλήθεια
284 2527 475 2562 ἐλευθερώσει
491 2526 578 2562 ὑμᾶς.
595 2527 627 2553 El
647 2526 675 2554 δὲ
691 2527 705 2553 ὁ
720 2525 798 2560 λόγος
811 2525 894 2552 αὐτοῦ

101 2572 218 2608 ἀλήθεια
230 2572 357 2609 ὑπάρχει,
365 2573 412 2600 καί
424 2572 560 2608 ἐλευθεροῖ
568 2573 631 2604 τοὺς
639 2571 893 2607 ἑλευϐερουμὲνους,

103 2619 183 2655 πόσῳ
203 2628 237 2654 γε
256 2619 353 2655 μᾶλλον
373 2620 455 2651 αὐτὸς
470 2619 610 2656 ἑλεύθερος
630 2618 765 2654 ὑπάρχει,
782 2618 895 2653 ἀλήθεια

103 2663 153 2696 ῶν,
184 2665 232 2691 καὶ
254 2663 403 2700 ἐλευθερῶν
430 2665 494 2696 τοὺς
520 2664 595 2700 αὐτῷ
618 2663 795 2699 πειθομένους
814 2662 894 2694 ὄντας

103 2709 233 2742 δοῦλους;
257 2709 301 2737 διὰ
323 2711 354 2737 τὸ
377 2709 522 2746 σύμπαντα
540 2709 621 2736 δοῦλα
642 2706 712 2736 εῖναι
730 2708 823 2740 αὑτοῦ,
847 2708 896 2734 καὶ

103 2755 153 2783 τοῦ
171 2755 277 2792 Πατρὸς
296 2756 389 2789 αὑτοῦ,
405 2756 451 2783 καὶ
468 2755 515 2783 τοῦ
531 2755 610 2790 ἁγίου
626 2754 784 2789 Πνεῦματος
799 2753 896 2780 αὐτοῦ.-

972 1144 1043 1172 XVI.
1064 1143 1119 1171 Nec
1137 1142 1203 1170 illud
1222 1141 1388 1175 intelligunt,
1406 1143 1507 1175 quanta
1529 1146 1579 1166 sua
1599 1146 1662 1166 cum
1686 1139 1727 1166 in-

936 1193 1018 1219 i'a-mia
1043 1189 1199 1219 istiusmodi
1220 1187 1401 1222 cogitationes
1423 1185 1586 1222 suscipiant.
1612 1184 1678 1212 Nam
1703 1185 1726 1213 si

934 1242 1077 1274 propterea
1094 1235 1166 1272 quod
1182 1242 1197 1261 a
1211 1233 1301 1261 Patris
1317 1232 1435 1260 essentia
1454 1232 1580 1259 diversus
1595 1235 1647 1262 est,
1662 1238 1726 1257 car-

935 1291 997 1310 nem
1026 1281 1150 1309 induisse
1175 1279 1286 1310 dicitur,
1310 1278 1337 1305 in
1365 1285 1452 1312 eaque
1476 1283 1575 1312 passus
1600 1280 1627 1302 et
1651 1276 1727 1302 cruci

936 1329 1058 1361 suﬂixus,
1084 1327 1165 1354 velim
1189 1325 1255 1352 illud
1277 1324 1358 1352 nobis
1374 1322 1531 1353 ostendant,
1551 1328 1675 1357 quamam
1693 1329 1727 1348 ex

936 1374 1107 1410 spiritalibus
1122 1371 1257 1399 creaturis
1272 1370 1325 1398 alia
1346 1372 1418 1404 (esse
1433 1368 1506 1396 enim
1521 1367 1654 1403 quasdam
1672 1374 1727 1394 non

936 1420 1049 1449 dubium
1062 1423 1116 1454 est)
1136 1425 1247 1446 carnem
1272 1416 1429 1451 sumpserit.
1454 1414 1548 1449 Neque
1568 1413 1641 1441 enim
1667 1413 1729 1440 inii-
1756 1424 1765 1432 ι

936 1467 1004 1494 ciari
1031 1469 1148 1502 possunt
1172 1465 1272 1492 Filium
1298 1463 1430 1498 dignitate
1458 1460 1573 1496 reliquis
1599 1460 1729 1487 omnibus

936 1511 1109 1539 anteeeiiere.
1127 1511 1165 1537 Ac
1189 1509 1299 1537 tametsi
1326 1511 1482 1535 creaturam
1506 1506 1582 1532 illum
1605 1511 1668 1532 esse
1687 1504 1730 1531 di-

899 1542 920 1570 c
937 1562 1012 1591 cant,
1036 1557 1215 1586 nihilominus
1240 1555 1368 1582 omnibus
1391 1554 1480 1588 ipsum
1509 1552 1645 1580 creaturis
1669 1551 1730 1586 ejus

937 1608 1125 1640 anteponunt;
1143 1607 1226 1638 atque
1244 1601 1281 1628 ita
1298 1600 1372 1628 velut
1385 1598 1557 1634 gratiﬁcandi
1572 1604 1654 1625 causa
1669 1604 1730 1624 ver-

941 1651 984 1678 bis
999 1656 1079 1677 tt-nus
1101 1648 1236 1676 demereri
1255 1655 1287 1674 ac
1303 1646 1450 1674 conciliare
1467 1644 1577 1672 student
1594 1653 1600 1671 :
1617 1643 1730 1679 perinde

938 1703 970 1723 ac
993 1695 1039 1730 qui
1069 1695 1153 1721 altera
1179 1700 1261 1720 manu
1287 1691 1440 1722 verberant,
1469 1690 1552 1718 altera
1580 1689 1727 1723 inungunt.

938 1740 1043 1775 Quippe
1057 1739 1122 1766 illud
1134 1740 1222 1773 ipsum
1237 1740 1334 1771 suapte
1344 1739 1440 1770 sponte
1447 1735 1521 1762 velut
1534 1733 1656 1761 beneﬁcii
1668 1733 1730 1760 loco

938 1787 1074 1817 tribuunt,
1087 1789 1167 1820 atque
1185 1784 1221 1810 ita
1231 1783 1376 1809 dictitant:
1390 1788 1440 1809 nos
1456 1783 1609 1808 creaturam
1619 1779 1728 1815 quidem

940 1833 1014 1860 illum
1024 1839 1085 1859 esse
1099 1828 1282 1860 dicimus,sed
1297 1836 1350 1856 non
1365 1831 1525 1855 exterarum
1540 1830 1729 1853 creaturarum

939 1879 1044 1910 instar;
1060 1877 1124 1904 item
1140 1875 1280 1911 opiﬁcium
1293 1882 1354 1902 esse
1372 1873 1519 1904 credimus,
1541 1871 1588 1900 sed
1604 1878 1658 1898 nou
1682 1877 1732 1898 cu-

938 1923 1059 1960 justnodi
1077 1926 1175 1949 caetera
1197 1921 1306 1956 opiiicia
1324 1923 1405 1952 sunt;
1430 1919 1513 1945 letqu
1529 1917 1652 1952 insuper,
1676 1924 1730 1944 non

941 1975 971 1997 ut
989 1970 1060 1997 fetus
1075 1969 1119 1995 alii
1135 1970 1210 1999 sunt,
1231 1971 1261 1993 ut
1276 1974 1338 1993 cum
1355 1969 1516 1992 cancrorum
1538 1971 1599 1999 qute
1613 1964 1732 1998 gignun-

941 2021 986 2043 tur
1002 2023 1057 2043 non
1083 2015 1171 2042 instar
1191 2020 1253 2040 esse
1276 2012 1406 2044 dixerint,
1425 2010 1578 2038 naturalem
1603 2011 1626 2037 ei
1652 2016 1732 2043 gene-

942 2062 1075 2089 rationem
1103 2059 1268 2091 detrahant;
1288 2062 1316 2084 et
1339 2064 1402 2084 cum
1429 2057 1541 2083 minime
1562 2055 1678 2090 alicujus
1699 2061 1731 2081 ex

942 2107 1079 2135 creaturis
1094 2105 1211 2133 similem
1231 2103 1409 2135 asseruerint,
1426 2109 1518 2129 veram
1536 2101 1611 2127 illum
1626 2103 1734 2127 ereatu~

942 2161 1001 2182 tam
1030 2159 1092 2180 esse
1116 2151 1257 2179 deliniant.
1288 2148 1354 2176 Nam
1372 2146 1580 2182 cujusqucmodi
1606 2149 1733 2173 creatura

907 2201 1034 2241 Daliqua
1051 2198 1098 2230 sit,
1115 2200 1250 2232 ,creatura
1273 2199 1364 2222 tamen
1392 2197 1450 2227 est;
1475 2200 1507 2220 ac
1530 2192 1593 2219 licet
1618 2191 1735 2218 iniinitis

945 2245 1069 2282 partibus
1082 2243 1258 2279 pmstantius
1274 2247 1373 2268 nomen
1392 2239 1524 2269 obtineat,
1540 2245 1601 2264 cum
1623 2235 1735 2271 reliquis

945 2281 1125 2320 nihilominus
1149 2287 1285 2317 creaturis
1309 2285 1446 2320 adtequari
1463 2291 1577 2311 necesse
1593 2287 1645 2311 est.
1667 2281 1736 2309 Nam

947 2345 1035 2373 neque
1049 2336 1100 2369 sol,
1117 2335 1190 2371 quod
1212 2334 1317 2369 reliqua
1333 2331 1479 2367 splendore
1494 2335 1615 2366 superet,
1631 2329 1737 2357 idcirco

946 2387 1073 2411 creatura
1089 2388 1143 2409 non
1158 2386 1219 2408 esse
1234 2382 1334 2414 potest,
1352 2377 1464 2413 perinde
1480 2384 1513 2404 ac
1536 2377 1622 2412 lapis;
1648 2381 1738 2410 neque

947 2427 1021 2464 quod
1039 2428 1103 2455 luna
1127 2425 1215 2455 stellis
1230 2424 1398 2460 splendidior
1419 2423 1471 2456 sit,
1487 2423 1524 2450 ob
1545 2422 1570 2450 id
1591 2429 1606 2449 a
1629 2425 1738 2449 creata-

948 2483 1009 2503 rum
1036 2481 1130 2502 rerum
1154 2479 1271 2500 numero
1296 2470 1450 2499 secernitur
1470 2479 1477 2497 :
1503 2469 1568 2496 Ecce
1595 2469 1665 2496 enim
1690 2467 1738 2502 (ait

949 2519 1104 2556 Scriptura)
1134 2517 1225 2545 omnia
1237 2517 1353 2544 serviunt
1368 2515 1415 2542 tibi
1430 2516 1442 2531 ³
1455 2523 1462 2542 :
1481 2513 1553 2550 quod
1567 2518 1738 2548 quaecunque

946 2567 1055 2595 demum
1069 2565 1217 2595 exsistunt,
1232 2564 1266 2590 ab
1277 2570 1310 2590 eo
1320 2565 1412 2590 creata
1427 2561 1492 2593 sint,
1506 2560 1586 2595 eique
1598 2559 1735 2591 serviunt;

946 2612 1104 2648 unigenitus
1112 2618 1177 2639 vero
1187 2609 1273 2637 Filius
1282 2609 1383 2637 veritas
1391 2612 1444 2639 est,
1452 2615 1483 2634 ac
1498 2614 1593 2634 verum
1600 2604 1736 2632 Verbum:

947 2658 973 2686 id
988 2657 1060 2693 quod
1077 2657 1136 2693 ipse
1143 2660 1272 2684 testatur.
1286 2654 1328 2689 Si,
1344 2655 1443 2690 inquit,
1459 2651 1645 2680 manseritisiu
1660 2648 1738 2676 verba

947 2713 1014 2736 nmo,
1031 2711 1089 2731 rere
1113 2702 1239 2737 discipuli
1255 2701 1304 2729 mei
1323 2701 1408 2732 eritis,
1429 2699 1511 2736 740
1533 2703 1557 2725 et
1577 2694 1738 2732 cognoscetis

946 2752 1093 2784 veritatem,
1106 2755 1131 2778 et
1147 2750 1246 2778 ueritas
1269 2749 1393 2777 liberabit
1406 2755 1450 2774 ros
1471 2746 1491 2772 ³.
1515 2745 1583 2772 Cum
1598 2743 1671 2770 enim
1690 2741 1738 2770 Dei

106 2790 346 2830 Verbum'veritas
363 2800 536 2835 sit,’eisque,
558 2801 606 2836 qui
637 2800 666 2827 in
694 2799 847 2828 libertatem
875 2801 1048 2832 asseruntur,
1082 2796 1157 2826 illam
1181 2790 1268 2832 ipsam
1295 2795 1450 2823 libertatem
1475 2790 1600 2823 tribuat,
1635 2791 1738 2826 quanto

144 2880 152 2896 ¹
175 2878 257 2908 Marc.
280 2886 342 2910 xm,
359 2878 404 2905 52.
443 2878 453 2893 '
473 2877 651 2910 Psai.cxvm,
669 2876 714 2904 9i.

753 2877 763 2893 ³
781 2875 861 2904 Joan.
876 2883 937 2910 vui,
952 2875 996 2904 51.
