1929 3039
176 138 231 166 9.9.1

866 135 895 164 S.
917 134 1087 162 EPll’llANll

1751 129 1800 157 228

177 197 264 233 magis
278 197 330 226 erit
341 197 399 233 ipse
416 197 495 229 liber,
511 198 606 231 utpote
636 195 683 230 qui
701 194 735 222 sit
762 194 875 226 veritas,
893 201 996 229 eosque
1021 193 1048 220 in
1073 192 1225 219 libertatem
1245 198 1278 219 ex
1304 188 1434 217 servitute
1452 177 1581 220 vindicet,
1605 187 1650 222 qui
1677 185 1731 213 sibi
1757 185 1805 219 ipsi

178 251 282 270 morem
304 244 419 279 gerant?
447 243 582 277 Quoniam
608 243 701 270 omnia
723 246 778 269 tam
805 242 857 277 ipsi
883 249 966 277 quam
985 241 1046 276 ejus
1062 240 1147 272 Patri,
1164 239 1278 275 Spiritui
1294 242 1391 266 sancto
1404 236 1537 265 serviunt.

213 277 370 316 XVI|._Sed
387 289 452 316 illud
476 288 608 323 objiciunt
624 297 631 314 τ
649 287 792 320 Quomodo
815 295 843 315 se
865 287 964 314 infudit

1051 288 1100 314 lZ'.
1127 284 1194 313 Εἶτα
1220 285 1301 312 πάλιν
1324 285 1452 318 λέγουσι·
1479 282 1541 312 Πῶς
1569 280 1737 314 ἐνεδήμησεν
1769 277 1806 309 είς

178 334 206 360 lu
224 341 345 366 carnem,
362 335 386 362 si
400 343 432 362 ex
452 334 541 362 Patris
564 336 684 361 essentia
701 333 856 368 processit?
873 332 968 359 Dicant

179 383 206 406 et
231 379 283 414 ipsi
300 387 350 406 cur
365 380 465 415 angeli,
482 379 529 414 qui
553 379 639 414 ipsius
665 379 736 407 servi
758 383 833 410 sunt,
858 385 967 404 carnem

180 424 293 451 minime
316 425 506 459 susceperint?
524 433 574 451 cur
592 432 642 451 nec
659 423 826 458 archangeli,
843 430 893 450 nec
914 430 969 449 eo).

180 470 263 497 lestes
281 471 429 501 exercitus,
447 478 496 498 nec
519 470 616 505 reliqui
637 477 733 497 omnes
749 469 881 505 spiritus?
898 467 969 501 Quid

180 515 254 550 quod
268 519 295 541 et
310 515 327 542 ii
348 523 391 542 em
412 515 570 542 inferiorem
584 523 645 542 esse
665 514 734 541 Filio
752 514 882 549 Spiritum
896 514 969 540 allir—

181 565 268 592 litant,
291 565 318 588 et
344 562 459 589 alterius
483 565 648 592 creaturam,
675 567 771 595 nempe
789 558 890 586 Verbi?
914 559 970 585 (iur

180 613 235 633 non
253 607 335 642 igitur
357 614 468 634 carnem
494 606 612 641 Spiritus
641 605 739 637 induit,
764 612 826 632 cum
851 612 884 632 ex
913 604 969 631 Arii

180 652 315 679 sententia
332 653 418 679 multo
432 652 518 687 magis
541 652 576 678 sit
591 651 663 678 illius
679 657 760 686 quam
775 650 835 677 Filii
853 657 970 686 persunna

182 697 343 724 mutabilis?
358 696 596 724 Verumenimvero
613 695 686 731 quod
702 696 746 723 ille
761 696 896 730 sapientia
917 694 970 721 Pa-

181 743 233 770 tris
248 748 332 774 esset,
347 747 454 771 suamet
468 743 556 778 ipsius
574 743 741 777 perfectione
756 742 970 769 imbecillitatem

183 792 307 815 nostram
323 787 465 822 suscipere
478 787 574 819 voluit,
589 791 619 813 ut
641 787 721 820 hujus
741 786 834 814 mundi
850 786 925 813 salus
939 786 971 813 il-

183 834 238 861 lius
252 833 384 861 beneﬁcio
399 837 615 868 compararetur.
633 833 667 859 At
691 832 730 859 illi
758 833 829 860 bona
851 832 878 859 in
901 832 971 858 mala

184 883 396 911 eommutantes,
421 878 544 913 ingratos
562 886 623 905 sese
642 878 773 912 prasbent,
796 878 864 904 tanti
890 877 972 905 bene-

186 923 240 950 ﬁcii
254 924 438 956 immemores,
465 929 546 958 atque
562 924 588 950 in
612 923 755 950 Dominum
778 930 858 950 suum
874 926 972 949 contu-

185 971 289 998 meliosi
310 971 419 1006 penitus
433 974 460 997 et
476 957 579 1005 injurii.
604 969 705 997 Eodem
723 969 804 996 modo
826 973 852 996 et
878 969 904 995 in
920 975 973 995 cae-
989 957 1010 985 Β

184 1017 252 1046 teris
269 1017 305 1044 ita
321 1016 354 1044 de
369 1024 402 1044 eo
417 1016 549 1046 sentiunt.
565 1020 595 1042 ut
611 1015 731 1042 divinam
755 1014 781 1041 in
803 1021 836 1040 eo
858 1013 976 1048 dignita-

185 1066 240 1089 tem
263 1062 436 1089 imminuant.
454 1061 582 1094 Quinam,
610 1061 748 1095 inquiunt,
774 1059 880 1091 esuriit,
903 1059 925 1085 si
942 1067 975 1086 ex

185 1107 276 1135 Patris
295 1109 414 1135 essentia
438 1107 558 1142 prodiit?
581 1106 618 1134 lle
645 1106 699 1133 Deo
722 1113 823 1140 quippe
840 1105 972 1140 scriptum

185 1157 228 1181 est
244 1163 251 1180 :
270 1153 330 1181 Non
350 1154 458 1185 esuriet.
483 1161 564 1188 neque
579 1153 668 1184 sitiet;
685 1160 766 1186 neque
779 1155 816 1178 est
839 1150 978 1184 investiga-

187 1201 224 1227 tio
242 1201 378 1234 sapientiae
397 1200 471 1226 illius
489 1200 509 1225 ³.
528 1198 579 1225 Hie
600 1204 691 1225 autern
711 1204 737 1225 et
752 1198 860 1227 esuriit,
875 1201 902 1223 et
918 1197 978 1224 siti-

185 1246 236 1273 vit.
260 1245 379 1280 Fatigari
406 1244 505 1271 deinde
528 1252 561 1272 ex
585 1244 692 1275 itinere,
716 1247 763 1270 aut
790 1243 885 1270 sedere
909 1249 978 1276 quo-

189 1289 271 1316 modo
285 1289 372 1324 potuit
394 1295 456 1315 cum
479 1288 611 1322 scriptum
638 1288 674 1315 sit
692 1298 697 1315 :
716 1287 784 1314 Deus
805 1294 856 1313 non
870 1282 978 1312 labora-

189 1334 226 1362 bit
236 1335 264 1361 ’ἵ
275 1334 331 1362 ϐικ-
346 1341 411 1361 vero
427 1333 486 1369 ipse
498 1334 580 1360 dixit:
600 1333 652 1366 Qui
668 1334 738 1360 misit
753 1341 791 1359 me
798 1333 878 1359 Pater
893 1332 980 1364 major

191 1388 233 1408 me
241 1385 280 1408 est
290 1381 300 1396 ³
311 1380 407 1407 ?Alius
423 1384 462 1407 est
478 1379 549 1406 enim
557 1378 604 1414 qui
619 1379 711 1410 mittit,
720 1379 788 1406 alius
797 1379 841 1414 qui
852 1379 978 1406 mittitur.

191 1425 249 1453 Nec
274 1426 420 1453 obscurum
436 1431 478 1452 est
496 1424 605 1451 Patrem
621 1431 675 1451 non
694 1432 755 1451 esse
770 1423 879 1456 Filium,
893 1432 980 1460 neque

190 1471 290 1498 Filium
312 1479 372 1499 esse
396 1470 516 1498 Patrem.
542 1470 600 1497 Non
623 1470 696 1498 enim
717 1470 844 1497 assentiri
861 1469 981 1498 Sabellio

191 1526 349 1552 possumus.
360 1517 407 1552 qui
423 1516 520 1543 Filium
534 1516 640 1543 Patrem
653 1516 730 1551 quasi
745 1523 829 1543 unum
840 1516 981 1544 eumdem-

189 1569 244 1596 que
257 1561 408 1589 constituit.
427 1561 536 1596 Alioqui
551 1568 605 1588 non
626 1561 729 1588 diceret
746 1570 753 1587 :
772 1561 850 1589 Alius
868 1566 920 1594 est,
933 1561 980 1597 qui

190 1606 266 1633 misit
289 1613 342 1633 tne.
359 1605 392 1632 Et
409 1614 416 1632 :
442 1605 513 1632 Vada
534 1606 568 1632 ad
586 1605 669 1632 Deum
692 1614 787 1638 meum,
799 1611 823 1633 et
844 1607 926 1635 Deum
941 1617 981 1635 ve-

189 1657 298 1685 strum;
319 1652 429 1680 Patrem
450 1661 535 1680 mcum
552 1657 575 1679 et
588 1652 696 1680 Patrem
717 1658 829 1680 vestrum
843 1654 862 1680 ‘.
888 1655 982 1690 Neque

191 1705 256 1726 vero
275 1706 307 1725 ex
325 1698 419 1725 divina
435 1699 553 1726 essentia
576 1699 738 1726 naturaliter
754 1699 838 1734 geniti
856 1704 920 1727 sunt
943 1700 982 1728 di-

192 1743 301 1778 scipuii.
318 1743 351 1770 Et
366 1744 400 1772 iis
416 1749 504 1771 tamen
520 1744 586 1771 dixit
601 1753 608 1771 :
629 1744 735 1771 Patrem
751 1749 876 1774 vestrum.

228 1788 329 1816 Verum
345 1790 392 1824 qui
409 1790 459 1817 ista
479 1789 606 1824 jaetitant
622 1790 788 1818 intolerabili
802 1791 919 1826 quodam
940 1791 983 1819 fu-

192 1842 255 1862 rore
272 1839 297 1861 et
324 1835 445 1862 amentia
471 1835 607 1862 feruntur.
623 1835 729 1862 Etenim
750 1836 774 1863 si
799 1837 857 1863 solo
873 1837 984 1865 nomine

193 1880 308 1912 dicitur,
325 1887 376 1908 nec
399 1884 499 1907 natura
516 1880 602 1908 Filius
617 1884 670 1914 est,
691 1882 868 1915 quantumvis
892 1882 983 1918 digni-

193 1928 250 1952 tate
277 1929 407 1960 superet,
437 1925 506 1952 nihil
533 1925 567 1952 ab
595 1926 762 1960 reliquarum
794 1930 983 1954 creaturarum

195 1970 356 1998 conditione
369 1971 463 1998 distat.
481 1970 548 1998 Nam
563 1975 590 1998 et
604 1979 651 1998 rex
670 1971 732 1998 licet
744 1971 822 2007 74],
835 1971 981 2007 praefectis,

194 2023 226 2043 ac
250 2016 366 2043 militum
394 2016 533 2051 magistris
571 2017 733 2048 antecellat,
758 2024 813 2044 non
846 2017 908 2045 ideo
928 2026 983 2046 non

193 2061 316 2095 ejusdem
337 2065 380 2089 est
396 2061 476 2096 cujus
492 2061 582 2089 caeteri
607 2061 783 2095 conditionis,
799 2066 846 2090 aut
861 2070 917 2090 non
938 2071 985 2090 ea-

194 2106 256 2133 dem
282 2112 345 2133 cum
371 2105 425 2134 illis
449 2106 581 2134 servitute
606 2099 777 2140 continetur,
798 2111 927 2142 tanquam
949 2116 983 2136 ex

193 2152 289 2180 eadem
303 2153 443 2180 creatione
466 2151 616 2185 derivatus,
632 2157 660 2181 et
686 2154 809 2182 mortalis
826 2161 881 2181 non
904 2162 984 2183 secus

194 2206 226 2225 ac
240 2198 286 2232 qui
305 2198 358 2225 sibi
374 2197 490 2233 subjecti
507 2202 581 2226 Sunt.
606 2198 737 2227 Similiter
753 2207 786 2227 ex
803 2207 836 2228 eo
848 2201 922 2236 quod
940 2189 982 2229 sol

195 2248 243 2270 aut
262 2244 326 2271 luna
355 2243 492 2271 sideribus
506 2248 637 2283 praaslant
658 2245 782 2280 reliquis,
801 2253 857 2274 non
879 2247 983 2275 ideirco

1019 337 1118 370 σάρκα,
1134 333 1158 358 εἰ
1170 330 1203 367 ἦν
1218 332 1250 358 ὲκ
1264 330 1314 366 τῆς
1330 329 1377 357 τοῦ
1394 329 1500 364 lla-.96;
1513 327 1623 358 οὖσίαςι
1640 326 1744 352 Εἶπωσι
1759 325 1807 351 τοί»

1018 388 1065 405 νυν
1079 379 1154 414 ἡμῖν,
1170 377 1230 409 πῶς
1250 376 1360 411 ἄγγελοι
1376 376 1465 411 σάρκα
1480 375 1529 401 οὐκ
1544 372 1649 403 ἔλαϐον,
1661 372 1739 402 ὄντες
1751 370 1808 396 δοῦ-

1018 424 1058 451 λοι
1074 423 1172 456 arb-:05;
1189 423 1247 455 πῶς
1265 421 1430 458 ἀρχάγγελοι
1443 430 1450 453 ;
1467 419 1526 451 πῶς
1544 417 1685 453 στρατιαῖς,
1700 415 1761 447 πῶς
1776 415 1810 442 τὰ

1019 470 1087 498 ἄλλα
1102 470 1188 497 πάντα
1202 469 1236 496 τὰ
1251 456 1440 504 menum-nuit;
1462 465 1541 492 Ἀλλὰ
1556 465 1602 491 καὶ
1614 462 1810 497 ὑποδεέστερὸν

1020 523 1102 549 φασιν
1124 512 1193 541 εἶναι
1219 513 1244 540 οἱ
1271 512 1386 539 τοιοῦτοι
1413 511 1443 538 τὸ
1473 510 1597 544 Πνεῦμα,
1630 509 1678 535 καὶ
1707 507 1811 541 κτίσμα

1020 560 1178 595 κτίσματος,
1193 559 1230 591 ὠς
1240 558 1322 586 αὑτοῦ
1333 558 1380 584 τοῦ
1397 558 1495 591 Λόγου.
1509 556 1571 588 Πῶς
1585 553 1631 582 οὖν
1651 555 1681 580 τὸ
1699 551 1812 587 Πνεῦμα

1019 606 1068 632 οὐκ
1080 605 1158 632 ἔλαϐε
1171 605 1269 640 σάρκα,
1284 603 1432 639 δυνάμενον
1446 602 1517 637 ἔχειν
1535 602 1679 637 πρόσωπον
1693 598 1814 634 στρεπτὸν

1021 651 1090 686 ὑπὲρ
1107 650 1153 676 τὸν
1173 649 1247 681 Υίὸν,
1264 649 1335 675 κατὰ
1351 649 1398 675 τὸν
1412 647 1494 674 αὐτοῦ
1510 647 1605 680 λόγως
1632 645 1700 671 Ἀλλ’
1718 643 1813 677 ἐπειδὴ

1022 696 1101 730 σοφία
1121 694 1156 732 ἦν
1174 695 1221 722 τοῦ
1240 695 1356 730 Πατρὸς,
1380 693 1514 729 ηὑδὸκησε
1529 692 1562 718 δι’
1585 690 1679 717 ἑαυτοῦ
1702 690 1753 724 τῆς
1771 697 1813 714 τε-

1021 742 1157 778 λειότητος
1182 741 1213 767 τὸ
1231 741 1366 777 ἡμέτερον
1386 739 1497 770 ἀσθενὲς
1523 737 1666 764 ἀναλαόεἷν
1678 756 1686 768 ,
1706 736 1752 761 ἵνα
1779 734 1812 760 δι’

1021 788 1118 815 ἑαυτοῦ
1131 788 1205 814 πᾶσα
1215 787 1336 823 σωτηρία
1346 786 1385 822 τῷ
1394 786 1487 820 κόσμῳ
1499 783 1620 818 γένηται.
1633 782 1672 808 Τὰ
1682 781 1710 808 δὲ
1721 780 1814 815 άγαοὰ

1021 835 1062 866 εἰς
1083 834 1157 860 κακὰ
1182 833 1399 869 μετατρέποντος
1425 829 1634 866 ἀχαριστοῦσιν,
1657 828 1813 863 ἀχάριστοι,

1022 881 1070 907 καὶ
1096 879 1270 915 ἀγνώμονες,
1295 879 1343 905 καὶ
1361 877 1498 905 Δεσπότου
1519 876 1584 902 ἰδίου
1605 874 1748 910 ὑϐρισταὶ,
1767 873 1815 899 καὶ

1024 926 1190 961 βλάσφημοι.
1209 925 1251 951 Τὰ
1269 924 1298 950 δὲ
1317 923 1384 950 ἄλλα
1406 922 1498 949 λοιπὸν
1516 923 1566 948 ὅσα
1577 921 1714 955 λέγοντες,
1731 919 1817 953 ἠλατ-

1025 971 1156 1006 τωμένως
1170 971 1307 1006 φρονοῦσι.
1319 969 1381 1001 Πῶς
1395 968 1424 995 δὲ
1438 968 1596 999 ἐπείνασεν,
1612 967 1636 992 εί
1649 964 1683 1001 ἦν
1701 965 1751 1000 τῆς
1766 963 1816 990 τοῦ

1027 1018 1133 1053 Πατρὺς
1149 1017 1257 1049 οὐσίαςς
1274 1016 1342 1052 Περὶ
1361 1015 1416 1050 γὰρ
1434 1014 1481 1041 τοῦ
1492 1013 1568 1046 ,Θεοῦ
1586 1012 1756 1047 γέγραπται”
1772 1011 1818 1037 οὐ

1027 1063 1173 1096 aen-d081,
1199 1062 1270 1090 οὐδὲ
1289 1061 1431 1096 διψήσει·
1458 1060 1527 1086 οὔτε
1552 1059 1637 1086 ἔστιν
1659 1057 1818 1090 ἐξεύρεσις

1027 1109 1082 1143 τῆς
1096 1108 1272 1144 φρονήσεως
1288 1106 1393 1134 αὑτοῦ.
1411 1103 1495 1137 Οὗτος
1508 1105 1536 1131 δὲ
1550 1104 1597 1130 κα)⁵
1608 1103 1735 1129 ὲπεῐνασε
1746 1121 1753 1133 ,
1766 1102 1819 1128 καὶ

1028 1155 1148 1189 ἐδίψησε.
1170 1154 1232 1185 Πῶς
1247 1154 1386 1188 κέκμηκεν
1400 1152 1432 1178 ὲκ
1444 1151 1493 1186 τῆς
1503 1149 1665 1185 ὁδοιπορίας,
1681 1148 1727 1174 καὶ
1748 1147 1818 1173 ἑκά-

1028 1199 1096 1232 θισε,
1115 1200 1162 1226 καὶ
1178 1200 1220 1226 ὅτι
1235 1201 1252 1226 ό
1267 1198 1339 1231 Θεὸς
1354 1199 1390 1224 οὐ
1406 1196 1541 1224 κοπιάσει
1554 1204 1563 1227 ;
1583 1194 1644 1226 Πῶς
1662 1193 1701 1225 δὲ,
1720 1192 1817 1226 φησὶν-

1028 1243 1114 1278 εῗπεν,
1138 1245 1172 1272 Ὀ·
1181 1244 1366 1276 ἀποστείλας
1385 1251 1423 1278 με
1443 1242 1544 1275 Πατήρ
1564 1249 1623 1275 μου
1638 1237 1746 1274 μείζων
1754 1236 1819 1271 μού

1028 1292 1130 1323 ἐστιν;
1151 1290 1247 1322 Ἀλλος
1265 1290 1319 1325 γὰρ
1336 1290 1350 1316 6
1371 1288 1559 1319 ἀποστέλλων,
1576 1285 1653 1316 ἄλλος
1674 1284 1703 1310 δὲ
1718 1284 1733 1309 ὁ
1751 1283 1822 1309 ἀπιο-

1030 1337 1214 1372 στελλόμενος.
1238 1337 1294 1364 Καὶ
1318 1336 1414 1370 δῆλον,
1429 1335 1469 1362 ὅτι
1487 1335 1501 1360 6
1520 1332 1612 1368 Πατὴρ
1636 1331 1683 1358 οὐκ
1710 1330 1783 1356 ἐστιν
1804 1330 1820 1355 6

1030 1383 1106 1415 Υἱὸς,
1127 1383 1173 1410 καὶ¹
1193 1383 1207 1408 6
1224 1383 1288 1414 Υίὺς
1309 1382 1360 1408 οὐκ
1380 1380 1453 1407 ἔστιν
1469 1380 1484 1406 ὁ
1502 1379 1605 1414 Πατήρ.
1622 1377 1658 1404 Οὐ
1676 1375 1730 1411 γὰρ
1745 1375 1821 1402 κατὰ

1030 1429 1076 1456 τὸν
1086 1427 1229 1455 Σαὸέλλιον
1243 1428 1323 1463 ἡμεῖς
1338 1427 1453 1462 λέγομεν
1463 1446 1470 1459 ,
1484 1425 1529 1451 τὸν
1542 1424 1654 1458 λέγοντα.
1667 1421 1820 1457 υἱοπάτορα

1030 1473 1101 1501 εἶναι
1112 1474 1134 1501 ⁵.
1148 1474 1180 1500 Εἰ
1195 1473 1232 1509 μὴ
1244 1473 1299 1508 γὰρ
1316 1470 1403 1504 εἶπεν,
1416 1472 1457 1499 ὅτι
1469 1471 1563 1501 Ἀλλος
1573 1470 1645 1496 ἐστὶν
1657 1470 1671 1495 6
1690 1467 1822 1495 ἀποστεί-

1030 1519 1079 1551 λας
1101 1528 1145 1554 με·
1161 1518 1224 1550 καὶ,
1244 1517 1416 1552 Ὰπέρχομαι
1433 1515 1508 1550 πρὸς
1528 1515 1580 1542 τὸν
1595 1515 1669 1541 Θεόν
1683 1523 1745 1548 μου
1769 1513 1820 1539 καὶ

1033 1566 1107 1593 Θεὸν
1127 1565 1222 1600 ὑμῶν,
1245 1563 1321 1598 πρὸς
1343 1562 1397 1590 τὸν
1413 1561 1528 1596 Πατέρα
1545 1570 1604 1595 μου
1632 1560 1681 1587 καὶ
1703 1559 1823 1592 Πατέρα

1032 1611 1130 1646 ὑμῶν,
1146 1609 1216 1637 εἷπε.
1233 1610 1288 1636 Καὶ
1301 1609 1351 1635 οὐκ
1370 1609 1402 1635 ὲκ
1413 1609 1462 1643 τῆς
1479 1607 1526 1634 τοῦ
1540 1607 1608 1634 Θεοῦ
1622 1607 1715 1638 οὐσίας
1729 1607 1753 1632 οἱ
1769 1615 1824 1641 μα-

1034 1657 1114 1692 θηταὶ
1129 1656 1200 1683 κατὰ
1216 1655 1296 1690 φύσιν
1315 1654 1510 1691 ἐγεννήθησαν.
1533 1654 1589 1680 Καὶ
1600 1653 1693 1687 ἔλεγεν
1715 1652 1822 1685 αὐτοῖς,

1032 1702 1148 1737 Πατέρα
1161 1702 1255 1737 ὑμῶν.

1068 1792 1156 1827 Πολλὴ
1168 1791 1196 1818 δὲ
1210 1789 1405 1827 φρενοδλάὸεια
1423 1789 1477 1816 τῶν
1491 1788 1525 1815 τὰ
1545 1786 1657 1814 τοιαῦτα
1673 1786 1821 1821 λεγόντων.

1034 1839 1065 1865 Εἰ
1077 1838 1132 1873 γὰρ
1147 1837 1259 1872 ὀνόματι
1281 1836 1360 1872 μόνον
1377 1835 1517 1867 καλεῖται,
1537 1834 1585 1860 καὶ
1604 1834 1655 1860 οὐκ
1669 1833 1728 1860 ἔστι
1750 1834 1825 1860 κατὰ

1033 1883 1125 1918 φύσιν,
1140 1882 1216 1909 οὐδὲν
1227 1881 1348 1916 διαφέρει
1362 1880 1415 1907 τῶν
1432 1879 1519 1907 ἄλλων
1532 1879 1639 1906 πάντων
1652 1878 1823 1913 κτισμάτων,

1034 1929 1085 1956 κᾶν
1105 1937 1135 1954 τε
1155 1929 1183 1954 ὲν
1201 1927 1320 1963 ὑπεροχῇ
1339 1926 1493 1961 ἀξιώματος
1513 1925 1641 1961 ὑπάρχει.
1657 1924 1695 1951 Οὐ
1710 1924 1765 1959 γὰρ
1780 1924 1824 1951 ὅτι

1033 1974 1048 2000 ὀ
1062 1973 1188 2009 βασιλεὺς
1206 1973 1333 2008 ὑπερέχει
1350 1972 1404 1999 τῶν
1418 1972 1545 2008 ἐπάρχων
1559 1973 1606 1999 καὶ
1619 1971 1823 2006 στρατηλατῶν,

1033 2020 1064 2047 οὐ
1078 2019 1153 2055 παρὰ
1170 2019 1249 2046 τοῦτο
1260 2019 1310 2045 οὐκ
1323 2018 1396 2046 ἐστιν
1410 2017 1575 2054 ὁμοιοπαθὴς
1589 2017 1642 2044 τῶν
1661 2017 1760 2048 ἄλλων,
1777 2018 1826 2044 καὶ

1034 2064 1176 2096 σύνδουλος
1189 2064 1240 2098 τῆς
1252 2064 1336 2099 αὐτῆς
1349 2063 1472 2095 κτίσεως,
1488 2063 1583 2098 θνητὰ
1598 2072 1640 2095 τις
1650 2063 1689 2090 ὢν
1706 2081 1715 2095 ,
1729 2063 1825 2098 ὥσπερ

1034 2111 1082 2138 καὶ
1092 2111 1115 2137 οἱ
1132 2110 1177 2137 ὑπ’
1188 2109 1271 2136 αὐτοῦ
1285 2109 1439 2145 ἀρχόμενοι.
1454 2108 1510 2136 Καὶ
1517 2109 1566 2144 οὐχ
1575 2109 1616 2136 ὃτι
1628 2109 1642 2135 6
1652 2108 1727 2144 ἥλιος
1734 2109 1826 2144 -ὑπερ-

1034 2157 1091 2193 έχει
1113 2157 1167 2183 τῶν
1182 2156 1268 2183 ἀλλων
1286 2156 1411 2192 ἄστρων,
1426 2155 1474 2182 καὶ
1487 2155 1503 2190 ἡ
1519 2155 1615 2190 σελήνη
1633 2155 1661 2181 ὲν
1677 2155 1757 2191 μέρει
1768 2175 1777 2187 ,
1794 2155 1825 2182 οὑ

1034 2202 1111 2239 παρὰ
1125 2202 1204 2229 τοῦτο
1219 2201 1270 2228 οὐκ
1282 2200 1352 2227 εἰσὶν
1365 2200 1573 2236 ὑποτεταγμένα
1590 2201 1718 2236 στοιχεῖα,
1731 2201 1779 2228 καὶ
1790 2202 1824 2235 τῇ

1037 2248 1084 2275 τοῦ
1103 2248 1163 2280 ἑνὸς
1185 2246 1305 2279 διατάξει
1319 2245 1485 2282 δημιουργοῦ
1502 2254 1532 2272 τε
1552 2246 1600 2272 καὶ
1626 2245 1753 2277 κτίστου,
1774 2246 1826 2272 Πα-

195 2288 313 2315 obnoxia
326 2295 387 2316 esse
395 2288 535 2316 'cletuenta
549 2289 688 2321 desinunt,
697 2294 724 2317 et
737 2290 818 2318 unius
832 2291 978 2320 eoirditoris

1033 2293 1107 2329 τρδς,
1123 2293 1170 2320 καὶ
1181 2292 1258 2325 Υίοῦ,
1270 2292 1318 2319 καὶ
1329 2292 1408 2326 ἁγίου
1416 2291 1585 2326 Πνεύματος.
1599 2291 1756 2319 ὑπείκοντα.
1769 2292 1826 2319 Καὶ

194 2337 223 2360 et
238 2332 360 2366 artiﬁcis,
375 2332 516 2365 Patris,ac
536 2333 597 2362 Filii
619 2338 646 2362 et
666 2334 785 2370 Spiritus
808 2336 910 2370 sancti,
927 2344 986 2364 mo-

196 2377 337 2406 deratione
352 2379 485 2414 subjecta.
500 2379 593 2415 Neque
607 2380 680 2416 quod
696 2381 783 2416 angeli
798 2382 881 2409 rebus
895 2384 985 2410 omni-

196 2423 250 2450 bus
265 2424 486 2459 aspectabilibus,
499 2425 620 2461 adeoque
633 2427 733 2455 creatis
744 2428 873 2456 omnibus
888 2428 986 2456 ordine

197 2476 230 2496 ac
253 2469 389 2504 dignitate
415 2472 620 2505 praestantiores
644 2476 719 2504 sunt,
745 2477 840 2508 utpote
863 2473 911 2509 qui
934 2475 987 2503 sub

197 2518 337 2549 aspectum
353 2515 452 2543 cadere
468 2520 615 2551 nequeant,
630 2520 658 2544 et
672 2517 790 2552 primum
810 2518 902 2546 cultus
922 2527 986 2555 erga

196 2558 319 2587 divinum
335 2567 448 2592 numen,
464 2564 491 2588 et
515 2560 640 2595 obsequii
657 2561 746 2589 locum
770 2569 803 2590 ac
825 2562 986 2598 dignitatem

197 2605 355 2640 obtineant;
370 2614 450 2641 quem
466 2606 577 2634 assidue
590 2607 699 2642 hymnis
722 2615 754 2635 ac
775 2608 900 2637 laudibus
912 2610 986 2638 cele-

198 2649 295 2684 brant;
312 2658 328 2678 e
349 2659 404 2686 quo
426 2655 453 2679 et
476 2651 645 2680 immortales
658 2660 711 2680 non
727 2658 825 2682 natura
847 2660 921 2690 sunt,
938 2657 986 2684 sed

198 2696 284 2730 gratia
306 2697 409 2724 conditi
426 2697 460 2725 ab
475 2705 508 2725 eo
522 2697 568 2733 qui
585 2697 748 2728 immortalis
761 2705 815 2735 est,
835 2705 864 2730 et
875 2701 903 2730 in
925 2710 988 2730 sese

238 2772 246 2787 ί
263 2771 315 2799 lsa.
329 2780 374 2807 ιι,
385 2773 430 2800 28.
469 2775 479 2790 ³
491 2773 557 2801 ibid.
592 2773 603 2790 ³
621 2773 699 2804 Joan.
716 2785 773 2810 xw,
786 2776 833 2807 28.

1038 2338 1088 2373 οὐχ
1101 2338 1142 2364 ὅτι
1158 2337 1268 2372 ἄγγελοι
1285 2337 1436 2373 ὑπάρχουσι
1454 2337 1510 2373 (89)
1529 2336 1584 2363 τῶν
1598 2337 1703 2372 ὁρατῶν
1713 2356 1722 2369 ,
1735 2338 1783 2364 καὶ
1797 2339 1825 2365 ὲν

1038 2383 1114 2416 τάξει
1127 2383 1182 2415 τῷν
1195 2383 1293 2416 ἄλλων,
1311 2383 1419 2419 μείζους
1431 2383 1540 2410 πάντων
1556 2383 1634 2415 εἰσὶν,
1649 2380 1693 2410 οἷα
1702 2383 1734 2419 δὴ
1748 2384 1824 2419 ἀόρα-

1038 2438 1080 2456 τοι
1100 2429 1265 2462 κτισθέντες,
1283 2430 1331 2456 καὶ
1345 2429 1376 2456 τδ
1395 2429 1504 2465 πρῶτον
1526 2429 1610 2465 γέρας
1626 2430 1677 2465 τῆς
1695 2429 1742 2456 τοῦ
1758 2430 1825 2456 Θεοῦ

1040 2475 1188 2511 θεραπείας
1202 2475 1443 2511 ἀπκαρποὺμενοι
1457 2476 1487 2503 ὲν
1505 2476 1598 2512 ὕμνοις
1613 2475 1766 2511 διηνεκέσι·
1781 2476 1826 2504 καὶ

1039 2521 1168 2549 ἀθάνατοι
1191 2522 1261 2549 κατὰ
1280 2522 1360 2557 χάριν
1374 2522 1418 2548 ὑπ’
1438 2522 1520 2550 αὐτοῦ
1539 2522 1705 2554 κτισθέντες,
1722 2523 1772 2550 καὶ
1796 2523 1826 2549 οὐ

1039 2567 1111 2594 κατὰ
1129 2567 1227 2603 φύσιν,
1243 2567 1372 2595 ἀθάνατοί
1387 2576 1429 2600 τε,
1449 2567 1530 2603 φύσιν
1545 2568 1575 2600 ἐξ
1593 2567 1676 2594 αὐτοῦ
1690 2567 1738 2594 τοῦ
1761 2568 1825 2595 ἀϐα-

1040 2612 1121 2639 νάτου
1146 2613 1193 2640 καὶ
1211 2613 1287 2644 ὄντος
1303 2613 1332 2639 ὲν
1346 2612 1435 2648 ἑαυτῷ
1455 2612 1512 2649 ζωὴ
1539 2613 1586 2640 καὶ
1601 2613 1737 2640 ἀθανασία
1761 2623 1825 2641 κατ-

1039 2657 1200 2692 αξιωθέντες
1214 2657 1357 2692 γενέσθαι,
1372 2658 1403 2685 οὺ
1419 2658 1494 2694 παρὰ
1516 2658 1595 2685 τοῦτο
1609 2659 1660 2686 οὐκ
1678 2659 1733 2686 εἰσὶ
1752 2658 1825 2695 φόὕῳ

1040 2704 1087 2730 καὶ
1099 2703 1210 2739 τρόμῳ,
1230 2705 1278 2731 καὶ
1295 2704 1349 2731 ὺπδ
1372 2704 1538 2739 ἀπολογίαν,
1559 2704 1605 2732 καὶ
1626 2705 1760 2738 ἐξέτασιν,
1780 2705 1825 2733 καὶ

890 2779 902 2794 ⁵
915 2777 994 2807 Joan.
1013 2786 1060 2813 xx,
1075 2780 1116 2807 Π.
1155 2782 1165 2797 ⁵
1178 2781 1300 2809 Vitiosus
1311 2781 1354 2810 hic
1370 2781 1452 2810 locus-

236 2830 292 2867 (89)
308 2833 361 2860 Kal
393 2833 450 2868 οὐχ
475 2834 519 2861 ὅτι
541 2834 659 2870 ἄγγελοι
681 2836 859 2873 ὑπάρχουσι.
888 2831 977 2866 Scrib.

1030 2847 1044 2864 ε
1048 2838 1166 2874 ρέχουσι.
