1929 3039
80 169 142 197 229

407 167 592 196 ADVERSUS
611 167 781 195 IMERhSES
801 167 863 195 LIB.
886 167 917 195 ll.
938 166 1019 195 T031.
1041 166 1111 194 ll.—
1121 165 1260 194 ll/ERES.
1283 165 1376 196 LXIX.

1659 165 1713 195 230

82 228 224 259 κέλευσιν,
243 227 291 254 καὶ
310 227 466 263 προσταγὴν
479 227 527 262 τῆς
548 226 628 261 ἁγίας
649 226 774 261 θεότητος
789 225 877 253 δεδου-

940 224 982 252 'ita
997 225 1055 260 ipsa
1071 229 1114 252 est
1125 228 1152 252 et
1163 225 1368 257 Immortalitas,
1382 223 1588 251 immortalitate
1602 222 1714 252 donati:

83 273 219 309 λωμένοι.

125 402 182 429 ΙΠ’.
200 401 296 428 Ἔνθεν
312 401 366 437 γάρ
380 401 438 428 ἐστι
461 401 492 428 τὴ
508 400 672 437 ζητούμενον
688 401 737 436 τῆς
751 401 879 436 ἀληθείας

83 447 263 483 ἀκρίὸασμα,
281 446 325 473 τον
342 446 404 472 Υἱὺν
423 446 472 481 μὲν
484 446 584 480 λέγειν,
602 446 691 480 λέγειν
704 445 732 472 δὲ
749 446 795 472 καὶ
808 445 879 480 ἔχειν

84 492 141 527 οὐχ
156 491 250 522 ἁπλῶς
259 490 344 526 ὄνομα
352 499 388 522 τι,
403 489 471 517 ἀλλὰ
482 490 545 517 Υἱὺν
561 491 632 517 κατὰ
649 490 728 525 φύσιν
740 491 813 517 Υίόν.
825 491 880 518 Καὶ

84 539 118 564 ὲν
143 537 209 572 ἡμῖν
230 536 285 571 γὰρ
303 535 395 562 πολλοὶ
415 535 560 562 καλοῦνται
576 535 640 567 υῑοὶ,
659 535 696 571 μὴ
710 535 785 567 ὄντες
801 535 880 570 ἡμῶν

86 584 146 610 υἱοὶ
162 582 233 610 κατὰ
254 582 345 617 φύσιν.
375 581 406 608 Οἱ
427 581 456 608 δὲ
469 581 591 616 ἀληθινοὶ
605 582 658 608 υἱοὶ
674 583 698 608 οἰ
715 582 821 617 γνήσιοι
833 589 882 608 κα-

85 628 212 659 λοῦνται,
232 629 256 654 oi
268 627 338 654 κατὰ
355 627 435 661 φύσιν
450 627 494 661 ὑφ’
514 627 592 663 ἡμῶν
605 627 809 662 γεγεννημέναι.
825 626 882 653 Καὶ

87 676 115 702 εί
130 675 181 711 μὲν
194 672 241 701 οὖν
250 673 314 704 Υἱὸς
330 673 409 708 μόνον
426 674 559 704 ἐκαλεῖτο,
570 673 608 705 ὼς
626 672 676 701 καὶ,
685 672 785 704 πάντες
800 671 881 707 ἐκλή-

87 722 180 757 θησαν
198 720 252 747 υἱοὶ
270 718 354 746 Θεοῦ·
380 718 434 754 ἄρα
453 719 528 746 οὐδὲν
544 719 695 746 διαλλάττει
711 718 765 745 τῶν
782 717 876 745 ἄλλων.

87 767 149 795 Καὶ
158 766 216 797 πῶς
224 766 262 797 ὡς
273 765 338 798 Θεὸς
349 766 555 801 προσκυνεῖται;
573 764 646 791 Ἔδει
656 761 701 790 οὖν
713 763 759 790 καὶ
771 763 803 790 τὰ
815 762 883 790 ἄλλα

88 812 132 840 πά
150 821 192 843 τα,
209 811 252 846 ἐφ’
272 810 319 843 οὓς
335 811 365 838 τὸ
376 811 460 846 ὄνομα
476 810 525 845 τῆς
540 809 673 841 υἱοθεσίας
691 809 881 844 ἐπικέκληται,

88 859 153 886 κατ’
169 859 250 886 αὑτὸν
267 857 487 894 προσκυνεῖσθαι,
499 856 592 891 ἐπειδὴ
606 856 658 882 υἱοὶ
668 855 735 881 Θεοῦ
746 862 883 890 προσαγο-

930 278 984 297 non
1010 274 1099 298 tamen
1116 275 1257 306 propterea
1269 279 1323 298 non
1335 274 1407 298 metu
1423 277 1455 297 ac
1467 274 1584 297 tremore
1600 269 1636 296 ita
1651 277 1717 296 eon~

929 315 1052 342 tinentur
1083 319 1128 347 ut.
1156 315 1294 350 exigenda:
1327 323 1342 342 a
1378 323 1408 343 se
1442 314 1540 342 rationi
1568 321 1600 341 ac
1619 313 1719 341 divina:

931 357 1084 393 maiestatis
1097 360 1268 395 inquisitioni
1286 360 1456 395 imperioque
1469 359 1583 394 subjecti
1600 359 1665 386 sint.

965 405 1058 442 XVIII.
1080 406 1150 433 lline
1172 407 1256 442 igitur
1280 411 1410 434 accurata
1435 406 1492 437 illa,
1523 406 1557 432 de
1571 412 1624 440 qua
1641 411 1717 439 qua!-

929 451 983 478 stio
997 455 1050 482 est.
1079 451 1201 479 veritatis
1221 450 1367 486 repetenda
1388 450 1470 484 ratio,
1495 453 1525 477 ut
1542 457 1604 477 eum
1619 449 1717 476 Filium

930 498 1055 530 dicimus,
1090 506 1143 525 non
1156 498 1256 525 nudum
1273 505 1355 533 penes
1376 497 1450 524 illum
1467 496 1587 524 residere
1599 495 1719 523 vocabu-

931 543 986 570 lum
1016 543 1271 574 cxistimemus.sed
1285 550 1346 571 esse
1364 548 1461 570 natura
1479 541 1589 569 Filium.
1614 541 1721 576 Quippe

937 591 969 618 ex
987 597 1038 617 usu
1055 596 1163 624 quoque
1180 593 1276 616 nostro
1293 589 1436 624 plerosque
1452 588 1521 616 ﬁlios
1533 587 1719 619 nominamus,

931 636 978 671 qui
1001 640 1101 673 'natura
1133 643 1303 671 nequaquam
1334 636 1381 663 ﬁlii
1410 636 1497 664 nostri
1525 635 1589 663 sint.
1609 635 1645 662 At
1664 635 1720 662 veri

934 680 983 708 ﬁlii
1002 681 1124 716 germani
1139 681 1277 711 dicuntur,
1294 681 1341 715 qui
1356 681 1471 708 naturali
1486 688 1501 707 a
1517 680 1595 707 nobis
1608 687 1722 715 genera-

940 726 1013 752 tione
1035 725 1178 759 prodeunt.
1206 724 1283 757 Quod
1310 725 1333 753 si
1358 724 1443 752 Filius
1463 724 1597 751 duntaxat
1618 731 1648 750 ea
1674 731 1720 750 ra-

933 771 1007 797 tione
1023 770 1139 798 Verbum
1155 771 1322 803 nominatur,
1337 778 1391 805 qua
1404 771 1494 797 ceteri
1507 777 1602 797 clunes
1613 769 1659 796 lilii
1674 768 1721 795 Dei

933 816 1021 843 vocati
1038 820 1113 847 sunt,
1130 816 1197 842 nihil
1213 816 1296 851 igitur
1311 816 1346 843 ab
1359 816 1421 843 aliis
1436 814 1614 850 discrepabit.
1631 813 1722 853 Quare

934 869 985 889 cur
1002 866 1132 896 tanluam
1153 861 1223 889 Deus
1246 861 1394 889 adorator?
1420 861 1487 888 Nam
1508 865 1535 888 et
1556 860 1594 887 illi
1614 867 1723 895 quoque

90 904 229 941 ρεύονται.
254 904 333 931 Ἀλλὰ
348 904 364 939 ἡ
376 903 489 938 ἀλήθεια
503 902 554 929 οὐκ
565 901 620 936 ἔχει
631 900 727 932 οὕτως,
742 900 799 926 ἀλλ’
812 897 881 927 οἶδεν

940 915 1038 939 )mnes,
1054 907 1087 934 ad
1103 914 1173 941 quos
1196 914 1294 934 nomen
1317 906 1383 934 illud
1406 906 1561 942 adoptionis
1582 906 1722 938 convenit,

89 949 138 976 ἀεὶ
149 949 197 976 ἕνα
211 949 342 984 μονογενῆ
358 948 422 974 Υίὸν
433 947 500 974 θεοῦ
510 955 517 961 ·
575 946 673 973 πάντα
689 946 823 979 λατρεύει
834 945 883 971 καὶ

90 995 275 1030 προσκυνεῖ,
301 994 351 1022 καὶ
372 993 435 1021 πᾶν
453 993 527 1028 γόνυ
550 992 661 1027 κάμψει
685 992 882 1026 ἐπουρανίων,

91 1041 144 1068 καὶ
157 1041 303 1075 ἐπιγείων,
315 1039 362 1066 καὶ
376 1038 590 1073 καταχθονίων,
600 1037 648 1064 καὶ
662 1037 745 1064 πᾶσα
759 1037 884 1072 γλῶσσα

91 1084 361 1119 ἐξομολογήσεται,
379 1082 423 1110 ὅτι
438 1083 543 1117 Κύριος
571 1081 685 1116 Ἰησοῦς
701 1081 827 1116 Χριστὸς
841 1082 884 1114 εὶς

91 1130 189 1162 δόξαν
211 1129 286 1157 Θεοῦ
302 1129 428 1164 Πατρός.
460 1128 529 1154 Ἀλλ’
545 1126 607 1154 οὔτε
626 1127 656 1154 τὸ
678 1127 754 1161 ἆγιον
772 1127 884 1162 Πνεῦμα

92 1175 234 1208 ἐξισοῦται
247 1176 303 1207 τοῖς
319 1175 408 1206 ἄλλοις
426 1174 594 1210 πνεύμασιν·
623 1173 717 1208 ἐπειδὴ
737 1173 766 1199 ἓν
780 1174 838 1200 ἐστι
855 1173 884 1200 τὺ

93 1220 207 1256 Πνεῦμα
216 1220 264 1247 τοῦ
278 1220 356 1253 Θεοῦ,
366 1219 479 1255 Πνεῦμα
493 1221 525 1246 ὲκ
538 1218 644 1254 Πατρδς
656 1218 884 1253 ἐκπορευόμενον,

92 1267 143 1293 καὶ
165 1266 213 1293 τοῦ
235 1266 300 1293 Υίοῦ
326 1266 473 1302 λαμϐάνον.
495 1261 575 1292 Οὗτοι
601 1265 629 1291 δὲ
655 1263 793 1300 βούλονται
820 1264 886 1290 αὐτὸ

93 1310 164 1339 εἶναι
173 1311 276 1347 κτίσμα
284 1312 443 1346 κτίσματος.
458 1312 525 1337 Φασὶ
536 1311 649 1346 γὰρ,ὃτι
662 1310 750 1337 πάντα
759 1310 792 1336 δι’
803 1309 885 1336 αὑτοῦ

93 1357 203 1392 γέγονε,
218 1357 265 1384 καὶ
280 1357 364 1392 χωρὶς
378 1355 460 1383 αὑτοῦ
475 1356 582 1391 ἐγένετο
595 1355 655 1382 οὐδὲ
669 1356 698 1382 ’ἐν
708 1364 714 1371 ·
727 1356 791 1391 ἄρα,
808 1355 885 1390 φασὶ,

95 1403 146 1430 καὶ
166 1403 197 1430 τὺ
213 1402 326 1438 Πνεῦμα
345 1403 378 1429 ὲκ
397 1402 452 1429 τῶν
469 1402 628 1438 ποιημάτων
643 1401 776 1437 ὑπάρχει·
794 1401 886 1437 ἐπειδὴ

95 1448 196 1475 πάντα
205 1448 241 1474 δι’
251 1447 344 1475 αὑτοῦ
352 1447 466 1483 γέγονε.
475 1447 531 1474 Καὶ
540 1447 681 1482 ἀγνοοῦσιν
691 1449 714 1474 οἱ
727 1447 815 1483 μάτην
824 1447 888 1473 ἑαυ-

95 1495 152 1521 τῶν
167 1495 215 1530 τὴν
232 1494 322 1529 ψυχὴν
343 1494 536 1526 ἀπολέσαντες,
554 1493 595 1520 ὅτι
613 1493 681 1520 ἄλλα
702 1493 760 1519 ἐστὶ
783 1493 817 1519 τὰ
831 1492 890 1519 κτί-

98 1549 201 1576 σματα,
223 1541 271 1567 καὶ
282 1540 351 1567 ἄλλα
367 1540 402 1567 τὰ
415 1539 512 1566 κτιστὰ
523 1540 543 1572 ¹,
564 1539 668 1575 Πατὴρ,
685 1539 732 1565 καὶ
747 1539 820 1571 Υἰδς,
841 1539 888 1565 καὶ

936 953 1068 981 adorandi
1089 953 1162 980 illius
1177 952 1305 987 opinione
1321 951 1441 983 fuerant,
1455 960 1517 979 cum
1531 951 1577 979 Dei
1595 951 1642 979 ﬁlii
1658 959 1725 978 mm-

939 1003 1083 1034 cupentur.
1109 999 1190 1033 Atqui
1218 998 1297 1034 longe
1322 998 1401 1026 aliter
1423 1005 1483 1026 sese
1507 998 1610 1026 veritas
1632 998 1724 1030 habet,

938 1052 999 1080 qua:
1014 1043 1179 1079 singularem
1193 1047 1220 1071 et
1235 1043 1404 1078 unigenitum
1420 1042 1467 1070 Dei
1482 1042 1579 1070 Filium
1592 1048 1723 1078 perpetuo

937 1090 1073 1124 cognovit,
1094 1089 1139 1117 cui
1160 1089 1292 1120 serviunt.
1319 1096 1399 1124 quem
1421 1088 1537 1116 adorant
1559 1081 1662 1119 omnia,
1679 1088 1724 1115 cui

938 1144 1013 1162 unum
1028 1143 1093 1170 genu
1108 1135 1227 1169 ﬂectetur
1245 1134 1402 1166 cwlestium,
1426 1134 1587 1161 terrestrium
1598 1138 1623 1161 et
1640 1134 1722 1168 infer-

937 1189 1043 1213 narum,
1060 1185 1083 1207 et
1100 1180 1184 1207 omm’s
1197 1180 1289 1215 lingua
1306 1179 1481 1214 conﬁtebitur.
1495 1179 1620 1214 quoniam
1638 1178 1725 1205 Domi-

938 1235 985 1253 nus
1002 1225 1081 1253 Jesus
1098 1225 1219 1252 Christus
1235 1226 1262 1252 in
1280 1224 1366 1260 gloria
1381 1229 1419 1251 est
1432 1224 1479 1251 Dei
1497 1224 1587 1251 Patris
1597 1224 1616 1250 '.
1633 1223 1726 1259 Neque

938 1281 1002 1300 vero
1028 1272 1146 1307 Spiritus
1165 1276 1278 1299 sanctus
1297 1278 1359 1298 cum
1381 1271 1495 1306 reliquis
1518 1270 1661 1306 spiritibus
1673 1271 1723 1297 ad-

938 1318 1088 1353 aequandos
1102 1321 1154 1350 est,
1170 1325 1232 1344 cum
1259 1325 1330 1345 unus
1353 1317 1388 1345 sit
1408 1316 1453 1344 Dei
1474 1316 1592 1351 Spiritus
1609 1323 1622 1343 a
1643 1315 1724 1347 Patre

940 1363 1090 1399 procedens
1100 1364 1121 1396 ³,
1139 1368 1165 1390 et
1181 1363 1213 1390 de
1223 1361 1291 1389 Filio
1300 1363 1436 1398 accipiens
1446 1362 1466 1390 ⁸.
1485 1362 1519 1389 At
1534 1362 1578 1390 isti
1592 1366 1726 1390 creatura:

940 1409 1013 1436 hunc
1026 1416 1087 1436 esse
1101 1413 1254 1435 creaturam
1270 1412 1405 1436 asserunt.
1422 1408 1468 1435 Sic
1481 1408 1555 1435 enim
1569 1407 1724 1442 objiciunt:

940 1452 1008 1479 Cum
1031 1452 1122 1478 omnia
1147 1459 1194 1486 per
1220 1452 1308 1486 ipsum
1327 1451 1396 1479 facta
1417 1452 1483 1484 sint,
1500 1456 1525 1479 et
1539 1452 1598 1479 sine
1614 1452 1674 1486 ipso
1686 1452 1728 1478 fa-

940 1502 1016 1524 ctum
1041 1497 1077 1524 sit
1101 1498 1168 1524 nihil
1183 1497 1219 1530 ';
1248 1505 1313 1532 ergo
1336 1498 1417 1524 etiam
1440 1497 1559 1532 Spiritus
1577 1497 1649 1524 inter
1668 1497 1727 1532 ejus

941 1551 1022 1578 opera
1042 1542 1228 1570 numerandus
1248 1547 1309 1576 cst,
1336 1542 1416 1579 ’142
1438 1544 1566 1578 quoniam
1582 1551 1628 1578 per
1644 1544 1730 1578 ipsum

98 1589 177 1622 ἅγιον
191 1587 314 1623 Πνεῦμα,
330 1585 370 1618 εἷς
382 1587 447 1618 Bai);
460 1585 545 1621 Τριὰς
560 1586 589 1612 ὲν
605 1585 728 1620 ἀληθείᾳ,
745 1585 791 1611 καὶ
804 1584 886 1619 μονὰς

940 1586 1010 1621 facta
1038 1591 1099 1614 sunt
1124 1587 1223 1614 omnia.
1249 1586 1302 1614 Sed
1315 1587 1406 1615 miseri
1421 1588 1555 1620 homines,
1568 1587 1614 1622 qui
1630 1591 1732 1615 temere

97 1634 129 1660 ἐν
143 1633 259 1669 ἑνότητι.
285 1632 336 1659 Διά
356 1631 434 1658 τοῦτο
449 1631 512 1666 γὰρ,
537 1631 577 1658 ὅτι
597 1628 637 1662 εἷς
656 1630 731 1661 Θεὸς,
745 1630 786 1656 ὃτι
802 1630 832 1655 οὺ
843 1629 890 1656 δύο

98 1679 233 1714 Πατέρες,
255 1677 317 1704 οὔτε
338 1677 385 1704 δύο
400 1677 468 1709 Υἱοὶ,
487 1676 550 1703 οὔτε
574 1676 620 1702 δύο
638 1675 786 1710 Πνεύματα
808 1675 887 1708 ἅγια·

99 1723 149 1750 καὶ
171 1722 264 1758 ἐπειδὴ
281 1722 332 1749 οὐκ
356 1721 495 1757 ἀλλότριος
510 1722 523 1748 ὁ
537 1721 600 1752 Υἱὸς
615 1720 662 1747 τοῦ
684 1720 808 1755 Πατρὸς,
833 1719 890 1746 ἀλλ’

98 1768 131 1801 ἐξ
141 1768 223 1795 αὑτοῦ
233 1768 442 1803 γεγεννημένος,
455 1768 502 1793 καὶ
514 1767 564 1793 οὐκ
582 1765 721 1801 ἀλλότριον
736 1764 766 1791 τὸ
779 1764 891 1800 Πνεῦμα

98 1815 130 1842 τὺ
141 1815 236 1849 ἆγιονο
262 1814 319 1841 ἀλλ’
342 1815 356 1840 ὸ
377 1813 425 1849 μὲν
442 1812 505 1844 Υἱὸς
525 1811 672 1847 μονογενὴς
694 1809 891 1845 γεγεννημένος

98 1859 236 1894 ἀνάρχως,
251 1858 383 1894 ἀχρόνως,
397 1857 427 1884 τὸ
440 1857 469 1884 δὲ
484 1857 561 1892 ἆγιον
573 1855 694 1891 Πνεῦμα,
708 1856 746 1887 ὡς
758 1852 828 1882 οἶδεν
842 1855 891 1880 αὺ-

98 1905 145 1936 τὸς
164 1906 179 1931 ὁ
196 1903 289 1939 Πατὴρ
311 1904 357 1930 καὶ
375 1903 389 1930 ό
406 1903 571 1937 Μονογενὴς,
590 1901 651 1928 οὔτε
672 1901 811 1937 γεννητὸν,
829 1900 890 1927 οὗτε

100 1949 220 1982 κτιστδν,
242 1948 304 1975 οὗτε
327 1948 468 1984 ἀλλότριον
488 1948 595 1984 Πατρὸς
614 1948 660 1974 καὶ
681 1946 757 1979 Υἱοῦ,
782 1947 838 1973 ἀλλ’
858 1947 891 1973 ἐκ

100 1994 210 2030 Πατρὸς
225 1994 452 2030 ἐκπορευόμενον,
469 1993 517 2021 καὶ
530 1993 577 2020 τοῦ
594 1993 659 2019 Υἰοῦ
675 1992 823 2028 λαμϐάνον.
851 1993 889 2019 Τὸ

100 2040 223 2074 Πνεῦμά
230 2048 290 2074 μου
302 2041 368 2075 γὰρ,
380 2040 472 2075 φησὶν,
482 2039 649 2073 ἐφέστηκεν
659 2038 783 2073 ἐνμέσῳ
793 2038 890 2073 ὑμῶν·

102 2086 160 2115 καὶ,
183 2086 305 2120 Ἐ’χρισε
320 2085 374 2112 τὸν
393 2084 523 2119 Χριστὸν
533 2084 568 2111 ἐν
581 2084 730 2118 Ιινεύματι
744 2084 826 2118 ἁγίῳ.
860 2083 892 2110 Et

101 2131 183 2162 αὐτὸς
197 2132 212 2157 ὀ
222 2131 376 2167 Μονογενὴς
390 2131 496 2167 χρίεται
512 2132 540 2159 ὲν
551 2130 701 2166 Πνεύματι,
718 2130 760 2162 τίς
776 2131 890 2165 ἐγκαλέ-

103 2184 145 2203 σει
156 2178 189 2212 cf,
205 2177 270 2213 ἁγίᾳ
283 2177 395 2213 Τριάδις

943 1633 1051 1660 animas
1076 1640 1140 1660 suas
1162 1633 1294 1668 perdunt,
1317 1633 1384 1660 illud
1407 1634 1555 1668 ignorant:
1571 1633 1645 1660 aliud
1670 1640 1732 1660 esse

943 1683 1095 1711 creaturas,
1112 1679 1186 1706 aliud
1200 1679 1358 1706 Creatorem
1379 1680 1479 1714 ipsum,
1497 1679 1616 1713 Patrem,
1631 1679 1730 1706 Filium

943 1727 970 1751 et
988 1722 1119 1758 Spiritum
1135 1728 1259 1751 sanctmn
1276 1732 1360 1752 unum
1379 1725 1473 1757 Deum,
1490 1726 1535 1760 qui
1557 1733 1650 1752 revera
1669 1725 1732 1752 Tri-

945 1768 1017 1795 nitas
1034 1772 1086 1801 est,
1102 1773 1129 1796 et
1146 1769 1173 1796 in
1196 1769 1384 1804 singularitate
1408 1771 1509 1798 unitas.
1529 1770 1634 1806 Quippe
1658 1778 1731 1798 unus

946 1813 1017 1841 Deus
1032 1818 1084 1846 est,
1100 1822 1154 1841 non
1169 1815 1224 1842 duo
1236 1815 1340 1846 Patres,
1356 1823 1443 1849 neque
1458 1815 1518 1842 Filii
1533 1816 1596 1849 duo,
1616 1817 1657 1843 vel
1676 1815 1730 1843 duo

945 1858 1063 1894 Spiritus
1075 1859 1170 1887 sancti.
1183 1859 1238 1888 Nec
1251 1867 1266 1887 a
1279 1859 1360 1887 Patre
1376 1861 1481 1889 alienus
1500 1865 1541 1888 est
1557 1860 1659 1894 Filius;
1681 1861 1731 1888 sed

944 1906 978 1932 ab
994 1906 1053 1941 ipso
1068 1906 1186 1941 genitus,
1205 1914 1255 1934 nee
1268 1907 1373 1935 alienus
1385 1908 1449 1935 item
1464 1907 1583 1943 Spiritus
1595 1912 1709 1935 sanctus
1722 1917 1730 1935 :

943 1958 977 1978 ex
1002 1951 1102 1987 quibus
1131 1952 1217 1980 Filius
1242 1953 1399 1988 unigenitus
1422 1953 1481 1982 sine
1507 1953 1562 1981 ullo
1586 1954 1663 1981 initio
1690 1953 1733 1981 vel

943 1999 1065 2032 tempore
1080 1998 1190 2033 genitus
1203 2007 1210 2031 ;
1238 1997 1357 2033 Spiritus
1372 2003 1462 2027 autem
1481 2004 1593 2028 sanctus
1607 2007 1639 2028 eo
1652 1999 1733 2027 modo

946 2051 1026 2078 quem
1043 2042 1123 2071 Pater
1136 2049 1164 2072 et
1182 2044 1342 2081 Unigenitus
1356 2050 1538 2082 cognoscunt,
1555 2055 1644 2082 neque
1659 2046 1734 2081 geni-

946 2093 992 2115 tus
1020 2096 1109 2124 neque
1133 2094 1244 2117 creatus
1266 2098 1280 2117 a
1303 2090 1384 2118 Patre
1402 2095 1429 2119 et
1448 2091 1516 2119 Filio
1531 2101 1537 2119 :
1555 2093 1602 2120 sed
1620 2100 1635 2118 a
1652 2092 1734 2120 Patre

945 2134 1097 2168 procedens
1110 2139 1136 2162 et
1147 2135 1181 2162 de
1195 2134 1266 2162 Filio
1279 2137 1428 2171 accipiens.
1446 2137 1562 2171 Spiritus
1573 2138 1640 2164 enim
1650 2145 1733 2169 imus,
1745 2128 1750 2137 ”

944 2179 1044 2214 inquit,
1067 2184 1120 2206 stat
1142 2181 1168 2206 in
1187 2181 1273 2208 medio
1297 2182 1375 2208 vestri
1391 2181 1401 2197 '
1416 2190 1423 2215 ;
1437 2187 1464 2209 et
1480 2191 1486 2208 :
1506 2181 1586 2208 Unxit
1599 2182 1734 2209 Christum

102 2225 130 2252 in
146 2223 249 2258 Spiritu
266 2230 357 2252 sancto
377 2225 386 2241 ⁷
398 2245 405 2251 .
422 2223 452 2252 Si
463 2223 628 2260 Unigenitus
647 2224 706 2259 ipse
727 2223 831 2260 Spiritu
859 2230 954 2254 sancto
981 2227 1109 2255 inunctus
1125 2227 1234 2262 dicitur,
1261 2227 1323 2263 quis
1352 2228 1554 2256 sanctissimam
1570 2228 1735 2255 Trinitatem
1758 2246 1766 2257 .

106 2269 219 2298 audebit
231 2269 385 2298 incessere?

139 2326 190 2354 18⁸.
211 2323 278 2351 Εἶτα
291 2324 372 2352 πάλιν
389 2325 471 2360 φησὶν
489 2325 504 2353 ὸ
527 2324 664 2360 μανιώδης
682 2325 806 2360 ’Ἄρειος-
829 2324 887 2356 Πῶς

978 2322 1040 2349 XIX
1072 2323 1161 2358 Pergit
1174 2331 1238 2351 vero
1255 2323 1376 2352 furiosus
1397 2329 1477 2359 atque
1494 2332 1587 2354 amens
1602 2327 1692 2359 Arius.
1707 2333 1736 2356 et

104 2370 180 2400 εἶπεν
201 2372 215 2398 ὁ
234 2371 348 2407 Κύριος·
378 2371 407 2398 Τί
423 2379 461 2406 με
479 2371 578 2405 λέγεις
591 2371 722 2405 ἀγαθόνς
741 2368 792 2403 Εἷς
810 2371 896 2397 ἐστιν

103 2417 215 2453 ἀγαθὸς
223 2418 239 2444 ὀ
250 2417 337 2450 Θεός;
345 2417 382 2449 ὡς
393 2417 476 2444 αὑτοῦ
488 2417 655 2453 ἀρνουμένου
668 2417 717 2452 τὴν
728 2417 892 2452 ἀγαθότητα.

105 2465 161 2492 Καὶ
172 2464 215 2495 τίς
226 2463 305 2495 ἄλλος
319 2463 405 2495 οὓτως
415 2462 518 2497 ἀγαθὸς
529 2462 567 2494 ὡς
579 2464 594 2489 ὸ
608 2463 777 2498 Μονογενής;
791 2458 820 2494 ὂξ
830 2462 895 2488 ἔδω-

105 2518 152 2537 κεν
163 2509 258 2537 ἑαυτὸν
270 2509 425 2544 ἀντίλυτρον
439 2508 494 2535 τῶν
503 2508 646 2543 ἡμετέρων
658 2507 762 2543 ψυχῶν.
777 2508 831 2534 Καὶ
844 2507 895 2534 οὐκ

106 2555 194 2582 οἴδασι
206 2554 273 2581 θεοῦ
286 2554 334 2589 τὴν
347 2554 460 2589 δύναμιν
472 2554 519 2580 καὶ
531 2553 580 2589 τὴν
591 2552 757 2588 ἀγαθὸτητα,
769 2551 830 2579 οὔτε
844 2552 895 2588 τὴν

106 2600 261 2634 οἰκονομίαν
279 2599 328 2634 τῆς
349 2599 396 2626 τοῦ
417 2598 485 2626 Θεοῦ
499 2599 605 2633 σοφίας,
625 2599 735 2634 ψυχικοὶ
756 2598 831 2631 ὄντες
849 2599 897 2626 καὶ

108 2643 246 2678 σαρκικοί,
258 2643 463 2679 ἀνακρινόμενοι
484 2643 538 2670 ἀπὸ
554 2643 631 2677 ἁγίου
650 2643 819 2679 Πνεύματος,
834 2643 897 2670 κοῦ-

108 2696 155 2722 φοι
169 2688 246 2720 ὄντες
258 2688 305 2714 ἀπ’
320 2688 413 2720 αὐτοῦ,
427 2688 465 2724 μὴ
481 2688 588 2724 ἔχοντες
601 2689 651 2725 τὴν
662 2689 710 2716 τοῦ
722 2689 800 2723 ἁγίου
813 2689 897 2715 Πνεύ-

110 2741 194 2768 ματος
209 2733 322 2769 δωρεὰν.
336 2734 385 2769 τὴν
401 2734 560 2768 σοφίζουσαν
572 2735 660 2762 πάντα
675 2734 828 2770 ἄνθρωπον.
842 2735 898 2761 Πά-

151 2821 158 2836 ⁸
172 2819 240 2865 ὶῚὶιείΙ
255 2821 382 2863 mendum
397 2825 453 2865 cs‘t.
471 2823 565 2849 κτιστά
577 2830 631 2865 [pro
642 2822 771 2865 artiori-ra
786 2822 887 2865 posuit:

952 2822 1068 2857 Philipp.
1083 2830 1116 2865 it,
1133 2824 1177 2852 10.

642 2859 651 2875 ⁷
670 2858 729 2885 Act.
744 2866 770 2890 ς,
793 2859 837 2885 38.
883 2858 894 2874 ⁸
908 2856 972 2885 Luc.
990 2856 1066 2888 xviri.
1082 2859 1120 2888 l9.

114 2855 157 2884 15.
201 2857 212 2872 ⁸
227 2854 307 2884 Joan.
324 2863 344 2885 ι.
361 2856 387 2882 5.
426 2856 435 2872 ⁸
450 2860 516 2888 Axx.
531 2865 559 2887 ιι,
576 2854 601 2885 6.

945 2376 1005 2400 cur,
1031 2369 1129 2404 inquit,
1151 2369 1280 2397 Dominus
1293 2369 1381 2397 dixit:
1398 2370 1468 2403 Quid
1483 2380 1522 2398 me
1537 2372 1604 2400 dicis
1618 2373 1736 2403 borium!

948 2413 1020 2441 Unus
1045 2420 1084 2442 est
1108 2415 1190 2442 bonus
1213 2414 1284 2442 Deus
1301 2415 1330 2443 ³7
1354 2417 1431 2451 quasi
1455 2416 1630 2445 bonitatcma
1644 2426 1673 2446 se
1692 2419 1735 2448 his

944 2461 1034 2489 verbis
1057 2461 1206 2496 abjudicct.
1231 2461 1393 2498 Quanquam
1420 2464 1483 2499 quis
1515 2463 1585 2492 alius
1614 2465 1736 2493 b‘onitate

944 2514 1006 2534 cum
1024 2507 1163 2542 unigenito
1179 2507 1226 2535 Dei
1248 2507 1318 2536 Filio
1333 2510 1533 2544 comparandus
1553 2515 1612 2543 est.
1629 2512 1673 2546 qui
1692 2520 1735 2540 se-

945 2554 1092 2588 metipsum
1118 2553 1285 2582 redimendis
1316 2555 1460 2583 animabus
1485 2557 1587 2584 nostris
1618 2558 1734 2592 pretium

944 2598 1056 2625 obtulit?
1073 2597 1166 2634 Usque
1182 2607 1215 2628 eo
1231 2599 1350 2627 divinam
1370 2601 1424 2627 vim
1441 2605 1469 2629 et
1483 2601 1630 2629 bonitatem
1658 2603 1734 2638 igno-

946 2647 1023 2676 rant;
1048 2651 1099 2671 nec
1121 2645 1194 2672 illius
1211 2646 1352 2680 sapientia:
1375 2646 1574 2681 providentiam
1596 2651 1623 2675 ct
1645 2648 1733 2675 admi-

946 2688 1137 2716 nistrationem
1164 2690 1331 2725 intelligunt,
1355 2692 1489 2719 animales
1506 2691 1640 2725 homines,
1664 2693 1734 2721 etin

947 2742 1056 2762 carnem
1078 2735 1160 2764 altius
1180 2736 1313 2770 immersi,
1331 2737 1378 2772 qui
1395 2745 1410 2764 a
1426 2737 1530 2773 Spiritu
1548 2742 1644 2766 sancto
1661 2737 1735 2774 diju-

1227 2826 1238 2842 ³
1257 2825 1335 2853 Joan.
1352 2823 1457 2857 “.26.
1496 2824 1507 2840 ‘
1521 2824 1601 2854 Joan.
1618 2833 1674 2860 xvi,
1689 2826 1734 2862 l4,
