1929 3039
205 136 236 162 3|
884 124 922 154 ‘5.
942 124 1116 154 EPIPHA‘NH

1778 119 1844 148 2'52

188 193 282 223 dicati,
305 190 432 225 illiusque
447 188 540 216 inanes
559 192 587 215 et
603 186 693 218 vacui,
715 186 838 222 ejusdem
859 193 974 213 munere

1041 194 1065 212 ιν
1086 185 1114 211 δὲ
1137 182 1273 211 αἰτοῦνται
1298 181 1395 213 αὑτὸν,
1421 180 1520 215 φησιν,
1542 180 1568 206 oi
1591 179 1645 205 υἱοὶ
1677 178 1843 206 Ζεὸεόαἰου

189 236 375 274 ειεῴοιιθίὶιιὶο
397 238 502 266 carent,
529 241 585 269 quo
612 232 744 260 mortales
763 238 859 258 omnes
879 229 980 258 eruditi

190 284 329 319 sapientes
356 281 486 309 evadunt.
513 279 647 307 Praeterea
674 286 737 305 eum
761 277 821 310 ﬁlii,
844 277 981 311 inquiunt,

191 328 320 356 Zubedzei
345 328 499 354 interventu
524 325 620 351 matris
645 331 702 352 sua:
724 323 759 350 ab
782 322 828 349 illo
845 321 982 357 postulas-

191 380 263 406 sent,
279 377 309 401 ut
327 374 353 400 in
377 373 463 408 ipsius
476 379 561 408 regno
575 371 644 398 alter
656 369 690 396 ad
703 369 842 396 dexteram
859 366 984 394 conside-

191 425 244 452 ret,
262 421 330 446 alter
343 419 376 446 ad
394 418 545 448 sinistram,
566 417 603 443 ita
621 415 677 442 illis
694 413 852 448 respondit:
866 411 982 438 Nescitis

191 465 253 501 quid
269 465 374 499 petatis.
391 465 503 491 Potestis
520 462 606 489 bibere
627 461 747 491 calicem,
763 466 838 493 quem
854 457 983 501 bibiturus

191 511 271 537 sum?
294 508 532 544 Respondentibus
552 506 606 533 illis
635 513 642 532 :
661 503 828 532 Possumus;
846 500 982 535 subjecit:

192 555 306 583 Calicem
331 554 434 589 quidem
463 561 550 580 meum
582 550 697 578 bibetis:
715 547 805 575 sedere
833 552 921 574 autent
949 545 984 572 ad

191 603 327 629 dexteram
352 609 440 628 nteant
463 604 488 626 et
522 599 659 626 sinistram
683 605 734 623 non
754 600 793 623 est
816 602 902 622 meum
921 593 985 620 dare

191 646 274 676 vobis.
286 645 332 672 sed
347 645 440 680 quibus
456 648 580 679 paratum
593 646 632 669 est
644 650 660 668 α
673 640 754 668 Patre
767 648 822 666 meo
835 640 855 665 ¹.
872 638 914 665 Ad
928 639 985 666 lucc

191 693 340 728 Apostolus
352 691 447 719 scribit
461 700 468 717 ι
483 690 552 717 Deus
567 688 703 715 suscitavit
719 686 796 713 illum
811 694 828 712 a
844 684 954 712 mortuis
963 685 983 718 ’ς

193 743 323 774 tauquam
348 738 500 765 suscitante
518 735 610 770 aliquo
626 741 696 769 opus
711 732 804 760 fuerit.
817 731 888 764 Quin
903 731 984 758 etiam

193 784 317 819 apparuit
347 783 387 809 illi
413 782 522 817 angelus
546 780 654 807 Domini
680 778 835 812 confortans
861 778 948 811 ipsum
962 776 982 801 ³.

194 829 261 856 Nam
280 829 308 855 in
329 828 426 864 agonia
453 826 620 854 constitutus
638 824 755 855 sudavit,
779 827 806 850 et
826 822 910 849 sudor
925 821 985 856 ejus

1031 231 1075 258 διὰ
1093 231 1143 265 τῆς
1167 229 1256 256 αὐτῶν
1280 227 1381 263 μητρὸς
1397 226 1427 252 τὸ
1447 227 1478 252 ἐν
1491 227 1524 260 τῇ
1542 224 1664 260 βασιλείᾳ
1677 224 1768 251 αὑτοῦ
1786 225 1843 251 ἕνα.

1031 277 1142 304 καθίσαι
1152 277 1193 302 -ὲκ
1214 275 1309 307 δεξιῶν
1334 273 1380 300 καὶ
1399 273 1446 299 ἕνα
1469 272 1498 305 ὲξ
1516 272 1674 306 εὐωνύμων.
1693 271 1752 297 Kal.
1779 271 1841 306 ἔφη

1031 323 1138 354 αὐτοῖς·
1170 321 1230 348 Οὐκ
1252 319 1353 347 οἴδατε
1374 318 1402 345 τι
1422 317 1562 344 αἰτεῖσθε.
1593 317 1732 343 Aur-utilis
1745 316 1842 343 πιεῖν

1032 368 1067 395 τὸ
1083 367 1226 401 ποτήριον
1242 366 1259 392 ὁ
1279 366 1382 400 μέλλω
1401 364 1517 395 nlo-5w;
1551 361 1646 388 Αὐτῶν
1666 362 1695 389 δὲ
1717 361 1837 397 φησάν-

1038 423 1104 447 των,
1118 414 1178 441 Ναί·
1201 412 1257 446 ἔφη
1267 410 1342 445 πρὸς
1353 409 1464 442 αὐτούς
1475 417 1482 424 ·
1501 408 1535 435 Τὸ
1544 408 1602 443 μὲν
1613 407 1763 441 ποτήριόν
1772 416 1842 442 μου

1033 459 1148 492 πίεσθε,
1165 457 1199 485 τὸ
1214 457 1249 484 δὲ
1262 456 1383 483 καθίσαι
1399 455 1433 482 ἐκ
1444 454 1551 487 δεξιῶν
1562 463 1621 488 μου
1637 453 1687 480 καὶ
1704 453 1839 487 ἀριστε-

1029 504 1102 539 ρῶν,
1117 505 1172 531 οὐκ
1189 504 1275 530 ἐστιν
1286 502 1360 537 ἐμὸν
1372 501 1488 533 δοῦναι,
1499 501 1568 527 ἀλλ’
1584 497 1629 532 οἷς
1645 499 1841 534 ἠτινίμασται

1034 550 1113 584 παρὰ
1137 549 1191 576 τοῦ
1212 549 1336 582 Πατρός.
1359 545 1427 574 Εἶτά
1454 554 1535 582 φησιν
1556 546 1570 572 ὁ
1592 545 1775 576 Ἀπόστολος·
1810 545 1841 570 '0

1036 597 1108 630 Θεὸς
1120 596 1238 631 ἤγειρεν
1252 595 1345 622 αὑτὸν
1363 595 1398 620 ἐκ
1414 592 1528 627 νεκρῶν
1539 601 1546 607 ·
1570 592 1607 623 ὡς
1627 591 1710 618 αὑτοῦ
1733 591 1842 626 χρεία-ι

1035 643 1139 678 ἔχοντος
1154 641 1201 668 τοῦ
1217 638 1466 676 ὲγείραντοςάὺτόν
1478 646 1485 653 ·
1502 639 1548 664 καὶ
1561 637 1612 669 δτι,
1624 637 1719 672 φησιν,
1732 637 1840 671 ἐφάνη

1034 689 1161 724 ἄγγελος
1177 688 1287 722 Κυρίου
1303 686 1454 721 ἐνισχύων
1471 685 1565 711 αὐτόν
1576 692 1583 699 ·
1611 683 1652 709 ὃτι
1670 683 1700 709 ὲν
1723 683 1840 717 ἀγωνίᾳ

1035 735 1130 769 γέγονε
1163 733 1210 760 καὶ
1246 733 1360 768 ἵδρωσε,
1388 731 1435 758 καὶ
1465 731 1480 757 ὁ
1507 728 1585 765 ἱδρὼς
1610 727 1692 755 αὑτοῦ
1716 728 1840 762 γέγονεν

1035 781 1109 816 αὐτῷ
1134 780 1171 811 ὡς
1197 779 1309 814 Θρόμόοι
1331 778 1464 812 αἵματος,
1497 776 1527 803 ὲν
1551 775 1589 811 τῷ
1620 774 1692 801 κατὰ
1720 774 1839 800 Λουκᾱν

1036 825 1208 860 Εὐαγγελίῳ,
1226 825 1271 851 ὅτε
1295 822 1420 851 ἀπελθὼν
1440 822 1538 858 ηὔχετο
1558 821 1662 857 μέλλων
1684 819 1839 855 παραδεδο-

196 875 269 902 velut
283 874 372 909 grumi
388 872 529 907 sanguinis
540 871 662 902 decidit;
687 873 717 896 ut
737 868 818 895 Luca:
840 866 985 902 Evangelio

1039 871 1110 898 σθαι.
1149 871 1204 898 Καὶ
1230 869 1310 896 πάλιν
1334 869 1363 895 ὲν
1384 868 1423 903 τῷ
1444 867 1568 902 σταυρῷ,
1597 866 1696 901 φησὶν,
1718 865 1835 898 ἔλεγεν·

195 919 331 954 proditum
348 922 400 949 est.
417 925 478 946 cum
495 917 524 944 in
542 923 652 944 secessu
670 915 752 950 paulo
772 917 918 948 antequam
937 911 985 940 Ju-

195 963 261 991 iaais
277 963 429 990 traderetur
447 966 549 989 oraret.
563 960 644 996 753
662 959 714 987 Sed
737 962 765 986 et
779 959 806 985 in
821 964 901 985 cruce
913 956 987 984 dice-

196 1010 253 1042 bat,
271 1009 417 1044 inquiunt:
433 1007 488 1038 Eli.
504 1006 560 1038 Eli,
577 1006 648 1033 lania
666 1004 838 1033 Sabaclltani.
853 1004 910 1030 Hoc
924 1007 985 1030 est:

198 1055 266 1081 Deus
281 1062 364 1085 meus,
398 1053 468 1080 Deus
492 1061 582 1083 meus,
605 1050 697 1086 utquid
719 1058 759 1076 me
781 1047 987 1083 dereliquisti‘?

196 1099 291 1130 Vides.
309 1099 398 1130 aiunt,
413 1096 643 1133 quemadmodum
660 1095 771 1123 alterius
784 1101 862 1129 opem
880 1093 988 1120 deside-

196 1145 255 1172 ret?
269 1144 345 1177 Quod
362 1151 427 1171 vero
444 1143 477 1170 ad
501 1143 545 1170 illa
569 1142 651 1169 verba
665 1141 782 1176 pertinet
796 1150 802 1167 :
824 1139 878 1174 Ego
894 1139 920 1166 in
933 1138 987 1165 Pa-

196 1196 235 1217 tre
256 1196 281 1217 et
303 1189 383 1216 Pater
403 1190 431 1216 in
451 1197 491 1216 me
509 1189 588 1220 est“;
607 1188 743 1221 itemque:
763 1186 820 1212 Duo
838 1193 920 1212 unum
942 1192 988 1212 su—

197 1244 268 1266 mus.
279 1240 308 1262 ut
323 1240 346 1262 et
362 1235 412 1269 ipsi
430 1243 511 1261 unum
528 1234 580 1261 sint
595 1234 621 1266 °;
640 1233 688 1265 ita,
703 1231 841 1267 inquiunt,
862 1238 946 1258 unum
959 1238 988 1258 se

196 1289 258 1310 esse
278 1281 355 1312 dicit.
375 1284 405 1308 ut
422 1288 476 1307 non
490 1280 523 1307 ad
542 1283 679 1310 naturam,
694 1278 741 1305 sed
757 1276 791 1304 ad
817 1277 988 1304 voluntatum

199 1326 375 1354 concordiam
393 1326 429 1354 sit
452 1326 545 1353 unitas
568 1325 614 1352 illa
641 1323 793 1351 referenda.
820 1322 914 1358 Neque
938 1322 989 1349 hoc

197 1380 291 1400 errore
332 1372 472 1404 contenti,
499 1376 598 1406 negant
627 1371 738 1404 insuper
765 1369 884 1396 humana
913 1368 988 1396 illum

198 1418 289 1445 anima
306 1418 449 1453 praeditum
478 1416 574 1444 fuisse.
607 1415 686 1448 Quod
712 1419 788 1442 certo
813 1413 931 1442 consilio
952 1413 990 1440 ita

199 1467 376 1499 praestruunt,
396 1467 427 1489 nt
443 1470 534 1490 veram
561 1469 594 1490 ex
622 1460 707 1488 Maria
730 1459 844 1495 Virgine
866 1466 988 1492 carnem,

199 1509 358 1544 reliquaque
377 1516 438 1544 quae
452 1512 517 1535 sunt
531 1507 653 1535 hominis
671 1506 792 1542 propria,
809 1505 884 1532 illum
905 1512 985 1532 acce-

199 1555 272 1590 pisse
284 1554 430 1586 iateantur,
443 1553 466 1582 si
482 1560 562 1580 unam
577 1553 694 1580 animam
706 1551 827 1586 excipias
839 1559 846 1578 :
859 1550 988 1577 nimirum

200 1604 240 1634 ut,
257 1607 320 1627 cum
339 1599 449 1634 famem,
466 1602 514 1626 aut
531 1599 613 1631 sitim,
627 1602 674 1625 aut
685 1597 803 1630 labores,
818 1597 925 1629 itinera,
941 1604 989 1625 su-

199 1643 304 1675 dorem,
317 1649 453 1676 somnum,
468 1642 680 1677 indignationem
697 1640 817 1669 audieris
828 1649 862 1669 ae
871 1641 986 1674 dixeris,

199 1693 310 1725 propter
321 1689 470 1716 humanam
483 1696 565 1724 quam
578 1691 765 1723 assumpserat
779 1691 906 1715 naturam
917 1695 988 1723 opus

200 1735 254 1762 illis
270 1733 409 1767 habuisse,
427 1733 518 1761 statim
533 1733 654 1768 obiicere
664 1733 780 1768 possint,
796 1740 843 1768 per
856 1740 917 1760 sese
931 1732 988 1760 haec

201 1783 332 1814 pmstare
349 1785 471 1809 carnem,
503 1777 557 1805 nisi
586 1777 678 1804 anima
709 1778 822 1812 praedita
850 1778 906 1810 sit,
933 1785 988 1805 non

200 1831 292 1859 posse.
308 1822 341 1849 Et
357 1823 466 1857 quidem
482 1830 547 1850 vere
570 1822 622 1850 hoc
642 1823 678 1850 ab
702 1823 756 1850 illis
779 1823 890 1850 dicitur.
918 1823 989 1856 Quid

199 1874 242 1897 est
255 1869 347 1904 igitur,
363 1868 503 1902 inquiunt,
516 1867 602 1900 aliud,
621 1875 701 1903 quam
717 1868 791 1903 quod
804 1869 845 1896 his
859 1870 987 1898 omnibus

201 1913 273 1940 illius
289 1913 418 1940 divinitas
432 1912 588 1948 indigebat?
610 1913 653 1946 Ut,
672 1921 734 1940 cum
748 1913 868 1949 indigere
887 1915 987 1942 divini-

203 1963 284 1985 tatem
299 1957 386 1992 ipsius
412 1957 543 1989 dixerint,
569 1958 642 1985 velut
669 1959 843 1994 peregrinum
860 1961 987 1988 eumdem

201 2003 388 2038 pronuntient,
412 2006 439 2030 et
454 2010 468 2029 a
484 2002 573 2030 Patris
594 2003 715 2031 essentia
736 2011 769 2031 ac
790 2008 889 2032 natura
909 2013 988 2040 pror-

200 2056 248 2076 sus
274 2048 404 2075 alienum.
425 2047 481 2082 Ego
504 2055 569 2075 vero
587 2048 625 2075 ita
647 2048 760 2076 omnino
781 2054 872 2078 statuo
890 2059 898 2078 :
913 2056 988 2086 post-

200 2101 282 2129 quam
307 2100 394 2128 pauca
417 2092 462 2120 illa
490 2100 630 2128 perperam
655 2093 689 2120 ab
710 2093 753 2121 his
777 2096 939 2130 excogitata,
960 2101 987 2124 et

1044 917 1120 950 Ἠλὶ,
1137 916 1214 948 Ἠλὶ,
1225 914 1327 950 λαμμᾶ
1338 914 1523 948 σαϐαχθανί;
1540 912 1676 939 τουτέστι·
1689 912 1746 939 Θεέ
1759 920 1834 946 μου,

1039 962 1091 989 Θεέ
1102 971 1172 997 μου,
1188 962 1238 988 ἵνα
1252 961 1280 987 τί
1293 969 1331 996 με
1347 960 1559 995 ἐγκατέλιπεω
1575 959 1630 986 Καὶ
1644 959 1720 994 ὁρᾷς,
1735 958 1834 993 φησὶν.

1037 1008 1075 1040 ὼς
1091 1007 1226 1034 ἐπιδέεται
1241 1006 1382 1042 βοηθείας;
1405 1005 1472 1032 ἀλλὰ
1489 1006 1552 1041 περὶ
1567 1004 1614 1030 τοῦ
1629 1003 1728 1038 λέγειν,
1759 1002 1836 1037 Ἐγὼ

1038 1055 1072 1081 ἐν
1087 1055 1126 1087 τῷ
1137 1054 1240 1088 Harp),
1255 1053 1304 1080 καὶ
1315 1054 1331 1080 d
1344 1051 1447 1086 Πατὴρ
1459 1052 1494 1078 ὲν
1505 1051 1570 1086 ἐμοι
1580 1059 1586 1066 ·
1598 1051 1645 1076 καὶ
1661 1050 1702 1076 ὅτι
1726 1050 1762 1076 οι
1777 1049 1835 1075 δύο

1038 1101 1073 1128 ἐν
1086 1101 1190 1136 ἐσμεν,
1207 1100 1257 1126 ἵνα
1274 1099 1323 1126 καὶ
1337 1098 1421 1126 αὐτοὶ
1437 1097 1472 1124 ἓν
1493 1094 1581 1124 ὦσιν·
1603 1096 1671 1123 ὣστε
1685 1093 1733 1123 οὖν
1755 1095 1789 1121 τὺ
1806 1095 1835 1121 ἓν

1039 1145 1108 1174 εἶναι
1129 1147 1237 1177 πάντως
1256 1146 1286 1172 οὺ
1305 1144 1375 1172 κατὰ
1403 1144 1483 1179 φύσιν
1499 1143 1584 1178 λέγει,
1605 1141 1671 1169 ἀλλά
1687 1141 1748 1167 κατ’
1770 1140 1834 1175 ὁμό-

1040 1201 1123 1220 νοιαν.
1141 1192 1178 1219 Οὐ
1196 1191 1276 1226 μόνον
1295 1191 1323 1217 δὲ
1337 1190 1425 1224 τοῦτο,
1442 1190 1510 1217 ἀλλὰ
1526 1189 1572 1216 καὶ
1584 1187 1727 1223 ἀρνοῦνται
1740 1187 1833 1222 ψυχὴν

1039 1239 1118 1266 αὑτὸν
1143 1237 1315 1271 ἀνθρωπείαν
1341 1234 1574 1272 εἰληφέναιραὼδ
1590 1234 1668 1261 τοῦτο
1688 1241 1832 1268 προκατα-

1040 1283 1227 1316 σκευάζοντες,
1245 1283 1339 1319 Σάρκα
1354 1282 1408 1317 γὰρ
1424 1279 1619 1316 ὑμνολογοῦσιν
1635 1278 1765 1313 ἀληθινὴν
1775 1278 1833 1304 ἀπὸ

1039 1329 1148 1366 Μαρίας
1163 1329 1242 1357 αὐτὸν
1260 1329 1404 1364 ἐσχηκότα,
1429 1328 1477 1355 καὶ
1491 1327 1578 1354 πάντα
1593 1326 1642 1352 ὅσα
1654 1325 1728 1351 ἐστὶν
1743 1325 1773 1350 ἐν
1791 1324 1832 1359 τῷ

1040 1376 1175 1412 ἀνθρώπῳ
1189 1376 1272 1411 χωρὶς
1287 1375 1390 1410 ψυχῆς·
1409 1374 1462 1405 i’vd,
1479 1373 1543 1400 ὅταν
1559 1371 1679 1408 ἀκούσῃς
1694 1371 1759 1406 περὶ
1770 1371 1833 1396 πεξ-

1045 1429 1106 1456 νης,
1123 1421 1140 1456 ἢ
1154 1420 1243 1455 δίψης,
1255 1420 1271 1456 ἢ
1287 1420 1420 1455 καμάτου,
1433 1419 1449 1454 ἢ
1461 1418 1623 1453 ὁδοιπορίας,
1643 1417 1659 1452 ἧ
1675 1416 1798 1452 ἱδρῶτος,
1812 1417 1830 1451 ἥ

1039 1464 1136 1497 ὕπνου,
1150 1464 1166 1500 ἢ
1182 1464 1386 1500 ἐμϐριμήσεως,
1404 1463 1451 1490 καὶ
1468 1463 1558 1498 εἴπῃς,
1576 1463 1617 1488 ὅτι
1633 1461 1678 1488 διὰ
1689 1461 1739 1496 τὴν
1752 1462 1831 1487 ὲνανα

1040 1510 1180 1546 θρώπησιν
1198 1510 1299 1536 τούτων
1313 1509 1448 1540 ὲπεδέετο,
1463 1508 1561 1541 uim:
1587 1516 1627 1534 σοι
1649 1506 1772 1542 ὕστερον,
1786 1506 1830 1532 ὅτι

1040 1556 1108 1592 σὰρξ
1124 1555 1183 1583 καθ’
1198 1555 1297 1591 ἑαυτὴν
1311 1554 1397 1582 ταῦτα
1411 1555 1462 1581 οὐκ
1474 1554 1590 1589 ἐνεργεῖ,
1604 1552 1651 1580 ὲάν
1667 1552 1704 1588 μὴ
1716 1552 1768 1587 ἔχῃ
1779 1552 1830 1586 τὴν

1036 1602 1135 1638 ψυχήν.
1151 1600 1272 1636 Καὶ.γάρ
1286 1600 1325 1636 τῷ
1340 1600 1389 1635 μὲν
1399 1600 1455 1626 ὄντι
1465 1599 1551 1631 οὕτως
1565 1599 1634 1625 ἐστι.
1652 1598 1684 1625 Τί
1698 1595 1745 1625 οὖν
1759 1598 1828 1630 ἑστι,

1038 1647 1135 1683 φησὶν,
1157 1646 1226 1673 ἀλλά
1239 1654 1266 1672 τι
1284 1646 1301 1680 ἠ
1321 1645 1414 1680 θεότης
1429 1645 1512 1672 αὑτοῦ
1534 1644 1675 1677 ὲπεδέετο;
1696 1643 1760 1674 ἵνα..
1781 1643 1827 1670 ὅτε

1038 1693 1135 1719 εἴπωσι
1149 1691 1198 1727 τὴν
1213 1691 1328 1725 θεότητα
1349 1689 1432 1717 αὑτοῦ
1454 1689 1643 1725 ἐπιδεομένην,
1665 1688 1742 1722 ξένον
1759 1688 1828 1715 ἀπο-

1038 1738 1157 1774 φάνωσιν
1168 1736 1259 1770 αὑτὸν,
1271 1737 1320 1763 καὶ
1333 1735 1472 1771 ἀλλότριον
1487 1735 1537 1770 τῆς
1550 1734 1597 1761 τοῦ
1616 1734 1723 1769 [ἰατρὸς
1734 1734 1827 1765 οὐσίας

1037 1791 1067 1810 τε
1082 1783 1129 1810 καὶ
1144 1782 1252 1817 φύσεως
1265 1781 1403 1816 ἀληθινῆς.
1431 1779 1542 1815 Νομίζω
1559 1779 1588 1806 δὲ
1606 1779 1644 1815 τῷ
1659 1779 1766 1805 σύνεσιν
1782 1787 1826 1805 κε-

1038 1825 1166 1861 κτημένῳ
1181 1824 1235 1851 ἀπὸ
1257 1825 1333 1860 μιᾶς,
1350 1824 1367 1859 ἢ
1387 1823 1433 1850 δύο
1451 1823 1619 1859 μαρτυριῶν,
1636 1824 1652 1858 ἢ
1670 1823 1753 1849 πέντε
1773 1823 1826 1850 τῶν

1037 1871 1131 1903 κακῶς
1145 1870 1209 1906 παρ’
1224 1870 1316 1902 αὐτοῖς
1330 1869 1546 1905 ἐπινενοημένων
1561 1869 1609 1896 καὶ¹
1629 1868 1823 1904 ἐλεγχομένων,

1037 1917 1084 1944 καὶ
1096 1916 1333 1952 ἀνατρεπομένων,
1344 1915 1394 1951 τῆς
1410 1915 1499 1950 πάσης
1516 1914 1643 1951 ἀληθείας
1659 1914 1824 1950 κηρυττομέ-

1037 1971 1096 1997 νης,
1112 1962 1160 1989 καὶ
1173 1961 1266 1996 σαφῶς
1280 1961 1309 1988 ὲν
1320 1962 1353 1996 τῇ
1367 1960 1457 1987 πίστει
1472 1960 1522 1995 τῆς
1534 1959 1686 1996 ὸρθοδοξίας
1704 1959 1823 1994 βεϐαιου-

1039 2007 1133 2043 μένης,
1151 2006 1360 2042 ἐλεγχθήσονται
1371 2005 1447 2041 παρά
1460 2006 1516 2037 τοῖς
1532 2004 1750 2042 προειρημένοις,
1765 2004 1822 2032 νοῦν

1038 2053 1128 2080 θεῖκὺν
1145 2052 1335 2088 κεκτημένοις,
1351 2052 1404 2078 κάν
1418 2060 1449 2078 τε
1467 2050 1536 2086 μετὰ
1549 2050 1651 2083 ταύτας
1669 2050 1720 2082 τὰς
1735 2050 1821 2077 ἐπιλύ-

1038 2106 1096 2129 σεις
1117 2097 1329 2133 ὲπινενοημένας
1349 2097 1435 2129 λέξεις
1450 2097 1550 2132 μυρίας
1570 2097 1652 2128 ἄλλας
1668 2096 1818 2130 ἐνέγκωσιν.

200 2139 336 2166 intellecta
358 2139 513 2166 testimonia
539 2139 657 2166 reiutata
685 2147 837 2176 eversaque
866 2143 985 2176 fuerint,

1044 2140 1113 2171 Ἀπδ
1129 2144 1184 2180 γάρ
1209 2144 1265 2170 τῶν
1281 2143 1379 2177 ὀλίγων
1396 2143 1424 2169 at
1446 2142 1570 2169 πλεῖσται
1589 2141 1761 2177 λυθήσονται,
1776 2141 1819 2177 τήν

200 2192 260 2212 cum
273 2184 373 2211 veritas
387 2184 478 2211 omnis
503 2184 648 2212 manifeste
663 2185 818 2220 praedicata.
843 2192 925 2223 atque
956 2190 984 2218 in

1041 2191 1103 2227 ῐσην
1117 2191 1231 2226 δύναμιν
1249 2189 1392 2225 φέρουσαι.

199 2230 349 2281 ’ξῗιὴοδθξῗ
371 2230 421 2258 “de
444 2234 471 2281 ίῖί
496 2230 625 2281 religione
640 2232 818 2281 θξπνοδοῖίλίθ
833 2232 927 2268 fuerit.
946 2238 1018 2272 apud
1035 2238 1184 2273 prudentes
1200 2241 1227 2265 et
1241 2237 1379 2271 sapientes
1394 2235 1469 2263 viros
1485 2234 1632 2270 divinaque
1656 2236 1745 2261 mente
1755 2239 1818 2268 pra!-

200 2275 270 2303 di'os
285 2276 360 2327 ¹ξ¹¹¹¹⁰
375 2277 482 2327 “etim”
496 2277 700 2327 0°“Vinc‘endf’5
715 2287 787 2327 esse,
804 2284 992 2316 quantumvis,
1009 2289 1072 2319 post
1088 2284 1197 2311 illorum
1217 2283 1341 2310 locorum
1361 2281 1586 2314 dissolutionem,
1613 2279 1735 2308 inﬁnitas
1757 2279 1818 2307 alias

200 2323 345 2349 arcessitos
366 2323 486 2357 undique
499 2323 650 2352 sententias
666 2324 693 2352 in
709 2325 827 2354 medium
859 2333 998 2356 asseram.
1027 2329 1169 2365 Siquidem
1192 2337 1225 2357 ex
1249 2329 1345 2365 paucis
1363 2335 1446 2364 quam
1463 2327 1597 2363 plurimae,
1620 2334 1682 2362 quae
1703 2326 1815 2354 eamdem

200 2369 255 2395 vim
269 2367 380 2400 habent,
393 2369 613 2403 explicabuntur.

236 2411 294 2439 XX.
326 2412 458 2440 Exordiar
480 2413 561 2448 igitur
591 2415 625 2442 ab
649 2415 696 2444 illo
718 2416 874 2446 Salomonis
902 2419 986 2452 dicto,

201 2465 282 2493 quam
306 2458 507 2485 amarissimam
530 2459 665 2495 dogmatis
689 2462 731 2489 sui
755 2463 874 2491 radicem
898 2472 990 2493 serere

201 2510 280 2538 posse
297 2502 348 2529 sibi
367 2508 584 2537 persuaserunt:
607 2504 735 2533 Dominus
758 2507 855 2534 creavit
876 2515 916 2534 me
936 2509 988 2535 ini-

201 2548 266 2575 tium
289 2548 392 2575 uiarum
415 2556 526 2576 suarum
550 2550 579 2577 in
597 2558 677 2585 opera
688 2559 738 2578 sua
749 2552 770 2578 ⁷.
789 2552 875 2585 Quem
895 2553 985 2581 locum

200 2601 334 2629 nusquam
360 2593 503 2630 Scriptura
539 2596 687 2631 repetendo
717 2598 908 2631 conﬁrmavit,
938 2604 984 2626 aut

199 2641 384 2676 apostolorum
399 2641 545 2676 quisquam
562 2644 798 2676 commemoravit,
815 2647 845 2671 ut
856 2644 890 2671 ad
905 2645 984 2672 Chri-

199 2689 271 2714 stum
304 2689 534 2715 accommodaret.
567 2688 750 2721 Quamobrem
776 2689 810 2718 de
835 2689 906 2718 Filio
939 2690 984 2718 Dei

234 2787 244 2803 ¹
261 2786 353 2824 Matth.
367 2796 414 2824 κζ.
431 2789 476 2817 2‘2.
525 2790 537 2806 ¹
549 2788 627 2817 Rom.
644 2798 670 2824 χ,
681 2790 709 2819 9.

197 2827 264 2854 xvn.
279 2822 325 2851 23.
359 2824 372 2857 ,⁷
387 2823 469 2852 Prov.
489 2831 546 2855 vin.
563 2824 607 2851 12.

760 2790 770 2806 ³
782 2789 850 2819 Luc.
873 2799 939 2827 un,
956 2792 992 2821 65
1011 2800 1072 2829 sqq.

1074 2420 1116 2446 ις’.
1129 2418 1184 2445 Καὶ
1199 2419 1317 2455 ἄρξομαι
1329 2419 1438 2454 πρῶτον
1452 2419 1500 2446 τοῦ
1513 2418 1614 2453 λέγειν,
1627 2419 1688 2446 ὅθεν
1703 2419 1814 2446 διέλαϐον

1037 2463 1131 2495 κακῶς
1144 2463 1267 2498 φυτεύειν
1280 2465 1329 2500 τὴν
1339 2465 1387 2500 τῆς
1403 2465 1516 2500 πικρίας
1525 2464 1614 2491 αὐτῶν
1628 2465 1706 2500 ῥίζαν
1721 2466 1764 2493 τοῦ
1778 2466 1814 2493 λό-

1037 2516 1097 2542 γου,
1114 2507 1161 2534 τοῦ
1180 2508 1233 2535 ὑπὸ
1246 2509 1417 2544 Σολομῶντος
1432 2509 1589 2545 εἰρημένου,
1603 2510 1643 2542 τὸ,
1658 2511 1762 2544 Κύριος
1773 2512 1815 2538 ἔχη

1035 2553 1100 2580 τισέ
1111 2562 1150 2588 με
1163 2553 1262 2589 ἀρχὴν
1274 2554 1353 2582 ὁδῶν
1372 2555 1465 2582 αὑτοῦ
1473 2556 1517 2588 εὶς
1526 2556 1596 2590 ἔργα
1607 2555 1710 2583 αὐτοῦ.
1726 2557 1774 2584 Καὶ
1786 2558 1812 2584 οὐ

1035 2600 1143 2631 πάντως
1157 2608 1208 2626 που
1224 2600 1372 2628 ὲὸεὸαίωσε
1382 2601 1486 2636 Γραφὴ,
1501 2601 1562 2628 οὐδὲ
1573 2602 1696 2638 ἐμνήσθη
1712 2611 1752 2635 τις
1766 2603 1812 2630 τῶν

1037 2645 1193 2672 ἀποστόλων
1207 2645 1258 2681 τῆς
1270 2645 1370 2679 λέξεως
1385 2646 1498 2681 ταύτης,
1519 2647 1562 2673 ἴνα
1577 2648 1727 2684 παραγάγῃ
1739 2648 1810 2684 αὐτὴν

1038 2692 1077 2724 εἰς
1089 2691 1173 2728 ὄνομα
1182 2692 1310 2728 Χριστοῦ.
1322 2693 1404 2720 Ὥστε
1411 2691 1457 2720 οὖν
1467 2693 1497 2719 οὐ
1510 2693 1617 2726 πάντως
1628 2694 1692 2731 περὶ
1701 2694 1748 2722 τοῦ
1755 2693 1808 2722 Υίοῦ

1129 2794 1139 2809 ⁸
1156 2793 1238 2821 Marc.
1256 2801 1301 2828 xv,
1325 2795 1370 2822 δι.

1421 2793 1522 2823 'Joan.
1540 2803 1594 2828 xiv.
1620 2797 1659 2824 l0.
1711 2793 1804 2823 ‘Joan.
