1929 3039
118 206 170 233 Sil

426 204 609 233 ADVERSUS
628 204 799 233 il£RESES
819 205 882 233 LIB.
904 206 934 233 ll.
957 205 1038 234 ΤΟΣιΙ.
1059 206 1091 233 ll.
1111 222 1146 226 —
1165 199 1302 235 HIERES.
1322 206 1415 234 LXIX.

1696 206 1750 234 9&2

120 258 226 300 ἔτράπή
243 263 292 298 τὴν
307 263 397 298 φύσιν,
413 264 502 299 ἔμεινε
522 264 550 291 δὲ
569 266 597 291 ὲν
613 266 645 300 τῇ
663 264 744 291 αὑτοῦ
759 264 878 299 ἀπειθείᾳ
892 265 908 300 ἡ

969 274 1017 293 nos
1035 273 1050 293 a
1071 266 1133 299 ﬁde,
1158 271 1184 294 et
1209 266 1352 294 haereticos
1378 265 1484 296 attinet,
1512 265 1614 292 nullum
1639 264 1752 291 omnino

119 308 204 335 αὐτοῦ
219 308 314 342 θεότης
338 308 393 341 Διὸ,
409 309 524 344 θελήσας
539 309 635 336 παθεῖν
652 309 703 344 ἰδίῃ.
719 309 829 344 εὐδοκία
842 309 912 344 ὑπὲρ

117 354 167 380 τοῦ
178 354 272 388 γένους
282 354 335 380 τῶν
343 353 390 380 ἀνθ
396 354 503 389 ρώπων,
511 354 602 390 ἐπειδὴ
609 354 659 381 οὐκ
671 354 779 381 ἐδύνατο
790 355 807 390 ὴ
818 354 913 390 θεότης

119 400 227 431 παθεῖν,
241 399 302 426 καθ’
321 400 419 435 ἑαυτὴν
433 399 541 435 ἀπαθὴς
555 398 632 432 οἷσα,
648 400 726 426 ἔλαϐε
741 401 770 426 τὸ
782 401 913 436 ἡμέτερον

118 446 240 482 παθητὸν
259 446 347 482 σῶμα,
363 446 442 480 σοφία
460 445 508 477 ὣν,
524 446 567 472 ἶνα
585 447 613 472 ὲν
628 445 702 480 αὺτῷ
727 446 911 482 συνευδοκήσῃ

117 492 166 519 τοῦ
194 491 298 524 παθεῖν,
322 492 368 518 καὶ
386 492 547 527 ἀναδέξηται
564 491 600 518 τὰ
621 491 746 527 ἡμέτερα
771 491 859 528 πάθη,
884 493 912 519 ὲν

119 538 202 573 σαρκὶ
224 537 356 574 συνούσης
371 539 419 574 τῆς
436 538 572 574 θεότητος.
586 539 640 565 Καὶ
660 539 744 574 γὰρὴ
765 539 860 574 θεότης
881 541 911 566 οὐ

118 585 229 619 πάσχει.
248 584 309 616 Πῶς
326 585 379 620 γὰρ
397 585 411 611 ὀ
434 585 531 618 λέγων,
551 584 620 620 Ἐγώ
643 585 702 618 εὶμι
721 585 740 618 ἡ
761 583 827 618 ζωὴ,
843 585 911 612 ἀπο-

118 631 210 657 θανεῖν
235 631 395 666 δυνήσεται;
418 630 499 656 Ἀλλὰ
522 630 632 665 ἀπαθὴς
657 629 778 665 διαμένει
801 631 814 656 ὁ
836 630 912 661 Θεὸς.

118 676 280 711 Συμπάσχει
300 675 328 702 δὲ
343 677 376 711 τῇ
395 676 486 711 σαρκὶ,
502 676 545 702 ἵνα
561 675 591 702 τὸ
611 675 696 707 πάθος
717 676 756 707 εἰς
780 675 829 710 τὴν
851 675 911 702 θεό-

119 729 190 755 τητα
204 721 328 756 λογιοθῇ,
351 721 507 757 πασχούσης
524 721 572 756 τῆς
588 720 725 755 θεότητος,
743 721 782 752 εἰς
797 721 828 747 τὸ
841 719 912 747 εἶναι

119 767 186 801 ἡμῖν
203 768 230 792 ὲν
249 767 307 802 θεῷ
325 767 373 801 τὴν
399 766 551 802 σωτηρίαν·
571 767 599 793 ὲν
616 766 696 802 σαρκὶ
717 766 745 792 δὲ
768 766 797 792 τὸ
815 766 910 798 πάθος,

119 812 164 839 ἵνα
182 813 219 848 μὴ
245 813 366 847 παθητὸν
385 812 452 838 Θεὸν
472 812 590 846 ἔχωμεν,
617 811 684 838 ἀλλὰ
711 811 815 845 ἀπαθῆ,
840 811 913 836 ὲλλο-

118 857 218 891 γοῦντα
236 859 275 888 εἰς
294 857 389 883 ἑαυτὸν
410 856 440 883 τὸ
465 855 560 888 πάθος,
583 856 654 882 κατὰ
679 857 846 892 προαίρεσιν,
865 856 912 882 καὶ

117 902 149 928 οὗ
169 902 240 928 κατὰ
253 902 383 936 ἀνάγκην.

965 313 1094 339 damnum
1116 312 1181 339 hinc
1201 317 1323 339 metuere
1348 311 1489 338 debemus.
1522 311 1616 344 Neque
1630 310 1702 337 cnim
1717 309 1752 336 ad

966 358 993 384 ul
1005 365 1049 384 am
1065 357 1216 385 divinitatis
1227 357 1446 384 imminutionmn
1464 357 1600 391 pertinere
1616 355 1687 383 istud
1703 362 1753 390 po-

965 407 1028 435 test,
1042 412 1102 438 qua).
1117 404 1202 431 libera
1217 407 1269 436 est,
1287 407 1314 430 ct
1331 410 1392 430 eum
1415 402 1495 429 Patre
1511 409 1619 436 semper
1636 401 1750 428 exstitit.

966 449 1048 475 Porro
1069 456 1167 482 passus
1187 453 1229 476 est
1241 448 1350 483 quidem
1367 447 1494 474 Christus
1512 447 1694 480 quodcunque
1704 445 1753 472 de-

964 501 1037 520 mum
1055 501 1152 528 passus
1164 499 1224 527 est;
1249 493 1296 521 sed
1312 501 1364 520 ιιοιι
1381 493 1442 527 ejus
1463 497 1558 520 natura
1581 495 1683 519 mutata
1699 495 1752 524 est,

965 544 1045 574 atque
1062 539 1184 573 ejusdem
1203 539 1331 566 divinitas
1353 538 1381 564 iu
1405 545 1454 565 sua
1480 538 1525 563 illa
1545 535 1683 571 passionis
1705 543 1754 563 ex-

965 588 1040 618 parte
1063 583 1221 610 conditione
1247 583 1376 618 perstitit.
1411 582 1500 615 Quare
1529 588 1590 608 eum
1620 580 1654 607 de
1689 587 1754 615 pro-

965 628 1022 662 pria
1041 628 1179 654 voluntate
1194 635 1242 663 pro
1261 628 1401 655 hominum
1418 628 1505 654 salute
1521 627 1574 661 pati
1592 625 1753 653 constituis-

963 678 1013 705 set,
1029 673 1101 707 quod
1119 673 1246 700 divinitas
1259 674 1361 708 perpeti
1378 673 1445 700 nihil
1459 677 1560 707 posset,
1575 679 1634 706 quae
1647 679 1694 706 per
1708 679 1752 698 se-

964 719 1049 752 ipsam
1065 725 1161 752 expers
1181 719 1316 752 passionis
1329 722 1380 750 est,
1398 725 1499 751 corpus
1523 722 1661 748 nostrum,
1679 717 1751 751 quod

964 764 1019 798 pati
1040 764 1121 799 749
1142 764 1266 792 videlicet
1286 769 1386 799 potest,
1413 763 1501 791 induit
1520 763 1613 790 divina
1637 763 1682 789 illa
1706 763 1754 790 Sa-

965 810 1076 844 pientia.
1097 813 1126 836 ut
1146 810 1172 836 in
1190 810 1248 844 ipso
1265 814 1362 844 sponte
1385 818 1434 838 sua
1457 813 1608 845 pateretur,
1634 816 1666 835 ac
1687 816 1753 835 con-

962 856 1057 890 juncta
1076 863 1137 882 cum
1156 863 1240 882 carne
1257 856 1411 887 divinitate,
1429 855 1585 882 affectiones
1603 857 1711 881 nostras
1726 854 1752 880 in

964 908 1024 927 sese.
1035 900 1188 935 susciperet
1216 900 1321 927 Etenim
1337 900 1466 927 divinitas
1482 899 1541 934 ipsa
1553 903 1630 925 extra
1645 906 1752 926 omnem

117 953 162 976 est
182 949 301 984 patiendi
325 948 522 976 conditionem.
546 948 688 981 Quomodo
703 948 775 975 enim
793 951 908 974 mortem
924 948 948 974 is
968 947 1044 974 obire
1061 951 1163 981 posset,
1180 946 1225 981 qui
1244 946 1324 973 dicit:
1342 946 1396 981 Ego
1408 953 1466 972 st'm
1482 945 1571 972 vita'?
1585 944 1678 979 Itaque
1691 952 1753 971 cutn

119 994 258 1028 passionis
274 1002 371 1028 expers
393 998 548 1028 perseveret
566 993 648 1024 Deus.
664 1000 727 1020 cum
742 1000 824 1020 carne
835 996 925 1019 tatnen
942 992 1054 1026 patitur,
1069 990 1136 1017 adeo
1150 994 1180 1017 ut
1204 990 1340 1017 divinitati
1364 991 1456 1025 passio
1471 990 1516 1017 illa
1532 990 1677 1021 tribuatur,
1691 997 1753 1016 cum

119 1040 188 1066 nihil
201 1043 290 1066 tamen
303 1047 350 1073 per
365 1046 425 1066 sese
441 1039 485 1064 illa
499 1038 630 1072 patiatur:
644 1041 674 1064 ut
686 1038 814 1064 nimirum
831 1037 906 1064 salus
917 1036 996 1063 nobis
1011 1043 1058 1070 per
1071 1035 1154 1062 Deum
1171 1038 1355 1069 comparetur,
1367 1042 1431 1062 caro
1443 1039 1531 1062 autem
1548 1035 1606 1070 ipsa
1621 1035 1754 1062 duntaxat

119 1086 264 1117 aniciatur,
291 1089 319 1111 ut
337 1091 370 1111 ne
387 1083 561 1118 passionibus
588 1083 749 1116 obnoxium,
766 1083 813 1110 sed
836 1082 870 1109 ab
893 1082 927 1108 iis
944 1081 1034 1116 potius
1057 1081 1205 1107 immunem
1226 1079 1311 1107 Deum
1331 1079 1490 1112 habeamus,
1512 1079 1559 1115 qui
1585 1085 1682 1114 sponte
1698 1088 1749 1108 sua

118 1140 170 1159 nec
197 1131 250 1157 ulla
272 1132 435 1157 necessitate
459 1134 582 1160 coactus,
604 1129 728 1156 eamdem
751 1129 825 1156 illam
847 1127 1017 1155 aﬂ‘cctioncm
1031 1127 1160 1160 imputari
1176 1126 1228 1153 sibi
1244 1126 1318 1153 velit.

157 1178 221 1204 KE’.
238 1177 334 1211 Ὅμως
342 1176 370 1202 δὲ
381 1176 429 1202 καὶ
441 1172 523 1206 οὗτοι,
533 1175 582 1207 τὰς
592 1175 679 1208 λέξεις
693 1176 742 1207 τὰς
764 1174 910 1210 Ἐὗραῖκὰς

995 1173 1079 1201 XXV.
1100 1173 1134 1200 At
1157 1173 1201 1200 isti
1223 1180 1284 1200 eum
1300 1172 1448 1200 llebraicas
1460 1181 1542 1201 voces
1565 1181 1600 1201 ne
1613 1174 1753 1209 attigerint

120 1222 185 1249 οὔτε
213 1221 434 1257 ψηλαψήπαντες,
460 1221 522 1247 οὕτε
538 1221 657 1256 γνόντες,
672 1220 733 1247 οὔτε
755 1221 813 1252 πῶς
828 1220 910 1256 ἔχειὴ

119 1267 223 1293 τούτων
241 1266 364 1301 δύναμις,
387 1267 515 1301 προαλιλς
537 1267 584 1293 καὶ
609 1266 752 1302 προπετῶς
775 1266 912 1300 ἀνέκυψαν

121 1313 204 1339 δεινοὶ
217 1311 319 1346 ἐχθροὶ,
336 1311 480 1346 ζητοῦντες
499 1311 645 1347 πρόφασιν,
664 1311 746 1338 πόθεν
759 1311 808 1346 τὴν
822 1311 913 1338 πίστιν

120 1357 284 1392 λωϐήσουσι,
298 1357 396 1391 μᾶλλον
410 1357 438 1383 δὲ
454 1356 580 1390 ἑαυτούς’
596 1357 626 1382 ου
640 1356 694 1392 γὰρ
710 1355 759 1391 τὴν
773 1355 911 1392 ἀλήθειανο

122 1403 170 1430 καὶ
189 1402 282 1438 ἐπειδὴ
303 1398 392 1438 εὗρον,
411 1402 451 1428 ὅτι
477 1402 508 1428 Ὀ
528 1402 632 1436 Κύριος
654 1401 755 1429 ἐκτισέ
769 1410 818 1436 με,
837 1401 913 1437 6:440-

121 1448 252 1479 κινδύνως
281 1447 376 1483 ὥσπερ
409 1447 606 1483 φανταζόμενοι
634 1447 852 1484 ὀνειροπολοῦσι,
879 1447 913 1474 τὰ

124 1493 207 1528 μηδὲν
228 1493 350 1528 χρήσιμα
371 1493 611 1526 ὲπειτενέγκαντες
627 1493 665 1528 τῷ
690 1493 750 1528 βίῳ,
767 1493 815 1520 καὶ
829 1493 913 1528 ταρά-

123 1540 217 1572 ξαντες
236 1539 284 1575 τὴν
308 1535 478 1574 οἰκουμένην.
500 1539 536 1565 Τὸ
551 1539 578 1565 δὲ
607 1539 748 1575 Ἐϐραῖκδν
765 1539 814 1574 οὐχ
828 1538 915 1571 οὕτως

122 1585 181 1620 ἔχει
191 1594 198 1600 ·
213 1586 273 1611 ὅθεν
287 1585 402 1617 ’Λκύλας
415 1585 488 1619 λέγει
498 1593 504 1599 “
520 1585 626 1618 Κύριος
637 1584 788 1619 ἐκτήσατό
796 1593 843 1620 με.
860 1585 915 1611 Ἀεὶ

122 1631 152 1657 δὲ
167 1631 192 1657 οἱ
202 1630 347 1664 γεννῶντες
371 1631 467 1662 παῖδας
486 1630 623 1664 λέγουσιν’
649 1630 823 1666 Ἐκτησάμην
846 1630 912 1657 υἱόν.

129 1676 199 1702 Ἀλλ’
213 1675 274 1702 οὕτε
288 1675 403 1707 Ἀκύλας
421 1675 470 1710 τὴν
480 1674 592 1708 δύναμιν
608 1668 775 1709 ἡρμήνευσεξ
793 1674 847 1701 Καὶ
860 1674 915 1709 γὰρ

123 1720 167 1751 τδ,
184 1719 374 1753 Ἐκτησάμην
384 1719 459 1749 υἱὸν,
477 1719 514 1751 ὡς
530 1718 684 1754 πρόσφατόν
700 1720 787 1745 ἐστιν·
809 1719 838 1746 ἐν
855 1719 915 1754 Θεῷ

121 1766 153 1792 δὲ
177 1765 253 1791 οὐδὲν
286 1764 325 1790 ἔνι
351 1764 516 1800 πρόσφατον.
535 1764 593 1790 Κᾶν
618 1771 647 1789 τε
674 1763 789 1799 ὁμολογῇ
814 1764 875 1795 τις¹
901 1763 915 1790 ὃ

123 1810 285 1844 γεγέννηται
300 1811 314 1836 ὁ
330 1809 392 1841 Υἱὸς
415 1810 447 1835 ἐκ
463 1808 510 1835 τοῦ
525 1809 641 1844 Πατρὸς,
656 1809 702 1836 καὶ
720 1809 769 1835 οὐχ
783 1809 912 1835 ἔκτισται.

966 1220 1090 1255 quidem,
1114 1223 1162 1246 aut
1186 1219 1239 1245 ttlla
1258 1225 1352 1246 earum
1375 1218 1530 1253 cognitione
1554 1218 1657 1254 perfusi
1681 1219 1753 1250 sint.

966 1272 1054 1300 neque
1070 1264 1135 1299 quid
1152 1264 1204 1292 sibi
1222 1263 1306 1290 velint
1321 1264 1484 1298 intelligant,
1508 1268 1610 1291 temere
1622 1272 1655 1291 ac
1675 1269 1753 1299 petu-

967 1310 1055 1337 lanter
1074 1309 1249 1337 vehementes
1269 1309 1364 1336 hostes
1389 1309 1553 1344 insurgunt,
1579 1310 1753 1337 occasionem

967 1356 1088 1391 undique
1102 1359 1256 1390 captantes,
1273 1363 1327 1390 qtta
1344 1355 1424 1382 [idem
1443 1359 1578 1388 nostram,
1594 1356 1635 1383 vel
1649 1356 1754 1391 seipsos

967 1402 1058 1438 potius
1084 1401 1171 1437 (nihil
1198 1402 1270 1429 enim
1294 1401 1426 1429 adversus
1449 1403 1594 1429 veritatem
1621 1402 1753 1437 possunt)

967 1455 1130 1482 quacunque
1147 1447 1252 1474 ratione.
1270 1447 1444 1474 labefactent.
1462 1446 1540 1474 Unde
1554 1455 1615 1474 eum
1635 1448 1670 1474 ita
1686 1448 1755 1475 seri-

967 1497 1042 1528 ptum
1057 1493 1234 1527 reperissent,
1249 1492 1377 1519 Dominus
1401 1493 1499 1520 creavit
1516 1501 1566 1525 me,
1582 1493 1706 1520 insubide
1721 1500 1753 1520 ac

968 1539 1028 1567 sine
1048 1539 1103 1566 ullo
1117 1538 1239 1573 judicio,
1263 1537 1337 1565 velut
1353 1545 1400 1573 per
1416 1540 1551 1566 somnium
1563 1558 1570 1571 ,
1587 1539 1643 1566 visa
1661 1539 1755 1566 nescio

968 1592 1028 1619 qute
1052 1583 1104 1611 sibi
1129 1583 1282 1616 ﬁnxerunt,
1303 1589 1384 1618 atque
1406 1584 1496 1611 inania
1519 1585 1644 1618 quaedam
1670 1585 1756 1612 intro-

967 1629 1114 1661 duxerunt,
1135 1629 1235 1664 quibus
1250 1634 1386 1657 terrarum
1404 1630 1497 1656 orbem
1514 1637 1678 1665 magnopere
1693 1637 1755 1664 per-

969 1675 1124 1702 turbarunt.
1140 1674 1272 1702 Czcterum
1294 1675 1426 1702 llebraice
1449 1674 1526 1710 longe
1541 1675 1620 1701 aliter
1644 1675 1753 1709 legitur,

969 1720 1084 1754 ideoque
1105 1720 1145 1746 sic
1161 1720 1259 1755 Aquila
1277 1720 1473 1754 interpretatur
1489 1728 1496 1746 :
1516 1720 1644 1747 Dominus
1664 1729 1755 1753 posse-

968 1765 1007 1792 dit
1031 1774 1079 1792 me.
1100 1764 1194 1793 Solent
1211 1765 1282 1792 enim
1300 1766 1346 1800 qui
1373 1765 1474 1793 liberos
1497 1765 1652 1800 suscipiunt
1671 1767 1754 1801 vulgo

970 1812 1061 1839 dicere
1075 1821 1082 1839 :
1097 1811 1208 1838 Possedi
1225 1811 1320 1838 ﬁlium.
1347 1812 1509 1846 Quanquam
1527 1819 1561 1840 ne
1575 1812 1671 1847 Aquila
1690 1813 1753 1848 qui-

123 1856 292 1890 Γεγέννηται
314 1855 342 1882 δὲ
363 1855 486 1890 ἀχρόνως
503 1854 550 1881 καὶ
569 1854 705 1890 ἀνάρχως.
725 1854 794 1881 Οὓτε
808 1854 862 1890 γὰρ
878 1854 914 1881 ἔνι

968 1857 1029 1885 dem
1046 1857 1098 1884 vim
1117 1857 1182 1885 satis
1195 1857 1340 1892 expressit.
1357 1856 1424 1884 Nam
1438 1857 1515 1889 illud,
1530 1857 1636 1892 possedi
1652 1858 1753 1892 ﬁlium,

124 1901 222 1937 χρόνος
234 1900 371 1934 ἀναμέσον
386 1900 450 1926 Υιοῦ
465 1899 510 1926 καὶ
525 1899 641 1934 Πατρὸς,
660 1899 703 1926 ῖνα
718 1900 754 1935 μὴ
770 1900 864 1935 χρόνος
876 1909 918 1932 τις

126 1947 197 1981 ὑπὲρ
213 1946 297 1973 πλείω
318 1944 429 1980 γένηται
448 1944 496 1971 τοῦ
512 1944 588 1972 Υἱοῦ.
604 1945 636 1971 Et
656 1945 710 1981 γὰρ
722 1945 757 1972 δι’
775 1945 866 1973 αὑτοῦ
882 1946 918 1973 τὰ

126 1992 235 2024 πάντα,
249 1992 303 2027 ἄρα
318 1992 364 2018 καὶ
377 1991 401 2018 ol
415 1992 518 2026 χρόνοι.
532 1991 636 2025 Χρόνου
650 1991 677 2018 δὲ
692 1991 859 2027 ὑπάρχοντος
871 1991 916 2018 τοῦ

126 2037 182 2073 πρὸ
197 2037 306 2064 πάντων
328 2037 413 2068 ὄντος,
435 2037 494 2068 πῶς
513 2036 590 2063 ἔσται
613 2037 706 2070 τοῦτο;
728 2037 806 2064 Ἀλλὰ
824 2038 848 2064 εἰ
863 2038 918 2072 ἄρα

126 2082 311 2124 ζητηθήσεξαι
325 2081 403 2113 ἄλλος
418 2081 493 2112 Υἱὸς,
510 2080 544 2107 δι’
560 2077 592 2107 οὗ
614 2082 667 2117 πρὸ
683 2082 729 2109 τυῦ
745 2082 810 2108 Υιοῦ
824 2083 918 2117 γέγονε

127 2127 233 2163 χρόνος.
245 2127 300 2154 Καὶ
320 2127 405 2154 πολλὰ.
417 2127 501 2159 ἐστιν,
513 2127 531 2154 ἃ
543 2128 582 2159 εἰς
598 2127 710 2162 ἄπειρον
728 2127 842 2162 ἀπορίαν
856 2127 917 2161 ἄγει

127 2174 163 2201 τὰ
178 2173 232 2200 τῶν
249 2172 517 2208 περιεργαζομένων,
531 2173 577 2199 καὶ
592 2173 674 2208 μηδὲν
689 2173 790 2206 ἀγαθὸν
803 2172 916 2208 ἐργαζο-

128 2219 220 2254 μένων
231 2219 278 2245 ἀνθ
283 2219 380 2254 ρώπων
389 2220 472 2254 φρονή
478 2227 559 2254 ματα.
568 2219 612 2246 Ἐν
620 2219 648 2245 δὲ
657 2219 696 2254 τῷ
710 2218 847 2254 Ἐϐραῖκῷ
859 2218 915 2253 (9'2)

129 2264 214 2297 λέγει,
237 2263 364 2296 Ὰὸωναῒ,
378 2263 393 2290 ὃ
414 2264 522 2298 λέγεται
541 2265 659 2298 Κύριος·
677 2264 792 2296 inarari,
804 2264 915 2290 δύναται.

967 1910 1063 1930 recens
1079 1902 1180 1937 aliquid
1205 1909 1237 1929 ac
1261 1910 1360 1929 novum
1385 1903 1536 1938 signiﬁcat,
1552 1903 1706 1937 cuiusmodi
1726 1903 1754 1931 in

970 1948 1025 1976 Deo
1039 1948 1106 1975 nihil
1122 1952 1173 1975 est.
1187 1948 1225 1974 Ac
1241 1948 1263 1975 si
1283 1949 1344 1982 quis
1361 1948 1538 1975 nihilominus
1554 1947 1621 1975 illud
1639 1955 1755 1976 conces-

969 1994 1052 2026 serit,
1069 1993 1177 2028 genitus
1194 1997 1285 2020 tamen
1310 2002 1325 2020 a
1350 1993 1431 2021 Patre
1454 1993 1553 2026 Filius,
1568 2001 1622 2020 non
1645 1998 1754 2021 creatus

968 2038 1168 2066 existimandus
1193 2043 1244 2066 est.
1262 2039 1351 2073 Atque
1376 2039 1413 2066 ita
1440 2039 1547 2074 quidem
1572 2039 1698 2074 genitus,
1724 2043 1753 2067 ut

969 2084 1027 2111 sine
1053 2080 1174 2118 tempore
1195 2087 1242 2110 aut
1268 2084 1345 2111 initio
1369 2084 1404 2112 sit
1424 2086 1543 2118 genitus.
1568 2083 1660 2118 Neque
1681 2084 1753 2110 enim

969 2128 1067 2155 Filium
1083 2129 1154 2156 inter
1168 2132 1195 2156 et
1217 2128 1326 2156 Patrem
1347 2133 1454 2163 tempus
1471 2129 1554 2155 ullum
1572 2128 1753 2162 interceptum

968 2178 1028 2207 est,
1051 2182 1085 2202 ne
1104 2182 1157 2210 qua
1173 2174 1303 2209 temporis
1319 2182 1385 2209 pars
1399 2173 1459 2200 Filii
1483 2174 1614 2208 originem
1630 2177 1754 2200 anteces-

967 2219 1037 2246 sisse
1051 2219 1170 2246 dicatur.
1186 2218 1253 2245 Nam
1267 2219 1290 2246 si
1309 2226 1354 2252 per
1370 2218 1454 2251 ipsum
1473 2217 1544 2251 facta
1557 2221 1619 2243 sunt
1632 2217 1721 2244 omnia
1731 2217 1752 2249 ',

967 2265 1049 2291 etiam
1077 2269 1200 2299 tempora
1222 2264 1281 2298 ipsa
1309 2263 1380 2290 farta
1407 2263 1461 2290 sint
1488 2266 1605 2297 oportet.
1629 2263 1705 2296 Quod
1729 2263 1753 2290 si

103 2342 105 2346 Α
129 2308 276 2342 λέγεσθαι,
298 2309 344 2335 καὶ
367 2309 537 2336 ὲνόσσευσέ
559 2318 613 2344 με,
629 2310 674 2336 καὶ
696 2309 846 2342 extricat-<5
866 2318 914 2344 με.

970 2314 1075 2344 tempus
1091 2309 1200 2344 aliquod
1214 2312 1275 2336 ante
1289 2309 1380 2335 Ornata
1395 2307 1534 2336 exstitisse
1548 2307 1669 2340 dicatur,
1685 2316 1755 2343 quo-

130 2354 207 2381 Τὺδὲ
224 2354 416 2390 ἀκριϐέστατον
435 2355 554 2390 λέγεται,
578 2355 748 2382 ἐνόσσευσέ
764 2363 812 2390 με.
837 2356 916 2387 [hinc

969 2363 1031 2382 nam
1048 2355 1129 2382 tnodo
1149 2355 1214 2382 illud
1230 2354 1363 2382 exsistet?
1386 2353 1554 2387 Quaerendus
1569 2354 1698 2382 nimirum
1713 2356 1754 2382 al-

169 2432 178 2448 ι
192 2430 296 2459 Vitium
309 2431 403 2459 subest
420 2432 484 2460 huic
502 2432 572 2460 loco.
609 2433 620 2448 ¹
633 2432 712 2460 Joan.
730 2441 767 2466 xt,
785 2433 836 2467 25;
854 2440 917 2466 xtv,
935 2432 961 2461 6.
1000 2433 1010 2449 ³
1029 2432 1108 2461 Joan.
1126 2441 1147 2466 t,
1160 2433 1186 2460 3.

168 2511 225 2547 (92)
243 2511 293 2539 Ἐν
315 2512 348 2539 δὲ
369 2510 410 2544 τῷ
429 2509 566 2544 Ἐὅραῠιῷ
589 2510 678 2545 λέγει.
700 2509 847 2538 Latissime
872 2510 917 2538 hic

133 2559 212 2586 locus
240 2557 403 2592 expenditur
427 2557 454 2583 in
476 2556 619 2582 Ancorato.
639 2554 771 2583 llebraiea
796 2563 847 2582 vox
867 2561 919 2599 mp

130 2602 266 2637 possidere
278 2602 424 2637 signiﬁcat.
441 2601 504 2628 Ideo
520 2601 617 2637 Aquila
637 2601 770 2637 ἐκτήσατο
781 2601 872 2637 vertit.
886 2601 921 2627 At

131 2635 418 2672 exeriiplaria’Grmca
442 2637 523 2672 vulgo
550 2636 640 2672 {mas
653 2635 708 2669 jam
726 2640 782 2672 tum
798 2636 920 2672 olim,ut

132 2670 270 2706 hodieque
288 2673 444 2706 prtel'erunt.
462 2671 548 2706 Quam
569 2670 713 2698 lectionem
729 2670 805 2706 haud
824 2670 921 2705 probat

133 2679 270 2706 nocteque
307 2679 444 2699 relerunt.
462 2679 548 2703 uuam
569 2679 713 2698 teeuonem
734 2679 805 2697 naua
824 2679 919 2705 probat

133 2707 247 2743 Hieron.
265 2679 391 2743 atfrxxvt.
409 2705 534 2743 capalsah.
552 2713 623 2743 eoin.
636 2706 688 2743 __l3,
709 2705 752 2732 ubi
777 2706 825 2737 ait,
845 2713 919 2743 qtne-

133 2742 196 2768 dam
211 2742 376 2776 exemplaria
389 2741 458 2776 male
469 2741 495 2767 in
516 2740 669 2776 Proverbiis
683 2747 732 2774 pro
752 2741 915 2776 possessione

135 2777 236 2803 habere
249 2775 408 2802 creaturam.
423 2775 522 2802 Verum
548 2775 736 2809 antiquissima
754 2779 795 2802 est
809 2775 915 2802 Graeco-

135 2819 197 2838 rum
225 2811 349 2838 codicum
375 2811 419 2837 illa
444 2810 539 2841 lectio;
561 2817 642 2844 quam
672 2810 792 2844 plerique
820 2817 916 2836 omnes

135 2846 231 2873 Patres
247 2846 496 2880 agnoscunt,cliam
515 2845 552 2871 illi
565 2845 689 2880 thiAanle
705 2846 820 2872 Arianos
833 2845 914 2871 exsti-

136 2885 240 2910 terunt.
257 2878 295 2906 uti
308 2881 393 2907 Clem.
413 2880 556 2906 Alexandr.
569 2878 594 2906 in
611 2878 781 2913 Protrcptico,
797 2880 915 2914 lgtlalitls

136 2916 216 2952 epist.
236 2915 263 2947 ι,
280 2915 314 2941 ad
334 2915 485 2947 Tarsensca,
499 2914 830 2942 Tcrtullianuslibmonrr.
853 2914 916 2940 Iler-

967 2519 1035 2545 ntog.
1059 2517 1120 2545 cap.
1135 2509 1162 2542 9,
1179 2509 1334 2545 Cyprianus
1351 2509 1398 2536 lib.
1418 2517 1447 2541 ιι,
1467 2509 1610 2539 Testimon.
1627 2511 1752 2539 adversus

967 2544 1175 2579 Ιιιὰιεοείειψ.
1191 2544 1217 2577 1⁷,
1233 2548 1263 2572 ιιι
1287 2545 1483 2576 Athanasium,
1509 2545 1669 2579 Gregorium
1700 2546 1752 2572 Na-

969 2580 1056 2607 zianz.
1074 2587 1106 2607 ae
1124 2584 1238 2607 caeteros
1262 2579 1395 2606 omittam.
1413 2581 1533 2612 Quorum
1552 2581 1597 2607 alii
1616 2580 1649 2608 de
1662 2585 1752 2607 creata

969 2615 1099 2649 sapientia
1116 2615 1205 2641 locum
1224 2614 1297 2641 illtlm
1314 2615 1462 2649 accipiunt,
1479 2615 1525 2642 alii
1548 2615 1582 2642 ad
1603 2615 1750 2642 increalain

971 2650 1102 2676 referunt.
1127 2649 1191 2682 Quae
1209 2657 1258 2676 nos
1274 2657 1414 2676 sacrarum
1431 2649 1594 2676 Litterarum
1617 2650 1743 2683 interpre~

970 2685 1044 2711 tibus
1058 2684 1226 2712 enucleanda
1248 2684 1416 2718 reliquimus.
1429 2685 1462 2710 At
1475 2684 1640 2719 Epiphanius
1651 2691 1750 2711 novam

964 2719 1110 2752 quamdam
1140 2719 1272 2746 llebraico
1302 2720 1386 2745 verbo
1418 2719 1554 2745 no‘.ionem
1580 2718 1692 2752 aliingit,
1721 2723 1751 2745 ut

965 2753 1035 2780 ident
1053 2754 1087 2780 sit
1098 2757 1156 2797 mp
1170 2758 1250 2788 atque
1265 2754 1407 2780 ἐνόσσευσέ
1419 2762 1463 2788 με.
1479 2754 1557 2788 quasi
1573 2753 1702 2788 scriptum
1715 2756 1751 2780 sit

964 2803 1022 2841 mp
1039 2807 1053 2825 a
1068 2799 1225 2833 duplicante
1239 2799 1311 2826 Aiin.
1327 2799 1393 2825 Nam
1407 2803 1451 2838 pp
1468 2802 1509 2825 est
1528 2798 1666 2832 nidiﬁcare
1690 2799 1748 2826 sive

965 2844 1040 2871 nidos
1056 2849 1224 2871 construere:
1239 2845 1310 2879 quod
1327 2852 1380 2871 non
1397 2844 1466 2870 idem
1482 2849 1524 2871 est
1539 2852 1569 2870 at:
1582 2845 1649 2878 fetus
1661 2845 1753 2872 exclu-

964 2880 1035 2908 dcre.
1054 2880 1093 2906 vel
1109 2880 1260 2912 producere,
1279 2884 1307 2905 ut
1327 2879 1477 2906 arbitratur
1496 2879 1672 2914 Epiphanius.
1686 2880 1751 2908 Ideo

965 2915 1056 2943 nullus
1068 2915 1130 2942 ltuit:
1144 2915 1255 2950 argutia.-
1271 2915 1347 2941 locus
1362 2922 1413 2941 est.
