1929 3039
189 169 242 200 2:5
898 171 926 197 s.
949 169 1116 197 Epirum"
1773 162 1828 190 ΞΗ

191 233 229 254 ter
253 226 332 254 nobis
350 225 447 258 Filius,
470 235 484 253 a
508 235 562 261 quo
589 230 696 261 tempus
720 231 784 254 aute,
802 226 900 254 Filium
916 234 978 261 pro-

1035 226 1060 252 se
1080 224 1174 255 νοεσδς
1199 224 1249 250 οὐκ
1274 223 1328 250 ἀπὺ
1350 222 1457 257 φύσεως
1479 221 1527 248 τοῦ
1547 219 1744 256 γεγεννηκότος
1766 227 1826 253 γεν-

190 272 303 299 durtum
319 272 365 299 sit.
381 273 513 300 Sexceuta
530 277 593 300 sunt
609 274 673 304 alia,
690 273 791 307 quibus
807 273 978 299 curiosorum
1033 273 1122 304 vitaz;

191 320 350 351 hominum,
379 327 466 354 neque
492 319 553 347 boni
584 320 733 355 quidquam
774 320 946 347 ail‘ereutium
974 319 1082 354 ingenia
1117 316 1353 345 iucxtrieabilibus
1380 314 1569 342 dillieultatum
1603 313 1709 348 laqueis
1739 311 1828 346 impli-

190 370 299 394 cantur.
323 365 383 393 Jam
406 374 471 394 vero
498 367 632 395 llebraice
664 367 700 394 ita
728 367 850 402 legitur:
869 367 994 399 Adonei.
1024 367 1076 394 hoc
1101 370 1143 394 est
1171 365 1317 397 Dominus,
1344 363 1458 393 cenaui,
1484 362 1537 389 hoc
1555 365 1613 392 est,
1639 360 1706 387 velut
1726 359 1828 394 pullum

189 411 271 438 edidit
291 420 345 444 me,
372 412 412 439 vel
432 413 546 447 possedit
569 421 619 440 me.
647 412 732 439 Multo
761 417 851 441 autem
880 413 1053 440 commodius
1073 416 1132 444 est,
1151 415 1180 438 ut
1196 411 1288 446 priore
1311 409 1392 436 tnodo
1416 408 1557 440 reddatur,
1588 411 1715 442 tauquam
1747 405 1829 441 75°

190 458 291 492 pullum
307 457 390 485 edidit
413 467 464 486 me.
485 459 585 494 Ecquis
601 467 665 487 vero
690 459 781 494 pullus
802 467 835 486 ex
858 460 919 493 ejus
933 466 1030 487 natura
1043 466 1098 486 non
1116 458 1312 492 proﬁciscitur,
1331 463 1345 483 a
1361 463 1415 491 quo
1432 455 1541 490 genitus
1558 453 1625 481 est?

226 504 273 532 Est
289 505 333 531 illa
349 505 460 540 quidem
477 505 682 534 formaudorum
695 515 841 542 corporum
858 509 938 536 ratio.
953 513 982 535 ut

1071 507 1127 533 Καὶ
1155 502 1207 532 ὦδε
1233 504 1283 540 μὲν
1307 504 1336 530 ἐν
1361 504 1417 534 τοῖς
1437 502 1603 537 σωματικοῖς
1624 500 1764 531 πλαστίοις
1785 499 1830 526 ὂιᾶ

189 559 221 578 ex
239 551 384 586 utriusque
397 552 592 586 conjunctione
612 560 696 581 sexus
715 553 786 581 fetus
799 561 894 581 omnes
910 554 982 581 exsi-

1037 552 1214 587 σηονδυασμῶν
1238 549 1350 587 ἄρρενός
1361 558 1390 576 τε
1410 548 1457 575 καὶ
1470 548 1580 583 θηλείας
1596 546 1631 573 τὰ
1644 546 1830 581 νοεςευὸμενα

192 601 277 628 stant,
293 596 375 631 idque
390 597 480 632 ipsum
498 601 552 625 tam
570 598 597 625 in
614 598 734 631 homine,
755 607 836 634 quam
856 599 882 626 in
899 607 983 633 pet-u-

189 644 282 677 dibus,
292 645 462 677 volucribus,
477 653 508 672 ac
524 646 632 674 caeteris
644 647 832 674 animantibus
846 646 982 674 videmus.

188 691 372 724 Quamobrem
402 693 560 727 unigenitus
575 692 620 720 Dei
638 692 732 726 Filius,
749 693 876 728 idemque
892 693 982 728 perfe-

188 740 232 762 (L1
247 736 335 763 Patris
348 737 481 772 sapientia
500 745 562 765 cum
577 737 614 765 ita
631 738 762 773 perficere
777 739 869 766 omnia
889 739 980 771 Vellet,

189 789 219 810 ut
240 784 273 811 ad
298 784 424 812 homines
447 785 631 813 moderandos
652 793 683 812 ac
712 787 891 821 corrigendos
906 786 982 813 vale-

190 833 262 860 rent,
288 836 324 856 ne
340 829 402 864 quis
420 829 453 856 de
476 830 536 865 ipso
551 830 619 858 falsa
639 831 763 866 quaadam
781 831 982 866 suspicaretur,

189 878 216 900 et
229 881 244 900 a
261 875 374 902 veritate
384 875 534 909 excideret,
543 881 669 903 naturam
682 877 803 904 hominis
815 877 982 912 suscipiens,

191 924 286 954 atque,
303 924 333 947 ut
357 925 456 948 natura
478 921 541 954 fert,
555 921 588 949 de
603 923 718 950 muliere
731 923 853 958 genitus,
870 927 983 958 totoque

192 965 384 1000 ptrturitionis
411 972 532 1002 tempore
555 967 582 995 in
602 968 723 1004 Virginis
748 973 827 997 utero
845 969 982 1003 residens,

192 1018 365 1046 nequaquam
381 1017 422 1040 est
444 1019 478 1040 ex
494 1013 562 1040 virili
589 1014 694 1042 semine
716 1014 844 1050 genitus,
866 1022 901 1042 ne
929 1023 983 1051 qua

192 1057 234 1085 vel
250 1057 276 1084 in
293 1057 343 1085 hac
359 1065 490 1093 corporea
505 1059 683 1094 generatione
697 1068 811 1088 sexuum
830 1061 927 1097 copula
944 1069 986 1090 es-

190 1107 232 1131 set
258 1111 290 1131 ac
312 1104 483 1139 eonjunctio.
503 1104 604 1133 Verum
627 1106 685 1134 sola
707 1114 740 1134 ex
766 1112 853 1135 matre
872 1115 983 1135 carnem

194 1151 311 1185 accepit,
339 1151 542 1188 perfectamque
564 1153 592 1180 in
615 1161 676 1182 sese
698 1153 819 1182 hominis
842 1159 982 1188 naturam,

192 1203 280 1231 neque
298 1204 435 1229 mancam,
451 1201 497 1225 aut
513 1197 659 1231 defectam,
687 1198 734 1226 Sed
755 1207 846 1227 veram
862 1206 895 1226 ac
914 1206 983 1226 con-

193 1246 357 1269 summatam
373 1244 518 1278 expressit.
542 1243 610 1270 Nam
629 1244 739 1272 tametsi
755 1244 868 1272 minime
880 1252 913 1272 ex
932 1243 984 1272 viri

192 1291 254 1314 satu
272 1287 417 1322 prodierit,
444 1289 512 1316 nihil
527 1289 551 1316 ei
570 1293 661 1317 tamen
679 1289 712 1316 ad
731 1289 915 1325 integritatem
936 1289 984 1317 de-

194 1333 261 1365 fuit;
276 1333 399 1373 adeoque
419 1335 476 1363 suis
491 1335 619 1363 omnibus
640 1335 763 1371 partibus
778 1335 920 1363 absolutus
936 1343 983 1362 ex-

193 1377 273 1408 stitit,
296 1385 388 1412 carne,
405 1380 508 1412 nervis,
533 1380 622 1412 venis,
644 1388 676 1407 ac
700 1381 812 1415 reliquis
829 1381 982 1415 ejusmodi,

194 1421 285 1448 anima
301 1427 432 1457 praeterea
445 1432 526 1459 quam
544 1433 598 1452 non
614 1426 705 1460 specie
719 1429 810 1458 tenus,
829 1426 877 1454 sed
894 1428 984 1461 reipsa

194 1464 333 1501 suscepit;
350 1467 476 1496 similiter
489 1473 516 1496 et
535 1474 664 1501 mentem,
681 1471 789 1505 aliaque
805 1472 910 1500 omnia.
922 1472 984 1506 qui-

196 1513 247 1540 bus
263 1513 384 1541 hominis
402 1518 498 1542 natura
517 1520 635 1548 constat,
652 1520 750 1551 praeter
766 1521 920 1552 peccatum,
936 1525 984 1552 pro

195 1564 228 1584 eo
253 1565 285 1584 ac
308 1559 440 1593 scriptum
463 1566 505 1587 est
526 1568 533 1586 :
557 1560 682 1588 Τειιιαιιιι
707 1569 753 1594 per
777 1562 867 1588 omnia
887 1562 984 1596 absque

195 1607 301 1635 peccato
313 1604 333 1630 '.
353 1603 387 1630 Ut
400 1612 461 1631 cutn
477 1605 533 1633 sola
546 1613 578 1633 ex
592 1610 678 1633 matre
693 1606 824 1641 perfecte,
839 1611 865 1634 et
879 1608 983 1642 alisque

196 1648 251 1675 ullo
264 1649 370 1677 defectu
386 1651 535 1678 secundum
551 1659 662 1680 carnem
679 1653 725 1679 hic
739 1653 847 1688 genitus
863 1654 917 1681 sit:
931 1654 982 1681 hoc

195 1694 284 1729 ipsum
306 1695 348 1723 his
362 1697 498 1728 ostendat.
518 1697 564 1732 qui
577 1698 718 1725 veritatem
736 1698 848 1729 intueri.
865 1707 915 1726 nec
934 1706 983 1726 er-

1035 599 1140 633 γίνεται
1156 597 1210 624 ἀπὸ
1230 595 1373 633 ἀνθρώπου
1396 595 1449 626 ἕως
1471 595 1596 629 κτήνους,
1621 593 1667 620 καὶ
1686 592 1829 624 πετεινῶν,

1037 645 1083 672 καὶ
1098 645 1152 671 τῶν
1163 643 1260 671 ἄλλων.
1273 643 1372 678 Διόπερ
1385 643 1398 669 ὁ
1413 641 1581 676 Μονογενὴς,
1595 639 1628 667 τὰ
1639 640 1729 666 πάντα
1748 639 1831 674 σοφία

1035 689 1073 716 ὢν
1093 690 1140 716 τοῦ
1167 689 1283 724 Πατρὸς,
1303 689 1349 714 καὶ
1375 687 1534 722 βουλόμενος
1563 686 1609 711 ἐπὶ
1632 684 1774 720 διορθώσει
1796 684 1832 710 τὰ

1035 736 1125 763 πάντα
1137 734 1315 771 ἐργάσασθαι,
1335 734 1378 760 ἵνα
1395 733 1431 769 μή
1445 742 1487 765 τις
1500 733 1540 764 εἰς
1556 731 1637 758 αὑτὸν
1656 730 1799 765 λογίσηται
1811 729 1831 756 ἃ.

1038 782 1075 818 μὴ
1101 781 1168 814 ἔστι,
1188 781 1235 807 καὶ
1260 780 1365 815 ἐκπέσῃ
1380 780 1430 815 τῆς
1446 778 1587 815 ἀληθείας,
1614 777 1770 813 ὲνδημήσας
1790 776 1830 811 τῷ

1036 827 1089 854 τῶν
1103 826 1253 863 ἀνθρώπων
1264 826 1348 861 γένει,
1365 825 1411 852 καὶ
1421 825 1501 860 φύσει
1516 824 1571 852 ἀπὸ
1586 823 1715 858 γυναικὸς
1733 831 1832 858 γεννη-

1037 873 1103 905 θεὶς,
1134 874 1181 900 καὶ
1202 874 1232 900 ὲν
1259 873 1351 908 μήτρᾳ
1374 871 1514 907 Παρθένου
1537 869 1692 900 ἀνακλιθεὶς
1712 868 1758 895 τὸν
1774 868 1830 895 τῶν

1037 920 1190 956 κυοφορίων
1211 919 1318 955 χρόνον,
1340 918 1390 945 οὐκ
1412 917 1465 944 ἀπὸ
1480 917 1637 953 σπέρματος
1654 915 1749 951 maps;
1764 923 1828 940 συν-

1035 965 1151 1000 ελήφθη.
1167 965 1210 992 ἴνα
1225 965 1262 1001 μὴ
1275 964 1445 999 συνδυασμὸς
1466 963 1513 990 καὶ
1527 962 1703 998 παραπλοκὴ,
1718 960 1788 997 [καὶ]
1801 961 1832 987 ἑν

1034 1014 1068 1049 τῇ
1085 1013 1209 1048 ἐνσάρκῳ
1231 1012 1358 1046 γεννήσει
1376 1011 1501 1046 γένηται.
1526 1009 1583 1036 ἀλλ’
1602 1009 1635 1035 ὲκ
1661 1007 1764 1043 μητρὸς
1779 1016 1831 1042 μο-

1035 1057 1142 1089 νοειδῶς
1166 1056 1245 1083 ἔλαῦε
1269 1056 1319 1091 τὴν
1334 1055 1435 1091 σάρκα,
1452 1053 1499 1081 καὶ
1515 1055 1556 1086 είς
1571 1051 1667 1080 ἑαυτὸν
1683 1051 1832 1087 ἐπλήρωσε

1034 1103 1140 1130 τελείαν
1152 1103 1200 1139 τὴν
1215 1101 1311 1129 ἑαυτοῦ
1325 1101 1403 1128 ἐνανο
1409 1100 1543 1138 ρώπησιν,
1558 1099 1608 1126 οὐκ
1621 1098 1718 1132 ἐλλιπῆ
1732 1095 1831 1128 οὖσαν,

1034 1149 1102 1176 ἀλλὰ
1112 1148 1252 1184 ἀληθινήν.
1267 1147 1323 1175 Καὶ
1338 1148 1378 1175 ὅτι
1393 1147 1443 1174 οὐκ
1464 1146 1519 1174 ἀπὸ
1535 1145 1692 1181 σπέρματος
1709 1145 1718 1159 ¹
1732 1143 1833 1179 ἀνδρὸς

1033 1196 1084 1222 οὐκ
1098 1192 1143 1231 ἦν,
1159 1193 1216 1230 εἶχὲ
1235 1203 1260 1221 τι
1279 1193 1395 1225 ἐλλιπές.
1414 1193 1507 1220 Πάντα
1523 1191 1576 1227 γὰρ
1591 1190 1702 1222 τελείως
1718 1189 1782 1225 ἔσχε
1796 1189 1832 1217 τὰ

1034 1241 1123 1268 πάντα
1148 1240 1228 1276 ἔχων,
1243 1239 1343 1276 σάρκα,
1361 1239 1409 1266 καὶ
1430 1238 1524 1274 νεῦρα,
1542 1237 1590 1264 καὶ
1607 1236 1719 1271 φλέϐας,
1734 1236 1783 1262 καὶ
1795 1235 1833 1262 τὰ

1035 1287 1103 1315 ἄλλα
1117 1287 1206 1314 πάντα
1218 1287 1268 1313 ὅσα
1282 1286 1341 1313 ὲστί
1351 1294 1359 1301 ·
1375 1285 1464 1321 ψυχὴν
1475 1285 1503 1312 δὲ
1519 1283 1665 1320 ἀληθινῶς,
1681 1283 1729 1309 καὶ
1740 1283 1771 1309 οὐ
1784 1282 1832 1308 δο-

1034 1334 1124 1370 κήσει,
1142 1333 1204 1360 νοῦν
1215 1333 1243 1360 δὲ
1258 1332 1305 1360 καὶ
1321 1332 1355 1359 τὰ
1370 1331 1458 1358 πάντα
1468 1331 1519 1358 ὅσα
1541 1330 1614 1357 ἐστὶν
1635 1330 1663 1356 ἐν
1676 1330 1709 1364 τῇ
1724 1328 1833 1364 ἀνθρω-

1035 1381 1118 1416 πήσει
1129 1380 1213 1416 χωρὶς
1233 1378 1382 1415 ἁμαρτίας,
1398 1379 1436 1410 ὡς
1454 1377 1608 1413 γέγραπται
1620 1385 1627 1392 ·
1645 1374 1832 1409 Πεπειριιιίέ-

1034 1435 1088 1459 νος
1112 1425 1188 1453 κατὰ
1217 1425 1316 1452 πάντα
1339 1424 1545 1458 (ὸς-ἅνθρωπος
1557 1421 1646 1457 χωρίς
1661 1421 1828 1456 ἁμαρτίας·

1035 1472 1089 1504 ἵνα,
1116 1473 1145 1498 ὲν
1167 1471 1207 1507 τῷ
1237 1471 1381 1506 μονοειδῶς
1406 1469 1522 1497 ἐνταῦθα
1547 1468 1600 1496 ἀπὸ
1623 1467 1725 1503 μητρὸς
1755 1467 1832 1493 κατὰ

1036 1517 1125 1552 σάρκα
1142 1516 1330 1552 γεγεννῆσθαι,
1348 1516 1469 1548 τελείως,
1481 1516 1528 1542 καὶ
1544 1515 1594 1542 οὐκ
1610 1513 1736 1545 ἐλλιπῶς,
1752 1513 1831 1549 δείξῃ

1033 1564 1089 1594 τοῖς
1103 1562 1273 1598 βουλομένοις
1285 1561 1351 1597 ὸρᾷν
1366 1561 1415 1597 τὴν
1431 1559 1569 1595 ἀλήθειαν,
1585 1559 1632 1585 καὶ
1650 1558 1686 1593 μὴ
1701 1557 1830 1592 τυφλὼτ‹

1035 1618 1090 1635 τειν
1103 1608 1148 1635 τὸν
1164 1608 1228 1635 ἴδιον
1242 1607 1320 1635 νοῦν·
1339 1607 1380 1633 ὅτι
1400 1606 1447 1633 καὶ
1465 1606 1521 1632 ἄνω
1538 1606 1570 1632 ὲκ
1590 1605 1696 1641 Πατρδς
1717 1604 1831 1636 τελείως

1035 1655 1206 1689 γεγέννηται,
1237 1653 1360 1689 ἀχρόνως
1387 1652 1434 1679 καὶ
1457 1652 1601 1687 ἁνάρχως,
1624 1651 1671 1677 καὶ
1696 1651 1773 1677 κάτω
1796 1651 1830 1676 ἐκ

1037 1701 1139 1737 μητρὸς
1154 1700 1238 1736 μόνης
1253 1700 1412 1734 γεγέννηται
1426 1698 1569 1734 ἁχράντως
1590 1698 1637 1724 καὶ
1655 1696 1817 1732 ἀμολύντως

195 1744 293 1767 necata
310 1746 400 1769 mente
416 1750 476 1770 esse
491 1743 638 1775 voluerint,
652 1751 713 1771 cum
733 1744 760 1770 in
776 1745 845 1771 coelo
862 1745 982 1779 perfecte
1000 1747 1061 1774 sine
1074 1748 1130 1775 ullo
1145 1752 1277 1781 tempore.
1295 1750 1342 1772 aut
1359 1745 1438 1772 initio
1454 1753 1486 1772 ex
1503 1744 1594 1776 Patre,
1606 1747 1663 1770 tum
1697 1744 1724 1770 in
1753 1747 1802 1770 ter.
1813 1750 1830 1769 a

194 1786 253 1812 sine
269 1785 327 1814 labe
343 1787 396 1814 ulla
413 1793 439 1815 et
456 1788 572 1820 macula,
588 1789 645 1816 sola
661 1796 690 1817 se
705 1797 768 1817 esse
782 1789 816 1816 de
830 1794 916 1818 matre
932 1791 1063 1825 genitum.

230 1831 325 1858 XXVI.
347 1833 435 1867 Atque
452 1838 481 1860 ut
498 1842 579 1861 voces
593 1834 652 1862 illas
667 1835 889 1870 interpretemur,
911 1835 984 1863 Ado-

195 1878 258 1909 ηαξ,
295 1879 408 1910 canani,
438 1879 489 1906 hoc
515 1883 572 1911 est,
594 1879 724 1907 Dominus
747 1880 900 1915 fwdiﬁcoeit
925 1889 983 1913 me;

196 1923 328 1957 quidquid
346 1923 459 1950 alterum
473 1924 569 1960 gignit,
598 1925 688 1953 simile
705 1925 801 1960 utique
816 1925 869 1953 sibi
885 1925 983 1961 gignit.

199 1969 268 2002 I'Irgo
280 1971 308 1995 et
323 1968 459 1995 hominem
481 1969 562 1997 homo
580 1975 708 2006 generat,
732 1975 759 1998 et
781 1971 854 1999 Deus
874 1970 959 1999 Deum
975 1978 983 1998 :

197 2014 242 2040 ille
257 2020 350 2045 carne.
365 2013 410 2041 hic
424 2015 520 2049 spiritu
535 2021 658 2051 generat.
674 2016 770 2050 Qualis
788 2025 870 2052 porro
887 2021 929 2045 est
941 2026 985 2053 ge-

197 2067 298 2088 nerans
312 2060 404 2091 homo,
419 2061 480 2088 talis
494 2066 575 2089 estet
588 2063 703 2097 genitus.
713 2062 801 2091 liomo
813 2064 860 2099 qui
873 2069 985 2100 generat

195 2114 259 2134 cum
280 2106 471 2136 aﬂectionibus
490 2108 526 2136 sit
550 2109 685 2138 obnoxius
698 2130 705 2142 ,
728 2110 840 2145 perinde
855 2116 881 2139 et
899 2111 984 2138 lilium

197 2153 302 2187 gignit;
330 2153 401 2181 Deus
424 2158 515 2181 autem
536 2155 610 2182 omni
637 2156 780 2184 allectione
793 2164 902 2191 carens,
923 2158 985 2184 sine

196 2200 290 2227 eadem
306 2203 333 2227 et
349 2200 471 2235 genitum
490 2208 506 2227 a
519 2208 548 2228 se
561 2200 659 2228 Filium
674 2202 820 2237 produxit;
834 2207 862 2230 et
874 2203 984 2238 quidem

1071 1835 1211 1869 Κεῗ-’Ὶνα
1227 1837 1255 1864 δὲ
1272 1837 1319 1864 καὶ
1341 1835 1553 1873 ἐρμηνεύσωμεν
1567 1834 1616 1870 τὴν
1640 1834 1687 1861 τοῦ
1709 1834 1829 1862 Ἀδωναῖ

1035 1883 1142 1910 κανανι
1168 1883 1249 1916 λέξιν,
1271 1883 1340 1919 ὅπερ
1363 1882 1430 1913 ἐστὶ,
1449 1883 1556 1916 Κύριος
1580 1881 1750 1907 ὲνόσσευσέ
1772 1888 1827 1915 με·

1035 1930 1090 1956 πᾶν
1102 1929 1155 1965 γὰρ
1182 1929 1212 1956 τὸ
1232 1929 1333 1963 γεννῶν
1358 1927 1450 1963 ὅμοιόν
1464 1937 1489 1954 τι
1504 1928 1640 1962 γεννήσει.
1666 1926 1828 1962 ’Ἄνθρωπος

1035 1975 1179 2011 ἄνθρωπον
1201 1976 1293 2010 γεννᾷ,
1307 1975 1354 2001 καὶ
1373 1974 1438 2006 Θεὸς
1451 1973 1527 2000 Θεὸν.
1548 1973 1603 1999 Καὶ
1619 1973 1634 1998 ό
1650 1972 1699 2008 μὲν
1723 1972 1830 2008 ἄνθρωη

1038 2030 1088 2053 ms
1109 2022 1190 2056 γεννᾷ
1217 2021 1287 2048 κατὰ
1303 2021 1402 2056 σάρκα,
1421 2020 1486 2051 Θεὸς
1503 2019 1530 2047 δὲ
1548 2019 1618 2046 κατὰ
1637 2018 1756 2054 πνεῦμα.
1771 2019 1829 2045 Καὶ

1036 2066 1092 2100 οἶος
1105 2068 1119 2093 ὸ
1136 2067 1237 2101 γεννῶν
1259 2067 1411 2103 ἄνθρωπος,
1441 2066 1562 2098 τοιοῦτος
1582 2065 1628 2092 καὶ
1644 2068 1658 2092 ὁ
1676 2065 1722 2091 ὑπ’
1742 2065 1826 2091 αὑτοῦ

1037 2113 1213 2149 γεννώμενος.
1239 2113 1310 2140 Εϊσω
1336 2112 1428 2139 παθῶν
1444 2112 1635 2147 περιεχόμενος
1655 2112 1669 2137 ὁ
1693 2111 1827 2146 γεννήσας

1037 2159 1178 2193 ἄνθρωπος
1194 2159 1238 2185 τὸν
1257 2158 1322 2185 ῐδιον
1345 2158 1416 2184 υἱόν·
1430 2158 1477 2184 καὶ
1489 2158 1503 2184 ὁ
1518 2156 1626 2191 ἀπαθὴς
1643 2156 1708 2187 Θεὸς
1721 2156 1767 2182 τὸν
1779 2156 1825 2182 ὑπ’

1036 2205 1117 2232 αὑτοῦ
1130 2205 1327 2240 γεγεννημένον
1335 2205 1398 2231 Υἰὸν
1407 2203 1519 2235 ἀπαθῶς
1529 2203 1671 2238 ἐγέννησεν
1679 2201 1824 2237 ἀληθινῶς,

197 2253 260 2273 vere
275 2254 329 2273 non
348 2247 438 2281 specie
458 2247 527 2280 sola,
550 2255 582 2275 ex
607 2249 766 2283 semetipso,
782 2257 835 2277 non
859 2255 934 2277 extra
955 2257 983 2277 se

1037 2251 1083 2278 καὶ
1104 2251 1132 2278 οὺ
1160 2251 1270 2286 δοκήσει
1282 2250 1336 2278 ἀπὸ
1351 2249 1459 2281 ἑαυτοῦ,
1473 2249 1520 2276 καὶ
1540 2250 1589 2276 οὐκ
1604 2249 1702 2282 ἔξωθεν
1716 2249 1823 2281 ἑαυτοῦ,

197 2293 307 2326 genuit;
330 2293 443 2328 spiritus
470 2294 574 2329 utique,
602 2295 662 2322 sine
682 2295 747 2328 ulla,
773 2297 812 2323 uti
828 2295 899 2328 dixi,
916 2296 981 2323 ιιΠο-

197 2337 298 2370 ctione,
314 2345 347 2364 ac
361 2337 420 2365 sine
435 2337 528 2365 eadem
544 2339 670 2374 spiritum
687 2348 830 2375 g-ucrans,
851 2341 922 2368 Deus
942 2341 984 2368 af-

197 2383 326 2411 fectionis
341 2391 439 2419 expers
453 2393 546 2412 verum
569 2385 652 2418 Deum
670 2387 730 2414 sine
748 2387 891 2415 affectione
903 2387 984 2426 751‘

197 2429 362 2463 producens.
380 2431 484 2458 Etenim
503 2431 546 2459 ille
568 2431 636 2466 ipse,
652 2433 697 2467 qui
714 2433 816 2460 creavit
833 2433 935 2465 omnia,
957 2433 984 2460 id

197 2475 269 2510 quod
285 2483 319 2502 ne
332 2479 359 2503 tu
379 2477 487 2512 quidem
504 2477 619 2505 inliciari
635 2478 728 2509 audes,
742 2485 758 2504 ο
770 2478 827 2511 Ari,
844 2478 926 2510 idem,
941 2478 984 2505 in—

196 2528 296 2556 quam,
314 2521 411 2549 Filium
427 2524 530 2558 gentlit.
555 2524 645 2556 Quare
671 2524 693 2551 si
715 2523 787 2551 istud
804 2524 938 2559 objicias:
957 2524 985 2552 Si

197 2567 302 2601 genuit,
321 2569 475 2602 passionem
496 2569 615 2605 aliquam
631 2569 765 2605 gignendo
780 2575 908 2605 expertus
925 2575 983 2604 est;

196 2613 244 2640 tibi
261 2613 311 2640 hoc
323 2613 441 2642 vicissim
458 2622 626 2649 opponemus
643 2624 649 2641 :
669 2614 696 2643 Si
711 2616 867 2650 generando
882 2617 984 2652 aliquid

196 2666 293 2692 passus
314 2663 372 2692 est,
396 2659 478 2687 etiam
504 2660 531 2687 in
547 2659 665 2687 creando
686 2661 829 2688 laboravit.
851 2662 904 2690 Res
925 2663 983 2697 ipsa

195 2710 277 2736 porro
287 2704 327 2731 sic
340 2712 369 2732 se
387 2704 478 2737 habet,
489 2707 518 2731 ut
531 2712 701 2739 qu:ecunque
713 2706 839 2738 voluerit,
851 2707 877 2734 in
893 2707 984 2742 seipso

196 2749 314 2782 perfecte
329 2750 486 2783 contineat;
503 2757 535 2777 ac
558 2758 645 2785 neque
665 2751 691 2778 in
707 2751 788 2779 rebus
806 2752 983 2787 procreandis

194 2794 364 2823 leeetionem
391 2796 473 2823 ullam
501 2796 647 2831 suscipiat,
673 2805 762 2833 neque
779 2803 889 2833 propter
912 2799 984 2827 inte-

1034 2296 1147 2331 Πνεῦμα
1156 2296 1193 2323 ὣν
1205 2296 1319 2328 ἀπαθὲς,
1332 2296 1378 2323 καὶ
1391 2295 1492 2331 γεννῶν
1502 2295 1614 2331 Πνεῦμα
1622 2295 1747 2327 ἀπαθῶς,
1758 2295 1825 2327 Sabe

1034 2341 1071 2368 ὢν
1087 2342 1203 2377 ἀπαθὴς,
1218 2342 1283 2369 Θεὸν
1298 2341 1424 2377 ἀληθινὸν
1435 2342 1567 2378 γεννήσας
1583 2341 1705 2373 ἀπαθῶς.
1723 2342 1755 2367 El
1770 2341 1824 2376 γὰρ

1034 2387 1114 2418 αὐτὸς
1127 2386 1217 2413 ἔκτισε
1231 2387 1265 2414 τὰ
1277 2387 1375 2418 πάντα,
1393 2388 1439 2414 καὶ
1460 2387 1610 2422 ὁμολογεῖς,
1626 2383 1649 2413 ὦ
1664 2388 1768 2422 Ἀρειε,
1784 2387 1823 2413 ὅτι

1034 2431 1159 2459 κέκτικεν
1173 2432 1186 2460 ὁ
1202 2432 1268 2465 Θεὸς
1282 2432 1315 2460 τὰ
1334 2433 1435 2466 πάντα,
1449 2433 1529 2464 αὐτὸς
1544 2433 1591 2459 καὶ
1604 2433 1649 2459 τὸν
1667 2432 1731 2459 Υἱὺν
1750 2433 1825 2466 ἐγέν-

1035 2486 1125 2513 νησεν.
1140 2479 1171 2504 Εἰ
1183 2478 1211 2505 δὲ
1223 2479 1321 2513 λέγεις,
1341 2478 1404 2506 Ἐὰν
1418 2479 1571 2514 ἐγέννησεν,
1582 2478 1665 2505 ἔπαθε
1678 2479 1821 2513 γεννήσας·

1035 2523 1082 2550 καὶ
1109 2524 1189 2560 ἡμεῖς
1212 2524 1280 2560 πρὸς
1298 2525 1327 2551 σὲ
1346 2524 1473 2561 ἐροῦμεν,
1485 2525 1536 2558 ὅτι,
1553 2525 1578 2551 εί
1594 2524 1696 2559 γεννῶν
1722 2524 1822 2556 ἔπαθε,

1035 2570 1158 2606 κέκμηκε
1170 2570 1275 2604 κτίσας,
1298 2571 1366 2598 ἀλλὰ
1382 2572 1439 2607 ἅμα
1455 2571 1543 2599 πάντα
1558 2572 1575 2599 a
1589 2571 1724 2606 βούλεται,
1738 2572 1823 2598 πάντα

1033 2616 1090 2652 ἔχει
1103 2618 1132 2644 ὲν
1158 2617 1246 2652 ἐαυτῷ
1261 2618 1290 2644 ἐν
1302 2617 1453 2653 τελειότητι
1463 2627 1469 2634 ·
1486 2618 1533 2645 καὶ
1549 2617 1610 2644 οὒτε
1626 2618 1655 2644 ἐν
1671 2617 1711 2653 τῷ
1721 2617 1822 2650 κτίζειν

1033 2663 1072 2694 είς
1085 2663 1130 2689 τὸν
1146 2662 1210 2690 Υἰὸν
1219 2663 1228 2679 ³
1242 2663 1326 2695 πάθος
1338 2664 1478 2699 ὲνσκήψει,
1494 2663 1555 2689 οὔτε
1573 2663 1654 2690 πάθει
1664 2662 1822 2698 συνέχεσθαι

1032 2707 1062 2734 τὸ
1075 2708 1152 2734 Θεῖον
1169 2707 1213 2735 διὰ
1228 2708 1276 2744 τὴν
1297 2709 1430 2744 ἄχραντον
1444 2709 1490 2735 τοῦ
1505 2709 1570 2736 Υἱοῦ
1588 2709 1714 2745 γέννησιν
1726 2710 1821 2745 νοηοὴ-

1034 2762 1119 2781 σεται.
1144 2755 1296 2790 ’Ἄτρεπτος
1324 2755 1377 2790 γὰρ
1399 2756 1413 2782 ὀ
1437 2755 1543 2791 Πατὴρ,
1562 2755 1694 2792 ἄτρεπτος
1712 2757 1727 2782 ὁ
1748 2755 1820 2787 Υἱὸς,

1031 2799 1165 2835 ἄτρεπτον
1180 2800 1209 2827 τὸ
1224 2800 1335 2836 Πνεῦμα
1346 2801 1376 2827 τὸ
1391 2801 1479 2836 ἅγιον,
1491 2801 1540 2837 μία
1550 2801 1638 2835 οὐσία,
1654 2802 1702 2837 μία
1717 2801 1822 2838 θεότης.

232 2871 332 2900 'llebr.
350 2881 387 2908 tv,
402 2874 445 2902 15.
484 2875 493 2890 ²
506 2874 568 2903 Cor.
581 2875 626 2902 καὶ
642 2875 690 2912 οὐχ
707 2875 748 2903 ὅτι
765 2875 817 2903 ἀπὸ
834 2876 914 2911 σπέρ.
928 2877 970 2904 ἀν.

1039 2897 1045 2904 .
1085 2878 1094 2893 ³
1107 2877 1136 2905 1³.
1150 2877 1249 2911 ὁτιοῦν,
1266 2886 1315 2914 pro
1331 2879 1369 2911 εἰς
1382 2879 1426 2906 τὸν
1449 2879 1521 2906 Υἱόν.
