1929 3039
113 146 171 175 945

460 150 646 180 ADVERSUS
665 152 838 184 IIERESES
854 156 919 186 LIB.
937 157 969 186 ll.
989 158 1072 188 TOM.
1090 158 1158 188 ll.—
1167 159 1304 190 HAERES.
1325 156 1418 190 LXIX.

1707 147 1761 192 sto

342 208 481 257 spe-lutet.
497 211 565 247 (95)'
580 212 671 257 Oille
682 214 838 251 ἐγέννησεν,
854 216 870 252 ἦ
882 218 919 254 μὴ

974 226 1057 254 grant,
1075 227 1106 248 ac
1121 220 1298 256 purissimam
1312 220 1373 249 Filii
1388 220 1592 257 generationem
1612 221 1668 257 pati
1682 221 1762 257 quid-

117 253 215 281 θέλων.
232 254 286 281 Καὶ
303 255 352 282 οὐκ
366 255 426 291 είμὶ
441 257 513 284 κατὰ
528 258 570 291 σὲ,
592 255 615 285 ὧ
632 259 778 293 φιλόνεικε,
792 261 836 288 ἴνα
849 262 879 289 ἓν
891 271 917 290 τι

115 299 240 326 τοιοῦτον
255 301 295 333 είς
317 300 383 328 Θεὸν
409 301 552 338 διανοηθιῖλ
573 302 605 330 Εἰ
625 304 675 340 μὲν
692 305 746 341 γὰρ
770 306 807 342 μὴ
823 305 916 342 βουλό-

118 354 203 380 μενος
216 346 371 382 ἐγέννησεν,
384 347 458 374 ἄκων
473 348 602 383 ἐγέννησε
613 357 620 363 '
646 350 694 376 καὶ
707 351 732 377 εἰ
755 351 916 387 βουλόμενος

118 391 276 427 ἐγέννησεν,
304 391 358 428 ἀρα
375 389 409 428 ἦν
430 392 461 419 τὸ
493 392 620 430 βούλημα
637 395 690 431 πρὸ
704 395 752 422 τοῦ
767 396 832 423 Υἱοῦ
846 405 852 411 ·
869 397 917 424 καὶ

117 437 197 464 ἔσται
217 438 268 465 κᾶν
286 438 357 474 ῥοπὴ
378 439 475 474 χρόνου
494 441 597 475 μεταξὺ
618 442 684 469 Υἱοῦ
699 442 743 470 διὰ
756 443 801 470 τοῦ
818 443 917 479 βουλή-

119 491 218 517 ματος.
241 482 286 510 Ἐν
296 483 356 519 θεῷ
368 484 397 511 δὲ
408 484 438 511 οὺ
451 485 546 520 χρόνος
562 486 602 518 εἰς
619 486 727 523 βουλὴν,
745 488 775 514 οὺ
789 487 918 524 βούλησις

118 529 161 561 εἰς
179 530 329 566 διανόησιν.
356 532 425 572 Οὔτε
449 531 497 560 οὖν
523 534 607 561 θέλων
629 535 784 572 ἐγέννησεν,
798 536 861 564 οὔτε
878 537 916 572 μὴ

118 574 216 607 θέλων,
234 576 302 603 ἀλλὰ
326 578 355 604 ἐν
377 579 410 613 τῇ
437 578 508 614 ὑπὲρ
530 578 627 616 βουλὴν
652 580 742 616 φύσει.
758 581 841 614 Φύσις
861 582 916 619 γὰρ

118 621 197 657 αὐτῷ
226 623 284 649 ἐστι
305 622 445 659 θεότητος,
462 624 524 651 οὔτε
550 625 648 661 βουλῆς
669 627 916 664 ἐπιδεομένη,οὖτε

118 667 185 693 ἄνευ
205 666 302 703 βουλῆς
323 677 350 694 τι
376 669 544 704 πράττουσα,
568 670 625 698 ἀλλ’
641 671 700 707 ἅμα
721 672 750 705 ἐξ
772 673 854 709 αὐτῆς
883 673 918 702 τὰ

118 713 211 741 πάντα
229 713 338 750 ἔχουσα,
356 715 403 742 καὶ
418 715 496 743 οὐδὲν
509 716 640 744 λείπουσα
649 717 703 745 τῶν
717 718 813 745 ὖντων.

970 272 1052 300 quam
1082 266 1205 294 divinum
1231 275 1331 295 numen
1364 266 1489 302 aﬂicique
1515 267 1698 302 suspicemur.
1732 265 1787 295 Sil

973 310 1082 346 quidem
1098 311 1278 340 intmutabilis
1297 309 1340 340 est
1353 311 1446 346 Pater,
1468 312 1650 340 immutabilis
1665 311 1762 347 Filius,

970 357 1148 385 immutabilis
1174 357 1294 393 Spiritus
1317 362 1441 392 sanctus,
1472 365 1526 385 una
1550 358 1682 391 essentia,
1709 366 1763 391 una

970 402 1108 430 divinitas.
1122 403 1157 430 At
1172 403 1244 431 enim
1259 403 1334 432 dices
1349 414 1355 432 :
1370 403 1418 432 Vel
1435 404 1587 437 voluntate,
1607 404 1651 431 vel
1666 407 1760 439 praeter

969 448 1136 477 voluntatem
1160 449 1265 485 genuit.
1291 449 1347 486 Ego
1369 458 1435 478 vero
1459 457 1633 486 nequaquam
1655 457 1704 477 ero
1724 449 1764 476 tui

968 494 1077 527 similis,
1093 495 1175 523 homo
1185 496 1451 529 contentiosissime,
1459 501 1488 525 ut
1501 497 1534 525 de
1547 496 1602 524 Deo
1612 496 1764 532 quidquam

968 540 1105 575 ejusmodi
1133 541 1267 578 cogitem;
1293 550 1355 570 nam
1386 543 1444 571 sive
1471 535 1571 578 praeter
1594 542 1765 570 voluntatem

968 585 1071 621 genuit,
1095 586 1197 615 invitus
1211 588 1316 623 genuit,
1343 587 1402 616 sive
1425 588 1566 616 voluntate
1579 588 1686 624 genuit,
1706 587 1765 615 hzec

970 630 1029 666 ipsa
1043 631 1169 660 voluntas
1183 631 1282 660 Filium
1296 632 1444 662 antecessit
1456 641 1463 660 :
1477 633 1550 661 unde
1563 633 1605 661 vel
1621 633 1764 660 minimum

971 676 1067 703 saltem
1093 681 1261 705 momentum
1280 682 1391 714 propter
1417 679 1484 706 illud
1501 679 1652 706 voluntatis
1667 677 1765 706 decre-

972 726 1028 749 tum
1044 726 1107 751 ante
1123 722 1221 751 Filium
1238 724 1362 761 intercipi
1383 725 1492 761 poterit.
1507 725 1543 753 At
1560 725 1587 752 in
1604 725 1660 753 Deo
1674 731 1765 759 neque

119 767 230 796 tempus
257 763 291 790 ad
319 763 481 798 capiendum
504 765 661 798 consilium,
686 774 772 802 neqtte
788 767 914 796 voluntas
928 768 961 797 ad
976 770 1169 806 cogitationem
1198 773 1356 809 requiritur.
1384 774 1519 807 Quocirca
1551 781 1640 809 neque
1669 773 1784 804 volens_

119 814 210 859 neque
226 815 291 836 vero
315 810 413 837 nolens
431 811 536 846 getutit,
555 812 603 839 sed
631 812 658 839 in
678 817 788 847 natura,
810 821 871 849 qua:
887 815 1004 843 consilio
1022 818 1097 845 omni
1117 819 1243 854 superior
1269 824 1322 848 est.
1338 815 1489 848 Haac‘euim
1511 825 1554 849 est
1575 825 1672 848 natura
1696 819 1767 846 divi--

120 857 226 902 uitatis,
243 857 272 881 ut
289 862 376 890 neque
402 857 519 884 consilio
534 861 623 892 egeat,
648 865 699 885 nec
720 858 824 895 absque
841 860 957 888 consilio
984 863 1133 899 quidquam
1156 865 1295 898 moliatur,
1318 863 1367 894 Sed
1393 873 1427 893 ex
1449 866 1541 902 seipsa
1558 866 1639 894 simul
1667 865 1768 893 habeat

119 901 224 933 omttia,
243 909 292 929 nec
314 901 368 928 ulla
388 909 418 930 re
435 902 589 930 deliciatur.

158 950 221 976 KZ'.
238 950 296 976 Ἔτι
313 950 340 977 δὲ
352 950 433 978 πάλιν
448 951 463 977 ὁ
474 951 555 983 αὐτὸς
563 951 671 987 ’Ἄρειος
686 951 911 989 θηρᾶταιλέεεις,

1003 953 1109 982 XXVII.
1129 953 1189 983 Iam
1206 962 1270 984 vero
1291 954 1364 983 idem
1385 955 1430 983 ille
1441 943 1536 987 'Arius,
1553 955 1599 990 qui
1614 955 1641 983 in
1658 961 1769 991 captan-

120 995 291 1030 περινοστῶν
315 996 359 1023 ἀεὶ
393 997 426 1023 τὰ
458 997 564 1029 πάντα,
588 997 636 1024 καὶ
665 998 916 1034 περιεργαζόμενος

119 1041 213 1077 ἑαυτῷ
238 1042 272 1069 τὰ
302 1042 436 1078 μοχθηρὰ,
451 1043 501 1078 οὐχ
520 1043 558 1075 ὡς
577 1042 633 1078 ἔχει
649 1044 680 1070 τὸ
702 1044 773 1072 θεῖον
789 1045 918 1081 γράμμα,

119 1087 180 1114 ἀλλ’
198 1088 236 1119 ὡς
258 1087 340 1120 αὐτὸς
352 1088 438 1115 νοσῶν
458 1089 523 1125 περὶ
549 1089 599 1121 τὰς
619 1089 746 1126 ζητήσεις
773 1092 820 1118 καὶ
841 1091 920 1126 λογο-

122 1133 225 1169 μαχίας
245 1134 286 1166 είς
304 1134 381 1161 οὐδὲν
408 1135 561 1171 χρήσιμον,
584 1135 642 1163 ἀλλ’
665 1136 712 1163 ἐπὶ
741 1137 919 1173 καταστροφῇ

121 1179 220 1206 ἑαυτοῦ
249 1180 298 1207 καὶ
322 1180 376 1207 τῶν
391 1180 436 1207 ὑπ’
454 1180 536 1208 αὑτοῦ
554 1181 780 1218 πεπλανημένων,
801 1182 921 1218 ἐπιλαμ-

121 1226 234 1252 ϐάνεται
265 1226 312 1253 τοῦ
349 1225 431 1262 ῥητοῦ
446 1248 454 1260 ,
482 1224 512 1254 οὗ
534 1229 548 1255 ό
569 1227 670 1263 Κύριος
707 1227 825 1263 εὐλογῶν
857 1229 922 1261 τοὺς

123 1271 248 1307 μαθητὰς
268 1271 337 1308 ἔφη·
355 1272 461 1307 Πάτερ,
487 1273 540 1306 δὸς
561 1274 663 1308 αὐτοῖς
685 1273 762 1309 ζωὴν
782 1274 867 1310 ἔχειν
889 1275 924 1302 ἐν

121 1318 250 1352 ἑαυταῖς.
273 1318 354 1352 Αὕτη
379 1318 414 1346 δέ
430 1319 517 1346 ἐστιν
535 1319 555 1353 ή
575 1319 692 1354 αἰώνιος
712 1319 780 1354 (inii,
804 1321 856 1348 Ira
878 1330 923 1356 γι-

121 1363 264 1391 νώσκωσι
299 1373 335 1392 σε
365 1365 419 1392 τὸν
437 1365 534 1400 μόνον
565 1365 713 1400 ἀληθινὸν
742 1367 837 1398 Θεὸν.
874 1366 923 1394 καί

122 1410 160 1438 ὃν
182 1410 365 1444 ἀπέστειλας
393 1411 511 1445 Ἰησοῦν
530 1412 668 1446 Χριστόν.
701 1412 773 1439 Ἀλλ’
801 1412 852 1448 ⁸ἤδη
877 1422 924 1448 μοι

123 1457 371 1492 πεπραγμάτευται
386 1458 451 1493 περὶ
464 1457 568 1484 τούτων
587 1457 696 1485 πάντων
712 1459 741 1485 ὲν
757 1458 796 1494 τῷ
810 1459 921 1495 μεγάλῳ

123 1504 188 1538 περὶ
215 1502 332 1536 πίστεως
355 1503 438 1539 λόγῳ,
457 1499 480 1537 ᾧ
508 1503 590 1530 πάλιν
617 1504 688 1531 κατὰ
703 1504 753 1540 τὴν
773 1504 852 1540 ἡμῶν
877 1513 926 1540 με-

122 1549 253 1585 τριότητα
266 1549 313 1576 καὶ
327 1549 481 1582 ἀσθένειαν,
502 1549 722 1584 ἀναγκασθέντες
734 1550 787 1577 ὑπὸ
800 1550 851 1585 τῆς
866 1550 922 1577 τῶν

123 1594 247 1630 ἀδελφῶν
276 1595 487 1631 προτρεπτικῆς
511 1595 723 1631 παρακλήσεως,
746 1596 926 1632 γεγράφαμεν

970 1001 1013 1030 dis
1028 1001 1141 1030 vocibus
1154 1001 1192 1029 ita
1207 1006 1279 1029 totus
1292 1005 1346 1036 est,
1361 1001 1453 1029 omnia
1470 1005 1500 1029 ut
1515 1001 1659 1037 diligenter
1673 1001 1767 1034 obeat,

973 1056 1006 1077 ac
1026 1049 1185 1084 perlustret,
1201 1052 1284 1084 atque
1306 1049 1430 1084 improba
1446 1048 1571 1084 quaedam
1586 1048 1769 1082 undequaquo

970 1094 1096 1130 vestigct,
1118 1102 1171 1122 non
1192 1099 1221 1122 ut
1239 1094 1340 1122 divinis
1357 1093 1468 1122 Litteris
1494 1099 1680 1121 consentanea
1698 1094 1766 1126 sint,

971 1141 1018 1169 sed
1036 1148 1085 1176 pro
1103 1148 1136 1169 eo
1151 1145 1232 1176 atque
1251 1140 1340 1175 ipsum
1367 1140 1451 1167 animi
1476 1139 1590 1167 morbus
1615 1139 1766 1175 impulerit,

971 1194 1027 1222 quo
1041 1186 1074 1214 ad
1087 1187 1183 1215 inanes
1207 1186 1392 1222 quaestiones,
1404 1188 1432 1212 et
1447 1184 1594 1213 verborum
1608 1185 1762 1213 contentio-

972 1240 1020 1261 nes
1035 1233 1217 1268 rapitur,quze
1232 1232 1299 1260 nulli
1316 1232 1394 1260 alteri
1411 1232 1473 1260 usui
1489 1231 1555 1263 sint,
1568 1239 1651 1268 quam
1664 1236 1695 1259 ut
1711 1237 1767 1259 tam

972 1280 1080 1316 ipsum,
1095 1286 1177 1315 quam
1202 1283 1353 1307 sectatores
1373 1286 1440 1307 suos
1461 1279 1488 1306 in
1509 1278 1658 1314 perniciem
1677 1278 1767 1312 conji-

973 1326 1058 1354 ciant.
1076 1324 1177 1354 Eodem
1195 1326 1277 1360 igitur
1294 1324 1423 1352 instituto
1438 1324 1512 1351 illam
1530 1323 1636 1351 Domini
1652 1327 1764 1351 senten-

975 1369 1041 1397 tiam
1058 1369 1166 1404 arripit,
1181 1377 1247 1404 qua,
1263 1376 1326 1396 eum
1342 1368 1487 1403 discipulis
1506 1368 1565 1396 suis
1588 1368 1658 1396 bene
1675 1375 1769 1403 preca-

974 1419 1060 1447 retur,
1076 1423 1142 1443 usus
1159 1423 1220 1443 esse
1240 1415 1339 1450 legitur
1354 1423 1362 1442 :
1384 1414 1478 1446 Pater,
1496 1414 1531 1441 da
1546 1414 1601 1441 illis
1619 1414 1701 1441 vitam
1718 1413 1769 1441 Ita-

975 1461 1034 1489 bere
1056 1462 1083 1488 in
1106 1461 1261 1495 semetipsis.
1280 1460 1343 1487 Ηωε
1356 1464 1396 1487 est
1415 1465 1504 1487 autem
1531 1460 1584 1487 vita
1607 1465 1718 1490 wlertm,
1736 1465 1767 1485 ut

975 1511 1132 1542 cognoscant
1148 1510 1172 1533 te
1186 1505 1271 1533 solum
1287 1513 1377 1532 verum
1396 1504 1478 1532 Deum
1490 1525 1498 1537 ,
1522 1509 1549 1532 et
1571 1513 1648 1540 quem
1674 1504 1770 1532 misisti

975 1552 1067 1580 Jesum
1085 1551 1249 1580 Christum‘.
1266 1550 1367 1578 Verum
1383 1550 1417 1579 de
1433 1551 1475 1579 his
1489 1551 1617 1578 omnibus
1630 1551 1686 1585 jam
1707 1554 1770 1578 ante

976 1597 1177 1632 disputavimus
1200 1596 1227 1624 in
1253 1604 1352 1631 tnagno
1375 1596 1423 1623 illo
1446 1595 1479 1623 de
1503 1596 1553 1623 litie
1578 1596 1657 1627 libro,
1675 1603 1768 1630 quem,

124 1641 188 1677 περὶ
202 1640 319 1674 πίστεως
331 1650 337 1657 ·
348 1638 370 1676 ᾧ
383 1641 455 1677 λόγῳ
463 1641 617 1676 ὲπεθέμεθα
626 1641 712 1676 ὕνομα
725 1642 917 1677 Ἀγκυρωτόν.

975 1647 1026 1674 pro
1042 1640 1142 1675 ingenii
1159 1641 1247 1668 nostri
1263 1640 1452 1668 mediocritate
1468 1646 1550 1675 atque
1567 1640 1768 1672 imbecillitate,

123 1685 179 1713 Καὶ
194 1686 249 1722 γὰρ
266 1686 391 1720 καθάπερ
411 1687 425 1713 ό
444 1687 576 1722 ἡμέτερος
591 1686 715 1722 ἐξίσχυσε
738 1687 845 1722 πτωχὸς
864 1687 926 1719 νοῦς

123 1731 168 1759 δ;ὰ
179 1733 228 1768 τῆς
239 1732 286 1759 τοῦ
297 1732 364 1759 Θεοῦ
378 1732 514 1768 βοηθείας,
522 1733 554 1759 ὲκ
569 1732 658 1767 πάσης
669 1732 782 1768 Γραφῆς
795 1733 926 1767 συνάγον-

123 1787 170 1810 τες
189 1778 223 1806 τὰ
247 1779 362 1815 ἀληθινὰ
377 1779 428 1815 τῆς
447 1779 494 1806 τοῦ
511 1778 579 1805 Θεοῦ
593 1779 778 1811 διδασκαλίας.
798 1779 924 1815 ἄγκυραν

123 1825 221 1862 ὥςπερ
235 1827 291 1858 τοῖς
318 1826 493 1862 βουλομένοις
511 1826 562 1862 τὴν
578 1826 659 1860 ἁγίαν
674 1826 800 1862 πατέρων
821 1825 925 1858 πίστιν,

124 1871 309 1908 ἀποστολικήν
321 1881 352 1899 τε
373 1873 420 1900 καὶ
439 1873 623 1908 προτρητικὴν,
638 1872 684 1900 καὶ
700 1872 747 1899 ἀπ’
760 1871 848 1908 ἀρχῆς
861 1871 926 1906 ἄχρι

123 1918 173 1946 τοῦ
196 1918 276 1954 δεῦρο
304 1919 333 1945 ὲν
359 1919 393 1954 τῇ
419 1918 486 1953 ἁγίᾳ
508 1917 556 1945 τοῦ
574 1917 641 1945 Θεοῦ
670 1918 819 1954 Ἐκκλησία
834 1925 926 1952 κεκη-

126 1965 278 2002 ρυγμένην,
294 1964 581 2000 σαφῶςπαρεθέμεθα.
594 1964 634 1997 εἰς
649 1965 681 1991 τὸ
697 1964 860 1999 κατέχεσθαι
876 1964 925 2000 τὴν

124 2011 257 2043 διάνοιαν,
273 2011 321 2038 καὶ
347 2010 556 2045 ἁσφαλίζεσθαι,
584 2009 623 2046 μὴ
645 2011 706 2042 ταῖς
728 2010 860 2043 ἐπινοίαις
877 2010 925 2037 τοῦ

125 2057 249 2084 διαϐόλου
267 2056 435 2093 ριπίζεσθαι,
451 2057 519 2093 μηδὲ
539 2056 719 2094 κλυδωνιᾳμῷ
735 2056 926 2092 παραϐλάπτε-

126 2104 190 2131 σθαι
203 2103 242 2140 τῷ
259 2104 314 2132 ἀπὸ
340 2103 394 2131 τῶν
419 2104 554 2139 αἱρέσεων
569 2104 598 2130 ὲν
623 2104 720 2139 κόσμῳ
732 2103 926 2137 πολυϐλύστως

125 2150 310 2186 κεκινημένῳ.
337 2151 418 2177 Οὕτω
443 2151 499 2187 γὰρ
527 2151 575 2178 καὶ
591 2151 605 2177 ό
620 2150 723 2186 Κύριος
743 2149 847 2183 ἐδίδαξε
861 2151 924 2184 τοὺς

125 2195 223 2223 ἑαυτοῦ
261 2195 386 2232 μαθητὰς
413 2195 510 2231 λέγων,
533 2196 574 2223 ὅτι
605 2196 677 2222 Ἐὰν
700 2195 773 2229 ὅπερ
784 2195 925 2230 ἀπαρχῆς

125 2242 289 2276 ἠκούσατε,
308 2242 387 2278 μένῃ
408 2242 443 2269 ἐν
465 2241 547 2276 ὑμῖν,
561 2241 620 2277 [καὶ
641 2241 688 2268 ἐὰν
703 2242 732 2268 ὲν
747 2242 812 2276 ὑμῖν
829 2241 897 2277 μένῃ
911 2241 926 2268 ὃ

126 2287 260 2323 ἠκούσατε
277 2287 428 2324 ἀπαρχῆς,]
440 2287 524 2323 ὑμεῖς
539 2288 574 2314 ἐν
590 2287 654 2323 ἐμοὶ
661 2287 788 2322 μενεῖτε,
804 2287 854 2314 καί
867 2286 925 2322 ἐγὼ

126 2334 161 2360 ἐν
185 2334 268 2369 ὑμῖν,
293 2334 373 2369 κάγὼ
399 2335 434 2361 ὲν
447 2333 488 2367 τῷ
507 2334 610 2368 {Im-pl,
636 2333 685 2360 καί
700 2334 785 2369 ὑμεῖς
800 2333 835 2360 ἐν
848 2333 923 2368 ἐμοί.

128 2377 208 2404 Ὥστε
223 2375 270 2405 οὖν
282 2378 317 2405 τὰ
331 2379 457 2414 ἀπαρχῆς
475 2379 643 2406 ἁκουσθέντα
660 2379 712 2405 ὑπὸ
730 2379 738 2394 ¹
754 2378 801 2405 τοῦ
819 2379 922 2414 Κυρίου

128 2423 245 2459 ἀληθινὰ
270 2424 322 2459 τῆς
347 2424 466 2456 πίστεως
495 2425 570 2460 μένει
600 2425 630 2451 ἐν
643 2426 676 2461 τῇ
699 2424 764 2461 ἁγίᾳ
788 2424 836 2452 τοῦ
855 2424 923 2451 Θεοῦ

134 2467 297 2504 Ἐκκληπίᾳ¹
322 2469 368 2496 καὶ
395 2469 440 2496 διὰ
461 2469 540 2496 τοῦτο
567 2470 642 2505 μένει
661 2471 677 2506 ή
697 2470 763 2505 ἁγία
781 2470 829 2497 τοῦ
856 2470 924 2497 Θεοῦ

134 2513 293 2549 Ἐκκλησία,
329 2515 375 2542 καὶ
399 2514 540 2551 ὁροόδοξος
569 2516 660 2548 πίστις
686 2517 715 2543 ὲν
735 2516 924 2552 Κυρίῳ.καὶό

977 1686 1093 1714 fratrum
1118 1690 1275 1714 nostrorutn
1300 1686 1428 1722 precibus
1449 1690 1476 1713 et
1501 1687 1703 1714 ltortationibns
1722 1686 1771 1712 ad-

977 1734 1051 1761 ducti
1080 1733 1310 1769 perseripsitnus,
1329 1733 1373 1760 cui
1393 1734 1527 1759 Ancorato
1546 1740 1645 1760 nomen
1670 1732 1770 1759 indidt-

978 1788 1057 1811 mus,
1073 1783 1220 1815 propterea
1239 1779 1313 1814 quod
1337 1783 1470 1814 quantum
1495 1786 1543 1813 pro
1561 1778 1661 1813 ingenii
1683 1778 1769 1805 nostri

977 1826 1079 1861 inopia,
1096 1826 1243 1861 adiuvante
1263 1825 1328 1858 Deo,
1344 1826 1475 1861 consequi
1492 1825 1642 1861 potuimus,
1658 1832 1690 1851 ex
1707 1825 1770 1850 titti-

976 1879 1057 1899 versa
1082 1871 1224 1907 Scriptura
1248 1879 1311 1899 vera
1328 1879 1359 1899 ac
1375 1878 1505 1907 germana
1518 1871 1619 1898 divina:
1638 1870 1772 1898 doctrina:

976 1916 1104 1952 dogmata
1123 1917 1295 1952 colligentes,
1317 1916 1399 1952 752
1413 1916 1489 1944 velut
1503 1916 1652 1944 ancltoram
1673 1923 1772 1950 quatu-

976 1962 1040 1991 dam
1063 1963 1090 1990 in
1106 1970 1202 1990 eorutn
1223 1958 1271 1998 qui
1292 1963 1331 1990 uti
1347 1963 1458 1994 vellent,
1482 1962 1610 1998 gratiam,
1628 1961 1772 1988 sanctissi-

976 2017 1049 2036 mam
1066 2013 1174 2045 patrum
1192 2014 1349 2037 nostrorum
1370 2008 1462 2041 ﬁdem,
1484 2013 1511 2036 ct
1527 2008 1718 2044 apostolicam,
1739 2015 1772 2035 ac

976 2054 1163 2090 proplteticam
1179 2054 1214 2082 ab
1233 2053 1313 2082 initio
1327 2053 1361 2081 ad
1378 2054 1540 2081 hodiernmu
1560 2061 1648 2087 uSqne
1664 2058 1772 2087 tempus

977 2100 1004 2127 in
1020 2105 1114 2128 sancta
1130 2099 1176 2127 Dei
1195 2099 1319 2127 Ecclesia
1339 2097 1514 2134 prmdicatam
1542 2097 1688 2125 manifeste
1708 2105 1772 2131 pro-

977 2146 1130 2182 posuimus,
1147 2146 1180 2173 ad
1198 2145 1350 2174 l‘uleiendos
1363 2149 1390 2171 et
1406 2143 1586 2172 stabiliendos
1601 2144 1720 2174 animos,
1737 2151 1771 2170 ne

976 2192 1078 2220 diaboli
1093 2192 1256 2219 commentis
1271 2199 1304 2218 ac
1321 2191 1463 2218 fraudibus
1480 2190 1533 2217 line
1550 2189 1670 2224 illucque
1681 2188 1771 2227 jacta-

975 2242 1082 2270 rentur,
1100 2242 1148 2265 aut
1167 2245 1199 2265 ex
1218 2238 1253 2265 iis
1266 2241 1462 2272 tempestatum
1480 2235 1620 2266 ﬂuctibus,
1633 2244 1704 2270 quos
1721 2242 1769 2261 va-

976 2284 1024 2311 ria:
1047 2284 1074 2310 itt
1097 2284 1164 2312 orbe
1185 2283 1304 2311 ltmrescs
1319 2282 1464 2317 multiplici
1479 2282 1629 2317 agitatione
1648 2290 1771 2309 commo-

977 2335 1052 2361 vent,
1067 2330 1222 2357 detrimenti
1237 2329 1388 2365 quidquam
1401 2329 1568 2364 accipereut.
1595 2329 1642 2356 Sic
1658 2329 1730 2356 enim
1743 2325 1771 2357 et

977 2376 1127 2411 discipulos
1144 2382 1209 2404 suos
1227 2375 1358 2403 Dominus
1374 2374 1484 2402 edocuit
1501 2384 1506 2402 :
1526 2374 1566 2406 Si,
1583 2374 1684 2410 inquit,
1700 2374 1770 2409 quod

977 2423 1053 2449 initio
1071 2422 1185 2449 audistis
1199 2422 1227 2449 in
1241 2421 1313 2448 vobis
1330 2421 1456 2448 manserit
1470 2442 1477 2454 ,
1495 2430 1538 2448 vos
1554 2421 1582 2448 in
1596 2429 1636 2448 me
1653 2421 1770 2448 manebi~

976 2470 1028 2502 lis,
1048 2474 1072 2496 et
1091 2478 1137 2504 ego
1154 2469 1181 2496 in
1201 2468 1273 2496 vobis
1290 2476 1300 2495 :
1316 2477 1362 2504 ego
1382 2469 1408 2496 in
1434 2468 1517 2496 Patre
1537 2473 1561 2496 et
1582 2477 1626 2496 ros
1651 2469 1678 2495 in
1699 2468 1769 2505 me".

976 2516 1061 2551 igitur
1078 2523 1146 2543 vene
1161 2514 1221 2543 ﬁdei
1234 2515 1353 2547 decreta,
1370 2523 1430 2550 quae
1443 2523 1458 2543 a
1477 2515 1586 2543 Christo
1602 2514 1718 2542 Domino
1735 2515 1772 2542 ab

128 2556 229 2594 Κύριος
246 2559 260 2585 ὁ
280 2560 429 2595 μονογενὴς
453 2560 483 2587 ὲν
510 2560 549 2597 τῷ
565 2561 663 2597 Πατρὶ,
679 2562 726 2588 καὶ
741 2562 755 2589 ὁ
778 2561 874 2598 Πατὴρ
895 2563 920 2590 ἂν

977 2563 1057 2590 initio
1075 2567 1188 2598 accepta
1209 2566 1286 2596 sunt,
1311 2556 1395 2599 penes
1411 2566 1534 2590 sanctam
1552 2561 1598 2590 Dei
1617 2559 1770 2589 Ecclesiam

164 2639 171 2654 ¹
188 2637 252 2666 Cor.
269 2638 333 2666 ἀπό.
372 2639 382 2655 ⁸
397 2637 476 2667 Joan.
494 2646 561 2672 xvu,
572 2639 600 2673 ἓ,
615 2639 642 2667 5.
681 2639 691 2654 ³
702 2639 783 2667 .loan.
797 2647 855 2672 \'lll,
868 2640 898 2667 51
911 2649 920 2674 ;

974 2640 1024 2674 .4;
1043 2648 1108 2673 xvu,
1123 2639 1166 2668 2|.

169 2716 226 2752 (95)
240 2716 330 2743 Ἀλλὰ
353 2716 472 2750 πάντως
488 2716 564 2751 ἐρεῖς
580 2727 638 2749 μοι.
668 2717 846 2745 Observamla
865 2716 922 2744 lucc

131 2752 276 2787 Epiphanii
303 2752 336 2778 ad
355 2752 520 2780 Arianorum
549 2753 657 2787 objecta
680 2754 833 2787 responsio.
858 2761 921 2780 euut

130 2786 168 2814 ait
195 2786 258 2813 οὔτε
275 2787 396 2819 θέλοντα,
413 2787 477 2814 οὒτε
493 2787 530 2823 μὴ
546 2786 658 2815 θέλοντα
673 2786 779 2815 Pali-em
794 2788 923 2823 genuisse

133 2823 230 2850 Filium
246 2831 253 2856 ;
270 2830 333 2848 nam
351 2823 552 2851 vetustissuuos
564 2823 656 2851 I‘att'es
671 2824 738 2851 satis
748 2829 856 2850 constat
871 2824 922 2850 hac

131 2859 159 2885 itt
180 2862 256 2892 parte
275 2866 328 2885 non
343 2859 403 2885 sine
415 2857 543 2886 cautione
561 2859 700 2893 legendos,
722 2859 767 2893 qui
793 2867 922 2885 nonnun-

133 2901 216 2928 quam
243 2893 353 2922 Patrem
368 2898 497 2922 asserunt
513 2894 654 2924 voluntate
673 2903 722 2923 sua
740 2894 838 2922 Filium
856 2901 920 2930 pro-

977 2717 1097 2744 dutisse.
1127 2717 1165 2744 lta
1196 2713 1372 2747 Justinus.ut
1395 2724 1478 2751 supra
1508 2716 1674 2746 monuimus.
1699 2717 1770 2743 κατι

978 2753 1077 2788 βουλὴν
1100 2753 1165 2779 Θεὸν
1182 2753 1248 2780 ὄντα
1267 2753 1330 2780 Υἱὺν
1348 2753 1432 2780 αὐτοῦ
1458 2752 1537 2779 dixit.
1554 2751 1770 2788 Car-terunt‘Au-

977 2786 1104 2823 gustinus
1123 2789 1283 2823 sophisticae
1302 2788 1341 2814 illi
1359 2789 1524 2823 Armuorpm
1540 2786 1705 2814 cavillationi
1724 2788 1767 2812 in-

976 2821 1089 2858 geniose
1111 2832 1143 2851 ac
1158 2821 1298 2852 subtiliter
1311 2825 1445 2857 occurrit,
1468 2821 1559 2850 Truc.
1583 2829 1668 2850 contr.
1689 2830 1770 2850 sonu.

978 2859 1073 2886 Aria".
