1929 3039
88 138 142 168 2i!)

86 196 172 233 ἦλθεν
189 199 230 231 εἰς
253 199 318 234 μίαν
333 200 436 236 ἀρχὴν,
460 203 499 234 εἰς
522 203 585 238 μίαν
606 204 734 241 θεότητα,
758 209 798 240 εἰς
821 210 885 245 μίαν
900 212 921 239 Α

87 246 236 280 ἀλήθειαν,
252 248 292 278 εἰς
309 247 373 282 μίαν
395 249 540 284 ὁμόνοιαν,
567 252 608 283 εἰς
628 253 693 287 μίαν
716 253 884 290 δοξολογίαν,

87 294 259 327 συναγαγεῖν
282 294 337 320 τῶν
363 294 515 330 ἀνθρώπων
542 298 680 333 σωτηρίαν
703 309 733 326 τε
760 302 807 328 καὶ
829 302 886 329 διά-

85 347 164 364 νοιαν
172 347 178 353 ·
192 338 238 364 καὶ
249 338 365 365 ἐνώπιον
375 340 428 366 τῶν
443 340 572 376 μαθητῶν
583 343 629 370 τὸν
638 344 747 381 Πατέρα
760 347 882 374 αἰτεῖται.

86 383 138 414 Τίς
152 383 207 419 γὰρ
220 383 276 415 υἱὸς
295 384 370 420 παρὰ
386 385 490 420 πατρὸς
510 387 561 413 οὐκ
581 389 717 423 uirgini;
734 391 775 423 τίς
792 392 820 418 δὲ
832 399 869 419 πσ

85 429 140 464 τὴρ
157 430 208 465 υἱῷ
226 431 255 457 οὺ
277 431 386 464 δίδωσι;
406 433 480 463 ποῖος
505 432 533 459 δὲ
550 434 607 466 uio;
630 435 736 468 ἀλλοῖος
757 439 885 472 τυγχάνει

86 476 166 511 παρὰ
191 477 240 511 τὴν
260 476 306 503 τοῦ
331 478 435 513 πατρὸς
452 478 553 512 (ptis-tv;
581 481 636 506 Καὶ
654 481 698 508 διὰ
722 483 801 509 τοῦτο
823 484 885 516 Υἱὸς

85 524 239 558 μονογενὴς
254 523 329 558 παρὰ
352 525 469 560 Πατρὸς,
491 526 599 563 πλήρης
618 528 729 564 χάριτος
749 530 796 556 καὶ
820 530 885 565 ἁλη-

84 568 175 599 Οείας,
190 570 241 595 οὐχ
263 569 390 596 ὲπεδέετο
411 571 457 597 τοῦ
484 572 683 608 πληρώματος,
700 575 751 601 οὐκ
773 575 884 612 ἐλλιπὴς

83 614 138 648 τῆς
161 614 302 649 ἀληθείας,
322 616 390 642 ἀλλὰ
413 617 521 654 πλήρης
543 619 655 654 χάριτος
674 621 721 647 καὶ
743 620 881 656 ἀληθείας.

91 660 123 687 Ὀ
149 661 177 686 δὲ
195 661 300 697 πλήρης
315 662 353 689 ὢν
378 663 425 689 καὶ
449 663 557 695 δίδωσι,
580 666 627 692 καὶ
648 665 758 693 δύναται
781 667 881 694 δοῦναι.

83 707 216 733 Βούλεται
228 708 257 734 δὲ
273 708 362 735 πάντα
377 709 489 744 ἀνάγειν
503 710 550 737 ἐπὶ
563 712 609 738 τὸν
625 712 744 747 Πατέρα.
764 713 883 746 Δοξάζει

82 752 142 786 γὰρ
164 752 230 785 Υἱὸς
249 753 303 780 τόν
320 753 436 789 Πατέρα
447 763 453 770 ·
469 755 586 788 δοξάζει
602 759 618 784 ό
639 758 740 793 Πατὴρ
758 760 812 785 τὸν
822 761 882 787 Μο-

82 798 208 832 νογεν-ῆ.
229 799 302 834 Ἐγὼ
316 799 370 834 γάρ
390 808 427 827 σε
451 801 584 834 ἐδόξασα
601 803 650 829 ἐπὶ
666 803 720 838 τῆς
739 804 805 839 γῆς,
825 805 883 831 ἐλε-

81 853 132 878 τεν
147 845 161 870 ὁ
178 845 239 876 Υἱὸς
259 845 298 881 τῷ
319 847 425 882 Πατρί·
444 848 489 874 καὶ
504 849 518 874 ό
537 849 629 884 Πατὴρ
653 849 730 884 ἔλεγε
745 850 784 886 τῷ
805 851 860 887 Tin
873 859 880 866 °

87 890 242 923 Ἐδόξιισιί
264 899 318 923 σε,
345 893 395 919 καὶ
416 893 510 920 πάλιν
534 894 665 927 δοξάσω.
685 896 742 922 Οὐκ
771 896 809 923 ἔνι
827 898 880 933 γὰρ
897 889 917 914 θ

79 937 236 969 διάστασις,
248 938 299 964 οὐκ
321 937 361 964 ἔνι
383 938 479 972 φθόνος
495 940 631 976 θεότητος.
655 942 704 974 Δὸς
727 940 772 969 οὖν
789 944 880 975 αὐτοῖς

79 983 156 1017 ἔχειν
171 982 244 1018 ζωὴν
261 985 290 1010 ἐν
307 985 424 1017 ἑαυτοῖς.
446 986 475 1012 ’0
492 985 548 1022 ζωὴ
568 987 606 1015 ὢν
621 988 694 1024 ζωὴν
710 988 781 1015 θέλει
804 990 879 1025 πείρδι

79 1027 191 1063 Πατρὸς
205 1028 364 1064 λαμϐάνειν,
379 1031 427 1057 καὶ
448 1031 548 1058 διδόναι
562 1034 618 1064 τοῖς
634 1033 779 1069 μαθηταῖς,
797 1034 878 1066 αὐτὸς

78 1073 118 1099 ὢν
136 1074 205 1109 ζωὴ,
224 1075 267 1101 ἵνα
295 1075 333 1110 μὴ
350 1076 422 1112 διέλῃ
440 1078 491 1112 τὴν
521 1078 634 1113 μονάδα,
653 1080 695 1106 ἵνα
721 1080 758 1116 μὴ
776 1081 878 1112 σκῶλος

78 1119 195 1154 γέιηται
221 1123 278 1152 τοῖς
297 1122 449 1154 Ἰουδαίοις·
476 1124 519 1150 ἵνα
539 1125 693 1153 ἀκούσωσιν
711 1127 735 1152 οἱ
757 1127 877 1153 Ἰουδαῖοι

79 1167 159 1201 παρᾶ
173 1167 221 1192 τοῦ
242 1168 348 1204 Πατρὺς
370 1169 513 1203 αἰτοῦντα,
532 1171 579 1198 καὶ
595 1171 699 1198 διδόντα
718 1173 774 1204 τοῖς
793 1171 876 1199 αὐτοῦ

79 1213 228 1248 μαθηταῖς.

115 1350 156 1376 A'.
183 1349 246 1381 Πῶς
267 1347 314 1376 οὖν
341 1351 413 1377 αἰτεῖ
427 1350 472 1377 τὸν
498 1351 608 1388 Πατέρα
630 1353 644 1378 ὁ
663 1352 745 1385 Υἱός;
769 1353 812 1385 Ὡς
837 1353 875 1390 μὴ

78 1396 149 1431 ἔχων
164 1396 212 1423 καὶ
226 1396 310 1423 αἰτῶν
324 1405 331 1429 ;
348 1397 429 1432 Οὐχί·
441 1397 509 1424 ἀλλὰ
522 1397 570 1433 τὴν
583 1398 683 1432 μονάδα
697 1399 746 1434 τῆς
760 1399 875 1437 Τριάδος

81 1443 234 1478 σημαίνων,
256 1443 366 1475 τελείως
390 1443 564 1479 παρέχουσαν
591 1444 630 1480 τῷ
652 1444 816 1480 λαμὸάνοντι
839 1446 874 1474 τὰ

78 1489 154 1524 δῶρα
170 1489 244 1522 ἄξια.
261 1489 319 1516 Ἵνα
334 1489 362 1516 δὲ
380 1489 500 1525 σημάνῃ.
521 1490 561 1516 ὅτι
581 1490 629 1525 μία
643 1491 717 1518 ἐστὶν
735 1492 750 1527 ἡ
767 1491 872 1525 Θεότης,

77 1535 161 1561 πάλιν
175 1536 203 1561 ἐν
220 1535 293 1570 ἄλλῳ
306 1535 381 1570 τόπῳ
398 1535 489 1562 οὐκέτι
507 1535 668 1571 αἰτούμενος
683 1537 800 1569 δίδωσιν,
815 1537 872 1564 ἀλλ’
887 1555 908 1584 C

76 1580 207 1616 αὑθεντίᾳ
219 1580 253 1607 τὰ
274 1581 339 1613 ἴδια,
355 1581 393 1612 ὡς
409 1581 484 1617 πηγὴ
497 1581 534 1608 ὣν
551 1581 606 1608 ἀπὸ
621 1582 722 1617 πηγῆς,
743 1583 790 1609 καὶ
806 1582 871 1615 Θεὸς

76 1625 115 1652 ὢν
131 1627 161 1653 ἐκ
177 1626 254 1657 Θεοῦ,
268 1626 432 1662 ἐνεφύσησεν
448 1628 488 1658 εὶς
502 1627 532 1653 τὸ
547 1628 694 1662 πρόσωπον
709 1627 809 1661 αὐτῶν,
824 1628 872 1655 καὶ

75 1669 139 1697 εἷπε
151 1679 157 1685 ·
174 1670 285 1698 Λάϐετε
299 1672 421 1706 Πνεῦμα
431 1671 526 1706 ἅγιον.
539 1673 594 1699 Καὶ
607 1672 699 1699 ἄλλοτε
719 1673 806 1708 ἐπῆρε
822 1673 872 1704 τὰς

75 1719 182 1753 χεῖρας.
198 1718 246 1745 καὶ.
260 1715 321 1744 εἷπε
332 1726 338 1734 ·
361 1717 472 1744 Λάϐετε
488 1718 610 1752 Πνεῦμα
630 1718 732 1752 ᾶγιονν
751 1719 799 1745 καὶ
815 1719 871 1754 ἔχει

74 1763 106 1789 ὲν
123 1763 213 1797 ἑαυτῷ
230 1762 313 1798 ζωὴν,
328 1763 372 1789 ἵνα
391 1759 413 1797 ᾦ
435 1763 559 1798 βούλεται
575 1763 667 1790 δοῦναι
684 1763 730 1798 δῷ.
755 1764 801 1797 Ὡς
817 1765 871 1800 γὰρ

74 1809 93 1836 ὁ
114 1808 217 1842 Πατὴρ
238 1808 300 1842 ἔχει
322 1807 398 1843 ζωὴν
414 1809 450 1836 ἐν
469 1808 575 1841 ἐαυτῷ,
592 1808 670 1836 οὕτω
693 1810 742 1837 καὶ
760 1811 776 1837 ὀ
805 1810 872 1844 Υἱὸς

73 1854 139 1888 ἔχει
160 1853 238 1886 ζωὴν
260 1854 295 1880 ἐι·
308 1853 416 1886 ἑαυτῷ.
435 1855 491 1881 Καὶ
515 1855 591 1890 ὁρᾷς,
609 1855 649 1881 ὅτι
672 1854 764 1882 ἕνεκεν
787 1856 872 1891 τιμῆς

74 1901 145 1937 πρὸς
161 1900 208 1927 τὸν
227 1900 354 1936 Πατέρα,
382 1900 428 1926 καὶ
453 1900 546 1927 ἕνεκεν
572 1903 636 1936 μιᾶς
662 1901 799 1938 ἑνότητος,
824 1902 872 1928 καὶ

75 1948 142 1982 μιᾶς
163 1945 326 1980 δοξολογίας,
341 1947 389 1973 καὶ
412 1946 460 1973 τοῦ
481 1947 518 1982 μὴ
533 1948 596 1978 τοὺς
614 1947 739 1983 μαθητὰς
761 1948 871 1983 νομίσαι

75 1992 114 2028 μὴ
132 1992 186 2018 ἀπὸ
201 1991 249 2018 τοῦ
262 1991 330 2018 Θεοῦ
343 1991 390 2018 τοῦ
406 1991 489 2027 νόμου
508 1992 555 2018 καὶ
571 1993 626 2019 τῶν
640 1993 788 2029 προφητῶν
802 2002 872 2029 παρ-

73 2037 212 2064 εκκλίνειν
236 2038 250 2064 ὁ
265 2038 422 2074 Μονογενὴς
445 2036 510 2074 ἦλθε
531 2038 582 2069 τὰς
606 2039 724 2072 διανοίας
749 2039 802 2066 τῶν
827 2049 871 2066 πι-

73 2083 236 2117 στευόντων,
254 2083 350 2111 τούτου
364 2084 446 2111 ἕνεκα
463 2084 530 2116 Θεὸς
544 2084 592 2117 ὣν,
608 2085 656 2111 καὶ
674 2085 871 2120 προγινώσκων

70 2131 122 2167 τὴν
140 2131 193 2158 τῶν
209 2131 362 2168 ἀνθρώπων
383 2131 563 2167 κακοήθειαν,
587 2132 633 2158 τὴν
650 2132 727 2167 λόγον
744 2133 782 2164 ὡς
802 2133 871 2169 πρὸς

70 2178 119 2205 τὸν
134 2178 244 2211 Πατέρα
270 2178 386 2214 πέμπει,
407 2179 455 2205 καὶ
469 2179 518 2214 τὴν
537 2177 615 2210 δόξαν
631 2178 815 2214 ἀναφαίρετον
833 2179 871 2215 τῷ

71 2223 161 2258 Πατρὶ
185 2223 304 2257 δίδωσιν,
329 2224 373 2251 ἵνα
397 2225 546 2260 Μακθιχαίος
563 2224 749 2260 καταισχυνθῇ
770 2225 868 2260 ἀρνού-
884 2225 905 2252 1)

72 2276 154 2304 μενος
169 2268 215 2294 τὸν
228 2269 349 2302 Πατέρα,
362 2269 405 2296 ἵνα
419 2269 444 2295 οἱ
459 2269 579 2305 μαθηταὶ
593 2270 726 2305 μάθωσιν,
741 2270 782 2296 ὅτι
797 2270 866 2306 αὐτή

70 2315 148 2341 ἐστιν
163 2316 180 2349 ὴ
197 2315 292 2350 θεότης
313 2316 340 2341 ἐν
358 2316 466 2351 Παλαιᾷ
489 2316 536 2343 καὶ
556 2316 644 2352 Καινῇ
668 2315 806 2353 Διαῢήκῃ·
823 2317 866 2343 ἵνα

69 2361 96 2388 οἰ
116 2361 237 2388 Ἰουδαῖοι
259 2362 440 2398 ὲντραπῶσιν,
455 2362 497 2389 ὅτι
518 2363 568 2389 οὐκ
582 2360 664 2398 ἦλθεν
681 2363 695 2389 ὀ
712 2362 867 2399 Μονογενὴς

69 2407 176 2438 διδάξαι
205 2407 284 2434 ἄλλον
308 2408 393 2440 Θεὸν,
420 2408 488 2435 ἀλλὰ
509 2408 684 2443 ἀποκαλύψαι
709 2409 792 2435 αὐτοῦ
817 2409 867 2444 τὴν

71 2453 200 2488 θεότητα,
218 2454 265 2480 καὶ
283 2454 390 2489 Πατρὺς
409 2453 492 2480 αὑτοῦ
508 2453 556 2480 τοῦ
573 2454 746 2489 ἐπουρανίου.
758 2454 807 2486 Δὸς
821 2453 867 2482 οὖν

69 2500 164 2532 αὐτοῖς
187 2500 258 2535 ἔχειν
271 2500 344 2536 ζωὴν
366 2502 395 2527 ὲν
413 2501 530 2532 ἑαυτοῖς.
553 2501 682 2535 Καίτοιγε
704 2502 784 2534 αὐτὸς
805 2502 868 2537 ἐκή-

69 2554 153 2581 ρυττε
168 2545 271 2581 ταύτην
293 2547 343 2581 τὴν
363 2547 446 2582 ζωὴν.
463 2547 527 2578 Πῶς
542 2546 589 2574 οὖν
602 2548 648 2574 τὸν
669 2547 778 2584 Πατέρα
791 2548 861 2583 ᾔτει,

69 2592 115 2619 ἵνα
128 2591 166 2627 δῷ
179 2593 272 2624 αὐτοῖς
288 2592 302 2619 ὃ
316 2593 399 2624 αὐτὸς
415 2592 549 2626 ἐδίδασκε,
563 2594 610 2621 καὶ
624 2594 725 2628 ἐδίδου;
741 2595 796 2631 Τὴν
811 2595 866 2631 γὰρ

68 2638 142 2674 ζωὴν
156 2638 269 2674 ὕστερον
280 2639 438 2674 ἀπεφήνατο
450 2640 536 2674 λέγων
548 2649 554 2655 ·
571 2640 661 2675 Αὕτη,
678 2642 770 2677 φησὶν,
780 2643 868 2670 ἐστὶν

68 2686 88 2719 ἡ
108 2684 183 2720 ζωὴ,
209 2685 260 2712 ἵνα
284 2685 456 2720 γινώσκωσι
477 2694 515 2713 σε
535 2686 590 2713 τὸν
604 2688 701 2722 μόνον
720 2688 867 2722 ἀληθινὸν

69 2732 155 2758 Θδόν.

413 141 596 172 ADVERSUS
617 145 786 177 H/ERESES
807 150 871 179 [ΑΒ.
893 151 926 180 ll.

948 153 1030 182 ΤΟΜ.
1052 155 1083 184 ll.
1097 173 1130 178 —
1151 159 1288 189 llAZl‘tES.
1311 162 1405 192 LXIX.
1676 170 1731 199 ειῑο

937 211 994 247 ipse
1008 215 1053 247 sit,
1073 220 1102 243 ut
1119 221 1242 252 testatur,
1263 220 1319 256 Ego
1340 230 1398 248 sum
1422 223 1505 256 vita‘,
1534 232 1649 261 eamque
1665 235 1731 254 con-

938 257 1008 287 ferre
1020 265 1141 295 per'Sesc
1156 265 1252 299 possit,
1264 266 1335 301 juris
1363 272 1454 296 tatnen
1472 277 1504 297 ac
1517 257 1633 305 justitiz’c
1645 272 1730 308 legem

938 307 1099 339 perturbare
1114 310 1220 342 noluit;
1245 312 1292 339 sed
1316 313 1419 342 idcirco
1436 316 1521 346 venit.
1543 321 1572 343 ιιι
1589 318 1622 345 ad
1646 307 1729 345 unum

937 351 1102 388 principium
1131 364 1269 392 unamque
1287 357 1469 392 divinitatem,
1491 363 1643 396 veritatem,
1664 373 1731 392 cott-

935 398 1070 431 cordiatn,
1082 400 1218 436 uniusque
1227 403 1320 437 gloria:
1333 405 1567 438 prmtlicationem,
1586 408 1728 436 hominum

935 443 1063 478 salutem,
1085 451 1259 483 mentemque
1275 450 1444 478 traduceret.
1468 451 1509 479 0b
1527 453 1553 479 id
1570 461 1664 480 coram
1685 455 1729 481 di-

936 489 1050 524 scipulis
1066 489 1140 519 Patri
1162 494 1318 529 supplicare
1337 497 1435 524 voluit.
1450 497 1518 524 Nam
1532 499 1595 533 quis
1618 499 1727 528 detnum

936 534 1007 561 tiltus
1032 543 1046 562 a
1066 542 1141 571 patre
1165 546 1219 566 non
1245 542 1389 575 postulat?
1413 548 1458 570 aut
1480 545 1542 578 quis
1571 550 1647 580 paler
1670 555 1725 574 non

935 580 991 607 ﬁlio
1006 581 1141 617 largitur?
1164 586 1226 620 quis
1242 594 1325 621 porro
1347 588 1418 616 [ilius
1431 597 1446 616 a
1468 591 1555 623 patris
1575 597 1672 619 natura
1686 594 1728 620 di-

935 634 1032 656 versus
1049 629 1107 656 est?
1122 629 1269 666 Propterea
1286 633 1384 662 unicus
1399 634 1446 662 Dei
1461 635 1548 664 Filius
1565 645 1579 663 a
1591 637 1670 665 Patre
1682 647 1728 674 ge-

934 671 1018 702 nitus.
1038 673 1134 707 plenus
1152 677 1246 710 gratiae
1263 681 1289 704 et
1302 678 1424 707 veritatis
1448 680 1468 712 ‘,
1488 681 1592 708 nullum
1606 671 1728 718 comple-

934 723 1057 746 ntentum
1075 721 1242 755 requirebat,
1264 731 1324 750 ettttt
1343 725 1411 751 nihil
1430 726 1481 761 ipsi
1502 727 1535 754 de
1549 728 1666 756 veritate
1678 729 1727 756 dc-

933 769 1019 794 esset,
1035 765 1082 793 sed
1103 766 1198 800 plenus
1213 769 1308 803 gratia)
1327 777 1358 797 ac
1372 771 1495 799 vsritatis
1510 772 1590 800 foret.
1606 773 1658 802 Sed
1673 775 1726 802 etsi

934 811 1032 844 plenus
1051 814 1097 843 sit,
1117 817 1200 848 atque
1218 819 1244 842 et
1264 815 1398 851 largiatur
1421 818 1490 852 ipse,
1506 822 1533 845 et
1547 819 1642 854 largiri
1662 828 1726 855 pus-

933 857 981 890 sit,
995 858 1174 888 nihilominus
1187 861 1213 887 in
1233 860 1340 890 Patrem
1356 863 1503 891 refundcre
1519 865 1611 892 omnia
1627 867 1725 894 voluit.

931 902 997 928 Nam
1014 903 1098 931 Filius
1119 905 1253 939 gloriticat
1273 906 1383 934 Patrem
1407 907 1432 941 ³,
1447 916 1480 935 ac
1503 909 1623 936 vicissim
1646 910 1726 938 Pater

931 947 1041 975 unicum
1066 948 1163 976 Filium
1180 950 1325 985 glorilicat.
1349 951 1405 987 Ego
1430 954 1500 980 enim
1523 954 1672 987 clariﬁcat‘i
1701 961 1726 982 te

929 1000 1008 1026 super
1020 998 1115 1021 terram
1125 995 1145 1026 ⁸,
1155 995 1236 1032 754.
1247 997 1284 1023 ait
1297 996 1369 1024 Patri
1384 998 1522 1033 Filitts;et
1537 999 1619 1028 Pater
1632 1000 1701 1028 Filio
1717 1009 1723 1027 :

930 1037 1082 1073 Clari/icavi
1094 1045 1126 1072 te,
1139 1046 1163 1067 et
1173 1041 1266 1068 iterum
1279 1042 1433 1077 cluriﬁcabo
1451 1044 1471 1071 ⁸.
1487 1044 1580 1080 Neque
1597 1047 1668 1073 enitn
1684 1048 1725 1074 ul-

930 1084 983 1110 ltttn
1005 1085 1032 1111 in
1049 1085 1193 1114 Divinitate
1210 1088 1367 1120 dissidium,
1388 1094 1434 1116 aut
1456 1090 1558 1117 invidia
1576 1093 1722 1127 reperitur.

928 1129 977 1162 Da,
1000 1130 1098 1166 inquit,
1117 1132 1172 1159 illis
1190 1133 1294 1161 habere
1309 1134 1390 1161 vitam
1409 1136 1435 1162 in
1453 1137 1564 1172 seipsis.
1583 1137 1654 1172 Ergo
1669 1138 1723 1165 vita

928 1175 987 1210 ipsa
1004 1176 1086 1204 vitam
1103 1185 1118 1203 a
1143 1177 1223 1205 Patre
1245 1179 1374 1212 postulat,
1393 1188 1473 1215 quam
1498 1189 1560 1208 ctttn
1579 1181 1723 1216 discipulis

927 1223 1123 1255 communiret,
1146 1232 1180 1251 ne
1201 1230 1245 1251 aut
1271 1225 1403 1253 ttuitatetn
1433 1227 1585 1260 divideret,
1605 1233 1651 1254 aut
1675 1228 1723 1255 .ltt-

926 1267 994 1295 dmis
1007 1267 1187 1296 oll‘eusionem
1207 1270 1350 1304 prreberet,
1366 1275 1392 1297 ut
1405 1271 1493 1307 ipsutn
1508 1272 1593 1300 Judaei
1611 1281 1625 1299 a
1642 1273 1723 1301 Patte

926 1317 1064 1348 petentem
1084 1323 1116 1342 ac
1134 1315 1280 1351 discipulis
1298 1323 1456 1352 erogantem
1473 1319 1611 1347 audirent.

963 1359 1047 1388 XXX.
1070 1361 1213 1394 Quomodo
1237 1363 1321 1398 igitur
1346 1363 1433 1391 Filius
1450 1372 1464 1391 a
1482 1365 1562 1393 Patre
1585 1367 1724 1400 postulat?

926 1405 1066 1442 Tanquam
1095 1408 1120 1435 id
1141 1416 1195 1443 quo
1219 1410 1329 1437 carebat
1352 1412 1475 1445 peteret?
1500 1411 1610 1439 Minime
1634 1421 1720 1446 vero;

925 1452 971 1480 Sed
992 1452 1137 1481 Trinitatis
1164 1454 1299 1481 ttnitatcm
1333 1456 1478 1490 expressit,
1497 1464 1557 1492 qua:
1579 1464 1721 1485 consenta-

924 1506 974 1525 nea
986 1498 1056 1526 dona
1074 1499 1106 1526 iis
1120 1500 1166 1535 qui
1179 1501 1318 1535 accipiunt
1332 1502 1452 1536 perferte
1467 1503 1575 1530 tribuit.
1587 1504 1676 1540 Atque
1690 1510 1719 1531 ut

925 1542 1138 1578 intelligcrcmus
1155 1545 1264 1572 unicam
1283 1554 1345 1573 esse
1366 1547 1550 1579 divinitatem,
1576 1548 1647 1576 itlem
1662 1550 1718 1576 alo

924 1589 984 1616 loco
997 1597 1049 1616 non
1061 1590 1117 1624 jam
1133 1592 1289 1626 postulans,
1299 1592 1346 1619 sed
1364 1593 1473 1628 propria
1487 1594 1651 1622 auctoritate
1660 1596 1701 1622 vel
1710 1611 1717 1616 -

923 1639 953 1661 ttt
969 1642 1019 1662 sua
1047 1635 1172 1671 largitur,
1191 1641 1284 1672 tttpote
1299 1637 1360 1665 fons
1381 1646 1412 1665 ex
1437 1639 1522 1671 fonte,
1537 1648 1569 1666 ac
1594 1640 1666 1667 Deus
1685 1649 1719 1668 ex

923 1680 980 1708 Deo
998 1689 1173 1716 progressus,
1192 1690 1254 1709 cum
1271 1683 1376 1710 scilicet
1392 1684 1419 1710 in
1442 1684 1641 1719 discipulorum
1659 1688 1721 1713 vul-

923 1729 968 1753 tus
999 1726 1147 1761 inspirans,
1166 1727 1293 1762 Accipite,
1309 1728 1389 1759 dixit,
1408 1729 1540 1762 Spiritum
1557 1735 1679 1757 sanctum
1698 1732 1719 1759 °.

922 1772 998 1799 Alias
1020 1780 1131 1808 quoque
1156 1774 1273 1801 sublatis
1299 1775 1438 1807 manibus,
1463 1776 1594 1810 Accipite,
1621 1778 1719 1812 inquit,

923 1818 1052 1852 Spiritum
1067 1825 1200 1846 sanciunt.
1213 1819 1278 1847 ltcm
1295 1830 1301 1848 :
1320 1820 1410 1848 Vitatn
1426 1821 1508 1848 habet
1524 1822 1552 1849 in
1570 1823 1670 1858 seipso,
1691 1827 1721 1850 ttt

924 1864 1079 1899 cuicunque
1095 1866 1222 1897 voluerit,
1235 1866 1291 1894 det.
1306 1866 1384 1899 Nam,
1405 1867 1438 1894 Ut
1451 1867 1535 1895 Pater
1550 1869 1629 1895 vitam
1642 1869 1720 1896 habet

924 1911 951 1937 in
967 1911 1062 1945 seipse,
1079 1912 1118 1938 sic
1129 1916 1153 1939 et
1173 1912 1260 1939 Filius
1269 1914 1388 1940 eumdem
1403 1914 1482 1941 habet
1494 1915 1520 1941 in
1536 1922 1592 1942 sese
1603 1915 1624 1941 ".
1638 1913 1720 1942 Vides

922 1957 1006 1993 igitur
1019 1958 1261 1992 quemadmodum,
1286 1964 1315 1986 ut
1337 1960 1470 1988 honorem
1489 1959 1564 1987 Patri
1589 1960 1718 1992 deferret,

914 2009 1006 2038 atque
1023 2007 1052 2031 ut
1072 2004 1240 2039 singularem
1259 2013 1320 2033 esse
1341 2005 1524 2038 divinitatem,
1549 2007 1720 2042 gloriamque

922 2049 1121 2084 signiﬁcarent,
1137 2055 1194 2077 tum
1211 2059 1244 2078 ne
1259 2051 1387 2086 discipuli
1400 2052 1435 2080 ab
1447 2053 1514 2087 legis
1526 2053 1602 2080 illum
1616 2058 1640 2080 et
1654 2061 1719 2088 pro-

923 2095 1068 2130 phetarum
1087 2096 1142 2123 Deo
1157 2097 1278 2124 tidelium
1293 2098 1402 2125 animos
1418 2105 1549 2126 revocare
1568 2099 1637 2126 velle
1657 2100 1718 2125 uni-

922 2148 985 2167 cum
1000 2140 1044 2167 Dei
1062 2140 1160 2168 Filium
1175 2142 1330 2175 crederent,
1351 2151 1414 2170 ctttn
1434 2143 1505 2170 idem
1524 2144 1569 2171 ille
1589 2143 1659 2170 Deus
1674 2152 1718 2170 es-

923 2191 974 2219 set,
987 2190 1014 2213 et
1029 2188 1168 2214 hominum
1189 2188 1392 2222 improbitatem
1405 2193 1596 2223 cognosceret,
1612 2190 1717 2216 oratio-

920 2239 983 2259 nem
1002 2232 1034 2258 ad
1056 2231 1164 2259 Patrem
1182 2234 1365 2265 converterit,
1394 2234 1475 2268 eique
1497 2235 1626 2269 gloriam,
1655 2243 1717 2268 qua:

920 2277 1021 2305 auferri
1034 2278 1108 2305 nullo
1119 2278 1199 2305 modo
1213 2283 1302 2313 potest
1318 2280 1462 2312 tribuerit;
1474 2284 1538 2307 tttet
1551 2279 1716 2307 Manichzcus

920 2321 979 2353 ille,
993 2322 1038 2357 qui
1058 2322 1165 2350 Patrem
1186 2323 1315 2359 abnegat,
1335 2324 1525 2357 erubesceret,
1541 2329 1568 2352 et
1584 2325 1716 2361 discipuli

919 2368 1042 2396 eamdem
1056 2368 1083 2395 in
1099 2368 1187 2396 Veteri
1204 2368 1333 2404 Novoque
1349 2369 1526 2399 Testamento
1542 2371 1715 2400 divinitatem

920 2423 983 2443 esse
996 2416 1149 2450 discerent;
1165 2416 1284 2452 denique
1297 2422 1326 2444 ut
1342 2417 1445 2446 Judaais
1462 2420 1592 2453 pudorem
1609 2421 1716 2448 incute-

921 2466 973 2493 ret,
995 2462 1060 2489 dttm
1085 2463 1335 2491 animadverterent
1352 2473 1406 2492 non
1431 2465 1546 2494 alterius
1568 2466 1715 2501 cujusdam

921 2508 968 2535 Dei
988 2510 1153 2544 prtedicandi
1173 2512 1261 2542 gratia
1282 2512 1392 2539 venisse
1415 2511 1521 2543 Filium.
1544 2513 1591 2540 sed
1616 2517 1645 2540 ut
1661 2517 1715 2541 tam

922 2562 1011 2586 suatn,
1029 2563 1110 2590 quam
1130 2557 1252 2584 cmlestis
1274 2558 1316 2585 sui
1335 2557 1460 2585 Parentis
1477 2559 1648 2586 divinitatem
1667 2559 1716 2586 do-

918 2603 1033 2634 tegcret.
1061 2600 1099 2627 Da
1123 2601 1223 2637 igitur,
1249 2603 1352 2638 inquit,
1374 2603 1428 2631 illis
1452 2604 1534 2630 vitam
1562 2604 1662 2630 habere
1687 2604 1714 2630 in

917 2646 1026 2681 seipsis.
1047 2647 1130 2683 Atqui
1156 2648 1226 2676 hanc
1244 2650 1331 2684 ipsam
1359 2651 1441 2676 vitam
1464 2649 1509 2677 ille
1534 2650 1712 2684 praedicabat.

917 2691 972 2719 Cur
990 2692 1074 2727 igitur
1087 2701 1102 2720 a
1123 2693 1205 2722 Patre
1225 2696 1389 2730 postulabat,
1408 2700 1437 2722 ut
1457 2696 1508 2722 hoc
1526 2695 1578 2722 illis
1597 2694 1708 2722 confer-

918 2741 970 2769 ret,
994 2739 1065 2773 quod
1081 2740 1138 2774 ipse
1152 2740 1266 2768 doceret
1284 2749 1316 2769 ac
1334 2741 1485 2769 tribueret?
1497 2740 1576 2774 Nam,
1591 2740 1664 2776 quod
1679 2741 1713 2768 ad

68 2776 150 2803 vitam
167 2777 274 2808 attinet,
292 2776 362 2804 hanc
377 2777 435 2812 ipse
449 2782 542 2812 postea
555 2777 715 2805 declaravit.
732 2779 795 2807 11(ιέ
808 2787 857 2812 est,
875 2783 923 2815 ait,
941 2784 1007 2816 vita,
1020 2789 1048 2810 ιιι
1064 2791 1223 2820 cognoscant
1237 2791 1260 2814 te
1275 2788 1363 2814 solum
1381 2795 1469 2814 rerum
1489 2785 1571 2813 Deum
1587 2786 1608 2812 ⁸.

104 2838 110 2852 ¹
129 2836 208 2865 Joan.
227 2845 264 2869 xt,
279 2837 332 2868 ‘23;
347 2845 401 2865 xtv.
417 2837 444 2864 6.
481 2838 491 2852 '
509 2836 586 2864 Joan.
603 2847 621 2870 ι,
637 2839 678 2866 Η.
726 2840 735 2856 ³

66 2871 109 2900 2'2.
149 2872 159 2888 ⁷
174 2871 254 2901 Joan.
272 2881 296 2906 ν,
307 2872 351 2900 26.
390 2874 400 2888 '
415 2873 493 2901 Joan.
509 2880 574 2906 χιιι,
590 2874 615 2901 5.

752 2839 831 2869 Juan.
846 2851 900 2874 .vtv,

918 2843 960 2872 l3.
1002 2844 1034 2872 ‘J
1048 2854 1100 2872 tan.
1120 2854 1186 2879 xm,
1206 2846 1232 2873 ι.
1272 2846 1282 2861 ι’
1298 2844 1378 2873 .loan.
1397 2852 1447 2875 xu,
1461 2844 1508 2872 28.
1547 2843 1649 2872 'Joan.
1666 2852 1713 2878 ιι,
