1929 3039
221 140 271 167 251

926 135 955 164 S.
978 133 1151 163 EPlPllANll

258 198 356 227 XXXI.
373 199 421 226 llic
436 198 519 226 Arius
540 197 656 233 ejusque
672 196 794 225 fautores
809 196 959 228 exsultant,
973 199 1014 223 at-

1100 195 1163 222 AA'.
1180 190 1246 220 Εἶτα
1260 193 1274 220 6
1293 193 1402 228 ’Ἄρειος
1426 191 1472 219 καὶ
1488 192 1513 219 ot
1535 191 1583 219 ἀπ’
1600 191 1684 219 αὑτοῦ
1702 191 1861 227 ἀναπηδὼσι

223 253 276 279 que
290 253 324 272 ex
340 245 392 272 hac
408 251 486 277 voce,
503 251 632 279 magnum
649 251 679 270 se
695 242 729 270 ad
744 242 954 278 oppugnandam
968 251 1014 270 ve-

224 292 332 318 ritatem
355 291 542 325 adjumentum
570 294 667 317 nactos
695 293 801 324 putant.
823 288 890 316 Nam
917 290 1014 322 solum,

225 338 363 373 inquiunt,
379 345 466 364 verum
476 336 559 364 Deum
569 336 724 372 appellavit.
741 335 820 371 Ergo,
832 339 861 363 ut
869 336 955 366 vides,
971 343 1014 363 so-

226 384 268 411 lus
286 383 366 411 Pater
388 391 469 410 verus
484 383 556 410 Deus
571 386 623 410 est.
643 381 723 418 755
745 381 798 410 Sed
819 389 871 409 nos
892 381 1016 409 vicissim

226 430 286 457 illos
303 430 504 464 interrogamus
523 429 677 461 :Quidnam
695 429 777 464 igitur
796 428 907 455 dicitis?
923 427 1015 461 Solus,

225 473 364 509 inquiunt,
382 473 463 500 Pater
478 481 558 501 verus
576 477 627 500 est.
642 473 713 506 Quid
729 481 794 510 ergo
809 473 842 501 de
856 473 926 501 Filio
943 473 1017 501 diee-

226 527 287 546 mus
300 519 311 545 Ὺ
324 519 380 545 Non
399 523 441 546 est
456 527 539 546 verus
553 519 660 547 Filius?
675 519 702 547 Si
718 527 800 548 verus
815 527 868 547 non
882 524 936 554 est,
956 521 1017 548 ina-

225 565 268 592 nis
293 569 335 592 est
361 564 428 592 fides
451 570 566 597 nostra;
583 572 653 592 vana
676 568 719 592 est
740 568 768 592 et
781 565 853 600 apud
874 573 925 593 nos
945 565 1018 593 facta

225 609 393 645 praedicatio.
411 609 466 638 Vos
480 615 568 638 autem
581 618 614 638 eo
630 611 740 638 tandem
749 611 1016 648 redigemini,utnon

225 657 284 683 sine
301 657 402 690 ingenti
421 656 448 683 in
474 655 557 684 Deum
579 658 756 690 contumelia,
773 665 834 693 quae
855 659 1019 687 vestrumin

224 706 305 737 caput
325 702 438 732 recidat.
454 702 499 729 Dei
516 701 615 730 Filium
636 704 869 732 exsecrandorum
889 711 922 732 ac
944 705 1022 732 dete-

225 748 387 775 stamlorum
401 748 611 776 simulacrorum
624 749 697 777 haud
707 750 868 778 dissimilem
880 751 1019 778 statuatis.

227 793 263 819 De
282 793 383 828 quibus
407 793 435 820 in
458 800 554 820 eorum
572 794 620 829 qui
645 794 750 830 decepti
772 794 882 823 fuerant
902 803 1020 831 persona

227 839 365 873 prophetae
380 846 443 866 cum
461 839 623 874 loquuntur,
639 840 762 868 eamdem
773 848 855 876 quam
873 849 922 869 vos
934 842 961 868 in
973 841 1019 869 Dei

225 882 295 910 Filio
309 892 402 912 vocem
415 884 615 918 adhibuerunt;
629 886 703 913 velut
718 886 745 913 in
759 886 811 914 hoc
826 887 885 914 loco
904 895 911 913 :
926 886 1022 915 Falsos

226 930 279 957 sibi
297 930 420 958 fecerunt
433 930 500 958 deos
513 934 605 966 patres
625 932 718 964 vestri,
737 933 882 961 mendaces
906 933 1019 962 fuerunt

225 976 334 1004 collcs‘.
347 976 487 1012 Ejusmodi
502 978 616 1014 proinde
633 977 680 1007 Dei
695 977 783 1007 Filius
795 986 810 1006 a
822 980 900 1007 vobis
916 980 1021 1008 consti-

225 1021 323 1054 tuitur.
341 1029 373 1049 ac
394 1026 449 1050 tam
465 1022 499 1050 de
520 1031 553 1052 eo
571 1024 697 1059 turpiter,
713 1024 760 1059 qui
781 1031 831 1052 vos
851 1025 978 1058 redemit,
994 1025 1019 1053 si

226 1071 317 1095 tamen
334 1068 491 1102 redemerit,
505 1070 644 1106 cogitatis.
663 1070 798 1104 Quocirca
816 1071 885 1098 nihil
906 1072 940 1099 ad
960 1072 1020 1106 ejus

225 1113 332 1140 caulam
346 1115 502 1149 pertinetis,
520 1123 583 1143 cum
598 1123 647 1144 vos
663 1115 833 1144 Salvatorem
851 1123 984 1149 vestrum,
1005 1125 1021 1145 a

225 1165 280 1193 quo
299 1159 383 1194 empti
404 1161 483 1193 estis,
502 1161 657 1197 abnegetis.
676 1161 780 1189 Etenim
797 1162 821 1190 si
846 1169 928 1190 verus
948 1162 1021 1191 Deus

225 1212 280 1232 non
299 1210 352 1238 est,
367 1214 455 1242 neque
471 1208 631 1237 adorandus
647 1214 699 1238 est.
717 1208 746 1236 Si
768 1213 880 1238 creatus
889 1214 943 1242 est,
964 1218 1020 1238 non

225 1255 269 1278 est
284 1251 365 1279 Deus.
383 1251 462 1285 Quod
479 1254 503 1281 si
518 1254 631 1282 minime
648 1255 806 1283 adorandus
819 1259 873 1290 est,
882 1256 1021 1291 quomodo

226 1296 299 1325 Deus
310 1305 372 1325 esse
383 1299 566 1334 praedicatur?
585 1299 707 1328 Desinite
723 1301 815 1337 itaque
830 1309 880 1329 vos
897 1302 1018 1335 tandem,

226 1344 274 1379 qui
285 1351 383 1372 novam
398 1345 443 1372 hic
455 1345 621 1382 Babylonem
636 1347 808 1379 instauratis,
825 1354 858 1375 ac
869 1346 1019 1375 Nabucho-

227 1390 372 1419 donosoris
384 1391 499 1428 eﬂigiem
515 1397 596 1428 atque
609 1394 757 1429 imaginem
773 1394 891 1429 erigitis,
906 1394 954 1429 qui
974 1401 1020 1422 ce-

227 1436 399 1465 leberrimam
424 1438 495 1465 hanc
516 1438 608 1466 tubam
630 1439 762 1474 cogendis
785 1439 919 1467 militibus
940 1439 1020 1467 inﬂa-

227 1482 274 1514 tis,
292 1482 338 1517 qui
357 1483 480 1511 subdolis
499 1484 600 1512 vestris
610 1485 737 1517 vocibus,
757 1489 887 1520 tauquam
906 1485 1020 1514 musicis

227 1528 430 1560 instrtnncntis,
456 1529 589 1564 cymbalis
608 1534 635 1557 et
649 1530 787 1566 psalteriis
801 1531 917 1566 populos
934 1531 962 1558 in
982 1531 1020 1558 la-

226 1580 306 1608 psum
331 1575 709 1611 erroremque‘praecipitatis,
736 1584 806 1612 quos
827 1577 939 1612 imagini
962 1585 1021 1605 ser-

227 1617 282 1645 \irc
299 1619 388 1653 potius
400 1627 481 1654 quam
498 1619 551 1648 Deo
562 1628 594 1648 ac
604 1621 711 1649 veritati
724 1622 855 1657 jubctis'.
866 1622 935 1656 Quis
947 1623 1021 1651 enim

226 1665 343 1700 perinde
368 1674 448 1693 verus
468 1671 509 1695 est
530 1667 599 1694 alter
619 1675 652 1696 ac
677 1668 723 1696 Dei
746 1667 852 1696 Filius?
868 1668 941 1696 Nam
962 1670 1021 1704 quia

226 1711 374 1744 u‘quabitur
390 1711 501 1739 Domino
524 1713 551 1740 in
567 1713 632 1748 ﬁliis
645 1713 692 1741 Dei
704 1715 764 1750 '(ut
775 1713 916 1750 Scriptura
934 1715 1023 1750 loqui-

226 1759 292 1792 tur);
313 1762 340 1786 et
357 1768 363 1786 :
383 1758 458 1786 Alter
485 1767 545 1786 cum
565 1761 622 1795 ipso
647 1760 753 1788 minime
779 1761 978 1795 comparabitur
998 1761 1020 1789 ⁵.

226 1804 297 1837 Quid
310 1805 413 1839 porro?
429 1804 463 1832 Ut
478 1805 512 1833 de
520 1805 590 1833 Filio
604 1813 758 1834 sermonem
777 1815 839 1835 esse
856 1814 1021 1843 cognoscas,

226 1850 357 1885 deinceps
374 1851 427 1878 ista
445 1851 564 1886 subjecit
584 1861 591 1878 :
607 1851 713 1880 Invenit
731 1861 835 1880 omnem
851 1853 920 1880 viam
937 1853 1023 1880 scien-

226 1896 282 1928 tia,
302 1900 326 1922 et
347 1895 419 1923 dedit
435 1897 511 1923 illam
525 1898 548 1925 ⁵,
569 1897 638 1925 Tum
661 1902 755 1933 postea
779 1908 785 1926 :
802 1898 835 1926 In
857 1904 929 1926 terra
952 1900 1022 1926 visus

225 1946 276 1974 est,
292 1946 316 1968 el
329 1949 388 1968 cum
408 1942 557 1970 hominibus
577 1949 745 1972 conversatus
762 1949 802 1972 est
819 1946 841 1973 ⁸.
854 1944 950 1973 Nonne
965 1945 1023 1973 haec

226 1995 291 2016 vero
301 1988 335 2016 de
349 1988 397 2015 illo
412 1989 485 2016 dicta
508 1990 592 2018 sunt?
607 1990 653 2026 qui
669 1994 697 2018 et
715 1990 750 2019 de
765 1998 796 2019 se
820 1995 936 2019 testatus
954 1994 997 2020 est
1014 2000 1021 2019 :

226 2033 283 2069 Ego
297 2042 356 2061 sum
374 2035 472 2063 veritas
488 2035 511 2063 ⁷.

263 2080 371 2108 XXXII.
384 2081 419 2109 At
429 2081 502 2109 enim
515 2081 591 2110 dices
610 2091 617 2110 :
631 2082 688 2110 Cur
699 2083 746 2112 Dei
761 2083 847 2112 Filius
859 2092 941 2113 verus
951 2085 1023 2116 Deus

226 2126 264 2159 ita
280 2127 414 2162 loquitur:
430 2127 463 2154 Ut
476 2133 638 2163 cognoscant
653 2134 676 2156 te
685 2130 773 2157 solum
792 2138 881 2157 verum
892 2130 977 2159 Deum
990 2133 1020 2160 ³2

226 2171 265 2201 Nc
273 2173 381 2204 scilicet
395 2173 509 2201 deorum
521 2173 585 2209 litigi
602 2174 683 2202 turba
699 2179 811 2210 posset;
824 2183 858 2203 nc
874 2177 965 2205 vitalis
975 2185 1023 2205 co-

225 2219 358 2255 gnitionis
373 2220 523 2248 divortium
535 2221 621 2248 ullutn
631 2221 717 2250 ﬁeret.
730 2221 798 2250 Nam
814 2223 838 2251 si
854 2222 935 2251 Pater
944 2225 1021 2253 solus

225 2274 307 2294 verus
326 2266 397 2295 Deus
411 2271 464 2300 est,
484 2276 567 2296 verus
582 2273 624 2296 est
635 2269 718 2296 etiam
730 2277 763 2297 ex
776 2269 856 2298 Patre
874 2269 971 2304 Filius,
986 2272 1022 2300 ab

225 2312 320 2340 eodem
336 2321 430 2341 revera
447 2314 567 2349 genitus.
580 2314 650 2342 Cum
659 2315 731 2342 enim
747 2315 822 2343 Patri
838 2316 935 2349 defert,
945 2325 1023 2344 cutu-

225 2365 279 2392 que
304 2358 392 2386 solum
421 2366 515 2386 verum
538 2358 624 2387 Deum
647 2367 710 2387 esse
733 2360 873 2393 declarat,
900 2363 1021 2396 scipsum

226 2411 335 2438 quoque
360 2411 453 2431 verum
469 2412 484 2431 a
507 2404 587 2434 Patre
618 2405 739 2440 genitum
761 2414 823 2434 csse
847 2407 1021 2434 monstravit.

226 2449 362 2482 Quocirca
382 2457 463 2478 verus
480 2449 560 2478 Pater
574 2450 656 2487 756
676 2451 747 2480 Deus
767 2442 820 2484 est.
840 2460 921 2480 verus
937 2452 1019 2485 Deus,

225 2500 253 2522 ct
269 2495 427 2530 uuigenitus
441 2495 538 2524 Filius.
549 2495 602 2524 Sed
612 2497 749 2526 undenam
761 2498 936 2534 comprobari
947 2498 1021 2526 istud

229 2540 336 2575 potest?
347 2540 375 2568 Si
387 2541 516 2569 nimirum
533 2550 616 2570 voces
633 2543 707 2578 ipsas
715 2547 820 2571 attente
835 2543 1020 2578 perspexeris.

228 2587 368 2622 Siquidem
384 2588 436 2616 hoc
448 2588 508 2616 loco
522 2588 632 2617 Patrem
645 2590 734 2618 solum
749 2597 843 2617 verum
860 2589 945 2617 Deum
959 2597 1021 2618 esse

265 2679 386 2708 'Jercm.
405 2688 447 2714 ιιι,
471 2681 521 2716 25,
555 2681 565 2696 ³
581 2681 649 2708 Dan.
667 2688 712 2713 ttt,
727 2681 737 2708 l
759 2689 820 2716 sqq.

1034 1557 1056 1586 C

859 2681 870 2697 ³
886 2681 960 2709 Psal.
978 2689 1118 2714 Lxxxvnt,
1136 2682 1162 2709 7.
1201 2682 1212 2697 ⁸
1228 2681 1346 2708 Baruch.
1365 2688 1412 2713 ut,
1425 2679 1470 2707 56.

1065 241 1110 268 διὰ
1122 240 1170 276 τῆς
1185 238 1343 272 λέξεως,ὦς
1356 247 1383 265 τι
1398 238 1470 265 κατὰ
1482 238 1532 274 τῆς
1548 238 1678 273 ἀληθείας
1697 238 1861 273 εὑράμενοι·

1065 288 1107 314 ὅτι
1120 285 1194 319 εἶπε,
1210 286 1318 321 μόνον,
1333 286 1417 320 φησι,
1433 285 1486 312 τὸν
1506 285 1654 319 ἀληθινὸν
1671 285 1757 311 Hadr.
1781 284 1865 320 Ὁρᾷς

1065 334 1166 365 τοίνυν,
1180 333 1221 360 ὄτι
1245 332 1325 368 μόνος
1346 332 1420 359 ἐστὶν
1436 333 1450 359 6
1469 332 1563 368 Πατὴρ
1575 332 1590 358 6
1613 331 1753 367 ἀληθινός.
1779 331 1866 365 Ἐρω-

1066 379 1157 415 τῶμεν
1176 379 1203 406 δὲ
1219 379 1291 415 ὑμᾶς
1308 379 1356 405 καὶ
1369 379 1459 406 αὐτοὶ·
1478 379 1510 405 Τί
1522 376 1568 405 οὖν
1579 387 1646 413 φατε
1661 387 1668 411 ;
1684 379 1774 409 Μόνος
1788 378 1867 404 ἐστὶν

1066 427 1081 452 ὁ
1100 425 1195 461 Πατὴρ
1211 425 1226 451 ὁ
1252 425 1390 460 ἀληθινός.
1413 425 1443 451 Ὀ
1459 424 1488 451 δὲ
1503 424 1566 456 Υἱὸς
1581 424 1607 450 τί
1625 424 1680 459 ἄρα
1698 424 1792 456 ἓσταις
1808 424 1867 450 Οὐκ

1067 469 1140 496 ἔστιν
1157 468 1284 504 ἀληθινὸς
1296 470 1310 495 6
1325 469 1408 502 Υἱόςς
1424 469 1455 495 Εἰ
1470 469 1521 496 οὐκ
1535 469 1609 496 ἐστιν
1623 469 1751 504 ἀληθινὸς
1764 469 1778 496 6
1789 469 1867 500 Υἱὸς,

1069 514 1170 550 ματαία
1188 516 1205 550 ὴ
1223 513 1316 546 πίστις
1341 514 1432 550 ήμῶν,
1459 515 1574 549 μάταιον
1592 514 1622 541 τὸ
1645 515 1674 541 ὲν
1688 515 1756 549 ἡμῖν
1777 514 1867 549 κήρυ-

1068 569 1141 596 γμα·
1150 559 1332 596 εὑρεθήσεσθε
1346 560 1540 592 ἀπεικάζοντες
1551 560 1597 587 τὸν
1609 561 1682 593 Υἱὸν,
1697 559 1770 596 [τοῦ]
1784 560 1873 596 βλασ-

1068 607 1223 644 φημοῦντες
1249 606 1310 634 καθ’
1333 606 1457 640 ἑαυτῶν,
1485 608 1541 639 τοῖς
1559 606 1714 642 ἀνωνύμοις
1731 607 1781 633 καὶ
1804 606 1870 632 ἀϐε-

1070 653 1159 688 μίτοις
1173 652 1305 684 εἰδώλοις,
1327 649 1366 684 οἷς
1384 652 1499 688 εἴρηκαν
1519 651 1544 678 οῑ
1569 652 1709 687 προφῆται
1729 652 1763 678 ὲκ
1782 659 1870 686 προσ-

1070 699 1144 727 ώπου
1158 699 1214 726 τῶν
1233 699 1432 736 ἠπατημένων,
1453 698 1491 729 ὡς
1512 699 1627 730 ἕκαστος
1645 698 1700 724 τῶν
1715 697 1870 734 προφητῶν

1069 746 1119 782 τῆς
1138 747 1239 780 λέξεως
1264 746 1367 782 ταύτης
1387 745 1547 782 ἐπεμνήσθη
1564 745 1661 780 λέγων,
1675 745 1723 772 καὶ
1734 745 1777 777 τὸ,
1793 745 1871 771 Ψευ-

1069 792 1126 824 δεῖς
1151 793 1282 829 ἐποίησαν
1308 794 1416 824 ἑαυτοῖς
1433 792 1512 825 θεοὺς
1534 792 1559 819 οἱ
1577 791 1693 828 πατέρες
1712 790 1804 827 ὑμῶν,
1822 790 1872 817 καὶ

1070 838 1180 874 ψευδεῖς
1206 838 1331 873 ἐγένοντο
1346 839 1371 866 οἱ
1398 839 1499 874 βουνοί.
1525 839 1597 874 Ἄρα
1619 836 1665 865 οὖν
1685 838 1733 864 καὶ
1749 838 1765 864 6
1780 837 1871 864 Μονον

1038 881 1058 908 Β
1072 883 1154 920 γενὴς
1167 884 1232 920 παρ’
1247 884 1311 920 ὑμῖν
1327 883 1414 916 οὕτως
1432 883 1566 919 κρίνεται,
1580 883 1627 910 καὶ
1639 882 1727 914 οὕτως
1744 882 1871 917 αἰσχρῶς

1072 930 1195 966 περὶτοῦ
1217 930 1433 966 ἐξαγοράσανῐος
1451 929 1535 965 ὑμᾶς,
1553 928 1611 963 εἴγε
1627 928 1791 964 ἑξηγὸρασε,
1810 927 1872 954 δια-

1072 970 1186 1004 νοείσῦε.
1203 976 1303 1003 Οὐκέτι
1316 976 1345 1003 δὲ
1359 977 1408 1012 τῆς
1423 974 1506 1002 αὑτοῦ
1523 974 1663 1006 ὲπαύλεώς
1681 975 1755 1007 ἐστε,
1770 973 1873 1008 ἀρνού-

1074 1031 1150 1059 μενοι
1165 1023 1211 1050 τὸν
1227 1022 1305 1058 ὑμῶν
1325 1022 1451 1058 Σωτῆρα,
1466 1022 1513 1048 καὶ
1526 1022 1572 1048 τὸν
1588 1020 1765 1056 ἀγοράσαντα
1785 1020 1871 1055 ὑμᾶς.

1071 1069 1104 1096 El
1129 1069 1184 1104 γὰρ
1205 1069 1256 1096 οὐκ
1272 1068 1348 1096 ἐστιν
1374 1068 1501 1102 ἀληθινὸς
1516 1069 1530 1095 6
1549 1067 1634 1100 Θεὸς,
1658 1067 1722 1094 οὗτε
1745 1075 1872 1102 προσκυ-

1071 1115 1152 1150 νητός
1167 1115 1235 1142 ἐστι.
1256 1114 1312 1142 Καὶ⁸
1335 1115 1360 1141 εἰ
1386 1114 1444 1141 ἐστι
1468 1114 1592 1146 κτιστὺς,
1617 1113 1647 1140 οὺ
1664 1113 1743 1145 Θεος.
1762 1113 1822 1140 Καὶ
1847 1114 1872 1139 εἰ

1070 1161 1121 1188 οὒκ
1141 1160 1199 1187 ἐστι
1215 1160 1414 1196 προσκυνητὸς,
1431 1159 1490 1192 πῶς
1511 1160 1565 1196 ἄρα
1586 1159 1773 1194 θεολογεῑται,
1794 1159 1873 1185 [Iasi-

1072 1207 1166 1240 σασοε,
1184 1207 1209 1234 οἱ
1227 1207 1308 1234 πάλιν
1333 1206 1382 1242 τὴν
1400 1205 1481 1241 φύσιν
1500 1205 1680 1242 ἐργαζόμενοι
1701 1204 1752 1240 τὴν
1780 1205 1872 1231 Βαϐυ-

1070 1254 1168 1281 λωνίαν
1181 1255 1203 1286 ⁵,
1227 1255 1251 1280 οἱ
1274 1253 1324 1289 τὴν
1349 1253 1444 1280 εἰκόνα
1465 1253 1513 1279 καὶ
1536 1252 1581 1279 τὸν
1599 1253 1684 1278 τύπον
1708 1251 1874 1287 ἐγείραντες

1070 1299 1119 1327 τοῦ
1143 1299 1390 1335 Ναϐουχοδονόσορ,
1410 1298 1435 1325 οἱ
1459 1298 1510 1333 τὴν
1526 1296 1744 1332 πολυθρὺλλητον
1766 1297 1873 1333 ταύτην

1072 1346 1210 1381 σάλπιγγα
1219 1345 1317 1372 ἕνωσιν
1332 1345 1354 1361 ¹⁰
1367 1344 1421 1371 τῶν
1432 1344 1622 1380 πολεμούντων
1636 1343 1830 1376 σαλπίζοντες.
1847 1343 1874 1370 οἱ

1071 1392 1101 1418 ὲν
1119 1392 1261 1428 μουσικοῖς
1275 1391 1323 1418 καὶ
1338 1391 1368 1417 ὲν
1384 1389 1544 1425 κυμϐάλοις,
1562 1390 1608 1416 καὶ
1627 1390 1655 1416 ὲν
1668 1389 1817 1426 ψαλτηρίῳ
1828 1389 1874 1416 διὰ

1070 1438 1125 1465 τῶν
1151 1436 1370 1472 πεπλανημένων
1384 1436 1460 1472 ὑμῶν
1471 1436 1607 1472 ,ῥημάτων
1625 1437 1665 1468 εἰς
1686 1436 1795 1463 πτῶσιν
1809 1436 1873 1468 τοὺς

1071 1483 1155 1516 λαοὺς
1169 1483 1309 1519 φέροντες,
1327 1483 1412 1510 εἰκόνι
1425 1483 1527 1519 μᾶλλον
1537 1481 1678 1510 δουλεῦσαι
1690 1482 1873 1518 παρασκευά-

1072 1530 1165 1562 ζοντες
1187 1529 1260 1565 ἥπερ
1285 1529 1345 1564 Θεῷ
1369 1529 1417 1556 καὶ
1438 1528 1563 1565 ἀληθείᾳ.
1590 1529 1646 1555 Καὶ
1670 1528 1713 1561 τίς
1742 1528 1872 1564 ἀληθινὸς

1072 1578 1177 1615 ἕτερος,
1189 1577 1228 1610 ὡς
1240 1578 1254 1604 6
1266 1577 1330 1609 Υἱὸς
1346 1577 1394 1604 τοῦ
1413 1577 1481 1604 Θεοῦ
1493 1587 1501 1611 ;
1522 1577 1569 1610 Τίς
1581 1577 1636 1612 γὰρ
1650 1575 1873 1611 ἐξισωθήσεταε

1072 1625 1113 1658 τῷ
1137 1625 1237 1659 Κυρίῳ
1259 1625 1295 1651 ἐν
1319 1624 1396 1658 υἱοῖς
1411 1624 1502 1656 θεοῦ;
1526 1624 1609 1659 φησιν
1626 1625 1643 1660 ή
1668 1624 1767 1659 Γραφή
1780 1632 1788 1639 ·
1808 1623 1873 1656 καὶ,

1073 1672 1197 1706 ’Έτερος
1225 1671 1301 1706 πρὸς
1329 1671 1423 1699 αὑτὸν
1438 1672 1475 1698 οὺ
1501 1670 1728 1706 λογισθήσεται.
1759 1670 1819 1697 Καὶ
1847 1669 1873 1696 τί

1074 1725 1156 1752 φησιν
1169 1725 1177 1750 ;
1192 1717 1251 1744 Ἵνα
1271 1716 1339 1752 ἴδῃς,
1355 1716 1397 1743 ὅτι
1414 1716 1479 1752 περὶ
1492 1715 1540 1742 τοῦ
1562 1715 1627 1742 Υἱοῦ
1647 1715 1735 1750 λέγει,
1752 1715 1872 1750 καθεξῆς

1071 1763 1250 1799 διηγούμενός
1267 1771 1367 1798 φησιν’
1388 1763 1509 1797 Ἑξεῦρε
1530 1761 1635 1789 πᾶσαν
1653 1761 1727 1789 ὁδὸν
1747 1762 1873 1795 ἐπιστή-

1070 1818 1147 1845 μης,
1171 1809 1222 1836 καὶ
1244 1809 1359 1837 ἔδωκεν
1380 1808 1494 1842 αὐτήν
1518 1809 1565 1835 καὶ
1588 1807 1657 1843 μετὰ
1679 1807 1785 1834 ταῦτα·
1813 1807 1873 1834 Ἐπί

1073 1855 1131 1891 γῆς
1155 1855 1250 1891 ὤφθη,
1270 1855 1321 1882 καὶ
1347 1854 1410 1889 τοῖς
1432 1854 1600 1889 ἀνθρώποις
1620 1853 1872 1889 συνανεστράςη.

1074 1901 1136 1934 Ιιῶς
1148 1899 1196 1928 οὖν
1210 1901 1261 1928 οὐκ
1280 1900 1418 1937 ἀληθινῶς
1432 1900 1501 1936 πρὸς
1512 1899 1593 1927 αὑτὸν
1608 1899 1696 1927 ταῦτα
1717 1899 1846 1936 εἷρηταις
1859 1899 1873 1926 6

1074 1949 1122 1976 καὶ
1136 1948 1236 1984 λέγων’
1258 1947 1333 1983 Ἐγώ
1344 1949 1403 1983 ειμι
1419 1948 1438 1983 ἠ
1452 1947 1589 1983 (privata.

1110 2082 1171 2111 AB'.
1194 2082 1263 2110 Ἀλλ’
1279 2082 1352 2119 ἐρεῖς
1367 2087 1427 2117 μοι·
1446 2081 1509 2112 Πῶς
1521 2077 1597 2107 εἶπεν
1610 2078 1664 2116 (94)
1680 2079 1694 2105 6
1713 2077 1872 2114 Μοῦογενὴς

1074 2128 1202 2165 ἀληθινὸς
1230 2128 1314 2160 Θεός·
1340 2128 1408 2156 Ἵνα
1435 2126 1607 2162 γινώσκωσι
1630 2133 1668 2153 σε
1695 2125 1752 2152 τὸν
1773 2126 1873 2160 μόνον

1074 2174 1221 2209 ἀληθινὸν
1243 2174 1335 2206 Θεόν;
1358 2174 1416 2200 Ἵνα
1443 2173 1481 2209 μὴ
1504 2172 1634 2200 πολυθεῖα
1656 2171 1813 2207 νομισθείη,
1829 2170 1870 2197 [να

1037 2240 1060 2269 D
1076 2221 1114 2256 μὴ
1129 2220 1261 2256 διαίρεσις
1280 2219 1394 2255 γένηται
1405 2219 1455 2253 τῆς
1474 2218 1595 2269 Cumqu
1608 2217 1799 2269 γνώρεωςζξξ
1816 2216 1871 2269 γάρ

1074 2267 1154 2302 μόνος
1173 2265 1296 2301 ἀληθινὸς
1313 2265 1379 2297 Θεὸς
1397 2266 1412 2291 6
1436 2264 1543 2300 Πατὴρ,
1569 2262 1697 2300 ἀληθινὸς
1717 2264 1732 2290 6
1752 2263 1820 2295 Υῑὸς
1839 2264 1870 2290 tu

1073 2312 1198 2348 Πατρὺς,
1224 2312 1359 2348 ἀληθινῶς
1388 2311 1598 2347 γεγεννημένος.
1622 2309 1718 2346 Τιμῶν
1744 2309 1802 2345 γὰρ
1825 2309 1870 2336 τὸν

1073 2359 1194 2395 Πατέρα,
1219 2358 1268 2385 καὶ
1292 2359 1372 2394 μόνον
1389 2358 1472 2385 αὑτὸν
1493 2357 1560 2384 Θεδν
1583 2356 1709 2393 ἀληθινὸν
1729 2356 1869 2384 ἀποκαλύ-

1073 2414 1159 2438 πτων,
1180 2405 1277 2433 ἑαυτὸν
1295 2404 1395 2437 ἔδειξεν
1412 2405 1445 2432 ὲκ
1466 2404 1573 2440 Πατρὸς
1591 2402 1720 2439 ἀληθινὸν
1738 2411 1869 2439 γεγεννησ

1076 2451 1166 2487 μένον.
1184 2450 1236 2478 Διὰ
1252 2450 1331 2478 τοῦτο
1346 2450 1474 2486 ἀληθινὸς
1494 2449 1600 2485 Πατὴρ,
1617 2450 1632 2476 6
1650 2448 1780 2484 ἀληθινὸς
1802 2449 1870 2481 Θεὸς

1074 2497 1088 2523 6
1101 2496 1166 2528 Υἱὸς
1179 2497 1193 2523 ὀ
1211 2496 1369 2532 μονογενής.
1385 2496 1441 2522 Καὶ
1454 2494 1535 2521 πόθεν
1546 2493 1626 2521 τοῦτο
1643 2493 1782 2526 δεικτέονς
1800 2492 1870 2519 Ἀλλ’

1074 2543 1126 2580 ὂρα
1143 2552 1187 2579 μοι
1201 2543 1252 2575 τὰς
1263 2543 1352 2577 λέξεις
1366 2541 1484 2570 ἐνταῦθα
1500 2541 1539 2573 ὼς
1557 2540 1637 2577 μόνον
1656 2540 1786 2575 ἀληθινὸν
1803 2539 1869 2567 Θεὸν

1076 2590 1176 2625 φάσκει
1192 2589 1310 2617 ἐνταῦθα
1323 2589 1370 2616 τὸν
1383 2588 1507 2624 Πατέρα.
1526 2587 1570 2614 Ἐν
1591 2586 1620 2613 δὲ
1633 2585 1673 2622 τῷ
1691 2585 1765 2613 κατὰ
1781 2585 1868 2613 Ἰωάν-

1521 2679 1533 2696 ⁸
1550 2679 1616 2706 ibid.
1628 2678 1674 2707 3‘2.
1714 2679 1726 2695 ⁸
1743 2678 1809 2706 ibid.
1822 2679 1866 2707 '58.

226 2717 236 2732 "
256 2715 333 2742 loan.
347 2723 403 2750 xtv,
418 2716 444 2744 6.
484 2717 495 2732 ⁸
508 2715 589 2744 Joan.
608 2724 674 2748 xt'tt,
690 2717 717 2744 '5.
756 2717 766 2731 '
783 2715 813 2745 Ε.
831 2717 911 2752 φύσει
928 2722 955 2745 et
971 2718 1019 2745 Βαί

1075 2717 1128 2746 ὂνα.
1168 2717 1189 2733 ¹⁰
1207 2716 1236 2744 F.
1251 2717 1279 2743 ἐν
1294 2716 1372 2748 ὠσίν,
1385 2715 1427 2744 vel
1441 2716 1481 2747 εἰς
1494 2715 1603 2742 ἕνωσιν.

268 2816 324 2847 (9t)
341 2817 423 2844 ’ΛΑΜ
442 2817 519 2851 ἐρεῖς
533 2824 592 2849 μοι’
611 2817 677 2851 Πῶς
701 2818 794 2845 εἶπεν.
812 2818 879 2845 Vide
902 2818 1012 2845 concilii

233 2852 417 2889 éqnilcn-usis
429 2854 507 2889 Acta,
525 2854 569 2880 ubi
583 2853 720 2881 Ambrosii
736 2862 818 2889 Opera
836 2854 973 2881 Palladius
992 2858 1020 2880 et

236 2887 426 2916 Secundiauus
449 2888 545 2916 Ariani
577 2889 698 2925 episcopi
727 2887 847 2918 «Liuiuai
872 2893 947 2923 sunt,
973 2889 1019 2923 qui

1073 2820 1145 2847 inter
1157 2823 1256 2847 caztera
1273 2818 1319 2845 Dei
1343 2817 1444 2844 Filium
1465 2824 1560 2844 verum
1578 2815 1663 2843 Deum
1685 2816 1765 2844 fateri
1792 2823 1862 2842 cout-

1075 2856 1146 2892 pulsi
1163 2855 1241 2883 tniris
1252 2853 1526 2890 tct‘giversutionibus
1545 2852 1670 2880 eludunt.
