1929 3039
71 157 132 187 253

425 155 615 185 ADVERSUS
632 155 805 184 ll/ERESES
825 155 879 184 LIB

935 177 942 183 .
963 155 1045 184 ΤΟΜ.
1066 155 1136 183 ll.—-
1152 155 1290 185 HERES.
1306 156 1401 185 LXIX.

1669 157 1722 187 εει

72 223 127 251 νην
146 213 315 248 Εὑαγγελίῳ,
341 213 383 240 ὃτι
395 233 402 244 ,
419 214 514 248 φησὶν,
530 211 586 242 Ἦν
604 212 638 241 τὸ
666 214 730 248 φῶς
750 213 782 241 τὸ
801 214 877 248 άλη-

933 214 1033 242 ileiuiit.
1051 214 1086 241 At
1101 214 1128 241 in
1142 214 1257 243 Joannis
1281 215 1438 251 Evangelia,
1460 213 1538 247 Erat,
1557 213 1655 250 inquit,
1677 215 1725 243 tua:

73 261 175 289 θινόν.
194 260 248 286 Καὶ
264 260 338 286 ποῖον
351 259 410 294 φῶς
424 259 551 294 ἀληθινὸν
571 259 629 286 ἀλλ’
642 260 658 295 ἦ
670 261 684 286 6
703 260 877 295 Μονογενής;

73 306 134 334 Καὶ
149 305 230 332 πάλιν
245 305 273 331 αἱ
292 305 311 330 Γ
313 304 398 340 ραφαί
410 313 476 339 φασι
497 305 561 340 περὶ
583 303 630 331 τοῦ
645 305 727 337 Θεοῦ,
746 306 789 332 ὅτι
812 305 878 338 Φῶς

73 354 92 380 ό
113 351 198 385 Θεὸς,
217 351 264 378 καὶ
277 351 327 377 οὐκ
343 348 415 384 εἶπε,
427 350 487 383 Φῶς
504 350 629 386 ἀληθινὸν
642 352 656 378 6
671 351 738 383 Θεός
748 359 754 365 ·
772 351 836 387 περὶ
849 351 877 378 δὲ

74 398 125 425 τοῦ
153 397 315 433 μονογενοῦς
336 397 402 424 Υίοῦ
418 396 465 424 τοῦ
482 397 561 430 Θεοῦ,
583 398 624 424 ὅτι
642 397 700 432 φῶς
722 397 849 433 ἀληθινὸν
863 398 878 424 ό

75 445 251 479 Μονοτενής·
269 443 334 480 περὶ
359 443 387 470 δὲ
409 443 455 470 τοῦ
477 444 599 479 Πατρός·
623 443 694 476 Θεὸς
714 444 875 478 ἀληθινός·

74 491 127 517 καὶ
145 490 196 516 οὐκ
220 487 307 522 εἶπεν,
323 490 364 516 ὅτι
389 489 449 521 Φῶς
472 489 597 525 ἁληθινδν
620 490 635 516 ὁ
659 489 736 522 Θεός.
762 489 830 525 Περὶ
849 490 878 517 δὲ

74 536 127 563 τοῦ
149 536 226 567 Tini,
244 536 284 562 ὅτι
302 535 384 569 Θεὸς,
401 536 448 562 καὶ
477 536 523 562 ἐπὶ
542 535 600 568 τοῦ,
618 536 690 568 Θεὸς
712 537 728 562 ό
753 535 829 568 nec,
846 535 876 562 οὐ

75 583 231 618 προσέθετο
253 582 284 609 τὸ
301 582 437 617 ἀληθινόν.
461 582 516 609 Καὶ
541 582 609 609 ὅπου
628 581 685 617 φῶς
705 583 719 609 6
741 581 826 615 Θεὸς,
846 583 877 609 οὗ

77 629 231 665 προσέθετο
247 627 311 664 φῶς
327 629 483 663 ἀληθινόν.
499 629 531 655 Ti
551 627 598 655 οὖν
616 628 733 664 λέγομεν
746 628 810 664 περὶ
829 628 877 655 τοῦ

77 675 205 711 Πατρός;
226 675 287 702 Ὀτι
307 675 357 710 μὲν
382 675 437 711 γὰρ
466 674 524 709 φῶς
546 673 674 710 ἀληθινὸν
691 675 705 701 6
721 674 804 706 Θεός·
831 673 878 700 καὶ

78 722 130 749 οὐκ
147 722 203 758 ἄρα
219 721 328 753 ἐλλιπὲς
341 722 490 757 ποιήσομεν
504 721 535 748 τὸ
545 721 632 748 Θεῖον.
644 720 700 747 Καὶ
718 719 812 756 ἐπειδὴ
827 720 877 750 οὐκ

78 767 138 795 ἐστι
165 767 359 804 γεγραμμένον
385 767 415 794 τὸ
438 767 496 802 φῶς
523 767 555 794 τὸ
577 766 719 802 ἀληθινὸν,
742 766 875 802 εῐπομεν¹

79 813 297 850 ἁμαρτάνοντες,
311 814 351 841 ὅτι
362 813 414 840 οὒκ
424 813 481 840 ἔστι
496 813 554 848 φῶς
564 813 702 849 ἀληθινόν.
714 812 770 840 Καὶ
783 813 876 848 ἐπειδὴ

79 861 94 887 ὁ
112 860 176 892 Υἱὸς
192 860 358 894 γέγραπται,
379 860 420 886 ὅτι
443 859 510 892 Θεός
531 860 590 886 ἐστι
603 866 610 873 ·
638 859 693 886 Καὶ
719 857 753 895 ἦν
774 860 788 885 6
811 859 878 890 Θεὸς

934 270 994 289 vera
1008 262 1018 277 ¹
1028 285 1035 295 ,
1051 269 1176 297 quaenam
1189 270 1253 290 vera
1267 262 1312 289 illa
1329 262 1375 289 lux
1389 265 1443 293 est.
1468 264 1650 296 prmterquam
1665 262 1726 288 uni-

932 307 1042 342 gcnitus
1056 306 1161 335 Filius?
1173 308 1285 335 Accedit
1297 307 1370 343 quod
1387 315 1474 335 sacrae
1488 307 1599 335 Littera:
1614 308 1687 335 hunc
1698 309 1725 335 in

932 353 1044 380 modum
1060 353 1093 380 de
1111 353 1166 381 Deo
1183 354 1333 389 loquuntur
1350 363 1356 381 :
1371 353 1430 381 Lua;
1443 359 1482 382 est
1502 353 1573 382 Deus
1593 354 1620 388 ';
1637 361 1726 389 neque

931 406 1025 426 veram
1045 399 1197 434 adjiciunt;
1212 399 1257 427 Dei
1275 407 1340 427 vero
1362 399 1462 427 Filium
1481 408 1573 427 veram
1599 408 1660 428 esse
1685 400 1726 428 lu-

932 453 991 473 cem
1019 450 1157 474 asserunt.
1176 445 1210 473 At
1228 446 1262 473 de
1282 445 1362 474 Patre
1379 454 1454 473 verus
1475 446 1562 478 Deus;
1584 453 1637 474 non
1660 447 1725 473 item

932 492 979 519 lux
992 501 1052 519 vera
1070 492 1139 520 Deus
1154 493 1341 521 estdixerunt.
1356 493 1424 520 Cum
1441 498 1530 520 autem
1552 493 1585 520 dc
1600 492 1668 520 Filio
1683 493 1724 520 ln-

933 544 1065 574 quuniur,
1083 539 1123 567 sic
1136 547 1198 567 esse
1210 538 1294 567 Deum
1309 540 1455 572 aﬂirmant,
1471 540 1542 568 utad
1559 540 1620 568 illas
1633 548 1724 572 voces,
1753 575 1755 578 ρ

934 585 1002 612 Deus
1015 589 1053 613 est
1069 584 1170 617 Filius.
1184 586 1242 613 veri
1257 586 1421 614 vocabulum
1434 594 1488 613 non
1499 586 1660 622 adiecerint.
1673 586 1725 614 Ubi

932 639 996 659 vero
1011 632 1057 658 lux
1073 631 1145 660 Deus
1160 632 1329 665 nominatur,
1342 632 1390 659 tua:
1403 640 1463 659 vera
1478 639 1532 659 non
1545 632 1655 659 dieitur.
1673 631 1725 659 Ec-

931 676 998 711 quid
1020 677 1103 712 igitur
1120 677 1154 705 de
1172 676 1253 704 Patre
1271 677 1444 705 sentiemus?
1470 677 1518 705 Est
1533 679 1605 705 enim
1630 678 1726 713 utique

931 731 997 751 vera
1017 724 1061 750 lux
1079 723 1170 756 Deus;
1188 731 1277 758 neque
1298 731 1427 750 mancum
1441 743 1448 756 ,
1466 729 1513 751 aut
1530 724 1666 752 deiectum
1684 724 1726 751 di-

930 769 1024 796 vinum
1036 777 1097 797 esse
1115 777 1217 796 numen
1231 770 1462 796 existimabimus.
1481 769 1513 796 Et
1528 771 1654 805 quamvis
1673 771 1726 797 mi-

931 815 1006 842 nime
1021 817 1154 850 scriptum
1171 816 1217 848 sit,
1234 823 1326 843 veram
1340 816 1416 843 illum
1430 823 1490 844 esse
1504 816 1604 848 lucem,
1617 824 1670 843 non
1684 821 1725 843 ta—

932 868 995 888 men
1019 861 1233 893 committemus,
1257 869 1350 889 veram
1377 865 1405 888 ut
1431 869 1492 889 esse
1515 862 1602 889 lucem
1623 862 1727 890 inlicie-

81 907 151 942 πρὸς
172 907 219 933 τὸν
243 905 308 933 ὄντα
327 906 453 941 Πατέρα·
476 905 523 932 καὶ
543 905 596 941 γὰρ
612 903 646 942 ἦν
661 905 728 937 Θεδς
747 906 761 932 ὁ
778 905 875 939 Λόγος.

933 915 1008 940 mur;
1027 907 1180 942 prtesertim
1195 915 1258 934 eum
1278 908 1312 935 de
1325 907 1394 934 Filio
1411 908 1546 943 scriptum
1559 908 1605 939 sit.
1625 908 1724 935 Filium

81 954 136 980 Καὶ
153 953 203 980 οὐχ
219 950 305 984 εἶπεν,
323 951 363 978 ὅτι
380 951 447 984 Θεὸς
464 951 573 987 ἐγένετο
587 952 601 977 6
615 951 711 985 Λόγος,
725 950 793 978 ἀλλὰ
811 949 877 982 Θεὸς

80 997 125 1036 ἦν.
144 1001 193 1027 Ἐκ
207 1000 236 1027 δὲ
250 999 304 1026 τῶν
316 999 363 1026 δύο
379 999 415 1026 τὰ
433 999 565 1034 ίσόρροπα
582 998 764 1034 δειχθήσεται,
778 999 810 1024 ἐκ
829 997 876 1024 τοῦ

83 1047 133 1081 μὲν
155 1046 222 1078 Θεὸς
244 1045 372 1082 ἀληθινὸς
391 1046 405 1072 6
432 1045 546 1081 Πατὴρ,
572 1045 621 1072 καὶ
645 1044 702 1079 φῶς
723 1043 848 1079 ἀληθινὸν
864 1044 878 1070 6

81 1092 156 1124 Υιδς.
173 1092 208 1121 τὰ
235 1092 348 1126 ίσόζυγα
369 1092 493 1126 φανεῖται
509 1091 559 1126 τῆς
584 1090 679 1124 ἀξίας·
708 1090 756 1117 καὶ
781 1091 814 1116 ἐκ
829 1090 877 1116 τοῦ

80 1139 149 1166 Θεοῦ
167 1141 180 1166 6
191 1139 266 1172 Υἱὸς,
282 1139 329 1165 καὶ
345 1138 404 1173 φῶς
415 1138 429 1164 6
445 1137 522 1170 θεὸς,
540 1137 575 1164 τὰ
591 1137 722 1173 ίσόῂροπα
738 1138 787 1172 τῆς
801 1136 876 1169 δοξο-

80 1186 175 1220 λογίας
194 1185 389 1221 εὑρεθήσεται·
407 1184 455 1211 καὶ
470 1184 546 1211 οὐδὲν
561 1183 668 1212 διοίσει.
689 1183 750 1209 οὐδὲ
771 1182 876 1209 ἀντιλέ-

80 1232 136 1266 ξειέ
152 1240 194 1264 τις
210 1233 244 1267 τῇ
265 1230 397 1267 ἀληθείᾳ,
415 1230 485 1257 ἀλλὰ
507 1229 633 1266 ἀληθινὸς
655 1229 721 1261 θεὸς
733 1230 748 1256 6
771 1228 875 1264 Πατὴρ,

80 1277 128 1304 καὶ
144 1276 274 1312 ἀληθινὸς
289 1276 351 1308 Υἱὸς
361 1276 375 1302 ο
393 1276 550 1311 μονογενής.

927 960 990 981 esse
1007 953 1090 980 Deum
1105 962 1111 981 :
1124 953 1156 981 Et
1165 957 1226 981 erat
1235 953 1306 981 Deus
1317 954 1387 989 apud
1400 954 1580 981 cxsisteutem
1596 953 1724 987 l‘alrcni;

927 1003 988 1027 erat
1006 999 1079 1026 enim
1104 999 1176 1027 Deus
1191 998 1323 1027 Verbum.
1343 999 1399 1026 Non
1424 999 1504 1030 dixit,
1529 999 1600 1026 Dens
1623 999 1731 1026 factum.

928 1048 970 1072 est
993 1043 1132 1077 Verbum,
1159 1044 1207 1072 sed
1228 1044 1298 1071 Drus
1325 1050 1392 1071 erat.
1415 1045 1599 1078 Quamobrem
1622 1052 1654 1072 cx
1679 1045 1722 1072 his

929 1090 1038 1119 duobus
1053 1091 1147 1118 eadem
1160 1095 1243 1126 atque
1254 1091 1368 1126 :rqnalia
1381 1091 1555 1126 eolligeutar.
1574 1090 1610 1117 Ex
1626 1099 1669 1122 eo,
1683 1090 1726 1116 in-

929 1145 1023 1172 quam,
1043 1136 1115 1170 quod
1141 1144 1222 1164 verus
1250 1135 1322 1164 Deus
1346 1136 1499 1171 appellatur
1518 1135 1609 1169 Pater,
1635 1142 1661 1163 ei.
1679 1136 1726 1163 lux

928 1190 992 1210 vera
1015 1181 1116 1214 Filius,
1146 1181 1262 1217 aequalis
1288 1182 1433 1216 utriusque
1455 1182 1576 1217 dignitas
1600 1186 1724 1217 apparet.

930 1228 1051 1263 Itemque
1065 1235 1097 1255 ex
1119 1235 1151 1254 eo
1164 1227 1237 1262 quod
1249 1231 1276 1254 et
1289 1227 1361 1255 Deus
1371 1227 1470 1257 Filius.
1487 1234 1512 1255 ei
1525 1228 1571 1254 lux
1581 1236 1644 1255 esse
1654 1228 1726 1256 Deus

930 1274 1043 1306 dicitur,
1060 1281 1109 1308 par
1122 1273 1273 1308 eademque
1289 1273 1433 1300 amborum
1447 1273 1533 1308 gloria
1549 1273 1701 1308 reperietur
1715 1282 1723 1302 :

80 1322 150 1350 adeo
168 1327 198 1349 ut
210 1321 276 1349 nihil
293 1321 401 1349 intersit
417 1321 542 1352 omnino,
556 1307 726 1348 ucelveritati
741 1319 873 1355 refragari
889 1319 1026 1355 quispiam
1041 1307 1104 1354 jure
1119 1319 1208 1354 possit
1221 1307 1361 1354 {denique
1373 1322 1400 1346 et
1422 1307 1505 1346 verus
1530 1307 1602 1346 Dens
1629 1317 1724 1350 Pater,

83 1377 166 1396 verus
182 1369 294 1403 perinde
309 1367 396 1395 Filius
412 1367 569 1403 unigenitus
583 1370 733 1393 asseratur.

117 1414 179 1441 ΛΓ.
214 1415 274 1440 Ἔτι
300 1413 327 1440 δὲ
353 1413 400 1441 καὶ
428 1413 493 1449 περὶ
529 1413 575 1439 τοῦ
608 1412 685 1447 ἁγίου
722 1412 881 1447 Πνεῦματος

82 1459 273 1494 ἀναγκάζομαι
289 1458 336 1485 τοῦ
351 1458 440 1492 λέγειν
457 1457 584 1488 ἐνταῦθα,
598 1457 642 1484 ἵνα
656 1457 693 1492 μὴ
708 1456 880 1492 παραλείψας

82 1514 121 1541 τι,
134 1505 171 1532 δῶ
184 1506 240 1537 τοῖς
255 1504 427 1540 βουλομένοις
445 1504 549 1540 ἐχθροῖς
563 1504 612 1535 τὰς
626 1503 716 1530 αὐτῶν
724 1502 796 1538 ἔχειν
811 1511 880 1538 προ-

83 1552 191 1587 φάσεις.
205 1551 282 1578 Οὕτω
295 1551 351 1586 γὰρ
366 1551 413 1577 καὶ
428 1550 458 1576 τὸ
470 1550 582 1585 Πνεῦμα
597 1549 627 1576 τὸ
646 1549 734 1584 ἅγιον,
748 1549 786 1580 ὡς
801 1548 882 1580 αὐτὸς
895 1569 916 1599 c

82 1599 97 1626 ὁ
115 1598 216 1634 Κύριος
232 1598 366 1633 μαρτυρεῖ
378 1597 477 1631 λέγων,
494 1596 524 1622 τὸ
545 1595 658 1631 Πνεῦμα
677 1596 727 1629 τῆς
740 1594 880 1630 ἀληθείας,

82 1646 115 1674 τὺ
131 1645 242 1681 Πνεῦμα
269 1644 317 1671 τοῦ
337 1644 460 1679 Πατρός·
487 1644 501 1670 ὀ
525 1643 553 1669 δὲ
574 1641 747 1675 ’Δπόστολος,
768 1641 882 1677 Πνεῦμα

84 1691 214 1728 Χριστοῦ.
226 1692 296 1727 ’Λρα
310 1690 376 1725 γοῦν
387 1689 418 1716 τὸ
432 1689 542 1725 πνεῦμα
556 1688 605 1723 τῆς
618 1688 757 1723 ἀληθείας,
772 1687 883 1722 πνεῦμα

83 1737 225 1773 ἀληθείας,
244 1736 353 1772 πνεῦμα
369 1736 448 1768 Θεοῦ,
466 1735 504 1767 ὡς
524 1734 592 1766 Θεὸς
616 1733 753 1770 ἀληθινὸς,
769 1734 808 1764 ὡς
824 1732 882 1767 φῶς

83 1784 221 1820 ἀληθινὸν,
237 1783 274 1815 ὡς
290 1783 400 1818 πνεῦμα
416 1781 533 1817 Πατρδς,
549 1781 587 1812 ὼς
598 1780 707 1816 πνεῦμα
721 1779 797 1808 Υἱοῦ.
822 1779 882 1806 Μία

83 1831 140 1866 γάρ
154 1832 228 1857 ἐστιν
243 1829 363 1866 ἡΤριὰς,
374 1829 422 1864 μία
431 1830 448 1864 ἡ
459 1827 609 1862 δοξολογία,
622 1827 671 1862 μία
683 1827 699 1862 ἡ
710 1826 815 1861 θεότης,
833 1825 882 1861 μία

84 1879 102 1913 ή
118 1876 258 1912 κυριὰτης.
274 1875 367 1911 Πατὴρ
382 1874 486 1910 Πατὴρ,
502 1874 566 1905 Υίδς
578 1873 653 1905 Υἱὸς,
680 1872 759 1907 ἅγιον
769 1871 882 1908 Πνεῦμα

84 1925 163 1959 ἅγιον
180 1924 292 1959 Πνεῦμα
303 1932 309 1938 ·
327 1923 357 1949 οὐ
374 1921 521 1956 συναλοιφή
543 1919 667 1956 ήΤριὰς,
690 1919 721 1946 οὐ
742 1918 878 1946 διεστῶσα

83 1971 135 2006 τῆς
147 1970 214 2001 ιδίας
227 1969 311 2004 αὐτῆς
324 1968 446 2004 μονάδος,
455 1967 504 1994 οὐκ
516 1966 626 2001 ἐλλιπὴς
638 1965 685 2000 τῆς
700 1964 880 2000 τελειότητος,

84 2017 137 2049 οὐκ
149 2016 243 2042 ἀλλοία
252 2017 300 2050 τῆς
318 2014 386 2046 ἰδίας
400 2013 540 2049 ἰδιότητος,
554 2012 621 2039 ἀλλὰ
633 2012 721 2038 πάντα
731 2011 879 2046 τελειότης,

85 2063 152 2099 τρία
172 2062 275 2094 τέλεια,
293 2061 343 2097 μία
365 2060 470 2096 θεότης.
486 2059 541 2087 Καὶ
567 2059 713 2085 πέπτωκεν
728 2058 745 2093 ἡ
771 2057 825 2084 τῶν
849 2056 883 2083 δι’

85 2111 213 2140 ἐναντίας
239 2108 372 2143 μάχαιρα.
393 2106 448 2134 Καὶ
467 2106 521 2142 γὰρ
548 2105 619 2132 οὕτω
643 2105 814 2140 γέγραπται,
841 2103 883 2130 ὅτι

85 2155 181 2188 Beloc
202 2154 319 2188 νηπίων
344 2151 544 2188 ἐγενήθησαν.
563 2149 618 2177 Καὶ
639 2149 695 2184 γὰρ
720 2148 755 2175 τὰ
778 2148 882 2183 νήπια,

86 2201 139 2228 κᾶν
153 2209 182 2226 τε
197 2199 265 2234 θέλῃ
282 2197 432 2233 λαμϐάνειν
449 2196 525 2232 βέλη,
538 2195 673 2230 ἀνίσχυρα
689 2193 829 2227 τυγχάνει,
845 2191 882 2227 μὴ

966 1407 1085 1437 XXXIII.
1103 1408 1140 1437 De
1161 1408 1266 1444 Spiritu
1281 1417 1346 1436 vero
1362 1414 1458 1437 sancto
1481 1416 1593 1436 necesse
1611 1413 1654 1436 est
1675 1409 1727 1436 ali-

931 1455 996 1489 quid
1017 1455 1069 1482 lioe
1081 1455 1141 1482 loco
1153 1455 1313 1490 disputare;
1331 1463 1374 1485 ne,
1393 1454 1417 1481 si
1431 1453 1497 1488 quid
1513 1453 1726 1488 prietcrmisero.

932 1509 982 1529 sua
999 1501 1126 1529 hostibus
1138 1501 1242 1529 nostris
1255 1504 1416 1536 argumenta
1430 1507 1461 1527 ac
1479 1500 1604 1535 priesidia
1621 1499 1728 1533 intcgia

933 1547 1080 1582 reliquisse
1100 1547 1205 1574 \‘idcar.
1230 1546 1331 1573 Eodem
1351 1547 1436 1582 igitur
1461 1547 1542 1573 modo
1563 1546 1596 1573 de
1621 1545 1727 1580 Spiritui

933 1597 1030 1621 sancto
1048 1593 1151 1620 sentire
1167 1601 1217 1620 nos
1233 1597 1357 1627 oportet,
1378 1592 1609 1628 quemadmodum
1636 1592 1726 1618 Donni-

933 1647 986 1666 nus
1003 1639 1061 1674 ipse
1075 1643 1201 1671 testatur,
1217 1646 1279 1665 cum
1297 1638 1430 1673 Spiritum
1445 1638 1568 1665 veritatis
1581 1638 1600 1669 δ,
1615 1646 1647 1664 ac
1665 1637 1728 1672 Spi-

931 1686 1014 1712 ritum
1038 1684 1128 1713 Patris
1153 1685 1288 1718 appellat;
1316 1684 1463 1718 Apostolus
1490 1691 1565 1713 Vr'l‘O‘.
1591 1683 1724 1718 Spiritum

932 1732 1034 1759 Christi
1050 1732 1070 1758 ⁸.
1088 1731 1136 1758 Est
1151 1732 1234 1766 igitur
1249 1730 1369 1765 Spiriius
1382 1730 1518 1761 veritatis,
1536 1729 1655 1764 Spiritus
1668 1729 1727 1760 Dei,

933 1778 973 1805 uti
989 1785 1071 1805 verus
1090 1776 1173 1809 Dens,
1192 1785 1254 1804 vera
1273 1777 1330 1807 lux,
1343 1775 1463 1810 Spiritus
1479 1775 1579 1805 Patris.
1605 1775 1728 1809 Spiritus

932 1823 1004 1851 Filii.
1020 1823 1068 1851 Est.
1079 1824 1151 1850 enim
1171 1831 1224 1849 una
1242 1821 1381 1854 Trinitas,
1397 1829 1450 1848 una
1470 1820 1556 1856 gloria
1569 1840 1575 1852 ,
1597 1819 1728 1847 divinitas

933 1877 996 1901 una,
1023 1876 1076 1896 nua
1108 1868 1268 1901 dominatio,
1293 1867 1372 1894 Pater
1396 1867 1488 1899 Pater,
1511 1866 1597 1894 Filius
1628 1865 1726 1899 Filius,

933 1915 1053 1951 Spiritus
1080 1919 1194 1944 sanctus
1220 1914 1340 1950 Spiritus
1355 1921 1482 1947 sanctus;
1500 1914 1574 1940 nulla
1595 1913 1621 1940 in
1637 1912 1728 1939 Trini-

932 1967 989 1990 tate
1009 1962 1163 1990 commistio
1187 1962 1225 1988 vel
1246 1952 1385 1993 confusio;
1413 1967 1462 1987 nec
1491 1960 1526 1986 ab
1550 1959 1655 1986 unitate
1677 1966 1727 1986 sua

933 2008 1066 2041 dissidet;
1081 2017 1131 2035 nec
1154 2009 1187 2035 ad
1205 2007 1400 2043 perfectionem
1423 2007 1499 2034 deest
1514 2006 1550 2032 illi
1572 2005 1727 2041 quidpiam;

933 2063 984 2082 nee
1003 2059 1045 2082 est
1060 2062 1074 2081 ο
1093 2054 1260 2089 proprietate
1281 2061 1331 2082 sua
1357 2053 1476 2084 diversa.
1494 2052 1573 2087 757
1591 2051 1638 2079 sed
1663 2052 1726 2078 uni—

934 2108 1012 2127 versa
1030 2101 1161 2135 perfectio
1176 2103 1303 2135 occupat,
1323 2103 1352 2126 nt
1366 2103 1394 2126 ct
1409 2099 1529 2133 perfecta
1551 2099 1601 2124 tria
1618 2097 1684 2129 sint,
1701 2101 1729 2124 et

934 2147 1016 2174 trium
1035 2146 1216 2174 nihilominus
1234 2154 1287 2173 una
1310 2145 1453 2173 divinitas.
1481 2143 1540 2176 Qua
1561 2142 1667 2170 ratione
1680 2143 1729 2169 ad-

934 2192 1065 2219 versariis
1080 2192 1183 2219 nostris
1207 2191 1314 2227 gladius
1336 2199 1351 2218 e
1377 2191 1504 2218 manibus
1522 2196 1657 2216 excussus
1673 2193 1726 2215 est.

85 2247 223 2282 δυνάμενα
237 2246 267 2272 ὲν
285 2244 379 2280 χερσὶν
393 2243 483 2270 αὐτῶν
503 2250 530 2268 τι
549 2240 689 2276 πράττειν.
712 2239 774 2265 Ἐὰν
788 2238 816 2264 δὲ
831 2237 879 2264 καὶ

933 2237 1025 2272 quue
1038 2237 1188 2271 Scriptura:
1202 2238 1278 2264 locus
1292 2236 1337 2264 ille
1354 2237 1472 2271 pertinet
1489 2244 1496 2261 τ
1510 2234 1621 2269 Sagiin
1631 2241 1729 2267 paren-

86 2280 288 2329 παραταραχθῇ
301 2291 336 2318 τὰ
363 2291 459 2326 νήπια,
486 2288 586 2324 μᾶλλον
603 2286 687 2314 ἑαυτὰ
706 2284 814 2320 σφάζει,
835 2283 879 2310 καὶ

934 2285 1021 2312 lorum
1042 2284 1120 2318 facta:
1137 2288 1198 2310 simt
1222 2283 1244 2310 ⁸.
1268 2282 1336 2309 Nam
1361 2283 1412 2310 tcla
1432 2282 1496 2309 (lum
1521 2281 1554 2308 ab
1577 2280 1728 2307 infantibus

86 2326 173 2367 ἑαυτὰ
192 2326 292 2369 ὀιδιιιεῖ,
317 2336 354 2372 μὴ
382 2336 519 2371 δυνάμενα
545 2334 636 2365 ἄλλοις
661 2332 811 2367 ἐπιχειρεῖν
834 2328 879 2356 τοῦ

934 2335 1088 2358 trartantur
1103 2329 1238 2357 imbecilla
1260 2333 1336 2361 sunt,
1359 2336 1409 2356 nec
1431 2329 1459 2355 in
1479 2335 1574 2355 eorum
1600 2326 1728 2354 manibus

86 2385 183 2422 βέλους
197 2385 228 2412 τὸ
253 2384 441 2419 ἐπιχείρημα·
459 2381 497 2413 ὼς
523 2379 572 2407 καὶ
596 2375 669 2406 οὗτοι
693 2377 753 2404 καθ’
779 2374 879 2403 ἑαυτῶν

935 2375 1084 2412 quidquam
1100 2375 1206 2403 eilieere
1219 2378 1346 2411 possunt.
1362 2373 1439 2408 Quod
1454 2374 1476 2402 si
1490 2373 1658 2402 consternati
1674 2377 1729 2399 tur-

85 2431 310 2467 ἐπεστράτευσαν
335 2429 384 2464 τὴν
408 2427 531 2462 πλάνην·
555 2426 630 2453 οὐδὲν
653 2425 681 2452 δὲ
704 2423 879 2458 ὲνσχὴψουσιι

937 2421 1048 2456 batique
1063 2421 1176 2454 iuerint,
1193 2422 1298 2456 seipsos
1312 2420 1450 2455 iugulant.
1466 2424 1513 2446 aut
1526 2418 1577 2445 sibi
1595 2418 1726 2445 damnum

85 2481 127 2511 εἰς
141 2464 205 2510 τοῦς
224 2477 300 2508 υἱοὺς
313 2476 365 2511 τῆς
379 2474 519 2509 ἀληθείας.

938 2467 1060 2494 inferunt
1076 2468 1167 2502 potius
1180 2475 1262 2502 quam
1281 2470 1310 2493 ut
1327 2466 1396 2493 alios
1413 2465 1467 2493 illis
1479 2464 1589 2501 aggredi
1605 2469 1632 2492 et
1646 2472 1729 2500 appe-

86 2531 146 2555 tere
157 2529 270 2560 queant.
288 2522 335 2551 Sie
352 2526 378 2550 et
388 2521 433 2549 isti
449 2527 572 2549 errorem
587 2525 668 2547 suum
683 2520 778 2545 contra
795 2515 959 2550 semetipsos
971 2511 1155 2548 convertunt;
1175 2521 1263 2549 neque
1277 2513 1427 2548 quidquam
1442 2511 1578 2540 adversus
1602 2511 1729 2539 veritatis

87 2575 160 2602 Iilios
174 2572 310 2607 inﬂigunt.
1035 2606 1041 2607 γ
1059 2571 1074 2607 _‘

123 2621 184 2646 AA'.
203 2617 413 2654 Παρελεύσομαι
426 2615 455 2642 δὲ
469 2614 517 2642 καί
531 2615 570 2646 εἰς
587 2613 683 2648 ἐτέρας
698 2611 785 2644 λέξεις
804 2610 885 2637 πάλιν

86 2666 136 2697 τὰς
160 2665 207 2691 ὑπ’
229 2663 320 2691 αὐτῶν
337 2661 547 2697 ὲπινοουμένας.
567 2660 622 2686 Καὶ
641 2658 750 2694 πρῶτον
773 2657 822 2692 μὲν
841 2657 886 2683 ὲκ-

87 2710 214 2746 πλήξεώς
227 2711 286 2737 ἐστι
299 2709 330 2737 τὺ
346 2710 440 2745 ἔργον,
457 2707 495 2740 ὡς
509 2706 636 2742 εἰρωνείᾳ
655 2704 804 2740 κέχρηνται
818 2702 886 2738 πρὸς

87 2758 198 2792 ἀπᾶιτην
215 2756 270 2783 τῶν
282 2755 392 2790 ἀφελῶν
410 2754 458 2781 καὶ
474 2753 612 2788 ἀκεραίων
629 2752 719 2787 φύσει.
737 2750 781 2782 Ὧς
797 2750 811 2776 6
826 2749 887 2783 ὄφις

91 2803 214 2838 “quisque
229 2802 280 2838 τὴν
292 2801 364 2828 Εὕαν
380 2800 515 2835 ἀκεραίαν
536 2797 630 2830 οὖσαν,
650 2796 688 2833 τῷ
704 2795 779 2831 αὑτῷ
795 2794 888 2831 τρόπῳ

671 2885 679 2900 ²
699 2883 796 2910 lloan.
813 2890 830 2918 ι,

124 2893 133 2910 ¹
150 2891 182 2920 F.
203 2891 253 2918 οὐκ
267 2891 390 2926 εἴπομεν.
433 2890 442 2904 ¹
457 2887 536 2915 Jnau.
556 2894 573 2916 ι,
588 2887 614 2914 9.

970 2605 1091 2634 XXXIV.
1113 2604 1191 2632 Nunc
1205 2604 1239 2632 ad
1257 2604 1326 2632 alios
1343 2604 1451 2631 illorum
1473 2608 1614 2630 sermones
1629 2599 1730 2627 oratio-

935 2663 997 2682 nem
1029 2653 1151 2681 couiero.
1182 2652 1210 2679 lu
1235 2659 1290 2688 quo
1315 2652 1432 2687 primum
1459 2649 1525 2677 illud
1551 2647 1731 2675 admiratione

936 2702 1046 2736 plenum
1064 2703 1124 2731 est;
1143 2703 1273 2734 quautam
1287 2698 1320 2725 ad
1333 2695 1589 2725 circumvenicnilos
1606 2693 1687 2719 rudes
1704 2695 1731 2718 ιιι

936 2747 1076 2782 simplices
1101 2745 1278 2773 calliditatem
1299 2752 1330 2772 ac
1351 2743 1552 2772 simulationem
1572 2740 1729 2767 adhibeant.

936 2793 1004 2820 Nam
1020 2797 1048 2819 ut
1071 2799 1184 2827 serpens
1207 2791 1289 2818 Evam
1310 2791 1451 2818 mulierem
1473 2787 1625 2815 sim'Ilieeiu
1648 2786 1729 2814 decc-

929 2882 938 2898 ⁷⁵
954 2881 1033 2909 Joau.
1059 2889 1114 2913 ειν,
1136 2880 1178 2908 l7.
1220 2879 1228 2894 '
1244 2878 1323 2906 Ιὶυιιι.
1337 2885 1395 2911 γιιι,
1414 2876 1439 2903 9.
1479 2875 1488 2889 “
1509 2873 1584 2902 l‘sal.
1603 2883 1682 2908 LMII,
1701 2875 1727 2906 3.
