  <div class='ocr_page' id='page_1' title='image "/cluster/home/n/w/nwhite01/storage/ocr_20150623/42/njp.32101077772588/138.png"; bbox 0 0 1929 3039; ppageno 0'>
   <div class='ocr_carea' id='block_1_1' title="bbox 75 142 130 172">
    <p class='ocr_par' dir='ltr' id='par_1_1' title="bbox 75 142 130 172">
     <span class='ocr_line' id='line_1_1' title="bbox 75 142 130 172; baseline 0.036 -2"><span class='ocrx_word' id='word_1_1' title='bbox 75 142 130 172; x_wconf 62' lang='grc' dir='ltr'><strong>εει</strong></span> 
     </span>
    </p>
   </div>
   <div class='ocr_carea' id='block_1_2' title="bbox 392 145 1385 187">
    <p class='ocr_par' dir='ltr' id='par_1_2' title="bbox 392 145 1385 187">
     <span class='ocr_line' id='line_1_2' title="bbox 392 145 1385 187; baseline 0.007 -14"><span class='ocrx_word' id='word_1_2' title='bbox 392 145 593 187; x_wconf 57' lang='grc' dir='ltr'><strong>Ἀῦνίἰῐιδυὸ</strong></span> <span class='ocrx_word' id='word_1_3' title='bbox 612 146 784 176; x_wconf 76' lang='lat' dir='ltr'><strong>li/ERESES</strong></span> <span class='ocrx_word' id='word_1_4' title='bbox 805 147 868 175; x_wconf 86' lang='lat' dir='ltr'><strong>LIB.</strong></span> <span class='ocrx_word' id='word_1_5' title='bbox 889 148 921 176; x_wconf 89' lang='lat' dir='ltr'><strong>ll.</strong></span> <span class='ocrx_word' id='word_1_6' title='bbox 942 149 1022 177; x_wconf 70' lang='lat' dir='ltr'><strong>T0“.</strong></span> <span class='ocrx_word' id='word_1_7' title='bbox 1045 149 1112 177; x_wconf 92' lang='lat' dir='ltr'><strong>ll.—</strong></span> <span class='ocrx_word' id='word_1_8' title='bbox 1134 150 1270 181; x_wconf 67' lang='lat' dir='ltr'><strong>HASRES.</strong></span> <span class='ocrx_word' id='word_1_9' title='bbox 1291 152 1385 180; x_wconf 73' lang='lat' dir='ltr'><strong>LXIX.</strong></span> 
     </span>
    </p>
   </div>
   <div class='ocr_carea' id='block_1_3' title="bbox 1669 155 1723 183">
    <p class='ocr_par' dir='ltr' id='par_1_3' title="bbox 1669 155 1723 183">
     <span class='ocr_line' id='line_1_3' title="bbox 1669 155 1723 183; baseline 0.019 -1"><span class='ocrx_word' id='word_1_10' title='bbox 1669 155 1723 183; x_wconf 73' lang='lat'><strong>262</strong></span> 
     </span>
    </p>
   </div>
   <div class='ocr_carea' id='block_1_4' title="bbox 74 201 876 245">
    <p class='ocr_par' dir='ltr' id='par_1_4' title="bbox 74 201 876 240">
     <span class='ocr_line' id='line_1_4' title="bbox 74 201 876 240; baseline 0.006 -13"><span class='ocrx_word' id='word_1_11' title='bbox 74 201 150 237; x_wconf 72' lang='grc' dir='ltr'>ῡκὲρ</span> <span class='ocrx_word' id='word_1_12' title='bbox 167 202 222 228; x_wconf 75' lang='grc' dir='ltr'>πᾶν</span> <span class='ocrx_word' id='word_1_13' title='bbox 239 201 338 238; x_wconf 75' lang='grc' dir='ltr'>ινομα,</span> <span class='ocrx_word' id='word_1_14' title='bbox 361 202 409 229; x_wconf 76' lang='grc' dir='ltr'><strong>σὺν</strong></span> <span class='ocrx_word' id='word_1_15' title='bbox 424 203 463 239; x_wconf 83' lang='grc' dir='ltr'><strong>τῷ</strong></span> <span class='ocrx_word' id='word_1_16' title='bbox 483 203 543 240; x_wconf 79' lang='grc' dir='ltr'><strong>Θεῷ</strong></span> <span class='ocrx_word' id='word_1_17' title='bbox 562 203 643 240; x_wconf 79' lang='grc' dir='ltr'>Λόγῳ</span> <span class='ocrx_word' id='word_1_18' title='bbox 658 205 800 232; x_wconf 85' lang='grc' dir='ltr'>καλεῖσθαι</span> <span class='ocrx_word' id='word_1_19' title='bbox 818 205 876 232; x_wconf 67' lang='grc' dir='ltr'><strong>Υἰὸι</strong></span> 
     </span>
    </p>
   </div>
   <div class='ocr_carea' id='block_1_5' title="bbox 930 201 1724 245">
    <p class='ocr_par' dir='ltr' id='par_1_5' title="bbox 935 207 1724 245">
     <span class='ocr_line' id='line_1_5' title="bbox 935 207 1724 245; baseline 0.005 -11"><span class='ocrx_word' id='word_1_20' title='bbox 935 207 1031 238; x_wconf 77' lang='lat' dir='ltr'><strong>nitate.</strong></span> <span class='ocrx_word' id='word_1_21' title='bbox 1046 209 1093 236; x_wconf 86' lang='lat' dir='ltr'><strong>sed</strong></span> <span class='ocrx_word' id='word_1_22' title='bbox 1108 208 1134 236; x_wconf 93' lang='lat' dir='ltr'><strong>in</strong></span> <span class='ocrx_word' id='word_1_23' title='bbox 1153 209 1342 237; x_wconf 80' lang='lat' dir='ltr'><strong>incarnatione</strong></span> <span class='ocrx_word' id='word_1_24' title='bbox 1358 209 1509 245; x_wconf 86' lang='lat' dir='ltr'><strong>perfectum</strong></span> <span class='ocrx_word' id='word_1_25' title='bbox 1525 214 1577 243; x_wconf 83' lang='lat' dir='ltr'><strong>est,</strong></span> <span class='ocrx_word' id='word_1_26' title='bbox 1595 218 1656 238; x_wconf 85' lang='lat' dir='ltr'><strong>cum</strong></span> <span class='ocrx_word' id='word_1_27' title='bbox 1670 212 1724 238; x_wconf 84' lang='lat' dir='ltr'><strong>sci-</strong></span> 
     </span>
    </p>
   </div>
   <div class='ocr_carea' id='block_1_6' title="bbox 74 247 882 284">
    <p class='ocr_par' dir='ltr' id='par_1_6' title="bbox 74 247 882 284">
     <span class='ocr_line' id='line_1_6' title="bbox 74 247 882 284; baseline 0.006 -11"><span class='ocrx_word' id='word_1_28' title='bbox 74 247 158 274; x_wconf 75' lang='grc' dir='ltr'>θεοῦ.</span> <span class='ocrx_word' id='word_1_29' title='bbox 179 248 236 284; x_wconf 73' lang='grc' dir='ltr'><strong>καὶ</strong></span> <span class='ocrx_word' id='word_1_30' title='bbox 263 247 307 274; x_wconf 83' lang='grc' dir='ltr'><strong>διὰ</strong></span> <span class='ocrx_word' id='word_1_31' title='bbox 327 247 406 275; x_wconf 76' lang='grc' dir='ltr'>τοῦτο</span> <span class='ocrx_word' id='word_1_32' title='bbox 427 249 474 276; x_wconf 72' lang='grc' dir='ltr'>καὶ</span> <span class='ocrx_word' id='word_1_33' title='bbox 489 249 523 276; x_wconf 80' lang='grc' dir='ltr'><strong>δι’</strong></span> <span class='ocrx_word' id='word_1_34' title='bbox 542 250 625 277; x_wconf 81' lang='grc' dir='ltr'>αὑτοῦ</span> <span class='ocrx_word' id='word_1_35' title='bbox 648 250 695 277; x_wconf 80' lang='grc' dir='ltr'><strong>τοῦ</strong></span> <span class='ocrx_word' id='word_1_36' title='bbox 719 251 882 278; x_wconf 77' lang='grc' dir='ltr'>Ἀποστόλου</span> 
     </span>
    </p>
   </div>
   <div class='ocr_carea' id='block_1_7' title="bbox 75 292 884 331">
    <p class='ocr_par' dir='ltr' id='par_1_7' title="bbox 75 292 884 331">
     <span class='ocr_line' id='line_1_7' title="bbox 75 292 884 331; baseline 0.007 -13"><span class='ocrx_word' id='word_1_37' title='bbox 75 292 198 319; x_wconf 77' lang='grc' dir='ltr'>ἐνταῦθα</span> <span class='ocrx_word' id='word_1_38' title='bbox 211 293 295 320; x_wconf 80' lang='grc' dir='ltr'>πάλιν</span> <span class='ocrx_word' id='word_1_39' title='bbox 307 294 401 330; x_wconf 76' lang='grc' dir='ltr'>εἴρηκε</span> <span class='ocrx_word' id='word_1_40' title='bbox 412 303 419 311; x_wconf 86' lang='grc'>·</span> <span class='ocrx_word' id='word_1_41' title='bbox 436 295 491 321; x_wconf 72' lang='grc' dir='ltr'><strong>Τίν</strong></span> <span class='ocrx_word' id='word_1_42' title='bbox 501 294 535 321; x_wconf 83' lang='grc' dir='ltr'>δὲ</span> <span class='ocrx_word' id='word_1_43' title='bbox 545 296 646 330; x_wconf 77' lang='grc' dir='ltr'>βραχύ</span> <span class='ocrx_word' id='word_1_44' title='bbox 660 305 687 323; x_wconf 87' lang='grc' dir='ltr'><strong>τι</strong></span> <span class='ocrx_word' id='word_1_45' title='bbox 706 298 775 331; x_wconf 77' lang='grc' dir='ltr'>παρ’</span> <span class='ocrx_word' id='word_1_46' title='bbox 788 297 884 331; x_wconf 71' lang='grc' dir='ltr'>ἀλλή-</span> 
     </span>
    </p>
   </div>
   <div class='ocr_carea' id='block_1_8' title="bbox 77 339 881 375">
    <p class='ocr_par' dir='ltr' id='par_1_8' title="bbox 77 339 881 375">
     <span class='ocr_line' id='line_1_8' title="bbox 77 339 881 375; baseline 0.006 -10"><span class='ocrx_word' id='word_1_47' title='bbox 77 339 153 371; x_wconf 70' lang='grc' dir='ltr'>λους</span> <span class='ocrx_word' id='word_1_48' title='bbox 168 339 383 374; x_wconf 69' lang='grc' dir='ltr'>ἠλαττωμένον</span> <span class='ocrx_word' id='word_1_49' title='bbox 395 340 554 375; x_wconf 78' lang='grc' dir='ltr'><strong>βλέπομεν</strong></span> <span class='ocrx_word' id='word_1_50' title='bbox 575 342 698 375; x_wconf 79' lang='grc' dir='ltr'><strong>Ἰησοῦν</strong></span> <span class='ocrx_word' id='word_1_51' title='bbox 710 341 759 369; x_wconf 81' lang='grc' dir='ltr'>διὰ</span> <span class='ocrx_word' id='word_1_52' title='bbox 775 343 808 370; x_wconf 79' lang='grc' dir='ltr'>τὸ</span> <span class='ocrx_word' id='word_1_53' title='bbox 824 343 881 370; x_wconf 76' lang='grc' dir='ltr'><strong>πά-</strong></span> 
     </span>
    </p>
   </div>
   <div class='ocr_carea' id='block_1_9' title="bbox 76 385 882 425">
    <p class='ocr_par' dir='ltr' id='par_1_9' title="bbox 76 385 882 425">
     <span class='ocr_line' id='line_1_9' title="bbox 76 385 882 425; baseline 0.009 -14"><span class='ocrx_word' id='word_1_54' title='bbox 76 386 160 419; x_wconf 80' lang='grc' dir='ltr'>θημα</span> <span class='ocrx_word' id='word_1_55' title='bbox 174 385 231 412; x_wconf 79' lang='grc' dir='ltr'><strong>τοῦ</strong></span> <span class='ocrx_word' id='word_1_56' title='bbox 241 385 375 413; x_wconf 81' lang='grc' dir='ltr'>θανάτου</span> <span class='ocrx_word' id='word_1_57' title='bbox 387 386 462 421; x_wconf 80' lang='grc' dir='ltr'><strong>δόξῃ</strong></span> <span class='ocrx_word' id='word_1_58' title='bbox 476 388 524 414; x_wconf 79' lang='grc' dir='ltr'>καὶ</span> <span class='ocrx_word' id='word_1_59' title='bbox 539 388 610 423; x_wconf 75' lang='grc' dir='ltr'>τιμῇ</span> <span class='ocrx_word' id='word_1_60' title='bbox 621 389 882 425; x_wconf 55' lang='grc' dir='ltr'>ἐστεφανωμένον</span> 
     </span>
    </p>
   </div>
   <div class='ocr_carea' id='block_1_10' title="bbox 76 429 882 471">
    <p class='ocr_par' dir='ltr' id='par_1_10' title="bbox 76 429 882 471">
     <span class='ocr_line' id='line_1_10' title="bbox 76 429 882 471; baseline 0.01 -16"><span class='ocrx_word' id='word_1_61' title='bbox 76 429 123 456; x_wconf 74' lang='grc' dir='ltr'>ἵνα</span> <span class='ocrx_word' id='word_1_62' title='bbox 141 431 155 457; x_wconf 80' lang='grc' dir='ltr'>ὁ</span> <span class='ocrx_word' id='word_1_63' title='bbox 174 430 310 467; x_wconf 76' lang='grc' dir='ltr'><strong>δεσπότης</strong></span> <span class='ocrx_word' id='word_1_64' title='bbox 330 432 454 466; x_wconf 83' lang='grc' dir='ltr'>ἀγγέλων</span> <span class='ocrx_word' id='word_1_65' title='bbox 469 433 517 460; x_wconf 75' lang='grc' dir='ltr'>καὶ</span> <span class='ocrx_word' id='word_1_66' title='bbox 535 434 651 470; x_wconf 75' lang='grc' dir='ltr'>ποιητὴς</span> <span class='ocrx_word' id='word_1_67' title='bbox 668 436 734 470; x_wconf 85' lang='grc' dir='ltr'>παρ’</span> <span class='ocrx_word' id='word_1_68' title='bbox 749 436 882 471; x_wconf 81' lang='grc' dir='ltr'><strong>ἀγγέλους</strong></span> 
     </span>
    </p>
   </div>
   <div class='ocr_carea' id='block_1_11' title="bbox 76 475 881 517">
    <p class='ocr_par' dir='ltr' id='par_1_11' title="bbox 76 475 881 517">
     <span class='ocr_line' id='line_1_11' title="bbox 76 475 881 517; baseline 0.01 -16"><span class='ocrx_word' id='word_1_69' title='bbox 76 475 275 512; x_wconf 65' lang='grc' dir='ltr'>ἡλαττωμένος</span> <span class='ocrx_word' id='word_1_70' title='bbox 287 478 385 514; x_wconf 82' lang='grc' dir='ltr'><strong>φανείη</strong></span> <span class='ocrx_word' id='word_1_71' title='bbox 404 479 419 505; x_wconf 87' lang='grc' dir='ltr'>ὁ</span> <span class='ocrx_word' id='word_1_72' title='bbox 438 479 551 515; x_wconf 77' lang='grc' dir='ltr'>φρικτδς</span> <span class='ocrx_word' id='word_1_73' title='bbox 568 481 616 507; x_wconf 76' lang='grc' dir='ltr'>καὶ</span> <span class='ocrx_word' id='word_1_74' title='bbox 631 481 744 517; x_wconf 74' lang='grc' dir='ltr'>φοϐερὸς</span> <span class='ocrx_word' id='word_1_75' title='bbox 758 483 814 514; x_wconf 81' lang='grc' dir='ltr'>τοῖς</span> <span class='ocrx_word' id='word_1_76' title='bbox 830 483 881 517; x_wconf 85' lang='grc' dir='ltr'><strong>ἁγ-</strong></span> 
     </span>
    </p>
   </div>
   <div class='ocr_carea' id='block_1_12' title="bbox 74 522 882 564">
    <p class='ocr_par' dir='ltr' id='par_1_12' title="bbox 74 522 882 564">
     <span class='ocr_line' id='line_1_12' title="bbox 74 522 882 564; baseline 0.01 -16"><span class='ocrx_word' id='word_1_77' title='bbox 74 522 182 557; x_wconf 76' lang='grc' dir='ltr'>γέλοις,</span> <span class='ocrx_word' id='word_1_78' title='bbox 197 523 244 550; x_wconf 72' lang='grc' dir='ltr'>καὶ</span> <span class='ocrx_word' id='word_1_79' title='bbox 257 523 287 556; x_wconf 78' lang='grc' dir='ltr'>ἐξ</span> <span class='ocrx_word' id='word_1_80' title='bbox 299 524 348 550; x_wconf 70' lang='grc' dir='ltr'>οὐκ</span> <span class='ocrx_word' id='word_1_81' title='bbox 361 524 446 552; x_wconf 76' lang='grc' dir='ltr'>ὀντων</span> <span class='ocrx_word' id='word_1_82' title='bbox 458 526 557 558; x_wconf 78' lang='grc' dir='ltr'>αὐτοὺς</span> <span class='ocrx_word' id='word_1_83' title='bbox 573 527 670 559; x_wconf 75' lang='grc' dir='ltr'>κτίσας</span> <span class='ocrx_word' id='word_1_84' title='bbox 683 528 732 555; x_wconf 78' lang='grc' dir='ltr'>σὺν</span> <span class='ocrx_word' id='word_1_85' title='bbox 747 527 785 563; x_wconf 85' lang='grc' dir='ltr'>τῷ</span> <span class='ocrx_word' id='word_1_86' title='bbox 796 529 882 564; x_wconf 75' lang='grc' dir='ltr'>Πατρὶ</span> 
     </span>
    </p>
   </div>
   <div class='ocr_carea' id='block_1_13' title="bbox 77 569 882 609">
    <p class='ocr_par' dir='ltr' id='par_1_13' title="bbox 77 569 882 609">
     <span class='ocr_line' id='line_1_13' title="bbox 77 569 882 609; baseline 0.009 -14"><span class='ocrx_word' id='word_1_87' title='bbox 77 570 126 596; x_wconf 77' lang='grc' dir='ltr'><strong>καὶ</strong></span> <span class='ocrx_word' id='word_1_88' title='bbox 141 570 192 597; x_wconf 67' lang='grc' dir='ltr'>σὺν</span> <span class='ocrx_word' id='word_1_89' title='bbox 205 569 245 605; x_wconf 81' lang='grc' dir='ltr'>τῷ</span> <span class='ocrx_word' id='word_1_90' title='bbox 257 570 328 605; x_wconf 80' lang='grc' dir='ltr'>ἁγίῳ</span> <span class='ocrx_word' id='word_1_91' title='bbox 340 570 480 607; x_wconf 82' lang='grc' dir='ltr'>Πνεύματι</span> <span class='ocrx_word' id='word_1_92' title='bbox 494 572 685 609; x_wconf 82' lang='grc' dir='ltr'>ὴλαττωμένος</span> <span class='ocrx_word' id='word_1_93' title='bbox 701 574 821 609; x_wconf 78' lang='grc' dir='ltr'>λέγοιτο·</span> <span class='ocrx_word' id='word_1_94' title='bbox 835 575 882 602; x_wconf 77' lang='grc' dir='ltr'>καὶ</span> 
     </span>
    </p>
   </div>
   <div class='ocr_carea' id='block_1_14' title="bbox 77 617 880 655">
    <p class='ocr_par' dir='ltr' id='par_1_14' title="bbox 77 617 880 655">
     <span class='ocr_line' id='line_1_14' title="bbox 77 617 880 655; baseline 0.007 -13"><span class='ocrx_word' id='word_1_95' title='bbox 77 617 179 652; x_wconf 78' lang='grc' dir='ltr'><strong>φανείη</strong></span> <span class='ocrx_word' id='word_1_96' title='bbox 198 617 304 651; x_wconf 77' lang='grc' dir='ltr'>σαφῶς,</span> <span class='ocrx_word' id='word_1_97' title='bbox 319 617 360 644; x_wconf 84' lang='grc' dir='ltr'>ὅτι</span> <span class='ocrx_word' id='word_1_98' title='bbox 373 618 403 644; x_wconf 85' lang='grc' dir='ltr'>οὐ</span> <span class='ocrx_word' id='word_1_99' title='bbox 416 619 481 655; x_wconf 69' lang='grc' dir='ltr'>περὶ</span> <span class='ocrx_word' id='word_1_100' title='bbox 497 619 625 655; x_wconf 79' lang='grc' dir='ltr'>θεότητος</span> <span class='ocrx_word' id='word_1_101' title='bbox 637 620 754 648; x_wconf 68' lang='grc' dir='ltr'>ἐνταῦθα</span> <span class='ocrx_word' id='word_1_102' title='bbox 768 620 880 655; x_wconf 78' lang='grc' dir='ltr'>φάσκει,</span> 
     </span>
    </p>
   </div>
   <div class='ocr_carea' id='block_1_15' title="bbox 77 661 880 702">
    <p class='ocr_par' dir='ltr' id='par_1_15' title="bbox 77 661 880 702">
     <span class='ocr_line' id='line_1_15' title="bbox 77 661 880 702; baseline 0.009 -15"><span class='ocrx_word' id='word_1_103' title='bbox 77 661 149 688; x_wconf 77' lang='grc' dir='ltr'>ἀλλὰ</span> <span class='ocrx_word' id='word_1_104' title='bbox 164 661 230 697; x_wconf 80' lang='grc' dir='ltr'>περὶ</span> <span class='ocrx_word' id='word_1_105' title='bbox 242 662 293 698; x_wconf 84' lang='grc' dir='ltr'>τῆς</span> <span class='ocrx_word' id='word_1_106' title='bbox 315 663 398 690; x_wconf 78' lang='grc' dir='ltr'>αὐτοῦ</span> <span class='ocrx_word' id='word_1_107' title='bbox 415 665 525 699; x_wconf 80' lang='grc' dir='ltr'>σαρκός.</span> <span class='ocrx_word' id='word_1_108' title='bbox 548 666 666 701; x_wconf 81' lang='grc' dir='ltr'>Πάθημα</span> <span class='ocrx_word' id='word_1_109' title='bbox 686 666 742 702; x_wconf 82' lang='grc' dir='ltr'>γὰρ</span> <span class='ocrx_word' id='word_1_110' title='bbox 762 667 880 693; x_wconf 83' lang='grc' dir='ltr'>θανάτου</span> 
     </span>
    </p>
   </div>
   <div class='ocr_carea' id='block_1_16' title="bbox 76 707 880 750">
    <p class='ocr_par' dir='ltr' id='par_1_16' title="bbox 76 707 880 750">
     <span class='ocr_line' id='line_1_16' title="bbox 76 707 880 750; baseline 0.01 -17"><span class='ocrx_word' id='word_1_111' title='bbox 76 708 109 734; x_wconf 72' lang='grc' dir='ltr'>οὗ</span> <span class='ocrx_word' id='word_1_112' title='bbox 122 708 178 744; x_wconf 84' lang='grc' dir='ltr'><strong>πρὸ</strong></span> <span class='ocrx_word' id='word_1_113' title='bbox 198 707 300 744; x_wconf 77' lang='grc' dir='ltr'>σαρκὸς</span> <span class='ocrx_word' id='word_1_114' title='bbox 315 709 355 741; x_wconf 75' lang='grc' dir='ltr'>εἰς</span> <span class='ocrx_word' id='word_1_115' title='bbox 367 709 412 736; x_wconf 60' lang='grc' dir='ltr'><strong>τὸν</strong></span> <span class='ocrx_word' id='word_1_116' title='bbox 427 711 514 745; x_wconf 80' lang='grc' dir='ltr'><strong>Λόγον</strong></span> <span class='ocrx_word' id='word_1_117' title='bbox 533 712 718 747; x_wconf 79' lang='grc' dir='ltr'>ἀναλογεῖται,</span> <span class='ocrx_word' id='word_1_118' title='bbox 732 713 799 741; x_wconf 79' lang='grc' dir='ltr'>ἀλλὰ</span> <span class='ocrx_word' id='word_1_119' title='bbox 811 714 880 750; x_wconf 85' lang='grc' dir='ltr'><strong>μετά</strong></span> 
     </span>
    </p>
   </div>
   <div class='ocr_carea' id='block_1_17' title="bbox 78 754 881 794">
    <p class='ocr_par' dir='ltr' id='par_1_17' title="bbox 78 754 881 794">
     <span class='ocr_line' id='line_1_17' title="bbox 78 754 881 794; baseline 0.01 -13"><span class='ocrx_word' id='word_1_120' title='bbox 78 754 128 790; x_wconf 78' lang='grc' dir='ltr'>τὴν</span> <span class='ocrx_word' id='word_1_121' title='bbox 151 755 284 791; x_wconf 77' lang='grc' dir='ltr'>ἕνσαρκον</span> <span class='ocrx_word' id='word_1_122' title='bbox 309 757 463 792; x_wconf 81' lang='grc' dir='ltr'>παρουσίαν</span> <span class='ocrx_word' id='word_1_123' title='bbox 488 759 535 786; x_wconf 86' lang='grc' dir='ltr'><strong>τοῦ</strong></span> <span class='ocrx_word' id='word_1_124' title='bbox 556 759 640 787; x_wconf 80' lang='grc' dir='ltr'>αὑτοῦ</span> <span class='ocrx_word' id='word_1_125' title='bbox 664 760 788 793; x_wconf 81' lang='grc' dir='ltr'><strong>ἀπαθοῦς</strong></span> <span class='ocrx_word' id='word_1_126' title='bbox 803 761 881 794; x_wconf 73' lang='grc' dir='ltr'>ὄντος</span> 
     </span>
    </p>
   </div>
   <div class='ocr_carea' id='block_1_18' title="bbox 78 801 883 842">
    <p class='ocr_par' dir='ltr' id='par_1_18' title="bbox 78 801 883 842">
     <span class='ocr_line' id='line_1_18' title="bbox 78 801 883 842; baseline 0.011 -16"><span class='ocrx_word' id='word_1_127' title='bbox 78 801 128 827; x_wconf 76' lang='grc' dir='ltr'>καὶ</span> <span class='ocrx_word' id='word_1_128' title='bbox 146 801 271 836; x_wconf 83' lang='grc' dir='ltr'>παθητοῦ</span> <span class='ocrx_word' id='word_1_129' title='bbox 281 809 289 817; x_wconf 91' lang='grc'><strong>·</strong></span> <span class='ocrx_word' id='word_1_130' title='bbox 304 802 428 835; x_wconf 78' lang='grc' dir='ltr'>ἀπαθοῦς</span> <span class='ocrx_word' id='word_1_131' title='bbox 441 803 491 839; x_wconf 79' lang='grc' dir='ltr'>μὲν</span> <span class='ocrx_word' id='word_1_132' title='bbox 510 805 586 837; x_wconf 73' lang='grc' dir='ltr'>ὄντος</span> <span class='ocrx_word' id='word_1_133' title='bbox 601 806 631 833; x_wconf 79' lang='grc' dir='ltr'>ἐν</span> <span class='ocrx_word' id='word_1_134' title='bbox 647 807 680 842; x_wconf 81' lang='grc' dir='ltr'><strong>τῇ</strong></span> <span class='ocrx_word' id='word_1_135' title='bbox 694 806 811 842; x_wconf 81' lang='grc' dir='ltr'>θεότητι,</span> <span class='ocrx_word' id='word_1_136' title='bbox 828 807 883 834; x_wconf 81' lang='grc' dir='ltr'><strong>πά-</strong></span> 
     </span>
    </p>
   </div>
   <div class='ocr_carea' id='block_1_19' title="bbox 79 847 879 889">
    <p class='ocr_par' dir='ltr' id='par_1_19' title="bbox 79 847 879 889">
     <span class='ocr_line' id='line_1_19' title="bbox 79 847 879 889; baseline 0.009 -16"><span class='ocrx_word' id='word_1_137' title='bbox 79 855 194 882; x_wconf 79' lang='grc' dir='ltr'>σχοντος</span> <span class='ocrx_word' id='word_1_138' title='bbox 212 847 242 874; x_wconf 80' lang='grc' dir='ltr'>δὲ</span> <span class='ocrx_word' id='word_1_139' title='bbox 265 849 296 875; x_wconf 85' lang='grc' dir='ltr'>ὲν</span> <span class='ocrx_word' id='word_1_140' title='bbox 318 850 352 884; x_wconf 77' lang='grc' dir='ltr'>τῇ</span> <span class='ocrx_word' id='word_1_141' title='bbox 367 848 557 886; x_wconf 82' lang='grc' dir='ltr'>ἀνθρωπήσει·</span> <span class='ocrx_word' id='word_1_142' title='bbox 572 851 610 884; x_wconf 83' lang='grc' dir='ltr'>ὼς</span> <span class='ocrx_word' id='word_1_143' title='bbox 624 852 671 879; x_wconf 73' lang='grc' dir='ltr'>καὶ</span> <span class='ocrx_word' id='word_1_144' title='bbox 686 852 720 879; x_wconf 81' lang='grc' dir='ltr'><strong>τὰ</strong></span> <span class='ocrx_word' id='word_1_145' title='bbox 736 853 879 889; x_wconf 80' lang='grc' dir='ltr'>ἀμφότερα</span> 
     </span>
    </p>
   </div>
   <div class='ocr_carea' id='block_1_20' title="bbox 935 254 1722 292">
    <p class='ocr_par' dir='ltr' id='par_1_20' title="bbox 935 254 1722 292">
     <span class='ocr_line' id='line_1_20' title="bbox 935 254 1722 292; baseline 0.004 -12"><span class='ocrx_word' id='word_1_146' title='bbox 935 254 997 281; x_wconf 87' lang='lat' dir='ltr'><strong>licet</strong></span> <span class='ocrx_word' id='word_1_147' title='bbox 1009 255 1127 282; x_wconf 88' lang='lat' dir='ltr'><strong>lnnnana</strong></span> <span class='ocrx_word' id='word_1_148' title='bbox 1139 255 1225 290; x_wconf 81' lang='lat' dir='ltr'><strong>ipsius</strong></span> <span class='ocrx_word' id='word_1_149' title='bbox 1237 261 1346 287; x_wconf 79' lang='lat' dir='ltr'><strong>natura,</strong></span> <span class='ocrx_word' id='word_1_150' title='bbox 1359 264 1440 291; x_wconf 90' lang='lat' dir='ltr'><strong>quam</strong></span> <span class='ocrx_word' id='word_1_151' title='bbox 1453 265 1484 284; x_wconf 84' lang='lat' dir='ltr'><strong>ex</strong></span> <span class='ocrx_word' id='word_1_152' title='bbox 1499 257 1582 284; x_wconf 83' lang='lat' dir='ltr'><strong>Maria</strong></span> <span class='ocrx_word' id='word_1_153' title='bbox 1595 257 1722 292; x_wconf 84' lang='lat' dir='ltr'><strong>sumpsit,</strong></span> 
     </span>
    </p>
   </div>
   <div class='ocr_carea' id='block_1_21' title="bbox 934 302 1725 337">
    <p class='ocr_par' dir='ltr' id='par_1_21' title="bbox 934 302 1725 337">
     <span class='ocr_line' id='line_1_21' title="bbox 934 302 1725 337; baseline 0.004 -10"><span class='ocrx_word' id='word_1_154' title='bbox 934 309 1033 328; x_wconf 84' lang='lat' dir='ltr'><strong>nomen</strong></span> <span class='ocrx_word' id='word_1_155' title='bbox 1060 305 1101 329; x_wconf 87' lang='lat' dir='ltr'><strong>est</strong></span> <span class='ocrx_word' id='word_1_156' title='bbox 1123 302 1259 337; x_wconf 88' lang='lat' dir='ltr'><strong>ejusmodi</strong></span> <span class='ocrx_word' id='word_1_157' title='bbox 1289 307 1449 334; x_wconf 70' lang='lat' dir='ltr'><strong>consecuta,</strong></span> <span class='ocrx_word' id='word_1_158' title='bbox 1469 302 1541 337; x_wconf 80' lang='lat' dir='ltr'><strong>quod</strong></span> <span class='ocrx_word' id='word_1_159' title='bbox 1564 303 1654 330; x_wconf 90' lang='lat' dir='ltr'><strong>omnia</strong></span> <span class='ocrx_word' id='word_1_160' title='bbox 1676 311 1725 330; x_wconf 85' lang='lat' dir='ltr'><strong>no-</strong></span> 
     </span>
    </p>
   </div>
   <div class='ocr_carea' id='block_1_22' title="bbox 933 347 1726 384">
    <p class='ocr_par' dir='ltr' id='par_1_22' title="bbox 933 347 1726 384">
     <span class='ocr_line' id='line_1_22' title="bbox 933 347 1726 384; baseline 0.001 -10"><span class='ocrx_word' id='word_1_161' title='bbox 933 347 1008 374; x_wconf 89' lang='lat' dir='ltr'><strong>mina</strong></span> <span class='ocrx_word' id='word_1_162' title='bbox 1025 348 1157 384; x_wconf 73' lang='lat' dir='ltr'><strong>dignitate</strong></span> <span class='ocrx_word' id='word_1_163' title='bbox 1171 353 1324 383; x_wconf 79' lang='lat' dir='ltr'><strong>superaret,</strong></span> <span class='ocrx_word' id='word_1_164' title='bbox 1340 353 1369 376; x_wconf 91' lang='lat' dir='ltr'><strong>ut</strong></span> <span class='ocrx_word' id='word_1_165' title='bbox 1381 356 1442 375; x_wconf 89' lang='lat' dir='ltr'><strong>cum</strong></span> <span class='ocrx_word' id='word_1_166' title='bbox 1458 349 1550 376; x_wconf 80' lang='lat' dir='ltr'><strong>divino</strong></span> <span class='ocrx_word' id='word_1_167' title='bbox 1558 348 1647 376; x_wconf 77' lang='lat' dir='ltr'><strong>Verbo</strong></span> <span class='ocrx_word' id='word_1_168' title='bbox 1658 357 1726 376; x_wconf 87' lang='lat' dir='ltr'><strong>cou-</strong></span> 
     </span>
    </p>
   </div>
   <div class='ocr_carea' id='block_1_23' title="bbox 930 393 1724 430">
    <p class='ocr_par' dir='ltr' id='par_1_23' title="bbox 930 393 1724 430">
     <span class='ocr_line' id='line_1_23' title="bbox 930 393 1724 430; baseline 0 -8"><span class='ocrx_word' id='word_1_169' title='bbox 930 394 1035 430; x_wconf 82' lang='lat' dir='ltr'><strong>juncta,</strong></span> <span class='ocrx_word' id='word_1_170' title='bbox 1064 394 1109 422; x_wconf 86' lang='lat' dir='ltr'><strong>Dei</strong></span> <span class='ocrx_word' id='word_1_171' title='bbox 1126 393 1212 422; x_wconf 85' lang='lat' dir='ltr'><strong>Filius</strong></span> <span class='ocrx_word' id='word_1_172' title='bbox 1231 395 1425 430; x_wconf 67' lang='lat' dir='ltr'><strong>appellaretur.</strong></span> <span class='ocrx_word' id='word_1_173' title='bbox 1447 394 1535 428; x_wconf 90' lang='lat' dir='ltr'><strong>Quam</strong></span> <span class='ocrx_word' id='word_1_174' title='bbox 1560 395 1595 422; x_wconf 89' lang='lat' dir='ltr'><strong>ob</strong></span> <span class='ocrx_word' id='word_1_175' title='bbox 1611 402 1724 422; x_wconf 77' lang='lat' dir='ltr'><strong>causam</strong></span> 
     </span>
    </p>
   </div>
   <div class='ocr_carea' id='block_1_24' title="bbox 933 440 1723 476">
    <p class='ocr_par' dir='ltr' id='par_1_24' title="bbox 933 440 1723 476">
     <span class='ocr_line' id='line_1_24' title="bbox 933 440 1723 476; baseline 0 -9"><span class='ocrx_word' id='word_1_176' title='bbox 933 449 982 476; x_wconf 85' lang='lat' dir='ltr'><strong>per</strong></span> <span class='ocrx_word' id='word_1_177' title='bbox 996 440 1120 467; x_wconf 87' lang='lat' dir='ltr'><strong>eunnlem</strong></span> <span class='ocrx_word' id='word_1_178' title='bbox 1137 440 1297 476; x_wconf 81' lang='lat' dir='ltr'><strong>Apostolum</strong></span> <span class='ocrx_word' id='word_1_179' title='bbox 1312 441 1364 468; x_wconf 90' lang='lat' dir='ltr'><strong>hoc</strong></span> <span class='ocrx_word' id='word_1_180' title='bbox 1389 442 1450 468; x_wconf 89' lang='lat' dir='ltr'><strong>loco</strong></span> <span class='ocrx_word' id='word_1_181' title='bbox 1466 441 1534 469; x_wconf 80' lang='lat' dir='ltr'><strong>dixit</strong></span> <span class='ocrx_word' id='word_1_182' title='bbox 1550 451 1557 468; x_wconf 86' lang='lat'><strong>:</strong></span> <span class='ocrx_word' id='word_1_183' title='bbox 1577 441 1655 468; x_wconf 82' lang='lat' dir='ltr'><strong>Ilum:</strong></span> <span class='ocrx_word' id='word_1_184' title='bbox 1672 449 1723 468; x_wconf 87' lang='lat' dir='ltr'><strong>au-</strong></span> 
     </span>
    </p>
   </div>
   <div class='ocr_carea' id='block_1_25' title="bbox 934 486 1724 522">
    <p class='ocr_par' dir='ltr' id='par_1_25' title="bbox 934 486 1724 522">
     <span class='ocr_line' id='line_1_25' title="bbox 934 486 1724 522; baseline 0.001 -9"><span class='ocrx_word' id='word_1_185' title='bbox 934 491 983 514; x_wconf 81' lang='lat' dir='ltr'><strong>tem</strong></span> <span class='ocrx_word' id='word_1_186' title='bbox 998 487 1078 521; x_wconf 83' lang='lat' dir='ltr'><strong>paulo</strong></span> <span class='ocrx_word' id='word_1_187' title='bbox 1094 486 1181 513; x_wconf 77' lang='lat' dir='ltr'><strong>minus</strong></span> <span class='ocrx_word' id='word_1_188' title='bbox 1199 486 1232 513; x_wconf 86' lang='lat' dir='ltr'><strong>ab</strong></span> <span class='ocrx_word' id='word_1_189' title='bbox 1248 487 1350 522; x_wconf 74' lang='lat' dir='ltr'><strong>angelis</strong></span> <span class='ocrx_word' id='word_1_190' title='bbox 1367 487 1527 514; x_wconf 76' lang='lat' dir='ltr'><strong>minoralttm</strong></span> <span class='ocrx_word' id='word_1_191' title='bbox 1540 487 1657 514; x_wconf 75' lang='lat' dir='ltr'><strong>videmus</strong></span> <span class='ocrx_word' id='word_1_192' title='bbox 1677 486 1724 514; x_wconf 72' lang='lat' dir='ltr'><strong>Ja-</strong></span> 
     </span>
    </p>
   </div>
   <div class='ocr_carea' id='block_1_26' title="bbox 932 533 1725 568">
    <p class='ocr_par' dir='ltr' id='par_1_26' title="bbox 932 533 1725 568">
     <span class='ocr_line' id='line_1_26' title="bbox 932 533 1725 568; baseline -0.001 -8"><span class='ocrx_word' id='word_1_193' title='bbox 932 541 991 560; x_wconf 72' lang='lat' dir='ltr'><strong>sum</strong></span> <span class='ocrx_word' id='word_1_194' title='bbox 1008 535 1040 559; x_wconf 78' lang='lat' dir='ltr'><strong>ub</strong></span> <span class='ocrx_word' id='word_1_195' title='bbox 1062 533 1213 567; x_wconf 74' lang='lat' dir='ltr'><strong>passionem</strong></span> <span class='ocrx_word' id='word_1_196' title='bbox 1231 533 1325 559; x_wconf 67' lang='lat' dir='ltr'><strong>mortis</strong></span> <span class='ocrx_word' id='word_1_197' title='bbox 1344 533 1430 568; x_wconf 83' lang='lat' dir='ltr'><strong>gloria</strong></span> <span class='ocrx_word' id='word_1_198' title='bbox 1452 538 1476 560; x_wconf 87' lang='lat' dir='ltr'><strong>et</strong></span> <span class='ocrx_word' id='word_1_199' title='bbox 1500 533 1598 560; x_wconf 73' lang='lat' dir='ltr'><strong>honore</strong></span> <span class='ocrx_word' id='word_1_200' title='bbox 1613 541 1725 560; x_wconf 80' lang='lat' dir='ltr'><strong>corona-</strong></span> 
     </span>
    </p>
   </div>
   <div class='ocr_carea' id='block_1_27' title="bbox 933 578 1723 614">
    <p class='ocr_par' dir='ltr' id='par_1_27' title="bbox 933 578 1723 614">
     <span class='ocr_line' id='line_1_27' title="bbox 933 578 1723 614; baseline -0.001 -9"><span class='ocrx_word' id='word_1_201' title='bbox 933 584 989 605; x_wconf 82' lang='lat' dir='ltr'><strong>tum</strong></span> <span class='ocrx_word' id='word_1_202' title='bbox 1004 579 1024 606; x_wconf 83' lang='lat'><strong>&#39;.</strong></span> <span class='ocrx_word' id='word_1_203' title='bbox 1038 578 1098 612; x_wconf 87' lang='lat' dir='ltr'><strong>Quo</strong></span> <span class='ocrx_word' id='word_1_204' title='bbox 1111 579 1217 606; x_wconf 87' lang='lat' dir='ltr'><strong>scilicet</strong></span> <span class='ocrx_word' id='word_1_205' title='bbox 1231 579 1390 614; x_wconf 74' lang='lat' dir='ltr'><strong>angelorum</strong></span> <span class='ocrx_word' id='word_1_206' title='bbox 1403 578 1533 606; x_wconf 86' lang='lat' dir='ltr'><strong>Dominus</strong></span> <span class='ocrx_word' id='word_1_207' title='bbox 1545 583 1571 606; x_wconf 92' lang='lat' dir='ltr'><strong>et</strong></span> <span class='ocrx_word' id='word_1_208' title='bbox 1585 578 1723 610; x_wconf 80' lang='lat' dir='ltr'><strong>conditor,</strong></span> 
     </span>
    </p>
   </div>
   <div class='ocr_carea' id='block_1_28' title="bbox 932 624 1722 660">
    <p class='ocr_par' dir='ltr' id='par_1_28' title="bbox 932 624 1722 660">
     <span class='ocr_line' id='line_1_28' title="bbox 932 624 1722 660; baseline -0.003 -8"><span class='ocrx_word' id='word_1_209' title='bbox 932 625 1036 660; x_wconf 80' lang='lat' dir='ltr'><strong>angelis</strong></span> <span class='ocrx_word' id='word_1_210' title='bbox 1057 625 1147 652; x_wconf 89' lang='lat' dir='ltr'><strong>minor</strong></span> <span class='ocrx_word' id='word_1_211' title='bbox 1164 625 1253 652; x_wconf 84' lang='lat' dir='ltr'><strong>factus</strong></span> <span class='ocrx_word' id='word_1_212' title='bbox 1268 632 1330 652; x_wconf 87' lang='lat' dir='ltr'><strong>esse</strong></span> <span class='ocrx_word' id='word_1_213' title='bbox 1348 624 1499 657; x_wconf 81' lang='lat' dir='ltr'><strong>videretur,</strong></span> <span class='ocrx_word' id='word_1_214' title='bbox 1521 624 1582 655; x_wconf 88' lang='lat' dir='ltr'><strong>ille.</strong></span> <span class='ocrx_word' id='word_1_215' title='bbox 1599 625 1722 660; x_wconf 81' lang='lat' dir='ltr'><strong>inquam,</strong></span> 
     </span>
    </p>
   </div>
   <div class='ocr_carea' id='block_1_29' title="bbox 932 670 1724 706">
    <p class='ocr_par' dir='ltr' id='par_1_29' title="bbox 932 670 1724 706">
     <span class='ocr_line' id='line_1_29' title="bbox 932 670 1724 706; baseline 0.001 -9"><span class='ocrx_word' id='word_1_216' title='bbox 932 670 991 706; x_wconf 85' lang='lat' dir='ltr'><strong>ipse</strong></span> <span class='ocrx_word' id='word_1_217' title='bbox 1006 671 1110 706; x_wconf 81' lang='lat' dir='ltr'><strong>angelis</strong></span> <span class='ocrx_word' id='word_1_218' title='bbox 1125 671 1288 698; x_wconf 84' lang='lat' dir='ltr'><strong>metuendus</strong></span> <span class='ocrx_word' id='word_1_219' title='bbox 1302 678 1333 698; x_wconf 86' lang='lat' dir='ltr'><strong>ac</strong></span> <span class='ocrx_word' id='word_1_220' title='bbox 1347 671 1488 703; x_wconf 83' lang='lat' dir='ltr'><strong>terribilis,</strong></span> <span class='ocrx_word' id='word_1_221' title='bbox 1502 678 1572 706; x_wconf 87' lang='lat' dir='ltr'><strong>quos</strong></span> <span class='ocrx_word' id='word_1_222' title='bbox 1587 670 1621 698; x_wconf 87' lang='lat' dir='ltr'><strong>de</strong></span> <span class='ocrx_word' id='word_1_223' title='bbox 1637 671 1724 698; x_wconf 85' lang='lat' dir='ltr'><strong>nihilo</strong></span> 
     </span>
    </p>
   </div>
   <div class='ocr_carea' id='block_1_30' title="bbox 915 715 1724 750">
    <p class='ocr_par' dir='ltr' id='par_1_30' title="bbox 915 715 1724 750">
     <span class='ocr_line' id='line_1_30' title="bbox 915 715 1724 750; baseline -0.001 -8"><span class='ocrx_word' id='word_1_224' title='bbox 915 723 994 743; x_wconf 88' lang='lat' dir='ltr'><strong>-cum</strong></span> <span class='ocrx_word' id='word_1_225' title='bbox 1012 715 1093 743; x_wconf 87' lang='lat' dir='ltr'><strong>Patre</strong></span> <span class='ocrx_word' id='word_1_226' title='bbox 1107 720 1134 742; x_wconf 85' lang='lat' dir='ltr'><strong>et</strong></span> <span class='ocrx_word' id='word_1_227' title='bbox 1147 716 1250 750; x_wconf 83' lang='lat' dir='ltr'><strong>Spiritu</strong></span> <span class='ocrx_word' id='word_1_228' title='bbox 1269 719 1364 743; x_wconf 89' lang='lat' dir='ltr'><strong>sancto</strong></span> <span class='ocrx_word' id='word_1_229' title='bbox 1380 716 1493 749; x_wconf 80' lang='lat' dir='ltr'><strong>creavit,</strong></span> <span class='ocrx_word' id='word_1_230' title='bbox 1512 716 1601 742; x_wconf 88' lang='lat' dir='ltr'><strong>minor</strong></span> <span class='ocrx_word' id='word_1_231' title='bbox 1617 715 1724 742; x_wconf 75' lang='lat' dir='ltr'><strong>dicere-</strong></span> 
     </span>
    </p>
   </div>
   <div class='ocr_carea' id='block_1_31' title="bbox 932 759 1723 794">
    <p class='ocr_par' dir='ltr' id='par_1_31' title="bbox 932 759 1723 794">
     <span class='ocr_line' id='line_1_31' title="bbox 932 759 1723 794; baseline 0.003 -9"><span class='ocrx_word' id='word_1_232' title='bbox 932 761 987 790; x_wconf 84' lang='lat' dir='ltr'><strong>tur.</strong></span> <span class='ocrx_word' id='word_1_233' title='bbox 1012 763 1143 794; x_wconf 81' lang='lat' dir='ltr'><strong>certoque</strong></span> <span class='ocrx_word' id='word_1_234' title='bbox 1171 763 1321 790; x_wconf 81' lang='lat' dir='ltr'><strong>constaret.</strong></span> <span class='ocrx_word' id='word_1_235' title='bbox 1346 766 1399 786; x_wconf 90' lang='lat' dir='ltr'><strong>non</strong></span> <span class='ocrx_word' id='word_1_236' title='bbox 1430 759 1464 787; x_wconf 88' lang='lat' dir='ltr'><strong>de</strong></span> <span class='ocrx_word' id='word_1_237' title='bbox 1492 759 1552 794; x_wconf 83' lang='lat' dir='ltr'><strong>ejus</strong></span> <span class='ocrx_word' id='word_1_238' title='bbox 1580 759 1723 788; x_wconf 80' lang='lat' dir='ltr'><strong>divinitate</strong></span> 
     </span>
    </p>
   </div>
   <div class='ocr_carea' id='block_1_32' title="bbox 931 805 1720 838">
    <p class='ocr_par' dir='ltr' id='par_1_32' title="bbox 931 805 1720 838">
     <span class='ocr_line' id='line_1_32' title="bbox 931 805 1720 838; baseline 0.001 -6"><span class='ocrx_word' id='word_1_239' title='bbox 931 806 1096 833; x_wconf 83' lang='lat' dir='ltr'><strong>mentionem</strong></span> <span class='ocrx_word' id='word_1_240' title='bbox 1115 805 1166 832; x_wconf 86' lang='lat' dir='ltr'><strong>hoc</strong></span> <span class='ocrx_word' id='word_1_241' title='bbox 1182 805 1242 832; x_wconf 89' lang='lat' dir='ltr'><strong>loco</strong></span> <span class='ocrx_word' id='word_1_242' title='bbox 1264 805 1320 832; x_wconf 79' lang='lat' dir='ltr'><strong>fieri</strong></span> <span class='ocrx_word' id='word_1_243' title='bbox 1335 825 1342 838; x_wconf 84' lang='lat'><strong>,</strong></span> <span class='ocrx_word' id='word_1_244' title='bbox 1356 805 1402 832; x_wconf 90' lang='lat' dir='ltr'><strong>sed</strong></span> <span class='ocrx_word' id='word_1_245' title='bbox 1420 805 1453 833; x_wconf 90' lang='lat' dir='ltr'><strong>de</strong></span> <span class='ocrx_word' id='word_1_246' title='bbox 1469 813 1554 833; x_wconf 86' lang='lat' dir='ltr'><strong>carne</strong></span> <span class='ocrx_word' id='word_1_247' title='bbox 1576 805 1720 834; x_wconf 84' lang='lat' dir='ltr'><strong>duntaxat.</strong></span> 
     </span>
    </p>
   </div>
   <div class='ocr_carea' id='block_1_33' title="bbox 931 849 1723 884">
    <p class='ocr_par' dir='ltr' id='par_1_33' title="bbox 931 849 1723 884">
     <span class='ocr_line' id='line_1_33' title="bbox 931 849 1723 884; baseline 0.001 -8"><span class='ocrx_word' id='word_1_248' title='bbox 931 849 1027 876; x_wconf 84' lang='lat' dir='ltr'><strong>Mortis</strong></span> <span class='ocrx_word' id='word_1_249' title='bbox 1043 849 1116 877; x_wconf 90' lang='lat' dir='ltr'><strong>enim</strong></span> <span class='ocrx_word' id='word_1_250' title='bbox 1131 849 1223 884; x_wconf 86' lang='lat' dir='ltr'><strong>passio</strong></span> <span class='ocrx_word' id='word_1_251' title='bbox 1240 857 1295 876; x_wconf 90' lang='lat' dir='ltr'><strong>non</strong></span> <span class='ocrx_word' id='word_1_252' title='bbox 1310 850 1470 884; x_wconf 87' lang='lat' dir='ltr'><strong>priusquam</strong></span> <span class='ocrx_word' id='word_1_253' title='bbox 1486 857 1596 877; x_wconf 88' lang='lat' dir='ltr'><strong>carnem</strong></span> <span class='ocrx_word' id='word_1_254' title='bbox 1618 850 1723 877; x_wconf 81' lang='lat' dir='ltr'><strong>induis-</strong></span> 
     </span>
    </p>
   </div>
   <div class='ocr_carea' id='block_1_34' title="bbox 79 892 876 934">
    <p class='ocr_par' dir='ltr' id='par_1_34' title="bbox 79 895 876 934">
     <span class='ocr_line' id='line_1_34' title="bbox 79 895 876 934; baseline 0.008 -13"><span class='ocrx_word' id='word_1_255' title='bbox 79 895 121 922; x_wconf 73' lang='grc' dir='ltr'>ἑνὶ</span> <span class='ocrx_word' id='word_1_256' title='bbox 134 895 286 931; x_wconf 76' lang='grc' dir='ltr'>πληροῦται</span> <span class='ocrx_word' id='word_1_257' title='bbox 299 896 344 923; x_wconf 82' lang='grc' dir='ltr'>τὺ¹</span> <span class='ocrx_word' id='word_1_258' title='bbox 361 896 425 930; x_wconf 68' lang='grc' dir='ltr'>Υἱὸς</span> <span class='ocrx_word' id='word_1_259' title='bbox 439 897 583 933; x_wconf 83' lang='grc' dir='ltr'>ἀνθρώπου</span> <span class='ocrx_word' id='word_1_260' title='bbox 597 900 627 926; x_wconf 75' lang='grc' dir='ltr'>ὲν</span> <span class='ocrx_word' id='word_1_261' title='bbox 642 899 744 934; x_wconf 78' lang='grc' dir='ltr'>ταυτῷ,</span> <span class='ocrx_word' id='word_1_262' title='bbox 761 900 809 926; x_wconf 85' lang='grc' dir='ltr'>καὶ</span> <span class='ocrx_word' id='word_1_263' title='bbox 817 899 876 931; x_wconf 77' lang='grc' dir='ltr'><strong>Υἱὸς</strong></span> 
     </span>
    </p>
   </div>
   <div class='ocr_carea' id='block_1_35' title="bbox 930 892 1722 934">
    <p class='ocr_par' dir='ltr' id='par_1_35' title="bbox 933 894 1722 929">
     <span class='ocr_line' id='line_1_35' title="bbox 933 894 1722 929; baseline 0.001 -7"><span class='ocrx_word' id='word_1_264' title='bbox 933 899 985 927; x_wconf 85' lang='lat' dir='ltr'><strong>set,</strong></span> <span class='ocrx_word' id='word_1_265' title='bbox 1002 894 1092 922; x_wconf 86' lang='lat' dir='ltr'><strong>Verbo</strong></span> <span class='ocrx_word' id='word_1_266' title='bbox 1107 894 1153 922; x_wconf 88' lang='lat' dir='ltr'><strong>Dei</strong></span> <span class='ocrx_word' id='word_1_267' title='bbox 1170 896 1276 922; x_wconf 87' lang='lat' dir='ltr'><strong>ratione</strong></span> <span class='ocrx_word' id='word_1_268' title='bbox 1290 895 1407 929; x_wconf 85' lang='lat' dir='ltr'><strong>quadam</strong></span> <span class='ocrx_word' id='word_1_269' title='bbox 1423 895 1657 928; x_wconf 82' lang='lat' dir='ltr'><strong>accommodatur,</strong></span> <span class='ocrx_word' id='word_1_270' title='bbox 1674 896 1722 923; x_wconf 84' lang='lat' dir='ltr'><strong>sed</strong></span> 
     </span>
    </p>
   </div>
   <div class='ocr_carea' id='block_1_36' title="bbox 78 940 876 982">
    <p class='ocr_par' dir='ltr' id='par_1_36' title="bbox 78 941 876 982">
     <span class='ocr_line' id='line_1_36' title="bbox 78 941 876 982; baseline 0.006 -14"><span class='ocrx_word' id='word_1_271' title='bbox 78 941 148 968; x_wconf 76' lang='grc' dir='ltr'>Θεοῦ</span> <span class='ocrx_word' id='word_1_272' title='bbox 174 943 203 968; x_wconf 82' lang='grc' dir='ltr'>ἐν</span> <span class='ocrx_word' id='word_1_273' title='bbox 222 942 324 978; x_wconf 82' lang='grc' dir='ltr'>ταυτῷ.</span> <span class='ocrx_word' id='word_1_274' title='bbox 344 943 427 978; x_wconf 82' lang='grc' dir='ltr'>ὀμοῠ</span> <span class='ocrx_word' id='word_1_275' title='bbox 442 943 496 980; x_wconf 82' lang='grc' dir='ltr'>γὰρ</span> <span class='ocrx_word' id='word_1_276' title='bbox 512 945 629 982; x_wconf 81' lang='grc' dir='ltr'>Χριστὸς</span> <span class='ocrx_word' id='word_1_277' title='bbox 643 946 672 972; x_wconf 81' lang='grc' dir='ltr'>ὲν</span> <span class='ocrx_word' id='word_1_278' title='bbox 688 947 744 978; x_wconf 83' lang='grc' dir='ltr'>τοῖς</span> <span class='ocrx_word' id='word_1_279' title='bbox 758 945 876 981; x_wconf 83' lang='grc' dir='ltr'>ἀμφοτέ-</span> 
     </span>
    </p>
   </div>
   <div class='ocr_carea' id='block_1_37' title="bbox 930 940 1723 982">
    <p class='ocr_par' dir='ltr' id='par_1_37' title="bbox 932 940 1723 977">
     <span class='ocr_line' id='line_1_37' title="bbox 932 940 1723 977; baseline 0 -9"><span class='ocrx_word' id='word_1_280' title='bbox 932 945 994 977; x_wconf 89' lang='lat' dir='ltr'><strong>post</strong></span> <span class='ocrx_word' id='word_1_281' title='bbox 1013 941 1136 976; x_wconf 84' lang='lat' dir='ltr'><strong>ejusdem</strong></span> <span class='ocrx_word' id='word_1_282' title='bbox 1161 941 1377 968; x_wconf 83' lang='lat' dir='ltr'><strong>incarnationem</strong></span> <span class='ocrx_word' id='word_1_283' title='bbox 1398 949 1405 967; x_wconf 87' lang='lat'><strong>:</strong></span> <span class='ocrx_word' id='word_1_284' title='bbox 1426 940 1472 975; x_wconf 82' lang='lat' dir='ltr'><strong>qui</strong></span> <span class='ocrx_word' id='word_1_285' title='bbox 1493 948 1547 967; x_wconf 84' lang='lat' dir='ltr'><strong>una</strong></span> <span class='ocrx_word' id='word_1_286' title='bbox 1571 945 1598 968; x_wconf 90' lang='lat' dir='ltr'><strong>et</strong></span> <span class='ocrx_word' id='word_1_287' title='bbox 1615 942 1723 976; x_wconf 86' lang='lat' dir='ltr'><strong>passio-</strong></span> 
     </span>
    </p>
   </div>
   <div class='ocr_carea' id='block_1_38' title="bbox 80 987 876 1023">
    <p class='ocr_par' dir='ltr' id='par_1_38' title="bbox 80 988 392 1022">
     <span class='ocr_line' id='line_1_38' title="bbox 80 988 392 1022; baseline 0.01 -9"><span class='ocrx_word' id='word_1_288' title='bbox 80 996 139 1022; x_wconf 79' lang='grc' dir='ltr'>ροις</span> <span class='ocrx_word' id='word_1_289' title='bbox 151 988 166 1014; x_wconf 78' lang='grc' dir='ltr'><strong>ὁ</strong></span> <span class='ocrx_word' id='word_1_290' title='bbox 180 988 244 1020; x_wconf 75' lang='grc' dir='ltr'><strong>Υἱὸς</strong></span> <span class='ocrx_word' id='word_1_291' title='bbox 259 988 392 1016; x_wconf 79' lang='grc' dir='ltr'>καλεῖται.</span> 
     </span>
    </p>
   </div>
   <div class='ocr_carea' id='block_1_39' title="bbox 930 987 1723 1023">
    <p class='ocr_par' dir='ltr' id='par_1_39' title="bbox 931 987 1723 1023">
     <span class='ocr_line' id='line_1_39' title="bbox 931 987 1723 1023; baseline -0.003 -7"><span class='ocrx_word' id='word_1_292' title='bbox 931 988 974 1016; x_wconf 92' lang='lat' dir='ltr'><strong>nis</strong></span> <span class='ocrx_word' id='word_1_293' title='bbox 987 995 1087 1022; x_wconf 82' lang='lat' dir='ltr'><strong>expers</strong></span> <span class='ocrx_word' id='word_1_294' title='bbox 1105 991 1164 1020; x_wconf 87' lang='lat' dir='ltr'><strong>est,</strong></span> <span class='ocrx_word' id='word_1_295' title='bbox 1181 992 1208 1015; x_wconf 89' lang='lat' dir='ltr'><strong>et</strong></span> <span class='ocrx_word' id='word_1_296' title='bbox 1224 987 1360 1014; x_wconf 82' lang='lat' dir='ltr'><strong>obnoxius</strong></span> <span class='ocrx_word' id='word_1_297' title='bbox 1384 988 1504 1021; x_wconf 81' lang='lat' dir='ltr'><strong>passioni</strong></span> <span class='ocrx_word' id='word_1_298' title='bbox 1520 997 1527 1015; x_wconf 74' lang='grc' dir='ltr'><em>τ</em></span> <span class='ocrx_word' id='word_1_299' title='bbox 1546 995 1643 1023; x_wconf 81' lang='lat' dir='ltr'><strong>expers</strong></span> <span class='ocrx_word' id='word_1_300' title='bbox 1659 987 1723 1023; x_wconf 88' lang='lat' dir='ltr'><strong>qui-</strong></span> 
     </span>
    </p>
   </div>
   <div class='ocr_carea' id='block_1_40' title="bbox 80 1032 1723 1070">
    <p class='ocr_par' dir='ltr' id='par_1_40' title="bbox 80 1032 1723 1070">
     <span class='ocr_line' id='line_1_40' title="bbox 80 1032 1723 1070; baseline 0.001 -11"><span class='ocrx_word' id='word_1_301' title='bbox 80 1035 158 1062; x_wconf 85' lang='lat' dir='ltr'><strong>dem.</strong></span> <span class='ocrx_word' id='word_1_302' title='bbox 175 1033 248 1068; x_wconf 79' lang='lat' dir='ltr'><strong>quod</strong></span> <span class='ocrx_word' id='word_1_303' title='bbox 276 1033 310 1061; x_wconf 79' lang='lat' dir='ltr'><strong>ad</strong></span> <span class='ocrx_word' id='word_1_304' title='bbox 333 1035 503 1063; x_wconf 81' lang='lat' dir='ltr'><strong>divinitatem</strong></span> <span class='ocrx_word' id='word_1_305' title='bbox 524 1037 640 1070; x_wconf 83' lang='lat' dir='ltr'><strong>attinet;</strong></span> <span class='ocrx_word' id='word_1_306' title='bbox 667 1037 803 1064; x_wconf 76' lang='lat' dir='ltr'><strong>obnoxius</strong></span> <span class='ocrx_word' id='word_1_307' title='bbox 830 1042 906 1067; x_wconf 82' lang='lat' dir='ltr'><strong>vero,</strong></span> <span class='ocrx_word' id='word_1_308' title='bbox 939 1034 962 1062; x_wconf 88' lang='lat' dir='ltr'><strong>si</strong></span> <span class='ocrx_word' id='word_1_309' title='bbox 983 1033 1105 1061; x_wconf 86' lang='lat' dir='ltr'><strong>hominis</strong></span> <span class='ocrx_word' id='word_1_310' title='bbox 1131 1037 1257 1060; x_wconf 85' lang='lat' dir='ltr'><strong>naturam</strong></span> <span class='ocrx_word' id='word_1_311' title='bbox 1282 1032 1450 1060; x_wconf 78' lang='lat' dir='ltr'><strong>consideres.</strong></span> <span class='ocrx_word' id='word_1_312' title='bbox 1475 1033 1553 1066; x_wconf 84' lang='lat' dir='ltr'><strong>Quod</strong></span> <span class='ocrx_word' id='word_1_313' title='bbox 1576 1039 1723 1068; x_wconf 83' lang='lat' dir='ltr'><strong>utrumque</strong></span> 
     </span>
    </p>
   </div>
   <div class='ocr_carea' id='block_1_41' title="bbox 83 1078 1723 1116">
    <p class='ocr_par' dir='ltr' id='par_1_41' title="bbox 83 1078 1723 1116">
     <span class='ocr_line' id='line_1_41' title="bbox 83 1078 1723 1116; baseline 0.001 -9"><span class='ocrx_word' id='word_1_314' title='bbox 83 1081 111 1107; x_wconf 89' lang='lat' dir='ltr'><strong>in</strong></span> <span class='ocrx_word' id='word_1_315' title='bbox 129 1090 184 1109; x_wconf 89' lang='lat' dir='ltr'><strong>uno</strong></span> <span class='ocrx_word' id='word_1_316' title='bbox 211 1082 374 1116; x_wconf 74' lang='lat' dir='ltr'><strong>completur,</strong></span> <span class='ocrx_word' id='word_1_317' title='bbox 394 1086 423 1108; x_wconf 80' lang='lat' dir='ltr'><strong>ut</strong></span> <span class='ocrx_word' id='word_1_318' title='bbox 453 1087 479 1109; x_wconf 92' lang='lat' dir='ltr'><strong>et</strong></span> <span class='ocrx_word' id='word_1_319' title='bbox 497 1082 582 1111; x_wconf 81' lang='lat' dir='ltr'><strong>Filius</strong></span> <span class='ocrx_word' id='word_1_320' title='bbox 600 1083 726 1111; x_wconf 83' lang='lat' dir='ltr'><strong>hominis</strong></span> <span class='ocrx_word' id='word_1_321' title='bbox 751 1083 778 1110; x_wconf 89' lang='lat' dir='ltr'><strong>in</strong></span> <span class='ocrx_word' id='word_1_322' title='bbox 805 1083 912 1114; x_wconf 88' lang='lat' dir='ltr'><strong>eodem,</strong></span> <span class='ocrx_word' id='word_1_323' title='bbox 937 1085 965 1109; x_wconf 92' lang='lat' dir='ltr'><strong>et</strong></span> <span class='ocrx_word' id='word_1_324' title='bbox 991 1079 1039 1107; x_wconf 85' lang='lat' dir='ltr'><strong>Dei</strong></span> <span class='ocrx_word' id='word_1_325' title='bbox 1063 1078 1148 1107; x_wconf 83' lang='lat' dir='ltr'><strong>Filius</strong></span> <span class='ocrx_word' id='word_1_326' title='bbox 1177 1080 1205 1106; x_wconf 92' lang='lat' dir='ltr'><strong>in</strong></span> <span class='ocrx_word' id='word_1_327' title='bbox 1228 1079 1323 1107; x_wconf 88' lang='lat' dir='ltr'><strong>eodem</strong></span> <span class='ocrx_word' id='word_1_328' title='bbox 1352 1082 1478 1109; x_wconf 81' lang='lat' dir='ltr'><strong>exsistat.</strong></span> <span class='ocrx_word' id='word_1_329' title='bbox 1497 1081 1624 1109; x_wconf 80' lang='lat' dir='ltr'><strong>Christus</strong></span> <span class='ocrx_word' id='word_1_330' title='bbox 1647 1080 1723 1107; x_wconf 82' lang='lat' dir='ltr'><strong>enim</strong></span> 
     </span>
    </p>
   </div>
   <div class='ocr_carea' id='block_1_42' title="bbox 85 1127 533 1156">
    <p class='ocr_par' dir='ltr' id='par_1_42' title="bbox 85 1127 533 1156">
     <span class='ocr_line' id='line_1_42' title="bbox 85 1127 533 1156; baseline 0.002 -2"><span class='ocrx_word' id='word_1_331' title='bbox 85 1128 232 1156; x_wconf 67' lang='lat' dir='ltr'><strong>utroltioue</strong></span> <span class='ocrx_word' id='word_1_332' title='bbox 249 1127 295 1155; x_wconf 82' lang='lat' dir='ltr'><strong>Dei</strong></span> <span class='ocrx_word' id='word_1_333' title='bbox 312 1127 397 1156; x_wconf 87' lang='lat' dir='ltr'><strong>Filius</strong></span> <span class='ocrx_word' id='word_1_334' title='bbox 410 1133 533 1156; x_wconf 79' lang='lat' dir='ltr'><strong>vocatur.</strong></span> 
     </span>
    </p>
   </div>
   <div class='ocr_carea' id='block_1_43' title="bbox 117 1172 876 1212">
    <p class='ocr_par' dir='ltr' id='par_1_43' title="bbox 117 1172 876 1212">
     <span class='ocr_line' id='line_1_43' title="bbox 117 1172 876 1212; baseline 0.001 -12"><span class='ocrx_word' id='word_1_335' title='bbox 117 1175 176 1200; x_wconf 76' lang='grc' dir='ltr'><strong>ΛΘ’.</strong></span> <span class='ocrx_word' id='word_1_336' title='bbox 197 1174 230 1201; x_wconf 85' lang='grc' dir='ltr'>Τί</span> <span class='ocrx_word' id='word_1_337' title='bbox 243 1172 291 1201; x_wconf 78' lang='grc' dir='ltr'>οὖν</span> <span class='ocrx_word' id='word_1_338' title='bbox 323 1176 450 1212; x_wconf 73' lang='grc' dir='ltr'>ἐποίησεν</span> <span class='ocrx_word' id='word_1_339' title='bbox 478 1175 559 1203; x_wconf 81' lang='grc' dir='ltr'>αὺτὸν</span> <span class='ocrx_word' id='word_1_340' title='bbox 579 1185 586 1208; x_wconf 89' lang='lat'>;</span> <span class='ocrx_word' id='word_1_341' title='bbox 611 1175 643 1202; x_wconf 86' lang='grc' dir='ltr'><strong>Οἱ</strong></span> <span class='ocrx_word' id='word_1_342' title='bbox 658 1174 876 1210; x_wconf 75' lang='grc' dir='ltr'><strong>φιλονεικοῦντες</strong></span> 
     </span>
    </p>
   </div>
   <div class='ocr_carea' id='block_1_44' title="bbox 85 1219 875 1257">
    <p class='ocr_par' dir='ltr' id='par_1_44' title="bbox 85 1219 875 1257">
     <span class='ocr_line' id='line_1_44' title="bbox 85 1219 875 1257; baseline 0.004 -12"><span class='ocrx_word' id='word_1_343' title='bbox 85 1219 207 1254; x_wconf 69' lang='grc' dir='ltr'>μάθωσιν</span> <span class='ocrx_word' id='word_1_344' title='bbox 223 1220 279 1246; x_wconf 75' lang='grc' dir='ltr'><strong>ἀπὸ</strong></span> <span class='ocrx_word' id='word_1_345' title='bbox 299 1219 355 1247; x_wconf 81' lang='grc' dir='ltr'>τῶν</span> <span class='ocrx_word' id='word_1_346' title='bbox 376 1221 583 1257; x_wconf 78' lang='grc' dir='ltr'><strong>προειρημένων</strong></span> <span class='ocrx_word' id='word_1_347' title='bbox 601 1221 721 1254; x_wconf 78' lang='grc' dir='ltr'>πάντων,</span> <span class='ocrx_word' id='word_1_348' title='bbox 742 1222 782 1248; x_wconf 79' lang='grc' dir='ltr'>ὅτι</span> <span class='ocrx_word' id='word_1_349' title='bbox 800 1221 875 1248; x_wconf 82' lang='grc' dir='ltr'>οὐδὲν</span> 
     </span>
    </p>
   </div>
   <div class='ocr_carea' id='block_1_45' title="bbox 83 1258 880 1304">
    <p class='ocr_par' dir='ltr' id='par_1_45' title="bbox 83 1258 880 1304">
     <span class='ocr_line' id='line_1_45' title="bbox 83 1258 880 1304; baseline 0.003 -12"><span class='ocrx_word' id='word_1_350' title='bbox 83 1266 123 1297; x_wconf 85' lang='grc' dir='ltr'><strong>εις</strong></span> <span class='ocrx_word' id='word_1_351' title='bbox 135 1266 185 1300; x_wconf 74' lang='grc' dir='ltr'>τὴν</span> <span class='ocrx_word' id='word_1_352' title='bbox 200 1265 316 1302; x_wconf 79' lang='grc' dir='ltr'>θεότητα</span> <span class='ocrx_word' id='word_1_353' title='bbox 327 1267 356 1296; x_wconf 78' lang='grc' dir='ltr'>ὲν</span> <span class='ocrx_word' id='word_1_354' title='bbox 369 1266 408 1302; x_wconf 81' lang='grc' dir='ltr'>τῷ</span> <span class='ocrx_word' id='word_1_355' title='bbox 421 1267 497 1303; x_wconf 84' lang='grc' dir='ltr'><strong>ῥητῷ</strong></span> <span class='ocrx_word' id='word_1_356' title='bbox 507 1267 596 1304; x_wconf 87' lang='grc' dir='ltr'>τούτῳ</span> <span class='ocrx_word' id='word_1_357' title='bbox 609 1268 794 1303; x_wconf 81' lang='grc' dir='ltr'>ἁναλογεῖται,</span> <span class='ocrx_word' id='word_1_358' title='bbox 808 1258 880 1294; x_wconf 81' lang='grc' dir='ltr'><strong>ἀλλά</strong></span> 
     </span>
    </p>
   </div>
   <div class='ocr_carea' id='block_1_46' title="bbox 84 1311 876 1349">
    <p class='ocr_par' dir='ltr' id='par_1_46' title="bbox 84 1311 876 1349">
     <span class='ocr_line' id='line_1_46' title="bbox 84 1311 876 1349; baseline 0.004 -12"><span class='ocrx_word' id='word_1_359' title='bbox 84 1311 124 1343; x_wconf 61' lang='lat' dir='ltr'><strong>ek</strong></span> <span class='ocrx_word' id='word_1_360' title='bbox 136 1311 185 1346; x_wconf 80' lang='grc' dir='ltr'>τὴν</span> <span class='ocrx_word' id='word_1_361' title='bbox 200 1311 332 1348; x_wconf 76' lang='grc' dir='ltr'>ἐνσαρκον</span> <span class='ocrx_word' id='word_1_362' title='bbox 346 1313 515 1348; x_wconf 53' lang='grc' dir='ltr'>παρουσίαν..</span> <span class='ocrx_word' id='word_1_363' title='bbox 525 1314 579 1340; x_wconf 81' lang='grc' dir='ltr'><strong>Καὶ</strong></span> <span class='ocrx_word' id='word_1_364' title='bbox 592 1313 652 1340; x_wconf 73' lang='grc' dir='ltr'>οὐδὲ</span> <span class='ocrx_word' id='word_1_365' title='bbox 665 1314 704 1345; x_wconf 80' lang='grc' dir='ltr'>ὡς</span> <span class='ocrx_word' id='word_1_366' title='bbox 716 1314 781 1349; x_wconf 73' lang='grc' dir='ltr'>περὶ</span> <span class='ocrx_word' id='word_1_367' title='bbox 797 1314 876 1349; x_wconf 83' lang='grc' dir='ltr'>ποιή-</span> 
     </span>
    </p>
   </div>
   <div class='ocr_carea' id='block_1_47' title="bbox 85 1358 876 1395">
    <p class='ocr_par' dir='ltr' id='par_1_47' title="bbox 85 1358 876 1395">
     <span class='ocr_line' id='line_1_47' title="bbox 85 1358 876 1395; baseline 0.003 -11"><span class='ocrx_word' id='word_1_368' title='bbox 85 1365 152 1390; x_wconf 78' lang='grc' dir='ltr'>σεως</span> <span class='ocrx_word' id='word_1_369' title='bbox 164 1358 181 1393; x_wconf 82' lang='grc' dir='ltr'>ἢ</span> <span class='ocrx_word' id='word_1_370' title='bbox 195 1358 344 1393; x_wconf 80' lang='grc' dir='ltr'>κτίσματος</span> <span class='ocrx_word' id='word_1_371' title='bbox 356 1378 363 1389; x_wconf 84' lang='grc'><em>,</em></span> <span class='ocrx_word' id='word_1_372' title='bbox 383 1358 441 1385; x_wconf 80' lang='grc' dir='ltr'>ἀλλ’</span> <span class='ocrx_word' id='word_1_373' title='bbox 457 1358 494 1391; x_wconf 83' lang='grc' dir='ltr'>ὡς</span> <span class='ocrx_word' id='word_1_374' title='bbox 509 1359 572 1394; x_wconf 73' lang='grc' dir='ltr'>περὶ</span> <span class='ocrx_word' id='word_1_375' title='bbox 583 1359 738 1395; x_wconf 75' lang='grc' dir='ltr'>ἀξιώματος</span> <span class='ocrx_word' id='word_1_376' title='bbox 748 1359 817 1395; x_wconf 72' lang='grc' dir='ltr'>μετὰ</span> <span class='ocrx_word' id='word_1_377' title='bbox 826 1359 876 1393; x_wconf 78' lang='grc' dir='ltr'><strong>τὴν</strong></span> 
     </span>
    </p>
   </div>
   <div class='ocr_carea' id='block_1_48' title="bbox 86 1403 876 1440">
    <p class='ocr_par' dir='ltr' id='par_1_48' title="bbox 86 1403 876 1440">
     <span class='ocr_line' id='line_1_48' title="bbox 86 1403 876 1440; baseline 0.004 -12"><span class='ocrx_word' id='word_1_378' title='bbox 86 1403 245 1438; x_wconf 75' lang='grc' dir='ltr'>παρουσίαν.</span> <span class='ocrx_word' id='word_1_379' title='bbox 265 1403 295 1429; x_wconf 78' lang='grc' dir='ltr'>τὸ</span> <span class='ocrx_word' id='word_1_380' title='bbox 316 1403 471 1436; x_wconf 82' lang='grc' dir='ltr'>ἐποίησεν.</span> <span class='ocrx_word' id='word_1_381' title='bbox 497 1404 584 1431; x_wconf 80' lang='grc' dir='ltr'>Αὐτὸν</span> <span class='ocrx_word' id='word_1_382' title='bbox 606 1405 747 1440; x_wconf 78' lang='grc' dir='ltr'><strong>ἐρωτήσας</strong></span> <span class='ocrx_word' id='word_1_383' title='bbox 763 1404 817 1440; x_wconf 83' lang='grc' dir='ltr'>γάρ</span> <span class='ocrx_word' id='word_1_384' title='bbox 833 1404 876 1436; x_wconf 82' lang='grc' dir='ltr'>τίς</span> 
     </span>
    </p>
   </div>
   <div class='ocr_carea' id='block_1_49' title="bbox 85 1448 876 1487">
    <p class='ocr_par' dir='ltr' id='par_1_49' title="bbox 85 1448 876 1487">
     <span class='ocr_line' id='line_1_49' title="bbox 85 1448 876 1487; baseline 0.001 -13"><span class='ocrx_word' id='word_1_385' title='bbox 85 1456 143 1474; x_wconf 83' lang='grc' dir='ltr'>τινα</span> <span class='ocrx_word' id='word_1_386' title='bbox 156 1448 269 1483; x_wconf 73' lang='grc' dir='ltr'>βασιλέα</span> <span class='ocrx_word' id='word_1_387' title='bbox 286 1448 406 1484; x_wconf 75' lang='grc' dir='ltr'>περὶτοῦ</span> <span class='ocrx_word' id='word_1_388' title='bbox 423 1448 489 1475; x_wconf 82' lang='grc' dir='ltr'>ἰδίου</span> <span class='ocrx_word' id='word_1_389' title='bbox 512 1448 582 1487; x_wconf 55' lang='grc' dir='ltr'>υέοῦ,</span> <span class='ocrx_word' id='word_1_390' title='bbox 600 1449 641 1475; x_wconf 85' lang='grc' dir='ltr'>ὅτι</span> <span class='ocrx_word' id='word_1_391' title='bbox 657 1449 690 1475; x_wconf 83' lang='grc' dir='ltr'><strong>Τί</strong></span> <span class='ocrx_word' id='word_1_392' title='bbox 702 1457 742 1475; x_wconf 75' lang='grc' dir='ltr'><strong>σοι</strong></span> <span class='ocrx_word' id='word_1_393' title='bbox 756 1449 876 1484; x_wconf 84' lang='grc' dir='ltr'>πέφυκεν</span> 
     </span>
    </p>
   </div>
   <div class='ocr_carea' id='block_1_50' title="bbox 86 1490 874 1530">
    <p class='ocr_par' dir='ltr' id='par_1_50' title="bbox 86 1490 874 1530">
     <span class='ocr_line' id='line_1_50' title="bbox 86 1490 874 1530; baseline 0.001 -10"><span class='ocrx_word' id='word_1_394' title='bbox 86 1490 176 1526; x_wconf 54' lang='grc' dir='ltr'>οὗτος</span> <span class='ocrx_word' id='word_1_395' title='bbox 191 1493 238 1520; x_wconf 71' lang='grc' dir='ltr'>καὶ</span> <span class='ocrx_word' id='word_1_396' title='bbox 255 1493 367 1521; x_wconf 80' lang='grc' dir='ltr'><strong>ἀκούσει</strong></span> <span class='ocrx_word' id='word_1_397' title='bbox 387 1495 453 1530; x_wconf 71' lang='grc' dir='ltr'>παρ’</span> <span class='ocrx_word' id='word_1_398' title='bbox 478 1494 577 1526; x_wconf 75' lang='grc' dir='ltr'>αὑτοῦ,</span> <span class='ocrx_word' id='word_1_399' title='bbox 597 1494 712 1526; x_wconf 73' lang='grc' dir='ltr'>ὄτιΥἱός</span> <span class='ocrx_word' id='word_1_400' title='bbox 738 1494 788 1530; x_wconf 83' lang='grc' dir='ltr'><strong>μού</strong></span> <span class='ocrx_word' id='word_1_401' title='bbox 807 1495 874 1521; x_wconf 74' lang='grc' dir='ltr'>ἐστι.</span> 
     </span>
    </p>
   </div>
   <div class='ocr_carea' id='block_1_51' title="bbox 86 1537 877 1576">
    <p class='ocr_par' dir='ltr' id='par_1_51' title="bbox 86 1537 877 1576">
     <span class='ocr_line' id='line_1_51' title="bbox 86 1537 877 1576; baseline -0.001 -10"><span class='ocrx_word' id='word_1_402' title='bbox 86 1539 196 1575; x_wconf 78' lang='grc' dir='ltr'>Γνήσιος</span> <span class='ocrx_word' id='word_1_403' title='bbox 207 1537 255 1566; x_wconf 69' lang='grc' dir='ltr'><strong>οὖν</strong></span> <span class='ocrx_word' id='word_1_404' title='bbox 271 1548 312 1566; x_wconf 89' lang='grc' dir='ltr'><strong>σοι</strong></span> <span class='ocrx_word' id='word_1_405' title='bbox 324 1539 453 1575; x_wconf 79' lang='grc' dir='ltr'>ὑπάρχει,</span> <span class='ocrx_word' id='word_1_406' title='bbox 468 1539 484 1576; x_wconf 84' lang='grc' dir='ltr'>ἢ</span> <span class='ocrx_word' id='word_1_407' title='bbox 500 1540 594 1571; x_wconf 76' lang='grc' dir='ltr'>νόθοςς</span> <span class='ocrx_word' id='word_1_408' title='bbox 617 1540 646 1566; x_wconf 85' lang='lat'><strong>&#39;0</strong></span> <span class='ocrx_word' id='word_1_409' title='bbox 661 1539 689 1566; x_wconf 80' lang='grc' dir='ltr'><strong>δέ</strong></span> <span class='ocrx_word' id='word_1_410' title='bbox 705 1548 772 1575; x_wconf 79' lang='grc' dir='ltr'>φησι</span> <span class='ocrx_word' id='word_1_411' title='bbox 785 1548 791 1555; x_wconf 92' lang='grc'>·</span> <span class='ocrx_word' id='word_1_412' title='bbox 809 1539 877 1574; x_wconf 87' lang='grc' dir='ltr'><strong>Γνή-</strong></span> 
     </span>
    </p>
   </div>
   <div class='ocr_carea' id='block_1_52' title="bbox 961 1168 1722 1205">
    <p class='ocr_par' dir='ltr' id='par_1_52' title="bbox 961 1168 1722 1205">
     <span class='ocr_line' id='line_1_52' title="bbox 961 1168 1722 1205; baseline 0 -8"><span class='ocrx_word' id='word_1_413' title='bbox 961 1168 1083 1197; x_wconf 74' lang='lat' dir='ltr'><strong>XXXIX.</strong></span> <span class='ocrx_word' id='word_1_414' title='bbox 1104 1168 1239 1202; x_wconf 75' lang='lat' dir='ltr'><strong>Quidnam</strong></span> <span class='ocrx_word' id='word_1_415' title='bbox 1266 1168 1348 1205; x_wconf 78' lang='lat' dir='ltr'><strong>igitur</strong></span> <span class='ocrx_word' id='word_1_416' title='bbox 1363 1169 1493 1205; x_wconf 84' lang='lat' dir='ltr'><strong>estquod</strong></span> <span class='ocrx_word' id='word_1_417' title='bbox 1515 1169 1603 1205; x_wconf 81' lang='lat' dir='ltr'><strong>ipsum</strong></span> <span class='ocrx_word' id='word_1_418' title='bbox 1623 1168 1722 1198; x_wconf 79' lang='lat' dir='ltr'><strong>fecisse</strong></span> 
     </span>
    </p>
   </div>
   <div class='ocr_carea' id='block_1_53' title="bbox 928 1215 1720 1250">
    <p class='ocr_par' dir='ltr' id='par_1_53' title="bbox 928 1215 1720 1250">
     <span class='ocr_line' id='line_1_53' title="bbox 928 1215 1720 1250; baseline -0.003 -5"><span class='ocrx_word' id='word_1_419' title='bbox 928 1216 1050 1245; x_wconf 83' lang='lat' dir='ltr'><strong>dicitur?</strong></span> <span class='ocrx_word' id='word_1_420' title='bbox 1068 1215 1178 1243; x_wconf 85' lang='lat' dir='ltr'><strong>Discant</strong></span> <span class='ocrx_word' id='word_1_421' title='bbox 1195 1215 1283 1250; x_wconf 82' lang='lat' dir='ltr'><strong>arguti</strong></span> <span class='ocrx_word' id='word_1_422' title='bbox 1305 1223 1337 1243; x_wconf 84' lang='lat' dir='ltr'><strong>ac</strong></span> <span class='ocrx_word' id='word_1_423' title='bbox 1365 1215 1530 1243; x_wconf 83' lang='lat' dir='ltr'><strong>contentiosi</strong></span> <span class='ocrx_word' id='word_1_424' title='bbox 1545 1215 1670 1243; x_wconf 86' lang='lat' dir='ltr'><strong>homines</strong></span> <span class='ocrx_word' id='word_1_425' title='bbox 1687 1224 1720 1243; x_wconf 86' lang='lat' dir='ltr'><strong>ex</strong></span> 
     </span>
    </p>
   </div>
   <div class='ocr_carea' id='block_1_54' title="bbox 928 1260 1722 1297">
    <p class='ocr_par' dir='ltr' id='par_1_54' title="bbox 928 1260 1722 1297">
     <span class='ocr_line' id='line_1_54' title="bbox 928 1260 1722 1297; baseline -0.004 -6"><span class='ocrx_word' id='word_1_426' title='bbox 928 1263 964 1291; x_wconf 84' lang='lat' dir='ltr'><strong>iis</strong></span> <span class='ocrx_word' id='word_1_427' title='bbox 978 1269 1040 1297; x_wconf 63' lang='lat' dir='ltr'><strong>quae</strong></span> <span class='ocrx_word' id='word_1_428' title='bbox 1055 1262 1188 1288; x_wconf 87' lang='lat' dir='ltr'><strong>hactenus</strong></span> <span class='ocrx_word' id='word_1_429' title='bbox 1202 1261 1275 1287; x_wconf 90' lang='lat' dir='ltr'><strong>dicta</strong></span> <span class='ocrx_word' id='word_1_430' title='bbox 1297 1265 1373 1292; x_wconf 88' lang='lat' dir='ltr'><strong>sunt,</strong></span> <span class='ocrx_word' id='word_1_431' title='bbox 1395 1260 1462 1287; x_wconf 92' lang='lat' dir='ltr'><strong>nihil</strong></span> <span class='ocrx_word' id='word_1_432' title='bbox 1479 1260 1530 1287; x_wconf 91' lang='lat' dir='ltr'><strong>hoc</strong></span> <span class='ocrx_word' id='word_1_433' title='bbox 1546 1261 1571 1287; x_wconf 90' lang='lat' dir='ltr'><strong>in</strong></span> <span class='ocrx_word' id='word_1_434' title='bbox 1586 1261 1646 1287; x_wconf 80' lang='lat' dir='ltr'><strong>loco</strong></span> <span class='ocrx_word' id='word_1_435' title='bbox 1660 1268 1722 1288; x_wconf 86' lang='lat' dir='ltr'><strong>esse</strong></span> 
     </span>
    </p>
   </div>
   <div class='ocr_carea' id='block_1_55' title="bbox 928 1306 1720 1344">
    <p class='ocr_par' dir='ltr' id='par_1_55' title="bbox 928 1306 1720 1344">
     <span class='ocr_line' id='line_1_55' title="bbox 928 1306 1720 1344; baseline -0.004 -8"><span class='ocrx_word' id='word_1_436' title='bbox 928 1308 1001 1344; x_wconf 90' lang='lat' dir='ltr'><strong>quod</strong></span> <span class='ocrx_word' id='word_1_437' title='bbox 1022 1307 1056 1336; x_wconf 82' lang='lat' dir='ltr'><strong>ad</strong></span> <span class='ocrx_word' id='word_1_438' title='bbox 1072 1307 1243 1336; x_wconf 85' lang='lat' dir='ltr'><strong>divinitatem</strong></span> <span class='ocrx_word' id='word_1_439' title='bbox 1258 1307 1402 1342; x_wconf 80' lang='lat' dir='ltr'><strong>pertineat.</strong></span> <span class='ocrx_word' id='word_1_440' title='bbox 1427 1306 1474 1334; x_wconf 90' lang='lat' dir='ltr'><strong>sed</strong></span> <span class='ocrx_word' id='word_1_441' title='bbox 1496 1306 1528 1333; x_wconf 82' lang='lat' dir='ltr'><strong>ad</strong></span> <span class='ocrx_word' id='word_1_442' title='bbox 1554 1307 1720 1333; x_wconf 85' lang='lat' dir='ltr'><strong>incarnatio-</strong></span> 
     </span>
    </p>
   </div>
   <div class='ocr_carea' id='block_1_56' title="bbox 929 1352 1723 1386">
    <p class='ocr_par' dir='ltr' id='par_1_56' title="bbox 929 1352 1723 1386">
     <span class='ocr_line' id='line_1_56' title="bbox 929 1352 1723 1386; baseline -0.004 -4"><span class='ocrx_word' id='word_1_443' title='bbox 929 1363 990 1383; x_wconf 87' lang='lat' dir='ltr'><strong>nem</strong></span> <span class='ocrx_word' id='word_1_444' title='bbox 1006 1354 1098 1382; x_wconf 86' lang='lat' dir='ltr'><strong>omnia</strong></span> <span class='ocrx_word' id='word_1_445' title='bbox 1127 1353 1234 1381; x_wconf 87' lang='lat' dir='ltr'><strong>referri.</strong></span> <span class='ocrx_word' id='word_1_446' title='bbox 1249 1353 1287 1380; x_wconf 86' lang='lat' dir='ltr'><strong>ita</strong></span> <span class='ocrx_word' id='word_1_447' title='bbox 1316 1359 1417 1386; x_wconf 89' lang='lat' dir='ltr'><strong>tamen,</strong></span> <span class='ocrx_word' id='word_1_448' title='bbox 1435 1357 1465 1379; x_wconf 87' lang='grc' dir='ltr'><strong>ιιι</strong></span> <span class='ocrx_word' id='word_1_449' title='bbox 1482 1352 1516 1380; x_wconf 87' lang='lat' dir='ltr'><strong>de</strong></span> <span class='ocrx_word' id='word_1_450' title='bbox 1540 1353 1678 1380; x_wconf 79' lang='lat' dir='ltr'><strong>creatione</strong></span> <span class='ocrx_word' id='word_1_451' title='bbox 1695 1356 1723 1380; x_wconf 87' lang='lat' dir='ltr'><strong>et</strong></span> 
     </span>
    </p>
   </div>
   <div class='ocr_carea' id='block_1_57' title="bbox 929 1398 1722 1434">
    <p class='ocr_par' dir='ltr' id='par_1_57' title="bbox 929 1398 1722 1434">
     <span class='ocr_line' id='line_1_57' title="bbox 929 1398 1722 1434; baseline -0.003 -6"><span class='ocrx_word' id='word_1_452' title='bbox 929 1400 1072 1428; x_wconf 82' lang='lat' dir='ltr'><strong>clIectione</strong></span> <span class='ocrx_word' id='word_1_453' title='bbox 1093 1400 1166 1426; x_wconf 92' lang='lat' dir='ltr'><strong>nulla</strong></span> <span class='ocrx_word' id='word_1_454' title='bbox 1194 1400 1230 1426; x_wconf 87' lang='lat' dir='ltr'><strong>sit</strong></span> <span class='ocrx_word' id='word_1_455' title='bbox 1247 1399 1370 1430; x_wconf 74' lang='lat' dir='ltr'><strong>Intentio:</strong></span> <span class='ocrx_word' id='word_1_456' title='bbox 1398 1398 1446 1426; x_wconf 87' lang='lat' dir='ltr'><strong>sed</strong></span> <span class='ocrx_word' id='word_1_457' title='bbox 1471 1398 1505 1426; x_wconf 86' lang='lat' dir='ltr'><strong>de</strong></span> <span class='ocrx_word' id='word_1_458' title='bbox 1523 1406 1554 1426; x_wconf 85' lang='lat' dir='ltr'><strong>ea</strong></span> <span class='ocrx_word' id='word_1_459' title='bbox 1580 1399 1722 1434; x_wconf 76' lang='lat' dir='ltr'><strong>dignitate,</strong></span> 
     </span>
    </p>
   </div>
   <div class='ocr_carea' id='block_1_58' title="bbox 929 1448 1723 1480">
    <p class='ocr_par' dir='ltr' id='par_1_58' title="bbox 929 1448 1723 1480">
     <span class='ocr_line' id='line_1_58' title="bbox 929 1448 1723 1480; baseline 0 -8"><span class='ocrx_word' id='word_1_460' title='bbox 929 1453 1011 1480; x_wconf 89' lang='lat' dir='ltr'><strong>quam</strong></span> <span class='ocrx_word' id='word_1_461' title='bbox 1027 1449 1155 1480; x_wconf 85' lang='lat' dir='ltr'><strong>suscepta</strong></span> <span class='ocrx_word' id='word_1_462' title='bbox 1179 1452 1262 1472; x_wconf 84' lang='lat' dir='ltr'><strong>carne</strong></span> <span class='ocrx_word' id='word_1_463' title='bbox 1282 1449 1447 1472; x_wconf 73' lang='lat' dir='ltr'><strong>COIISCCHIHS</strong></span> <span class='ocrx_word' id='word_1_464' title='bbox 1463 1448 1516 1478; x_wconf 86' lang='lat' dir='ltr'><strong>est,</strong></span> <span class='ocrx_word' id='word_1_465' title='bbox 1531 1452 1569 1472; x_wconf 59' lang='grc' dir='ltr'><strong>(ΠΒ</strong></span> <span class='ocrx_word' id='word_1_466' title='bbox 1581 1453 1661 1472; x_wconf 72' lang='grc' dir='ltr'>νυειξε</span> <span class='ocrx_word' id='word_1_467' title='bbox 1676 1453 1723 1472; x_wconf 83' lang='lat' dir='ltr'><strong>ac-</strong></span> 
     </span>
    </p>
   </div>
   <div class='ocr_carea' id='block_1_59' title="bbox 929 1490 1722 1526">
    <p class='ocr_par' dir='ltr' id='par_1_59' title="bbox 929 1490 1722 1526">
     <span class='ocr_line' id='line_1_59' title="bbox 929 1490 1722 1526; baseline -0.001 -7"><span class='ocrx_word' id='word_1_468' title='bbox 929 1491 1062 1526; x_wconf 79' lang='lat' dir='ltr'><strong>cipienda:</strong></span> <span class='ocrx_word' id='word_1_469' title='bbox 1082 1491 1149 1523; x_wconf 76' lang='lat' dir='ltr'><strong>sint,</strong></span> <span class='ocrx_word' id='word_1_470' title='bbox 1167 1491 1227 1525; x_wconf 79' lang='lat' dir='ltr'><strong>fecit</strong></span> <span class='ocrx_word' id='word_1_471' title='bbox 1241 1491 1337 1525; x_wconf 67' lang='lat' dir='ltr'><strong>ipsum.</strong></span> <span class='ocrx_word' id='word_1_472' title='bbox 1357 1490 1401 1518; x_wconf 89' lang='lat' dir='ltr'><strong>Sic</strong></span> <span class='ocrx_word' id='word_1_473' title='bbox 1414 1492 1487 1518; x_wconf 88' lang='lat' dir='ltr'><strong>enim</strong></span> <span class='ocrx_word' id='word_1_474' title='bbox 1499 1499 1559 1518; x_wconf 84' lang='lat' dir='ltr'><strong>sese</strong></span> <span class='ocrx_word' id='word_1_475' title='bbox 1569 1499 1612 1518; x_wconf 78' lang='lat' dir='ltr'><strong>res</strong></span> <span class='ocrx_word' id='word_1_476' title='bbox 1629 1491 1722 1524; x_wconf 80' lang='lat' dir='ltr'><strong>habet,</strong></span> 
     </span>
    </p>
   </div>
   <div class='ocr_carea' id='block_1_60' title="bbox 930 1537 1721 1573">
    <p class='ocr_par' dir='ltr' id='par_1_60' title="bbox 930 1537 1721 1573">
     <span class='ocr_line' id='line_1_60' title="bbox 930 1537 1721 1573; baseline -0.001 -8"><span class='ocrx_word' id='word_1_477' title='bbox 930 1542 960 1565; x_wconf 89' lang='lat' dir='ltr'><strong>ut</strong></span> <span class='ocrx_word' id='word_1_478' title='bbox 975 1537 1070 1573; x_wconf 86' lang='lat' dir='ltr'><strong>siquis</strong></span> <span class='ocrx_word' id='word_1_479' title='bbox 1081 1537 1115 1564; x_wconf 85' lang='lat' dir='ltr'><strong>ab</strong></span> <span class='ocrx_word' id='word_1_480' title='bbox 1128 1545 1191 1572; x_wconf 80' lang='lat' dir='ltr'><strong>rege</strong></span> <span class='ocrx_word' id='word_1_481' title='bbox 1199 1537 1232 1564; x_wconf 86' lang='lat' dir='ltr'><strong>de</strong></span> <span class='ocrx_word' id='word_1_482' title='bbox 1246 1537 1301 1564; x_wconf 89' lang='lat' dir='ltr'><strong>lilio</strong></span> <span class='ocrx_word' id='word_1_483' title='bbox 1318 1545 1368 1565; x_wconf 88' lang='lat' dir='ltr'><strong>suo</strong></span> <span class='ocrx_word' id='word_1_484' title='bbox 1383 1541 1574 1572; x_wconf 76' lang='lat' dir='ltr'><strong>percontetur:</strong></span> <span class='ocrx_word' id='word_1_485' title='bbox 1596 1537 1721 1570; x_wconf 80' lang='lat' dir='ltr'><strong>Quanam</strong></span> 
     </span>
    </p>
   </div>
   <div class='ocr_carea' id='block_1_61' title="bbox 86 1581 876 1620">
    <p class='ocr_par' dir='ltr' id='par_1_61' title="bbox 86 1581 876 1620">
     <span class='ocr_line' id='line_1_61' title="bbox 86 1581 876 1620; baseline 0.003 -11"><span class='ocrx_word' id='word_1_486' title='bbox 86 1591 141 1615; x_wconf 74' lang='grc' dir='ltr'>σιος</span> <span class='ocrx_word' id='word_1_487' title='bbox 159 1583 190 1616; x_wconf 76' lang='grc' dir='ltr'>ἐξ</span> <span class='ocrx_word' id='word_1_488' title='bbox 206 1583 274 1618; x_wconf 67' lang='grc' dir='ltr'>ἐμοῦ</span> <span class='ocrx_word' id='word_1_489' title='bbox 292 1583 421 1619; x_wconf 78' lang='grc' dir='ltr'>ὑπάρχει.</span> <span class='ocrx_word' id='word_1_490' title='bbox 439 1584 471 1610; x_wconf 80' lang='grc' dir='ltr'>Τί</span> <span class='ocrx_word' id='word_1_491' title='bbox 490 1581 538 1611; x_wconf 85' lang='grc' dir='ltr'>οὖν</span> <span class='ocrx_word' id='word_1_492' title='bbox 557 1584 639 1611; x_wconf 72' lang='grc' dir='ltr'>αὑτὸν</span> <span class='ocrx_word' id='word_1_493' title='bbox 656 1584 803 1620; x_wconf 77' lang='grc' dir='ltr'>ὲποίησας;</span> <span class='ocrx_word' id='word_1_494' title='bbox 821 1584 876 1611; x_wconf 81' lang='grc' dir='ltr'><strong>Βα-</strong></span> 
     </span>
    </p>
   </div>
   <div class='ocr_carea' id='block_1_62' title="bbox 930 1581 1721 1620">
    <p class='ocr_par' dir='ltr' id='par_1_62' title="bbox 930 1583 1721 1618">
     <span class='ocr_line' id='line_1_62' title="bbox 930 1583 1721 1618; baseline 0 -8"><span class='ocrx_word' id='word_1_495' title='bbox 930 1583 982 1611; x_wconf 86' lang='lat' dir='ltr'><strong>istc</strong></span> <span class='ocrx_word' id='word_1_496' title='bbox 995 1583 1045 1610; x_wconf 86' lang='lat' dir='ltr'><strong>tibi</strong></span> <span class='ocrx_word' id='word_1_497' title='bbox 1070 1583 1213 1618; x_wconf 80' lang='lat' dir='ltr'><strong>sanguinis</strong></span> <span class='ocrx_word' id='word_1_498' title='bbox 1231 1583 1392 1618; x_wconf 84' lang='lat' dir='ltr'><strong>cognatione</strong></span> <span class='ocrx_word' id='word_1_499' title='bbox 1406 1584 1573 1618; x_wconf 79' lang='lat' dir='ltr'><strong>conjnnetus</strong></span> <span class='ocrx_word' id='word_1_500' title='bbox 1587 1583 1646 1610; x_wconf 85' lang='lat' dir='ltr'><strong>est?</strong></span> <span class='ocrx_word' id='word_1_501' title='bbox 1664 1587 1721 1610; x_wconf 87' lang='lat' dir='ltr'><strong>tmn</strong></span> 
     </span>
    </p>
   </div>
   <div class='ocr_carea' id='block_1_63' title="bbox 86 1628 876 1665">
    <p class='ocr_par' dir='ltr' id='par_1_63' title="bbox 86 1628 876 1665">
     <span class='ocr_line' id='line_1_63' title="bbox 86 1628 876 1665; baseline 0.003 -9"><span class='ocrx_word' id='word_1_502' title='bbox 86 1628 158 1656; x_wconf 78' lang='grc' dir='ltr'>σιλέα</span> <span class='ocrx_word' id='word_1_503' title='bbox 181 1629 263 1656; x_wconf 76' lang='grc' dir='ltr'>αὑτὸν</span> <span class='ocrx_word' id='word_1_504' title='bbox 283 1630 410 1664; x_wconf 74' lang='grc' dir='ltr'>ἐποίησα.</span> <span class='ocrx_word' id='word_1_505' title='bbox 431 1629 516 1664; x_wconf 82' lang='grc' dir='ltr'>Δῆλον</span> <span class='ocrx_word' id='word_1_506' title='bbox 542 1629 625 1665; x_wconf 78' lang='grc' dir='ltr'>μηδὲν</span> <span class='ocrx_word' id='word_1_507' title='bbox 648 1630 876 1665; x_wconf 78' lang='grc' dir='ltr'>παρηλλαγμένον</span> 
     </span>
    </p>
   </div>
   <div class='ocr_carea' id='block_1_64' title="bbox 83 1675 877 1711">
    <p class='ocr_par' dir='ltr' id='par_1_64' title="bbox 83 1675 877 1711">
     <span class='ocr_line' id='line_1_64' title="bbox 83 1675 877 1711; baseline 0.003 -9"><span class='ocrx_word' id='word_1_508' title='bbox 83 1675 132 1710; x_wconf 82' lang='grc' dir='ltr'>τῆς</span> <span class='ocrx_word' id='word_1_509' title='bbox 149 1675 197 1702; x_wconf 86' lang='grc' dir='ltr'><strong>τοῦ</strong></span> <span class='ocrx_word' id='word_1_510' title='bbox 219 1677 324 1711; x_wconf 74' lang='grc' dir='ltr'>πατρὸς</span> <span class='ocrx_word' id='word_1_511' title='bbox 346 1675 430 1702; x_wconf 81' lang='grc' dir='ltr'>αὑτοῦ</span> <span class='ocrx_word' id='word_1_512' title='bbox 448 1675 535 1708; x_wconf 75' lang='grc' dir='ltr'>ἀξίας.</span> <span class='ocrx_word' id='word_1_513' title='bbox 554 1675 609 1703; x_wconf 78' lang='grc' dir='ltr'><strong>Καὶ</strong></span> <span class='ocrx_word' id='word_1_514' title='bbox 629 1676 690 1711; x_wconf 75' lang='grc' dir='ltr'><strong>οὐχὶ</strong></span> <span class='ocrx_word' id='word_1_515' title='bbox 708 1677 816 1708; x_wconf 81' lang='grc' dir='ltr'>πάντως</span> <span class='ocrx_word' id='word_1_516' title='bbox 833 1676 877 1704; x_wconf 74' lang='grc' dir='ltr'>διὰ</span> 
     </span>
    </p>
   </div>
   <div class='ocr_carea' id='block_1_65' title="bbox 84 1721 877 1758">
    <p class='ocr_par' dir='ltr' id='par_1_65' title="bbox 84 1721 877 1758">
     <span class='ocr_line' id='line_1_65' title="bbox 84 1721 877 1758; baseline 0.003 -10"><span class='ocrx_word' id='word_1_517' title='bbox 84 1721 117 1747; x_wconf 68' lang='grc' dir='ltr'><strong>τὸ</strong></span> <span class='ocrx_word' id='word_1_518' title='bbox 129 1722 282 1757; x_wconf 70' lang='grc' dir='ltr'><strong>εἰρηκέναι,</strong></span> <span class='ocrx_word' id='word_1_519' title='bbox 309 1722 443 1757; x_wconf 77' lang='grc' dir='ltr'>Ἐποιησα</span> <span class='ocrx_word' id='word_1_520' title='bbox 458 1721 539 1748; x_wconf 77' lang='grc' dir='ltr'>αὐτὸν</span> <span class='ocrx_word' id='word_1_521' title='bbox 557 1721 670 1757; x_wconf 74' lang='grc' dir='ltr'>βασιλέα</span> <span class='ocrx_word' id='word_1_522' title='bbox 680 1741 688 1754; x_wconf 88' lang='grc'><em>,</em></span> <span class='ocrx_word' id='word_1_523' title='bbox 703 1722 780 1758; x_wconf 73' lang='grc' dir='ltr'>παρὰ</span> <span class='ocrx_word' id='word_1_524' title='bbox 797 1722 877 1750; x_wconf 81' lang='grc' dir='ltr'>τοῦτο</span> 
     </span>
    </p>
   </div>
   <div class='ocr_carea' id='block_1_66' title="bbox 85 1767 876 1804">
    <p class='ocr_par' dir='ltr' id='par_1_66' title="bbox 85 1767 876 1804">
     <span class='ocr_line' id='line_1_66' title="bbox 85 1767 876 1804; baseline 0.004 -11"><span class='ocrx_word' id='word_1_525' title='bbox 85 1767 200 1793; x_wconf 81' lang='grc' dir='ltr'>Ἕκτισα</span> <span class='ocrx_word' id='word_1_526' title='bbox 215 1767 308 1799; x_wconf 78' lang='grc' dir='ltr'>αὑτὸν,</span> <span class='ocrx_word' id='word_1_527' title='bbox 317 1767 392 1802; x_wconf 77' lang='grc' dir='ltr'>λέγει</span> <span class='ocrx_word' id='word_1_528' title='bbox 401 1768 416 1794; x_wconf 83' lang='grc' dir='ltr'>ὁ</span> <span class='ocrx_word' id='word_1_529' title='bbox 427 1767 568 1803; x_wconf 73' lang='grc' dir='ltr'>βασιλεύς·</span> <span class='ocrx_word' id='word_1_530' title='bbox 580 1767 610 1794; x_wconf 85' lang='grc' dir='ltr'>οὑ</span> <span class='ocrx_word' id='word_1_531' title='bbox 624 1768 679 1803; x_wconf 85' lang='grc' dir='ltr'><strong>γὰρ</strong></span> <span class='ocrx_word' id='word_1_532' title='bbox 689 1767 737 1803; x_wconf 82' lang='grc' dir='ltr'>τὴν</span> <span class='ocrx_word' id='word_1_533' title='bbox 750 1768 876 1804; x_wconf 79' lang='grc' dir='ltr'>γέννησιν</span> 
     </span>
    </p>
   </div>
   <div class='ocr_carea' id='block_1_67' title="bbox 83 1813 875 1850">
    <p class='ocr_par' dir='ltr' id='par_1_67' title="bbox 83 1813 875 1850">
     <span class='ocr_line' id='line_1_67' title="bbox 83 1813 875 1850; baseline 0.004 -11"><span class='ocrx_word' id='word_1_534' title='bbox 83 1813 231 1848; x_wconf 69' lang='grc' dir='ltr'>ἠρνήσατο,</span> <span class='ocrx_word' id='word_1_535' title='bbox 244 1814 277 1848; x_wconf 76' lang='grc' dir='ltr'>ἢν</span> <span class='ocrx_word' id='word_1_536' title='bbox 292 1813 451 1849; x_wconf 80' lang='grc' dir='ltr'>ὡμολόγησε</span> <span class='ocrx_word' id='word_1_537' title='bbox 465 1814 671 1850; x_wconf 77' lang='grc' dir='ltr'>γεγεννηκέναι,</span> <span class='ocrx_word' id='word_1_538' title='bbox 683 1813 713 1840; x_wconf 82' lang='grc' dir='ltr'>ὲν</span> <span class='ocrx_word' id='word_1_539' title='bbox 724 1813 763 1850; x_wconf 85' lang='grc' dir='ltr'>τῷ</span> <span class='ocrx_word' id='word_1_540' title='bbox 778 1815 875 1847; x_wconf 71' lang='grc' dir='ltr'>εἰπεῖν,</span> 
     </span>
    </p>
   </div>
   <div class='ocr_carea' id='block_1_68' title="bbox 91 1859 875 1896">
    <p class='ocr_par' dir='ltr' id='par_1_68' title="bbox 91 1859 875 1896">
     <span class='ocr_line' id='line_1_68' title="bbox 91 1859 875 1896; baseline 0.001 -10"><span class='ocrx_word' id='word_1_541' title='bbox 91 1859 238 1894; x_wconf 72' lang='grc' dir='ltr'>Ἐποίησα·</span> <span class='ocrx_word' id='word_1_542' title='bbox 252 1859 309 1886; x_wconf 75' lang='grc' dir='ltr'>ἀλλ’</span> <span class='ocrx_word' id='word_1_543' title='bbox 319 1859 427 1895; x_wconf 76' lang='grc' dir='ltr'>ἐκείνην</span> <span class='ocrx_word' id='word_1_544' title='bbox 439 1859 488 1896; x_wconf 81' lang='grc' dir='ltr'>μὲν</span> <span class='ocrx_word' id='word_1_545' title='bbox 503 1859 598 1895; x_wconf 64' lang='grc' dir='ltr'>σαφῶς</span> <span class='ocrx_word' id='word_1_546' title='bbox 613 1860 780 1895; x_wconf 71' lang='grc' dir='ltr'>ἀπεφήνατο,</span> <span class='ocrx_word' id='word_1_547' title='bbox 793 1859 824 1887; x_wconf 79' lang='grc' dir='ltr'><strong>τὸ</strong></span> <span class='ocrx_word' id='word_1_548' title='bbox 836 1860 875 1892; x_wconf 74' lang='grc' dir='ltr'><strong>δὲ.</strong></span> 
     </span>
    </p>
   </div>
   <div class='ocr_carea' id='block_1_69' title="bbox 84 1903 876 1941">
    <p class='ocr_par' dir='ltr' id='par_1_69' title="bbox 84 1903 876 1941">
     <span class='ocr_line' id='line_1_69' title="bbox 84 1903 876 1941; baseline 0 -10"><span class='ocrx_word' id='word_1_549' title='bbox 84 1904 277 1941; x_wconf 71' lang='grc' dir='ltr'>ὶποίησα.περὶ</span> <span class='ocrx_word' id='word_1_550' title='bbox 284 1903 362 1936; x_wconf 75' lang='grc' dir='ltr'>ἀξίας</span> <span class='ocrx_word' id='word_1_551' title='bbox 371 1904 517 1940; x_wconf 72' lang='grc' dir='ltr'>ἐδήλωσεν.</span> <span class='ocrx_word' id='word_1_552' title='bbox 526 1904 604 1931; x_wconf 81' lang='grc' dir='ltr'>υῦτω</span> <span class='ocrx_word' id='word_1_553' title='bbox 613 1905 660 1932; x_wconf 77' lang='grc' dir='ltr'>καὶ</span> <span class='ocrx_word' id='word_1_554' title='bbox 666 1905 681 1931; x_wconf 81' lang='grc' dir='ltr'><strong><em>ὁ</em></strong></span> <span class='ocrx_word' id='word_1_555' title='bbox 690 1904 876 1937; x_wconf 78' lang='grc' dir='ltr'>ΥἰδςΥἱὸςτοῦ</span> 
     </span>
    </p>
   </div>
   <div class='ocr_carea' id='block_1_70' title="bbox 85 1950 877 1987">
    <p class='ocr_par' dir='ltr' id='par_1_70' title="bbox 85 1950 877 1987">
     <span class='ocr_line' id='line_1_70' title="bbox 85 1950 877 1987; baseline 0 -10"><span class='ocrx_word' id='word_1_556' title='bbox 85 1950 190 1987; x_wconf 77' lang='grc' dir='ltr'>Πατρὸς</span> <span class='ocrx_word' id='word_1_557' title='bbox 209 1950 402 1986; x_wconf 73' lang='grc' dir='ltr'>ἀναμφιϐόλως</span> <span class='ocrx_word' id='word_1_558' title='bbox 417 1951 474 1983; x_wconf 80' lang='grc' dir='ltr'>τοῖς</span> <span class='ocrx_word' id='word_1_559' title='bbox 491 1950 565 1986; x_wconf 82' lang='grc' dir='ltr'>ζωὴν</span> <span class='ocrx_word' id='word_1_560' title='bbox 579 1950 700 1978; x_wconf 73' lang='grc' dir='ltr'>ἐθέλουσι</span> <span class='ocrx_word' id='word_1_561' title='bbox 719 1950 877 1978; x_wconf 79' lang='grc' dir='ltr'>πιστεύεται</span> 
     </span>
    </p>
   </div>
   <div class='ocr_carea' id='block_1_71' title="bbox 84 1995 877 2032">
    <p class='ocr_par' dir='ltr' id='par_1_71' title="bbox 84 1995 877 2032">
     <span class='ocr_line' id='line_1_71' title="bbox 84 1995 877 2032; baseline -0.001 -8"><span class='ocrx_word' id='word_1_562' title='bbox 84 2005 112 2023; x_wconf 75' lang='grc' dir='ltr'><strong>τε</strong></span> <span class='ocrx_word' id='word_1_563' title='bbox 124 1996 173 2024; x_wconf 74' lang='grc' dir='ltr'>καὶ</span> <span class='ocrx_word' id='word_1_564' title='bbox 187 1997 400 2032; x_wconf 76' lang='grc' dir='ltr'>προσκυνεῖται·</span> <span class='ocrx_word' id='word_1_565' title='bbox 420 1996 450 2023; x_wconf 76' lang='grc' dir='ltr'><strong>τὸ</strong></span> <span class='ocrx_word' id='word_1_566' title='bbox 464 1995 492 2023; x_wconf 75' lang='grc' dir='ltr'>δὲ</span> <span class='ocrx_word' id='word_1_567' title='bbox 506 1996 636 2032; x_wconf 72' lang='grc' dir='ltr'>ἀρχιερέα</span> <span class='ocrx_word' id='word_1_568' title='bbox 651 1996 793 2031; x_wconf 84' lang='grc' dir='ltr'>γενέσθαι,</span> <span class='ocrx_word' id='word_1_569' title='bbox 809 1996 877 2023; x_wconf 69' lang='grc' dir='ltr'>διότι</span> 
     </span>
    </p>
   </div>
   <div class='ocr_carea' id='block_1_72' title="bbox 84 2041 877 2079">
    <p class='ocr_par' dir='ltr' id='par_1_72' title="bbox 84 2041 877 2079">
     <span class='ocr_line' id='line_1_72' title="bbox 84 2041 877 2079; baseline 0.001 -10"><span class='ocrx_word' id='word_1_570' title='bbox 84 2042 112 2069; x_wconf 69' lang='grc' dir='ltr'>ιν</span> <span class='ocrx_word' id='word_1_571' title='bbox 125 2042 165 2078; x_wconf 84' lang='grc' dir='ltr'>τῷ</span> <span class='ocrx_word' id='word_1_572' title='bbox 182 2041 290 2078; x_wconf 84' lang='grc' dir='ltr'>σώματι</span> <span class='ocrx_word' id='word_1_573' title='bbox 312 2041 394 2070; x_wconf 80' lang='grc' dir='ltr'>αὑτοῦ</span> <span class='ocrx_word' id='word_1_574' title='bbox 411 2041 450 2078; x_wconf 83' lang='grc' dir='ltr'>τῷ</span> <span class='ocrx_word' id='word_1_575' title='bbox 466 2042 556 2078; x_wconf 73' lang='grc' dir='ltr'>Πατρὶ</span> <span class='ocrx_word' id='word_1_576' title='bbox 573 2042 670 2070; x_wconf 79' lang='grc' dir='ltr'>ἑαυτὸν</span> <span class='ocrx_word' id='word_1_577' title='bbox 689 2043 877 2079; x_wconf 79' lang='grc' dir='ltr'>προσήνεγκεν</span> 
     </span>
    </p>
   </div>
   <div class='ocr_carea' id='block_1_73' title="bbox 85 2087 876 2124">
    <p class='ocr_par' dir='ltr' id='par_1_73' title="bbox 85 2087 876 2124">
     <span class='ocr_line' id='line_1_73' title="bbox 85 2087 876 2124; baseline 0 -9"><span class='ocrx_word' id='word_1_578' title='bbox 85 2089 156 2124; x_wconf 75' lang='grc' dir='ltr'><strong>ὑπὲρ</strong></span> <span class='ocrx_word' id='word_1_579' title='bbox 169 2089 220 2124; x_wconf 80' lang='grc' dir='ltr'>τῆς</span> <span class='ocrx_word' id='word_1_580' title='bbox 229 2088 451 2124; x_wconf 81' lang='grc' dir='ltr'>ἀνθρωπότητος,</span> <span class='ocrx_word' id='word_1_581' title='bbox 464 2088 545 2120; x_wconf 80' lang='grc' dir='ltr'>αὐτὸς</span> <span class='ocrx_word' id='word_1_582' title='bbox 557 2088 658 2124; x_wconf 73' lang='grc' dir='ltr'>ἱερεὺς,</span> <span class='ocrx_word' id='word_1_583' title='bbox 672 2087 752 2120; x_wconf 73' lang='grc' dir='ltr'>αὐτὸς</span> <span class='ocrx_word' id='word_1_584' title='bbox 768 2089 876 2124; x_wconf 78' lang='grc' dir='ltr'>ἱερεῖον,</span> 
     </span>
    </p>
   </div>
   <div class='ocr_carea' id='block_1_74' title="bbox 85 2133 877 2170">
    <p class='ocr_par' dir='ltr' id='par_1_74' title="bbox 85 2133 877 2170">
     <span class='ocr_line' id='line_1_74' title="bbox 85 2133 877 2170; baseline -0.001 -9"><span class='ocrx_word' id='word_1_585' title='bbox 85 2134 179 2161; x_wconf 65' lang='grc' dir='ltr'>ἑαυτὸν</span> <span class='ocrx_word' id='word_1_586' title='bbox 195 2133 246 2170; x_wconf 77' lang='grc' dir='ltr'>μὲν</span> <span class='ocrx_word' id='word_1_587' title='bbox 269 2135 459 2170; x_wconf 82' lang='grc' dir='ltr'>προσήνεγκεν</span> <span class='ocrx_word' id='word_1_588' title='bbox 475 2133 546 2169; x_wconf 82' lang='grc' dir='ltr'>ὑπὲρ</span> <span class='ocrx_word' id='word_1_589' title='bbox 568 2134 671 2169; x_wconf 63' lang='grc' dir='ltr'>πάσης</span> <span class='ocrx_word' id='word_1_590' title='bbox 684 2134 734 2169; x_wconf 79' lang='grc' dir='ltr'>τῆς</span> <span class='ocrx_word' id='word_1_591' title='bbox 761 2134 877 2166; x_wconf 80' lang='grc' dir='ltr'>κτίσεως</span> 
     </span>
    </p>
   </div>
   <div class='ocr_carea' id='block_1_75' title="bbox 83 2179 876 2217">
    <p class='ocr_par' dir='ltr' id='par_1_75' title="bbox 83 2179 876 2217">
     <span class='ocr_line' id='line_1_75' title="bbox 83 2179 876 2217; baseline -0.001 -9"><span class='ocrx_word' id='word_1_592' title='bbox 83 2179 288 2217; x_wconf 77' lang='grc' dir='ltr'>ἀρχιερατεύων</span> <span class='ocrx_word' id='word_1_593' title='bbox 297 2189 304 2196; x_wconf 88' lang='grc'><strong>·</strong></span> <span class='ocrx_word' id='word_1_594' title='bbox 321 2180 425 2212; x_wconf 77' lang='grc' dir='ltr'>ἀναϐὰς</span> <span class='ocrx_word' id='word_1_595' title='bbox 439 2179 468 2207; x_wconf 79' lang='grc' dir='ltr'>δὲ</span> <span class='ocrx_word' id='word_1_596' title='bbox 483 2180 675 2216; x_wconf 82' lang='grc' dir='ltr'>πνευματικῶς</span> <span class='ocrx_word' id='word_1_597' title='bbox 687 2180 733 2207; x_wconf 79' lang='grc' dir='ltr'>καὶ</span> <span class='ocrx_word' id='word_1_598' title='bbox 747 2180 876 2214; x_wconf 74' lang='grc' dir='ltr'>ἐνδόξως,</span> 
     </span>
    </p>
   </div>
   <div class='ocr_carea' id='block_1_76' title="bbox 85 2226 875 2263">
    <p class='ocr_par' dir='ltr' id='par_1_76' title="bbox 85 2226 875 2263">
     <span class='ocr_line' id='line_1_76' title="bbox 85 2226 875 2263; baseline 0.001 -10"><span class='ocrx_word' id='word_1_599' title='bbox 85 2227 112 2255; x_wconf 72' lang='grc' dir='ltr'>ἐν</span> <span class='ocrx_word' id='word_1_600' title='bbox 126 2226 204 2262; x_wconf 79' lang='grc' dir='ltr'>αὐτῷ</span> <span class='ocrx_word' id='word_1_601' title='bbox 221 2226 262 2262; x_wconf 82' lang='grc' dir='ltr'>τῷ</span> <span class='ocrx_word' id='word_1_602' title='bbox 280 2226 387 2263; x_wconf 87' lang='grc' dir='ltr'>σώματι</span> <span class='ocrx_word' id='word_1_603' title='bbox 406 2226 533 2254; x_wconf 73' lang='grc' dir='ltr'>ἐκάθισεν</span> <span class='ocrx_word' id='word_1_604' title='bbox 548 2228 577 2254; x_wconf 75' lang='grc' dir='ltr'>ὲν</span> <span class='ocrx_word' id='word_1_605' title='bbox 595 2227 670 2263; x_wconf 82' lang='grc' dir='ltr'>δεξιᾷ</span> <span class='ocrx_word' id='word_1_606' title='bbox 686 2227 734 2254; x_wconf 88' lang='grc' dir='ltr'><strong>τοῦ</strong></span> <span class='ocrx_word' id='word_1_607' title='bbox 755 2228 875 2263; x_wconf 80' lang='grc' dir='ltr'>Πατρὸς,</span> 
     </span>
    </p>
   </div>
   <div class='ocr_carea' id='block_1_77' title="bbox 929 1628 1720 1664">
    <p class='ocr_par' dir='ltr' id='par_1_77' title="bbox 929 1628 1720 1664">
     <span class='ocr_line' id='line_1_77' title="bbox 929 1628 1720 1664; baseline -0.001 -8"><span class='ocrx_word' id='word_1_608' title='bbox 929 1629 975 1657; x_wconf 88' lang='lat' dir='ltr'><strong>ille</strong></span> <span class='ocrx_word' id='word_1_609' title='bbox 1003 1629 1186 1664; x_wconf 84' lang='lat' dir='ltr'><strong>respondeat:</strong></span> <span class='ocrx_word' id='word_1_610' title='bbox 1201 1629 1288 1656; x_wconf 79' lang='lat' dir='ltr'><strong>Filius</strong></span> <span class='ocrx_word' id='word_1_611' title='bbox 1311 1636 1390 1656; x_wconf 89' lang='lat' dir='ltr'><strong>meus</strong></span> <span class='ocrx_word' id='word_1_612' title='bbox 1417 1634 1474 1662; x_wconf 84' lang='lat' dir='ltr'><strong>est;</strong></span> <span class='ocrx_word' id='word_1_613' title='bbox 1497 1633 1591 1664; x_wconf 83' lang='lat' dir='ltr'><strong>pergat</strong></span> <span class='ocrx_word' id='word_1_614' title='bbox 1610 1628 1720 1660; x_wconf 84' lang='lat' dir='ltr'><strong>deinde.</strong></span> 
     </span>
    </p>
   </div>
   <div class='ocr_carea' id='block_1_78' title="bbox 928 1674 1720 1711">
    <p class='ocr_par' dir='ltr' id='par_1_78' title="bbox 928 1674 1720 1711">
     <span class='ocr_line' id='line_1_78' title="bbox 928 1674 1720 1711; baseline 0 -9"><span class='ocrx_word' id='word_1_615' title='bbox 928 1680 955 1703; x_wconf 90' lang='lat' dir='ltr'><strong>et</strong></span> <span class='ocrx_word' id='word_1_616' title='bbox 971 1683 1153 1711; x_wconf 79' lang='lat' dir='ltr'><strong>germanusne</strong></span> <span class='ocrx_word' id='word_1_617' title='bbox 1172 1676 1208 1703; x_wconf 89' lang='lat' dir='ltr'><strong>sit</strong></span> <span class='ocrx_word' id='word_1_618' title='bbox 1223 1683 1257 1702; x_wconf 84' lang='lat' dir='ltr'><strong>an</strong></span> <span class='ocrx_word' id='word_1_619' title='bbox 1285 1676 1396 1710; x_wconf 82' lang='lat' dir='ltr'><strong>spurius</strong></span> <span class='ocrx_word' id='word_1_620' title='bbox 1420 1679 1496 1709; x_wconf 79' lang='lat' dir='ltr'><strong>roget</strong></span> <span class='ocrx_word' id='word_1_621' title='bbox 1511 1683 1518 1702; x_wconf 89' lang='lat'><strong>:</strong></span> <span class='ocrx_word' id='word_1_622' title='bbox 1535 1674 1589 1701; x_wconf 66' lang='lat' dir='ltr'><strong>lter</strong></span> <span class='ocrx_word' id='word_1_623' title='bbox 1605 1678 1696 1702; x_wconf 78' lang='lat' dir='ltr'><strong>autent</strong></span> <span class='ocrx_word' id='word_1_624' title='bbox 1712 1683 1720 1702; x_wconf 89' lang='lat'><strong>:</strong></span> 
     </span>
    </p>
   </div>
   <div class='ocr_carea' id='block_1_79' title="bbox 930 1718 1722 1756">
    <p class='ocr_par' dir='ltr' id='par_1_79' title="bbox 930 1718 1722 1756">
     <span class='ocr_line' id='line_1_79' title="bbox 930 1718 1722 1756; baseline -0.001 -8"><span class='ocrx_word' id='word_1_625' title='bbox 930 1720 1095 1753; x_wconf 84' lang='lat' dir='ltr'><strong>Germanus,</strong></span> <span class='ocrx_word' id='word_1_626' title='bbox 1111 1725 1139 1748; x_wconf 87' lang='lat' dir='ltr'><strong>et</strong></span> <span class='ocrx_word' id='word_1_627' title='bbox 1155 1729 1169 1748; x_wconf 89' lang='lat' dir='ltr'><strong>a</strong></span> <span class='ocrx_word' id='word_1_628' title='bbox 1189 1729 1232 1748; x_wconf 86' lang='lat' dir='ltr'><strong>me</strong></span> <span class='ocrx_word' id='word_1_629' title='bbox 1247 1720 1366 1756; x_wconf 87' lang='lat' dir='ltr'><strong>genitus,</strong></span> <span class='ocrx_word' id='word_1_630' title='bbox 1385 1718 1525 1754; x_wconf 72' lang='lat' dir='ltr'><strong>subjiciat.</strong></span> <span class='ocrx_word' id='word_1_631' title='bbox 1543 1720 1613 1753; x_wconf 85' lang='lat' dir='ltr'><strong>Quid</strong></span> <span class='ocrx_word' id='word_1_632' title='bbox 1637 1720 1722 1755; x_wconf 76' lang='lat' dir='ltr'><strong>igitur</strong></span> 
     </span>
    </p>
   </div>
   <div class='ocr_carea' id='block_1_80' title="bbox 928 1766 1722 1803">
    <p class='ocr_par' dir='ltr' id='par_1_80' title="bbox 928 1766 1722 1803">
     <span class='ocr_line' id='line_1_80' title="bbox 928 1766 1722 1803; baseline -0.001 -7"><span class='ocrx_word' id='word_1_633' title='bbox 928 1768 1003 1796; x_wconf 88' lang='lat' dir='ltr'><strong>illum</strong></span> <span class='ocrx_word' id='word_1_634' title='bbox 1022 1767 1130 1796; x_wconf 76' lang='lat' dir='ltr'><strong>fecisti?</strong></span> <span class='ocrx_word' id='word_1_635' title='bbox 1146 1767 1257 1802; x_wconf 80' lang='lat' dir='ltr'><strong>ltegem,</strong></span> <span class='ocrx_word' id='word_1_636' title='bbox 1270 1767 1368 1803; x_wconf 87' lang='lat' dir='ltr'><strong>inquit,</strong></span> <span class='ocrx_word' id='word_1_637' title='bbox 1381 1766 1443 1794; x_wconf 87' lang='lat' dir='ltr'><strong>feci.</strong></span> <span class='ocrx_word' id='word_1_638' title='bbox 1458 1767 1497 1794; x_wconf 80' lang='lat' dir='ltr'><strong>Ex</strong></span> <span class='ocrx_word' id='word_1_639' title='bbox 1509 1775 1565 1802; x_wconf 88' lang='lat' dir='ltr'><strong>qtto</strong></span> <span class='ocrx_word' id='word_1_640' title='bbox 1578 1766 1722 1795; x_wconf 80' lang='lat' dir='ltr'><strong>manifesto</strong></span> 
     </span>
    </p>
   </div>
   <div class='ocr_carea' id='block_1_81' title="bbox 928 1812 1723 1849">
    <p class='ocr_par' dir='ltr' id='par_1_81' title="bbox 928 1812 1723 1849">
     <span class='ocr_line' id='line_1_81' title="bbox 928 1812 1723 1849; baseline -0.001 -8"><span class='ocrx_word' id='word_1_641' title='bbox 928 1813 1062 1849; x_wconf 85' lang='lat' dir='ltr'><strong>sequitur,</strong></span> <span class='ocrx_word' id='word_1_642' title='bbox 1079 1813 1192 1841; x_wconf 86' lang='lat' dir='ltr'><strong>minime</strong></span> <span class='ocrx_word' id='word_1_643' title='bbox 1207 1813 1281 1840; x_wconf 86' lang='lat' dir='ltr'><strong>hunc</strong></span> <span class='ocrx_word' id='word_1_644' title='bbox 1297 1820 1359 1841; x_wconf 86' lang='lat' dir='ltr'><strong>esse</strong></span> <span class='ocrx_word' id='word_1_645' title='bbox 1369 1812 1512 1849; x_wconf 76' lang='lat' dir='ltr'><strong>dignitatis</strong></span> <span class='ocrx_word' id='word_1_646' title='bbox 1528 1817 1649 1848; x_wconf 75' lang='lat' dir='ltr'><strong>paternae</strong></span> <span class='ocrx_word' id='word_1_647' title='bbox 1665 1812 1723 1840; x_wconf 78' lang='lat' dir='ltr'><strong>dis-</strong></span> 
     </span>
    </p>
   </div>
   <div class='ocr_carea' id='block_1_82' title="bbox 927 1857 1721 1894">
    <p class='ocr_par' dir='ltr' id='par_1_82' title="bbox 927 1857 1721 1894">
     <span class='ocr_line' id='line_1_82' title="bbox 927 1857 1721 1894; baseline -0.003 -6"><span class='ocrx_word' id='word_1_648' title='bbox 927 1859 1056 1888; x_wconf 82' lang='lat' dir='ltr'><strong>similem.</strong></span> <span class='ocrx_word' id='word_1_649' title='bbox 1070 1858 1127 1886; x_wconf 84' lang='lat' dir='ltr'><strong>Nec</strong></span> <span class='ocrx_word' id='word_1_650' title='bbox 1141 1866 1175 1886; x_wconf 86' lang='lat' dir='ltr'><strong>eo</strong></span> <span class='ocrx_word' id='word_1_651' title='bbox 1192 1858 1266 1894; x_wconf 88' lang='lat' dir='ltr'><strong>quod</strong></span> <span class='ocrx_word' id='word_1_652' title='bbox 1281 1866 1328 1886; x_wconf 80' lang='lat' dir='ltr'><strong>rex</strong></span> <span class='ocrx_word' id='word_1_653' title='bbox 1343 1858 1434 1886; x_wconf 90' lang='lat' dir='ltr'><strong>dicat:</strong></span> <span class='ocrx_word' id='word_1_654' title='bbox 1446 1857 1546 1893; x_wconf 77' lang='lat' dir='ltr'><strong>Regem</strong></span> <span class='ocrx_word' id='word_1_655' title='bbox 1565 1858 1641 1885; x_wconf 89' lang='lat' dir='ltr'><strong>illum</strong></span> <span class='ocrx_word' id='word_1_656' title='bbox 1657 1857 1721 1892; x_wconf 85' lang='lat' dir='ltr'><strong>feci,</strong></span> 
     </span>
    </p>
   </div>
   <div class='ocr_carea' id='block_1_83' title="bbox 927 1903 1723 1939">
    <p class='ocr_par' dir='ltr' id='par_1_83' title="bbox 927 1903 1723 1939">
     <span class='ocr_line' id='line_1_83' title="bbox 927 1903 1723 1939; baseline -0.003 -6"><span class='ocrx_word' id='word_1_657' title='bbox 927 1905 1054 1934; x_wconf 87' lang='lat' dir='ltr'><strong>eumdem</strong></span> <span class='ocrx_word' id='word_1_658' title='bbox 1073 1912 1103 1933; x_wconf 84' lang='lat' dir='ltr'><strong>se</strong></span> <span class='ocrx_word' id='word_1_659' title='bbox 1119 1912 1229 1933; x_wconf 75' lang='lat' dir='ltr'><strong>creasse</strong></span> <span class='ocrx_word' id='word_1_660' title='bbox 1257 1904 1413 1932; x_wconf 81' lang='lat' dir='ltr'><strong>confitetur.</strong></span> <span class='ocrx_word' id='word_1_661' title='bbox 1436 1903 1496 1930; x_wconf 88' lang='lat' dir='ltr'><strong>Non</strong></span> <span class='ocrx_word' id='word_1_662' title='bbox 1517 1904 1590 1931; x_wconf 88' lang='lat' dir='ltr'><strong>enim</strong></span> <span class='ocrx_word' id='word_1_663' title='bbox 1605 1911 1723 1939; x_wconf 82' lang='lat' dir='ltr'><strong>genera-</strong></span> 
     </span>
    </p>
   </div>
   <div class='ocr_carea' id='block_1_84' title="bbox 928 1950 1723 1985">
    <p class='ocr_par' dir='ltr' id='par_1_84' title="bbox 928 1950 1723 1985">
     <span class='ocr_line' id='line_1_84' title="bbox 928 1950 1723 1985; baseline -0.003 -5"><span class='ocrx_word' id='word_1_664' title='bbox 928 1953 1030 1980; x_wconf 88' lang='lat' dir='ltr'><strong>tionem</strong></span> <span class='ocrx_word' id='word_1_665' title='bbox 1051 1951 1199 1984; x_wconf 84' lang='lat' dir='ltr'><strong>inliciatur,</strong></span> <span class='ocrx_word' id='word_1_666' title='bbox 1215 1958 1277 1979; x_wconf 89' lang='lat' dir='ltr'><strong>cum</strong></span> <span class='ocrx_word' id='word_1_667' title='bbox 1301 1958 1364 1978; x_wconf 88' lang='lat' dir='ltr'><strong>eum</strong></span> <span class='ocrx_word' id='word_1_668' title='bbox 1383 1957 1414 1978; x_wconf 83' lang='lat' dir='ltr'><strong>se</strong></span> <span class='ocrx_word' id='word_1_669' title='bbox 1433 1950 1563 1985; x_wconf 80' lang='lat' dir='ltr'><strong>genuisse</strong></span> <span class='ocrx_word' id='word_1_670' title='bbox 1582 1950 1656 1977; x_wconf 86' lang='lat' dir='ltr'><strong>dicat</strong></span> <span class='ocrx_word' id='word_1_671' title='bbox 1670 1950 1723 1978; x_wconf 78' lang='lat' dir='ltr'><strong>hoc</strong></span> 
     </span>
    </p>
   </div>
   <div class='ocr_carea' id='block_1_85' title="bbox 929 1995 1722 2035">
    <p class='ocr_par' dir='ltr' id='par_1_85' title="bbox 929 1995 1722 2035">
     <span class='ocr_line' id='line_1_85' title="bbox 929 1995 1722 2035; baseline -0.004 -9"><span class='ocrx_word' id='word_1_672' title='bbox 929 2000 999 2035; x_wconf 87' lang='lat' dir='ltr'><strong>ipso,</strong></span> <span class='ocrx_word' id='word_1_673' title='bbox 1014 1998 1087 2034; x_wconf 90' lang='lat' dir='ltr'><strong>quod</strong></span> <span class='ocrx_word' id='word_1_674' title='bbox 1114 1997 1213 2026; x_wconf 80' lang='lat' dir='ltr'><strong>fecisse</strong></span> <span class='ocrx_word' id='word_1_675' title='bbox 1236 2004 1266 2025; x_wconf 89' lang='lat' dir='ltr'><strong>se</strong></span> <span class='ocrx_word' id='word_1_676' title='bbox 1281 2000 1386 2029; x_wconf 85' lang='lat' dir='ltr'><strong>narrat,</strong></span> <span class='ocrx_word' id='word_1_677' title='bbox 1403 1996 1485 2032; x_wconf 74' lang='lat'><strong>762</strong></span> <span class='ocrx_word' id='word_1_678' title='bbox 1504 1995 1552 2024; x_wconf 86' lang='lat' dir='ltr'><strong>sed</strong></span> <span class='ocrx_word' id='word_1_679' title='bbox 1569 2003 1632 2023; x_wconf 87' lang='lat' dir='ltr'><strong>cum</strong></span> <span class='ocrx_word' id='word_1_680' title='bbox 1648 1995 1722 2023; x_wconf 88' lang='lat' dir='ltr'><strong>illam</strong></span> 
     </span>
    </p>
   </div>
   <div class='ocr_carea' id='block_1_86' title="bbox 928 2043 1721 2083">
    <p class='ocr_par' dir='ltr' id='par_1_86' title="bbox 928 2043 1721 2083">
     <span class='ocr_line' id='line_1_86' title="bbox 928 2043 1721 2083; baseline -0.005 -9"><span class='ocrx_word' id='word_1_681' title='bbox 928 2050 1022 2083; x_wconf 88' lang='lat' dir='ltr'><strong>aperte</strong></span> <span class='ocrx_word' id='word_1_682' title='bbox 1039 2046 1210 2082; x_wconf 82' lang='lat' dir='ltr'><strong>profiteatur,</strong></span> <span class='ocrx_word' id='word_1_683' title='bbox 1226 2044 1343 2072; x_wconf 81' lang='lat' dir='ltr'><strong>faciendi</strong></span> <span class='ocrx_word' id='word_1_684' title='bbox 1359 2043 1539 2071; x_wconf 83' lang='lat' dir='ltr'><strong>nihilominus</strong></span> <span class='ocrx_word' id='word_1_685' title='bbox 1558 2043 1672 2070; x_wconf 83' lang='lat' dir='ltr'><strong>verbum</strong></span> <span class='ocrx_word' id='word_1_686' title='bbox 1687 2043 1721 2070; x_wconf 85' lang='lat' dir='ltr'><strong>ad</strong></span> 
     </span>
    </p>
   </div>
   <div class='ocr_carea' id='block_1_87' title="bbox 928 2089 1724 2128">
    <p class='ocr_par' dir='ltr' id='par_1_87' title="bbox 928 2089 1724 2128">
     <span class='ocr_line' id='line_1_87' title="bbox 928 2089 1724 2128; baseline -0.006 -8"><span class='ocrx_word' id='word_1_687' title='bbox 928 2093 1087 2128; x_wconf 81' lang='lat' dir='ltr'><strong>dignitatem</strong></span> <span class='ocrx_word' id='word_1_688' title='bbox 1111 2091 1216 2119; x_wconf 90' lang='lat' dir='ltr'><strong>retulit.</strong></span> <span class='ocrx_word' id='word_1_689' title='bbox 1235 2090 1369 2118; x_wconf 87' lang='lat' dir='ltr'><strong>Similiter</strong></span> <span class='ocrx_word' id='word_1_690' title='bbox 1390 2094 1418 2118; x_wconf 89' lang='lat' dir='ltr'><strong>et</strong></span> <span class='ocrx_word' id='word_1_691' title='bbox 1442 2089 1529 2118; x_wconf 84' lang='lat' dir='ltr'><strong>Filius</strong></span> <span class='ocrx_word' id='word_1_692' title='bbox 1551 2089 1641 2117; x_wconf 84' lang='lat' dir='ltr'><strong>Patris</strong></span> <span class='ocrx_word' id='word_1_693' title='bbox 1661 2090 1724 2124; x_wconf 87' lang='lat' dir='ltr'><strong>qui-</strong></span> 
     </span>
    </p>
   </div>
   <div class='ocr_carea' id='block_1_88' title="bbox 928 2136 1723 2168">
    <p class='ocr_par' dir='ltr' id='par_1_88' title="bbox 928 2136 1723 2168">
     <span class='ocr_line' id='line_1_88' title="bbox 928 2136 1723 2168; baseline -0.006 0"><span class='ocrx_word' id='word_1_694' title='bbox 928 2140 990 2168; x_wconf 87' lang='lat' dir='ltr'><strong>dem</strong></span> <span class='ocrx_word' id='word_1_695' title='bbox 1003 2138 1090 2166; x_wconf 78' lang='lat' dir='ltr'><strong>Filius</strong></span> <span class='ocrx_word' id='word_1_696' title='bbox 1107 2139 1165 2166; x_wconf 87' lang='lat' dir='ltr'><strong>sine</strong></span> <span class='ocrx_word' id='word_1_697' title='bbox 1181 2138 1236 2165; x_wconf 90' lang='lat' dir='ltr'><strong>ulla</strong></span> <span class='ocrx_word' id='word_1_698' title='bbox 1252 2137 1423 2165; x_wconf 77' lang='lat' dir='ltr'><strong>dubitatione</strong></span> <span class='ocrx_word' id='word_1_699' title='bbox 1439 2137 1473 2164; x_wconf 88' lang='lat' dir='ltr'><strong>ab</strong></span> <span class='ocrx_word' id='word_1_700' title='bbox 1488 2137 1543 2164; x_wconf 93' lang='lat' dir='ltr'><strong>illis</strong></span> <span class='ocrx_word' id='word_1_701' title='bbox 1561 2136 1682 2164; x_wconf 82' lang='lat' dir='ltr'><strong>creditur</strong></span> <span class='ocrx_word' id='word_1_702' title='bbox 1695 2140 1723 2163; x_wconf 89' lang='lat' dir='ltr'><strong>ct</strong></span> 
     </span>
    </p>
   </div>
   <div class='ocr_carea' id='block_1_89' title="bbox 929 2182 1723 2220">
    <p class='ocr_par' dir='ltr' id='par_1_89' title="bbox 929 2182 1723 2220">
     <span class='ocr_line' id='line_1_89' title="bbox 929 2182 1723 2220; baseline -0.006 -7"><span class='ocrx_word' id='word_1_703' title='bbox 929 2186 1061 2213; x_wconf 81' lang='lat' dir='ltr'><strong>adorator</strong></span> <span class='ocrx_word' id='word_1_704' title='bbox 1074 2185 1120 2220; x_wconf 90' lang='lat' dir='ltr'><strong>qui</strong></span> <span class='ocrx_word' id='word_1_705' title='bbox 1137 2185 1219 2212; x_wconf 87' lang='lat' dir='ltr'><strong>vitam</strong></span> <span class='ocrx_word' id='word_1_706' title='bbox 1235 2184 1360 2212; x_wconf 79' lang='lat' dir='ltr'><strong>obtinere</strong></span> <span class='ocrx_word' id='word_1_707' title='bbox 1374 2183 1489 2217; x_wconf 89' lang='lat' dir='ltr'><strong>cupiunt</strong></span> <span class='ocrx_word' id='word_1_708' title='bbox 1505 2192 1511 2210; x_wconf 92' lang='lat'><strong>:</strong></span> <span class='ocrx_word' id='word_1_709' title='bbox 1525 2182 1644 2218; x_wconf 71' lang='lat' dir='ltr'><strong>pontifex</strong></span> <span class='ocrx_word' id='word_1_710' title='bbox 1657 2189 1723 2209; x_wconf 85' lang='lat' dir='ltr'><strong>vero</strong></span> 
     </span>
    </p>
   </div>
   <div class='ocr_carea' id='block_1_90' title="bbox 930 2228 1723 2265">
    <p class='ocr_par' dir='ltr' id='par_1_90' title="bbox 930 2228 1723 2265">
     <span class='ocr_line' id='line_1_90' title="bbox 930 2228 1723 2265; baseline -0.005 -7"><span class='ocrx_word' id='word_1_711' title='bbox 930 2231 1034 2258; x_wconf 86' lang='lat' dir='ltr'><strong>idcirco</strong></span> <span class='ocrx_word' id='word_1_712' title='bbox 1063 2231 1158 2262; x_wconf 90' lang='lat' dir='ltr'><strong>fuisse,</strong></span> <span class='ocrx_word' id='word_1_713' title='bbox 1176 2229 1248 2265; x_wconf 90' lang='lat' dir='ltr'><strong>quod</strong></span> <span class='ocrx_word' id='word_1_714' title='bbox 1275 2230 1302 2257; x_wconf 92' lang='lat' dir='ltr'><strong>in</strong></span> <span class='ocrx_word' id='word_1_715' title='bbox 1331 2236 1382 2257; x_wconf 81' lang='lat' dir='ltr'><strong>suo</strong></span> <span class='ocrx_word' id='word_1_716' title='bbox 1401 2236 1516 2263; x_wconf 79' lang='lat' dir='ltr'><strong>corpore</strong></span> <span class='ocrx_word' id='word_1_717' title='bbox 1535 2236 1584 2263; x_wconf 87' lang='lat' dir='ltr'><strong>pro</strong></span> <span class='ocrx_word' id='word_1_718' title='bbox 1602 2228 1723 2255; x_wconf 88' lang='lat' dir='ltr'><strong>humano</strong></span> 
     </span>
    </p>
   </div>
   <div class='ocr_carea' id='block_1_91' title="bbox 86 2272 876 2310">
    <p class='ocr_par' dir='ltr' id='par_1_91' title="bbox 86 2273 876 2310">
     <span class='ocr_line' id='line_1_91' title="bbox 86 2273 876 2310; baseline 0 -10"><span class='ocrx_word' id='word_1_719' title='bbox 86 2273 209 2308; x_wconf 81' lang='grc' dir='ltr'>γεγονὼς</span> <span class='ocrx_word' id='word_1_720' title='bbox 228 2274 374 2309; x_wconf 84' lang='grc' dir='ltr'>ἀρχιερεὺς</span> <span class='ocrx_word' id='word_1_721' title='bbox 395 2275 436 2306; x_wconf 78' lang='grc' dir='ltr'>εἰς</span> <span class='ocrx_word' id='word_1_722' title='bbox 449 2274 481 2301; x_wconf 78' lang='grc' dir='ltr'>τὸ</span> <span class='ocrx_word' id='word_1_723' title='bbox 494 2273 633 2309; x_wconf 77' lang='grc' dir='ltr'>διηνεκὲς,</span> <span class='ocrx_word' id='word_1_724' title='bbox 655 2273 703 2300; x_wconf 75' lang='grc' dir='ltr'>καὶ</span> <span class='ocrx_word' id='word_1_725' title='bbox 720 2273 876 2310; x_wconf 57' lang='grc' dir='ltr'>διεληλυθὼς</span> 
     </span>
    </p>
   </div>
   <div class='ocr_carea' id='block_1_92' title="bbox 930 2272 1722 2310">
    <p class='ocr_par' dir='ltr' id='par_1_92' title="bbox 937 2273 1722 2310">
     <span class='ocr_line' id='line_1_92' title="bbox 937 2273 1722 2310; baseline -0.004 -8"><span class='ocrx_word' id='word_1_726' title='bbox 937 2282 1036 2310; x_wconf 82' lang='lat' dir='ltr'><strong>genere</strong></span> <span class='ocrx_word' id='word_1_727' title='bbox 1051 2273 1124 2301; x_wconf 84' lang='lat' dir='ltr'><strong>Patri</strong></span> <span class='ocrx_word' id='word_1_728' title='bbox 1142 2274 1316 2309; x_wconf 82' lang='lat' dir='ltr'><strong>semetipsum</strong></span> <span class='ocrx_word' id='word_1_729' title='bbox 1333 2273 1479 2306; x_wconf 87' lang='lat' dir='ltr'><strong>obtulerit;</strong></span> <span class='ocrx_word' id='word_1_730' title='bbox 1506 2273 1576 2301; x_wconf 87' lang='lat' dir='ltr'><strong>idem</strong></span> <span class='ocrx_word' id='word_1_731' title='bbox 1591 2278 1617 2300; x_wconf 91' lang='lat' dir='ltr'><strong>et</strong></span> <span class='ocrx_word' id='word_1_732' title='bbox 1631 2281 1722 2300; x_wconf 85' lang='lat' dir='ltr'><strong>sacer-</strong></span> 
     </span>
    </p>
   </div>
   <div class='ocr_carea' id='block_1_93' title="bbox 85 2319 877 2356">
    <p class='ocr_par' dir='ltr' id='par_1_93' title="bbox 85 2319 877 2356">
     <span class='ocr_line' id='line_1_93' title="bbox 85 2319 877 2356; baseline -0.003 -8"><span class='ocrx_word' id='word_1_733' title='bbox 85 2321 146 2353; x_wconf 72' lang='grc' dir='ltr'>τοὺς</span> <span class='ocrx_word' id='word_1_734' title='bbox 162 2320 298 2356; x_wconf 77' lang='grc' dir='ltr'>οὐρανοὺς</span> <span class='ocrx_word' id='word_1_735' title='bbox 313 2321 356 2355; x_wconf 74' lang='grc' dir='ltr'><strong>ἐφ’</strong></span> <span class='ocrx_word' id='word_1_736' title='bbox 374 2321 458 2354; x_wconf 75' lang='grc' dir='ltr'>ἅπαξ,</span> <span class='ocrx_word' id='word_1_737' title='bbox 470 2321 508 2352; x_wconf 85' lang='grc' dir='ltr'>ὡς</span> <span class='ocrx_word' id='word_1_738' title='bbox 525 2321 659 2356; x_wconf 83' lang='grc' dir='ltr'>μαρτυρεῖ</span> <span class='ocrx_word' id='word_1_739' title='bbox 672 2320 737 2356; x_wconf 74' lang='grc' dir='ltr'>περὶ</span> <span class='ocrx_word' id='word_1_740' title='bbox 753 2319 835 2347; x_wconf 71' lang='grc' dir='ltr'>αὐτοῦ</span> <span class='ocrx_word' id='word_1_741' title='bbox 847 2320 877 2346; x_wconf 79' lang='grc' dir='ltr'>ἐν</span> 
     </span>
    </p>
   </div>
   <div class='ocr_carea' id='block_1_94' title="bbox 84 2365 877 2401">
    <p class='ocr_par' dir='ltr' id='par_1_94' title="bbox 84 2365 877 2401">
     <span class='ocr_line' id='line_1_94' title="bbox 84 2365 877 2401; baseline 0 -8"><span class='ocrx_word' id='word_1_742' title='bbox 84 2367 143 2398; x_wconf 75' lang='grc' dir='ltr'>ταῖς</span> <span class='ocrx_word' id='word_1_743' title='bbox 168 2366 290 2401; x_wconf 75' lang='grc' dir='ltr'>καθεξῆς</span> <span class='ocrx_word' id='word_1_744' title='bbox 318 2366 424 2400; x_wconf 80' lang='grc' dir='ltr'>λέξεσιν</span> <span class='ocrx_word' id='word_1_745' title='bbox 446 2367 461 2393; x_wconf 83' lang='grc' dir='ltr'><strong>δ</strong></span> <span class='ocrx_word' id='word_1_746' title='bbox 485 2365 567 2397; x_wconf 80' lang='grc' dir='ltr'>αὐτὸς</span> <span class='ocrx_word' id='word_1_747' title='bbox 596 2366 673 2400; x_wconf 81' lang='grc' dir='ltr'>ἆγιος</span> <span class='ocrx_word' id='word_1_748' title='bbox 705 2365 877 2398; x_wconf 80' lang='grc' dir='ltr'>’Δπόστολος.</span> 
     </span>
    </p>
   </div>
   <div class='ocr_carea' id='block_1_95' title="bbox 84 2411 877 2448">
    <p class='ocr_par' dir='ltr' id='par_1_95' title="bbox 84 2411 877 2448">
     <span class='ocr_line' id='line_1_95' title="bbox 84 2411 877 2448; baseline -0.003 -8"><span class='ocrx_word' id='word_1_749' title='bbox 84 2412 139 2440; x_wconf 70' lang='grc' dir='ltr'><strong>Καὶ</strong></span> <span class='ocrx_word' id='word_1_750' title='bbox 153 2412 270 2445; x_wconf 74' lang='grc' dir='ltr'>ἐξέπεσε</span> <span class='ocrx_word' id='word_1_751' title='bbox 283 2411 365 2439; x_wconf 80' lang='grc' dir='ltr'>πάλιν</span> <span class='ocrx_word' id='word_1_752' title='bbox 387 2412 490 2439; x_wconf 79' lang='grc' dir='ltr'>τούτων</span> <span class='ocrx_word' id='word_1_753' title='bbox 509 2413 526 2447; x_wconf 90' lang='grc' dir='ltr'><strong>ἡ</strong></span> <span class='ocrx_word' id='word_1_754' title='bbox 543 2411 745 2448; x_wconf 80' lang='grc' dir='ltr'>προφασιστικὴ</span> <span class='ocrx_word' id='word_1_755' title='bbox 766 2411 877 2448; x_wconf 68' lang='grc' dir='ltr'>διαλογὴ</span> 
     </span>
    </p>
   </div>
   <div class='ocr_carea' id='block_1_96' title="bbox 83 2456 877 2493">
    <p class='ocr_par' dir='ltr' id='par_1_96' title="bbox 83 2456 877 2493">
     <span class='ocr_line' id='line_1_96' title="bbox 83 2456 877 2493; baseline 0 -9"><span class='ocrx_word' id='word_1_756' title='bbox 83 2457 132 2493; x_wconf 67' lang='grc' dir='ltr'>τῆς</span> <span class='ocrx_word' id='word_1_757' title='bbox 143 2457 221 2489; x_wconf 76' lang='grc' dir='ltr'>θείας</span> <span class='ocrx_word' id='word_1_758' title='bbox 237 2457 351 2493; x_wconf 77' lang='grc' dir='ltr'>Γραφῆς</span> <span class='ocrx_word' id='word_1_759' title='bbox 361 2478 368 2491; x_wconf 91' lang='grc'><em>,</em></span> <span class='ocrx_word' id='word_1_760' title='bbox 385 2457 506 2492; x_wconf 82' lang='grc' dir='ltr'>ζωτικῆς</span> <span class='ocrx_word' id='word_1_761' title='bbox 521 2456 622 2492; x_wconf 75' lang='grc' dir='ltr'>οὕπης.</span> <span class='ocrx_word' id='word_1_762' title='bbox 637 2457 684 2483; x_wconf 76' lang='grc' dir='ltr'><strong>καὶ</strong></span> <span class='ocrx_word' id='word_1_763' title='bbox 700 2457 783 2493; x_wconf 83' lang='grc' dir='ltr'>μηδὲν</span> <span class='ocrx_word' id='word_1_764' title='bbox 798 2457 877 2493; x_wconf 69' lang='grc' dir='ltr'><strong>ἑχού-</strong></span> 
     </span>
    </p>
   </div>
   <div class='ocr_carea' id='block_1_97' title="bbox 85 2503 877 2543">
    <p class='ocr_par' dir='ltr' id='par_1_97' title="bbox 85 2503 877 2543">
     <span class='ocr_line' id='line_1_97' title="bbox 85 2503 877 2543; baseline -0.001 -11"><span class='ocrx_word' id='word_1_765' title='bbox 85 2512 133 2543; x_wconf 71' lang='grc' dir='ltr'>ςης</span> <span class='ocrx_word' id='word_1_766' title='bbox 154 2505 196 2536; x_wconf 78' lang='grc' dir='ltr'><strong>εις</strong></span> <span class='ocrx_word' id='word_1_767' title='bbox 219 2505 388 2541; x_wconf 81' lang='grc' dir='ltr'>πρόσκομμα</span> <span class='ocrx_word' id='word_1_768' title='bbox 410 2505 531 2537; x_wconf 84' lang='grc' dir='ltr'>πιστοῖς,</span> <span class='ocrx_word' id='word_1_769' title='bbox 544 2503 562 2540; x_wconf 81' lang='grc' dir='ltr'><strong>ἦ</strong></span> <span class='ocrx_word' id='word_1_770' title='bbox 576 2504 616 2536; x_wconf 86' lang='grc' dir='ltr'><strong>εἰς</strong></span> <span class='ocrx_word' id='word_1_771' title='bbox 630 2504 775 2540; x_wconf 83' lang='grc' dir='ltr'>ἐλάττωμα</span> <span class='ocrx_word' id='word_1_772' title='bbox 794 2504 877 2540; x_wconf 85' lang='grc' dir='ltr'>βλασ-</span> 
     </span>
    </p>
   </div>
   <div class='ocr_carea' id='block_1_98' title="bbox 85 2550 441 2586">
    <p class='ocr_par' dir='ltr' id='par_1_98' title="bbox 85 2550 441 2586">
     <span class='ocr_line' id='line_1_98' title="bbox 85 2550 441 2586; baseline 0 -9"><span class='ocrx_word' id='word_1_773' title='bbox 85 2559 120 2586; x_wconf 84' lang='grc' dir='ltr'>φη</span> <span class='ocrx_word' id='word_1_774' title='bbox 125 2550 192 2586; x_wconf 76' lang='grc' dir='ltr'>μίας</span> <span class='ocrx_word' id='word_1_775' title='bbox 206 2551 275 2586; x_wconf 81' lang='grc' dir='ltr'>πρὸς</span> <span class='ocrx_word' id='word_1_776' title='bbox 285 2550 332 2577; x_wconf 66' lang='grc' dir='ltr'><strong>τὸν</strong></span> <span class='ocrx_word' id='word_1_777' title='bbox 345 2550 441 2585; x_wconf 80' lang='grc' dir='ltr'>Λόγον.</span> 
     </span>
    </p>
   </div>
   <div class='ocr_carea' id='block_1_99' title="bbox 928 2319 1722 2355">
    <p class='ocr_par' dir='ltr' id='par_1_99' title="bbox 928 2319 1722 2355">
     <span class='ocr_line' id='line_1_99' title="bbox 928 2319 1722 2355; baseline -0.001 -7"><span class='ocrx_word' id='word_1_778' title='bbox 928 2321 979 2348; x_wconf 83' lang='lat' dir='ltr'><strong>dos</strong></span> <span class='ocrx_word' id='word_1_779' title='bbox 993 2320 1084 2352; x_wconf 77' lang='lat' dir='ltr'><strong>simul,</strong></span> <span class='ocrx_word' id='word_1_780' title='bbox 1097 2324 1124 2348; x_wconf 88' lang='lat' dir='ltr'><strong>et</strong></span> <span class='ocrx_word' id='word_1_781' title='bbox 1137 2320 1226 2348; x_wconf 88' lang='lat' dir='ltr'><strong>hostia</strong></span> <span class='ocrx_word' id='word_1_782' title='bbox 1245 2328 1294 2355; x_wconf 92' lang='lat' dir='ltr'><strong>pro</strong></span> <span class='ocrx_word' id='word_1_783' title='bbox 1313 2320 1388 2347; x_wconf 89' lang='lat' dir='ltr'><strong>omni</strong></span> <span class='ocrx_word' id='word_1_784' title='bbox 1400 2323 1527 2347; x_wconf 80' lang='lat' dir='ltr'><strong>creatura</strong></span> <span class='ocrx_word' id='word_1_785' title='bbox 1543 2319 1722 2354; x_wconf 81' lang='lat' dir='ltr'><strong>pontificatus</strong></span> 
     </span>
    </p>
   </div>
   <div class='ocr_carea' id='block_1_100' title="bbox 929 2365 1723 2402">
    <p class='ocr_par' dir='ltr' id='par_1_100' title="bbox 929 2365 1723 2402">
     <span class='ocr_line' id='line_1_100' title="bbox 929 2365 1723 2402; baseline -0.004 -8"><span class='ocrx_word' id='word_1_786' title='bbox 929 2367 1018 2395; x_wconf 75' lang='lat' dir='ltr'><strong>cilicio</strong></span> <span class='ocrx_word' id='word_1_787' title='bbox 1041 2367 1157 2402; x_wconf 76' lang='lat' dir='ltr'><strong>fungens</strong></span> <span class='ocrx_word' id='word_1_788' title='bbox 1186 2367 1306 2402; x_wconf 86' lang='lat' dir='ltr'><strong>seipsum</strong></span> <span class='ocrx_word' id='word_1_789' title='bbox 1326 2367 1434 2399; x_wconf 87' lang='lat' dir='ltr'><strong>obtulit,</strong></span> <span class='ocrx_word' id='word_1_790' title='bbox 1450 2371 1506 2393; x_wconf 92' lang='lat' dir='ltr'><strong>tum</strong></span> <span class='ocrx_word' id='word_1_791' title='bbox 1528 2365 1723 2402; x_wconf 84' lang='lat' dir='ltr'><strong>spiritaliquo-</strong></span> 
     </span>
    </p>
   </div>
   <div class='ocr_carea' id='block_1_101' title="bbox 929 2412 1722 2448">
    <p class='ocr_par' dir='ltr' id='par_1_101' title="bbox 929 2412 1722 2448">
     <span class='ocr_line' id='line_1_101' title="bbox 929 2412 1722 2448; baseline -0.003 -8"><span class='ocrx_word' id='word_1_792' title='bbox 929 2415 991 2441; x_wconf 83' lang='lat' dir='ltr'><strong>dant</strong></span> <span class='ocrx_word' id='word_1_793' title='bbox 1009 2412 1102 2446; x_wconf 86' lang='lat' dir='ltr'><strong>modo,</strong></span> <span class='ocrx_word' id='word_1_794' title='bbox 1118 2417 1145 2440; x_wconf 89' lang='lat' dir='ltr'><strong>et</strong></span> <span class='ocrx_word' id='word_1_795' title='bbox 1173 2412 1275 2448; x_wconf 84' lang='lat' dir='ltr'><strong>ingenti</strong></span> <span class='ocrx_word' id='word_1_796' title='bbox 1302 2420 1365 2440; x_wconf 90' lang='lat' dir='ltr'><strong>cum</strong></span> <span class='ocrx_word' id='word_1_797' title='bbox 1381 2413 1466 2448; x_wconf 80' lang='lat' dir='ltr'><strong>gloria</strong></span> <span class='ocrx_word' id='word_1_798' title='bbox 1485 2413 1643 2443; x_wconf 72' lang='lat' dir='ltr'><strong>subrectus,</strong></span> <span class='ocrx_word' id='word_1_799' title='bbox 1659 2420 1722 2439; x_wconf 88' lang='lat' dir='ltr'><strong>cum</strong></span> 
     </span>
    </p>
   </div>
   <div class='ocr_carea' id='block_1_102' title="bbox 929 2459 1723 2496">
    <p class='ocr_par' dir='ltr' id='par_1_102' title="bbox 929 2459 1723 2496">
     <span class='ocr_line' id='line_1_102' title="bbox 929 2459 1723 2496; baseline -0.004 -8"><span class='ocrx_word' id='word_1_800' title='bbox 929 2460 1024 2488; x_wconf 87' lang='lat' dir='ltr'><strong>eodem</strong></span> <span class='ocrx_word' id='word_1_801' title='bbox 1048 2461 1096 2489; x_wconf 90' lang='lat' dir='ltr'><strong>illo</strong></span> <span class='ocrx_word' id='word_1_802' title='bbox 1120 2468 1237 2496; x_wconf 88' lang='lat' dir='ltr'><strong>corpore</strong></span> <span class='ocrx_word' id='word_1_803' title='bbox 1259 2459 1293 2487; x_wconf 90' lang='lat' dir='ltr'><strong>ad</strong></span> <span class='ocrx_word' id='word_1_804' title='bbox 1316 2459 1406 2487; x_wconf 78' lang='lat' dir='ltr'><strong>Patris</strong></span> <span class='ocrx_word' id='word_1_805' title='bbox 1426 2459 1568 2486; x_wconf 77' lang='lat' dir='ltr'><strong>dexteram</strong></span> <span class='ocrx_word' id='word_1_806' title='bbox 1586 2459 1723 2490; x_wconf 87' lang='lat' dir='ltr'><strong>consedit,</strong></span> 
     </span>
    </p>
   </div>
   <div class='ocr_carea' id='block_1_103' title="bbox 931 2505 1724 2541">
    <p class='ocr_par' dir='ltr' id='par_1_103' title="bbox 931 2505 1724 2541">
     <span class='ocr_line' id='line_1_103' title="bbox 931 2505 1724 2541; baseline -0.003 -8"><span class='ocrx_word' id='word_1_807' title='bbox 931 2507 1098 2535; x_wconf 88' lang='lat' dir='ltr'><strong>constitutus</strong></span> <span class='ocrx_word' id='word_1_808' title='bbox 1115 2507 1142 2534; x_wconf 92' lang='lat' dir='ltr'><strong>in</strong></span> <span class='ocrx_word' id='word_1_809' title='bbox 1159 2511 1290 2534; x_wconf 68' lang='lat' dir='ltr'><strong>aeternum</strong></span> <span class='ocrx_word' id='word_1_810' title='bbox 1312 2505 1431 2541; x_wconf 86' lang='lat' dir='ltr'><strong>pontifex</strong></span> <span class='ocrx_word' id='word_1_811' title='bbox 1444 2505 1465 2537; x_wconf 88' lang='grc'><strong>³,</strong></span> <span class='ocrx_word' id='word_1_812' title='bbox 1483 2513 1514 2532; x_wconf 87' lang='lat' dir='ltr'><strong>ac</strong></span> <span class='ocrx_word' id='word_1_813' title='bbox 1535 2506 1661 2532; x_wconf 63' lang='lat' dir='ltr'><strong>caelestes</strong></span> <span class='ocrx_word' id='word_1_814' title='bbox 1680 2512 1724 2531; x_wconf 78' lang='lat' dir='ltr'><strong>on.</strong></span> 
     </span>
    </p>
   </div>
   <div class='ocr_carea' id='block_1_104' title="bbox 932 2551 1725 2588">
    <p class='ocr_par' dir='ltr' id='par_1_104' title="bbox 932 2551 1725 2588">
     <span class='ocr_line' id='line_1_104' title="bbox 932 2551 1725 2588; baseline -0.005 -8"><span class='ocrx_word' id='word_1_815' title='bbox 932 2551 980 2580; x_wconf 81' lang='lat' dir='ltr'><strong>bes</strong></span> <span class='ocrx_word' id='word_1_816' title='bbox 1006 2553 1090 2580; x_wconf 89' lang='lat' dir='ltr'><strong>semel</strong></span> <span class='ocrx_word' id='word_1_817' title='bbox 1118 2559 1290 2588; x_wconf 86' lang='lat' dir='ltr'><strong>permensus,</strong></span> <span class='ocrx_word' id='word_1_818' title='bbox 1309 2555 1338 2579; x_wconf 87' lang='lat' dir='ltr'><strong>ut</strong></span> <span class='ocrx_word' id='word_1_819' title='bbox 1363 2551 1433 2579; x_wconf 87' lang='lat' dir='ltr'><strong>idetn</strong></span> <span class='ocrx_word' id='word_1_820' title='bbox 1457 2551 1604 2586; x_wconf 86' lang='lat' dir='ltr'><strong>Apostolus</strong></span> <span class='ocrx_word' id='word_1_821' title='bbox 1629 2551 1655 2576; x_wconf 91' lang='lat' dir='ltr'><strong>in</strong></span> <span class='ocrx_word' id='word_1_822' title='bbox 1682 2558 1725 2576; x_wconf 57' lang='grc' dir='ltr'><strong>εει</strong></span> 
     </span>
    </p>
   </div>
   <div class='ocr_carea' id='block_1_105' title="bbox 85 2595 1722 2636">
    <p class='ocr_par' dir='ltr' id='par_1_105' title="bbox 85 2595 1722 2636">
     <span class='ocr_line' id='line_1_105' title="bbox 85 2595 1722 2636; baseline -0.001 -10"><span class='ocrx_word' id='word_1_823' title='bbox 85 2599 234 2634; x_wconf 82' lang='lat' dir='ltr'><strong>quentibus</strong></span> <span class='ocrx_word' id='word_1_824' title='bbox 252 2599 383 2626; x_wconf 82' lang='lat' dir='ltr'><strong>declarat.</strong></span> <span class='ocrx_word' id='word_1_825' title='bbox 399 2598 477 2628; x_wconf 84' lang='lat' dir='ltr'><strong>Unde</strong></span> <span class='ocrx_word' id='word_1_826' title='bbox 495 2603 552 2626; x_wconf 81' lang='lat' dir='ltr'><strong>tota</strong></span> <span class='ocrx_word' id='word_1_827' title='bbox 568 2599 626 2627; x_wconf 60' lang='lat' dir='ltr'><strong>haec</strong></span> <span class='ocrx_word' id='word_1_828' title='bbox 646 2599 754 2626; x_wconf 88' lang='lat' dir='ltr'><strong>illorum</strong></span> <span class='ocrx_word' id='word_1_829' title='bbox 773 2597 806 2625; x_wconf 85' lang='lat' dir='ltr'><strong>ad</strong></span> <span class='ocrx_word' id='word_1_830' title='bbox 831 2598 997 2627; x_wconf 89' lang='lat' dir='ltr'><strong>calumniam</strong></span> <span class='ocrx_word' id='word_1_831' title='bbox 1019 2601 1259 2636; x_wconf 83' lang='lat' dir='ltr'><strong>captationemque</strong></span> <span class='ocrx_word' id='word_1_832' title='bbox 1276 2599 1429 2634; x_wconf 84' lang='lat' dir='ltr'><strong>composita</strong></span> <span class='ocrx_word' id='word_1_833' title='bbox 1444 2599 1477 2626; x_wconf 90' lang='lat' dir='ltr'><strong>de</strong></span> <span class='ocrx_word' id='word_1_834' title='bbox 1498 2597 1649 2633; x_wconf 85' lang='lat' dir='ltr'><strong>Scripturis</strong></span> <span class='ocrx_word' id='word_1_835' title='bbox 1667 2595 1722 2622; x_wconf 80' lang='lat' dir='ltr'><strong>dis-</strong></span> 
     </span>
    </p>
   </div>
   <div class='ocr_carea' id='block_1_106' title="bbox 87 2643 1723 2684">
    <p class='ocr_par' dir='ltr' id='par_1_106' title="bbox 87 2643 1723 2684">
     <span class='ocr_line' id='line_1_106' title="bbox 87 2643 1723 2684; baseline -0.002 -10"><span class='ocrx_word' id='word_1_836' title='bbox 87 2647 191 2683; x_wconf 85' lang='lat' dir='ltr'><strong>putatio</strong></span> <span class='ocrx_word' id='word_1_837' title='bbox 212 2647 339 2674; x_wconf 89' lang='lat' dir='ltr'><strong>corruit:</strong></span> <span class='ocrx_word' id='word_1_838' title='bbox 358 2655 419 2682; x_wconf 71' lang='lat' dir='ltr'><strong>quae</strong></span> <span class='ocrx_word' id='word_1_839' title='bbox 445 2648 556 2683; x_wconf 89' lang='lat' dir='ltr'><strong>quidem</strong></span> <span class='ocrx_word' id='word_1_840' title='bbox 582 2647 732 2683; x_wconf 69' lang='lat' dir='ltr'><strong>Scriptum</strong></span> <span class='ocrx_word' id='word_1_841' title='bbox 752 2654 815 2674; x_wconf 89' lang='lat' dir='ltr'><strong>cum</strong></span> <span class='ocrx_word' id='word_1_842' title='bbox 842 2647 904 2674; x_wconf 55' lang='lat' dir='ltr'><strong>vita}</strong></span> <span class='ocrx_word' id='word_1_843' title='bbox 932 2647 1120 2684; x_wconf 76' lang='lat' dir='ltr'><strong>impertienda:</strong></span> <span class='ocrx_word' id='word_1_844' title='bbox 1142 2649 1196 2676; x_wconf 80' lang='lat' dir='ltr'><strong>vim</strong></span> <span class='ocrx_word' id='word_1_845' title='bbox 1215 2649 1326 2682; x_wconf 83' lang='lat' dir='ltr'><strong>habent,</strong></span> <span class='ocrx_word' id='word_1_846' title='bbox 1353 2653 1410 2675; x_wconf 90' lang='lat' dir='ltr'><strong>tum</strong></span> <span class='ocrx_word' id='word_1_847' title='bbox 1431 2647 1498 2675; x_wconf 93' lang='lat' dir='ltr'><strong>nihil</strong></span> <span class='ocrx_word' id='word_1_848' title='bbox 1516 2645 1668 2674; x_wconf 86' lang='lat' dir='ltr'><strong>continent,</strong></span> <span class='ocrx_word' id='word_1_849' title='bbox 1690 2643 1723 2670; x_wconf 83' lang='lat' dir='ltr'><strong>ad</strong></span> 
     </span>
    </p>
   </div>
   <div class='ocr_carea' id='block_1_107' title="bbox 85 2692 1726 2732">
    <p class='ocr_par' dir='ltr' id='par_1_107' title="bbox 85 2692 1726 2732">
     <span class='ocr_line' id='line_1_107' title="bbox 85 2692 1726 2732; baseline -0.004 -12"><span class='ocrx_word' id='word_1_850' title='bbox 85 2693 157 2728; x_wconf 83' lang='lat' dir='ltr'><strong>quod</strong></span> <span class='ocrx_word' id='word_1_851' title='bbox 186 2692 280 2720; x_wconf 79' lang='lat' dir='ltr'><strong>ﬁdeles</strong></span> <span class='ocrx_word' id='word_1_852' title='bbox 306 2692 462 2726; x_wconf 73' lang='lat' dir='ltr'><strong>oﬂ&#39;cndant;</strong></span> <span class='ocrx_word' id='word_1_853' title='bbox 479 2697 526 2721; x_wconf 91' lang='lat' dir='ltr'><strong>aut</strong></span> <span class='ocrx_word' id='word_1_854' title='bbox 545 2693 617 2729; x_wconf 86' lang='lat' dir='ltr'><strong>quod</strong></span> <span class='ocrx_word' id='word_1_855' title='bbox 640 2694 675 2720; x_wconf 83' lang='lat' dir='ltr'><strong>ad</strong></span> <span class='ocrx_word' id='word_1_856' title='bbox 695 2693 778 2720; x_wconf 82' lang='lat' dir='ltr'><strong>ullam</strong></span> <span class='ocrx_word' id='word_1_857' title='bbox 797 2692 878 2721; x_wconf 81' lang='lat' dir='ltr'><strong>Verbi</strong></span> <span class='ocrx_word' id='word_1_858' title='bbox 896 2695 1101 2729; x_wconf 85' lang='lat' dir='ltr'><strong>contumeliam,</strong></span> <span class='ocrx_word' id='word_1_859' title='bbox 1133 2696 1248 2731; x_wconf 82' lang='lat' dir='ltr'><strong>ejusque</strong></span> <span class='ocrx_word' id='word_1_860' title='bbox 1264 2695 1406 2732; x_wconf 80' lang='lat' dir='ltr'><strong>dignitatis</strong></span> <span class='ocrx_word' id='word_1_861' title='bbox 1440 2692 1657 2721; x_wconf 80' lang='lat' dir='ltr'><strong>imminutimtem</strong></span> <span class='ocrx_word' id='word_1_862' title='bbox 1679 2696 1726 2715; x_wconf 77' lang='lat' dir='ltr'><strong>ac-</strong></span> 
     </span>
    </p>
   </div>
   <div class='ocr_carea' id='block_1_108' title="bbox 86 2739 436 2775">
    <p class='ocr_par' dir='ltr' id='par_1_108' title="bbox 86 2739 436 2775">
     <span class='ocr_line' id='line_1_108' title="bbox 86 2739 436 2775; baseline 0.003 -8"><span class='ocrx_word' id='word_1_863' title='bbox 86 2739 254 2767; x_wconf 83' lang='lat' dir='ltr'><strong>commodari</strong></span> <span class='ocrx_word' id='word_1_864' title='bbox 265 2739 436 2775; x_wconf 76' lang='lat' dir='ltr'><strong>jnrepossit.</strong></span> 
     </span>
    </p>
   </div>
   <div class='ocr_carea' id='block_1_109' title="bbox 118 2786 876 2826">
    <p class='ocr_par' dir='ltr' id='par_1_109' title="bbox 118 2788 876 2826">
     <span class='ocr_line' id='line_1_109' title="bbox 118 2788 876 2826; baseline -0.003 -8"><span class='ocrx_word' id='word_1_865' title='bbox 118 2788 162 2818; x_wconf 66' lang='grc' dir='ltr'><strong>Μ’.</strong></span> <span class='ocrx_word' id='word_1_866' title='bbox 184 2788 253 2817; x_wconf 75' lang='grc' dir='ltr'>Εἶτα</span> <span class='ocrx_word' id='word_1_867' title='bbox 271 2788 408 2825; x_wconf 75' lang='grc' dir='ltr'>μέμνηται</span> <span class='ocrx_word' id='word_1_868' title='bbox 423 2789 504 2817; x_wconf 83' lang='grc' dir='ltr'>πάλιν</span> <span class='ocrx_word' id='word_1_869' title='bbox 518 2789 613 2826; x_wconf 72' lang='grc' dir='ltr'>ἐτέρου</span> <span class='ocrx_word' id='word_1_870' title='bbox 626 2789 721 2826; x_wconf 70' lang='grc' dir='ltr'>ῥητοῦ,</span> <span class='ocrx_word' id='word_1_871' title='bbox 733 2789 771 2822; x_wconf 87' lang='grc' dir='ltr'>ὼς</span> <span class='ocrx_word' id='word_1_872' title='bbox 792 2789 876 2817; x_wconf 83' lang='grc' dir='ltr'>Ἰωάν-</span> 
     </span>
    </p>
   </div>
   <div class='ocr_carea' id='block_1_110' title="bbox 930 2786 1723 2826">
    <p class='ocr_par' dir='ltr' id='par_1_110' title="bbox 971 2786 1723 2824">
     <span class='ocr_line' id='line_1_110' title="bbox 971 2786 1723 2824; baseline -0.003 -9"><span class='ocrx_word' id='word_1_873' title='bbox 971 2787 1027 2816; x_wconf 68' lang='lat' dir='ltr'><strong>XL.</strong></span> <span class='ocrx_word' id='word_1_874' title='bbox 1048 2787 1138 2816; x_wconf 80' lang='lat' dir='ltr'><strong>Alium</strong></span> <span class='ocrx_word' id='word_1_875' title='bbox 1153 2791 1284 2824; x_wconf 62' lang='lat' dir='ltr'><strong>praeterea</strong></span> <span class='ocrx_word' id='word_1_876' title='bbox 1314 2787 1404 2815; x_wconf 92' lang='lat' dir='ltr'><strong>locum</strong></span> <span class='ocrx_word' id='word_1_877' title='bbox 1420 2786 1501 2813; x_wconf 85' lang='lat' dir='ltr'><strong>Arius</strong></span> <span class='ocrx_word' id='word_1_878' title='bbox 1516 2790 1723 2813; x_wconf 77' lang='lat' dir='ltr'><strong>connnemarat.</strong></span> 
     </span>
    </p>
   </div>
   <div class='ocr_carea' id='block_1_111' title="bbox 123 2865 766 2903">
    <p class='ocr_par' dir='ltr' id='par_1_111' title="bbox 123 2865 766 2903">
     <span class='ocr_line' id='line_1_111' title="bbox 123 2865 766 2903; baseline -0.002 -8"><span class='ocrx_word' id='word_1_879' title='bbox 123 2869 132 2884; x_wconf 82' lang='grc'><strong><em>³</em></strong></span> <span class='ocrx_word' id='word_1_880' title='bbox 153 2867 185 2895; x_wconf 78' lang='grc' dir='ltr'><strong>[ι’.</strong></span> <span class='ocrx_word' id='word_1_881' title='bbox 204 2866 257 2903; x_wconf 79' lang='grc' dir='ltr'>τῷ.</span> <span class='ocrx_word' id='word_1_882' title='bbox 296 2867 308 2883; x_wconf 76' lang='grc'>⁸</span> <span class='ocrx_word' id='word_1_883' title='bbox 329 2865 412 2895; x_wconf 83' lang='lat' dir='ltr'><strong>Hebr.</strong></span> <span class='ocrx_word' id='word_1_884' title='bbox 429 2875 460 2900; x_wconf 81' lang='lat' dir='ltr'><strong>II,</strong></span> <span class='ocrx_word' id='word_1_885' title='bbox 475 2867 502 2895; x_wconf 88' lang='lat'><strong>9.</strong></span> <span class='ocrx_word' id='word_1_886' title='bbox 543 2868 552 2884; x_wconf 89' lang='grc'><em>³</em></span> <span class='ocrx_word' id='word_1_887' title='bbox 570 2867 653 2895; x_wconf 83' lang='lat' dir='ltr'><strong>llehr.</strong></span> <span class='ocrx_word' id='word_1_888' title='bbox 667 2875 706 2899; x_wconf 77' lang='lat' dir='ltr'><strong>Vl,</strong></span> <span class='ocrx_word' id='word_1_889' title='bbox 721 2867 766 2894; x_wconf 74' lang='lat'><strong>20.</strong></span> 
     </span>
    </p>
   </div>
  </div>
