  <div class='ocr_page' id='page_1' title='image "/cluster/home/n/w/nwhite01/storage/ocr_20150623/42/njp.32101077772588/139.png"; bbox 0 0 1929 3039; ppageno 0'>
   <div class='ocr_carea' id='block_1_1' title="bbox 181 140 237 168">
    <p class='ocr_par' dir='ltr' id='par_1_1' title="bbox 181 140 237 168">
     <span class='ocr_line' id='line_1_1' title="bbox 181 140 237 168; baseline 0 -1"><span class='ocrx_word' id='word_1_1' title='bbox 181 140 237 168; x_wconf 70' lang='lat'><strong>263</strong></span> 
     </span>
    </p>
   </div>
   <div class='ocr_carea' id='block_1_2' title="bbox 183 198 1016 236">
    <p class='ocr_par' dir='ltr' id='par_1_2' title="bbox 183 198 1016 236">
     <span class='ocr_line' id='line_1_2' title="bbox 183 198 1016 236; baseline -0.004 -7"><span class='ocrx_word' id='word_1_2' title='bbox 183 211 211 230; x_wconf 82' lang='grc' dir='ltr'><strong>ιιι</strong></span> <span class='ocrx_word' id='word_1_3' title='bbox 238 209 295 236; x_wconf 88' lang='lat' dir='ltr'><strong>quo</strong></span> <span class='ocrx_word' id='word_1_4' title='bbox 311 200 441 233; x_wconf 78' lang='lat' dir='ltr'><strong>Joannes,</strong></span> <span class='ocrx_word' id='word_1_5' title='bbox 461 207 524 228; x_wconf 88' lang='lat' dir='ltr'><strong>cum</strong></span> <span class='ocrx_word' id='word_1_6' title='bbox 545 208 571 227; x_wconf 89' lang='lat' dir='ltr'><strong>In</strong></span> <span class='ocrx_word' id='word_1_7' title='bbox 593 198 703 226; x_wconf 85' lang='lat' dir='ltr'><strong>desetlo</strong></span> <span class='ocrx_word' id='word_1_8' title='bbox 725 202 821 230; x_wconf 80' lang='lat' dir='ltr'><strong>staret,</strong></span> <span class='ocrx_word' id='word_1_9' title='bbox 852 203 879 225; x_wconf 87' lang='lat' dir='ltr'><strong>et</strong></span> <span class='ocrx_word' id='word_1_10' title='bbox 900 206 979 226; x_wconf 79' lang='lat' dir='ltr'><strong>aeee-</strong></span> <span class='ocrx_word' id='word_1_11' title='bbox 995 207 1016 233; x_wconf 74' lang='grc' dir='ltr'>Α</span> 
     </span>
    </p>
   </div>
   <div class='ocr_carea' id='block_1_3' title="bbox 181 244 978 279">
    <p class='ocr_par' dir='ltr' id='par_1_3' title="bbox 181 244 978 279">
     <span class='ocr_line' id='line_1_3' title="bbox 181 244 978 279; baseline -0.005 -5"><span class='ocrx_word' id='word_1_12' title='bbox 181 248 291 274; x_wconf 78' lang='lat' dir='ltr'><strong>dentem</strong></span> <span class='ocrx_word' id='word_1_13' title='bbox 307 247 382 274; x_wconf 92' lang='lat' dir='ltr'><strong>illum</strong></span> <span class='ocrx_word' id='word_1_14' title='bbox 398 247 511 278; x_wconf 87' lang='lat' dir='ltr'><strong>videret,</strong></span> <span class='ocrx_word' id='word_1_15' title='bbox 532 245 636 273; x_wconf 77' lang='lat' dir='ltr'><strong>dixisse</strong></span> <span class='ocrx_word' id='word_1_16' title='bbox 649 245 737 273; x_wconf 86' lang='lat' dir='ltr'><strong>fertur</strong></span> <span class='ocrx_word' id='word_1_17' title='bbox 754 255 760 271; x_wconf 92' lang='lat'>:</span> <span class='ocrx_word' id='word_1_18' title='bbox 776 244 829 271; x_wconf 77' lang='lat' dir='ltr'><strong>Hic</strong></span> <span class='ocrx_word' id='word_1_19' title='bbox 841 249 880 272; x_wconf 76' lang='lat' dir='ltr'><strong>est</strong></span> <span class='ocrx_word' id='word_1_20' title='bbox 901 252 978 279; x_wconf 80' lang='lat' dir='ltr'><strong>quem</strong></span> 
     </span>
    </p>
   </div>
   <div class='ocr_carea' id='block_1_4' title="bbox 183 291 978 325">
    <p class='ocr_par' dir='ltr' id='par_1_4' title="bbox 183 291 978 325">
     <span class='ocr_line' id='line_1_4' title="bbox 183 291 978 325; baseline -0.004 -6"><span class='ocrx_word' id='word_1_21' title='bbox 183 292 241 319; x_wconf 69' lang='lat' dir='ltr'><strong>dixi</strong></span> <span class='ocrx_word' id='word_1_22' title='bbox 252 292 323 319; x_wconf 83' lang='lat' dir='ltr'><strong>vobis</strong></span> <span class='ocrx_word' id='word_1_23' title='bbox 338 301 347 318; x_wconf 90' lang='lat'><em>:</em></span> <span class='ocrx_word' id='word_1_24' title='bbox 364 291 496 324; x_wconf 80' lang='lat' dir='ltr'><strong>Quoniam</strong></span> <span class='ocrx_word' id='word_1_25' title='bbox 512 291 577 318; x_wconf 76' lang='lat' dir='ltr'><strong>venit</strong></span> <span class='ocrx_word' id='word_1_26' title='bbox 602 295 660 325; x_wconf 84' lang='lat' dir='ltr'><strong>post</strong></span> <span class='ocrx_word' id='word_1_27' title='bbox 676 299 715 317; x_wconf 84' lang='lat' dir='ltr'><strong>me</strong></span> <span class='ocrx_word' id='word_1_28' title='bbox 734 291 784 322; x_wconf 79' lang='lat' dir='ltr'><strong>vir,</strong></span> <span class='ocrx_word' id='word_1_29' title='bbox 801 291 846 325; x_wconf 85' lang='lat' dir='ltr'><strong>qui</strong></span> <span class='ocrx_word' id='word_1_30' title='bbox 864 295 924 317; x_wconf 83' lang='lat' dir='ltr'><strong>ante</strong></span> <span class='ocrx_word' id='word_1_31' title='bbox 938 298 978 317; x_wconf 88' lang='lat' dir='ltr'><strong>me</strong></span> 
     </span>
    </p>
   </div>
   <div class='ocr_carea' id='block_1_5' title="bbox 182 337 978 374">
    <p class='ocr_par' dir='ltr' id='par_1_5' title="bbox 182 337 978 374">
     <span class='ocr_line' id='line_1_5' title="bbox 182 337 978 374; baseline 0.001 -9"><span class='ocrx_word' id='word_1_32' title='bbox 182 338 270 372; x_wconf 75' lang='lat' dir='ltr'><strong>[actus</strong></span> <span class='ocrx_word' id='word_1_33' title='bbox 283 343 333 371; x_wconf 82' lang='lat' dir='ltr'><strong>est,</strong></span> <span class='ocrx_word' id='word_1_34' title='bbox 344 339 404 373; x_wconf 84' lang='lat' dir='ltr'><strong>quia</strong></span> <span class='ocrx_word' id='word_1_35' title='bbox 414 339 487 372; x_wconf 81' lang='lat' dir='ltr'><strong>prior</strong></span> <span class='ocrx_word' id='word_1_36' title='bbox 505 346 544 365; x_wconf 89' lang='lat' dir='ltr'><strong>me</strong></span> <span class='ocrx_word' id='word_1_37' title='bbox 555 343 611 365; x_wconf 82' lang='lat' dir='ltr'><strong>erat</strong></span> <span class='ocrx_word' id='word_1_38' title='bbox 624 339 644 366; x_wconf 85' lang='grc'><strong>¹.</strong></span> <span class='ocrx_word' id='word_1_39' title='bbox 661 337 782 365; x_wconf 71' lang='lat' dir='ltr'><strong>l’rimum</strong></span> <span class='ocrx_word' id='word_1_40' title='bbox 796 338 877 374; x_wconf 78' lang='lat' dir='ltr'><strong>igitur</strong></span> <span class='ocrx_word' id='word_1_41' title='bbox 896 345 978 366; x_wconf 76' lang='lat' dir='ltr'><strong>voces</strong></span> 
     </span>
    </p>
   </div>
   <div class='ocr_carea' id='block_1_6' title="bbox 180 383 976 418">
    <p class='ocr_par' dir='ltr' id='par_1_6' title="bbox 180 383 976 418">
     <span class='ocr_line' id='line_1_6' title="bbox 180 383 976 418; baseline 0 -7"><span class='ocrx_word' id='word_1_42' title='bbox 180 383 267 418; x_wconf 81' lang='lat' dir='ltr'><strong>ipsas,</strong></span> <span class='ocrx_word' id='word_1_43' title='bbox 289 388 418 418; x_wconf 88' lang='lat' dir='ltr'><strong>tanquam</strong></span> <span class='ocrx_word' id='word_1_44' title='bbox 440 384 553 418; x_wconf 84' lang='lat' dir='ltr'><strong>crapula</strong></span> <span class='ocrx_word' id='word_1_45' title='bbox 567 387 594 411; x_wconf 88' lang='lat' dir='ltr'><strong>et</strong></span> <span class='ocrx_word' id='word_1_46' title='bbox 610 383 742 411; x_wconf 89' lang='lat' dir='ltr'><strong>ebrietate</strong></span> <span class='ocrx_word' id='word_1_47' title='bbox 761 383 892 418; x_wconf 87' lang='lat' dir='ltr'><strong>correpti,</strong></span> <span class='ocrx_word' id='word_1_48' title='bbox 904 384 976 418; x_wconf 89' lang='lat' dir='ltr'><strong>quod</strong></span> 
     </span>
    </p>
   </div>
   <div class='ocr_carea' id='block_1_7' title="bbox 181 429 975 465">
    <p class='ocr_par' dir='ltr' id='par_1_7' title="bbox 181 429 975 465">
     <span class='ocr_line' id='line_1_7' title="bbox 181 429 975 465; baseline 0.001 -10"><span class='ocrx_word' id='word_1_49' title='bbox 181 429 214 455; x_wconf 80' lang='lat' dir='ltr'><strong>ad</strong></span> <span class='ocrx_word' id='word_1_50' title='bbox 228 437 338 457; x_wconf 86' lang='lat' dir='ltr'><strong>sensum</strong></span> <span class='ocrx_word' id='word_1_51' title='bbox 349 430 457 461; x_wconf 87' lang='lat' dir='ltr'><strong>attinet,</strong></span> <span class='ocrx_word' id='word_1_52' title='bbox 473 429 825 465; x_wconf 83' lang='lat' dir='ltr'><strong>immolant.thnomodo,</strong></span> <span class='ocrx_word' id='word_1_53' title='bbox 838 430 975 464; x_wconf 90' lang='lat' dir='ltr'><strong>inquiunt,</strong></span> 
     </span>
    </p>
   </div>
   <div class='ocr_carea' id='block_1_8' title="bbox 180 474 976 510">
    <p class='ocr_par' dir='ltr' id='par_1_8' title="bbox 180 474 976 510">
     <span class='ocr_line' id='line_1_8' title="bbox 180 474 976 510; baseline 0.001 -9"><span class='ocrx_word' id='word_1_54' title='bbox 180 478 214 501; x_wconf 84' lang='lat' dir='ltr'><strong>de</strong></span> <span class='ocrx_word' id='word_1_55' title='bbox 239 475 429 502; x_wconf 80' lang='lat' dir='ltr'><strong>incarnatione</strong></span> <span class='ocrx_word' id='word_1_56' title='bbox 451 474 555 502; x_wconf 88' lang='lat' dir='ltr'><strong>dictum</strong></span> <span class='ocrx_word' id='word_1_57' title='bbox 585 475 652 502; x_wconf 90' lang='lat' dir='ltr'><strong>illud</strong></span> <span class='ocrx_word' id='word_1_58' title='bbox 672 476 759 510; x_wconf 81' lang='lat' dir='ltr'><strong>accipi</strong></span> <span class='ocrx_word' id='word_1_59' title='bbox 788 480 886 510; x_wconf 86' lang='lat' dir='ltr'><strong>potest,</strong></span> <span class='ocrx_word' id='word_1_60' title='bbox 913 483 976 502; x_wconf 90' lang='lat' dir='ltr'><strong>cum</strong></span> 
     </span>
    </p>
   </div>
   <div class='ocr_carea' id='block_1_9' title="bbox 180 520 977 557">
    <p class='ocr_par' dir='ltr' id='par_1_9' title="bbox 180 520 977 557">
     <span class='ocr_line' id='line_1_9' title="bbox 180 520 977 557; baseline 0.001 -10"><span class='ocrx_word' id='word_1_61' title='bbox 180 525 243 548; x_wconf 86' lang='lat' dir='ltr'><strong>ante</strong></span> <span class='ocrx_word' id='word_1_62' title='bbox 259 520 391 548; x_wconf 78' lang='lat' dir='ltr'><strong>Joannem</strong></span> <span class='ocrx_word' id='word_1_63' title='bbox 419 522 446 548; x_wconf 94' lang='lat' dir='ltr'><strong>in</strong></span> <span class='ocrx_word' id='word_1_64' title='bbox 476 521 568 549; x_wconf 75' lang='lat' dir='ltr'><strong>Maria:</strong></span> <span class='ocrx_word' id='word_1_65' title='bbox 592 527 670 549; x_wconf 85' lang='lat' dir='ltr'><strong>utero</strong></span> <span class='ocrx_word' id='word_1_66' title='bbox 686 523 794 557; x_wconf 78' lang='lat' dir='ltr'><strong>genitus</strong></span> <span class='ocrx_word' id='word_1_67' title='bbox 812 530 867 549; x_wconf 90' lang='lat' dir='ltr'><strong>non</strong></span> <span class='ocrx_word' id='word_1_68' title='bbox 883 521 977 549; x_wconf 86' lang='lat' dir='ltr'><strong>fuerit?</strong></span> 
     </span>
    </p>
   </div>
   <div class='ocr_carea' id='block_1_10' title="bbox 178 566 976 603">
    <p class='ocr_par' dir='ltr' id='par_1_10' title="bbox 178 566 976 603">
     <span class='ocr_line' id='line_1_10' title="bbox 178 566 976 603; baseline 0.004 -10"><span class='ocrx_word' id='word_1_69' title='bbox 178 566 258 603; x_wconf 74' lang='lat' dir='ltr'><strong>Nam,</strong></span> <span class='ocrx_word' id='word_1_70' title='bbox 280 573 308 594; x_wconf 93' lang='lat' dir='ltr'><strong>ut</strong></span> <span class='ocrx_word' id='word_1_71' title='bbox 320 568 484 602; x_wconf 80' lang='lat' dir='ltr'><strong>evangelista</strong></span> <span class='ocrx_word' id='word_1_72' title='bbox 501 572 596 595; x_wconf 89' lang='lat' dir='ltr'><strong>narrat</strong></span> <span class='ocrx_word' id='word_1_73' title='bbox 611 577 618 595; x_wconf 85' lang='lat'><strong>:</strong></span> <span class='ocrx_word' id='word_1_74' title='bbox 637 567 716 595; x_wconf 70' lang='lat' dir='ltr'><strong>Sexto</strong></span> <span class='ocrx_word' id='word_1_75' title='bbox 731 577 818 596; x_wconf 85' lang='lat' dir='ltr'><strong>mense</strong></span> <span class='ocrx_word' id='word_1_76' title='bbox 831 569 927 596; x_wconf 72' lang='lat' dir='ltr'><strong>missus</strong></span> <span class='ocrx_word' id='word_1_77' title='bbox 937 573 976 596; x_wconf 75' lang='lat' dir='ltr'><strong>est</strong></span> 
     </span>
    </p>
   </div>
   <div class='ocr_carea' id='block_1_11' title="bbox 180 613 976 651">
    <p class='ocr_par' dir='ltr' id='par_1_11' title="bbox 180 613 976 651">
     <span class='ocr_line' id='line_1_11' title="bbox 180 613 976 651; baseline 0.005 -12"><span class='ocrx_word' id='word_1_78' title='bbox 180 613 290 648; x_wconf 81' lang='lat' dir='ltr'><strong>angelus</strong></span> <span class='ocrx_word' id='word_1_79' title='bbox 315 613 423 640; x_wconf 80' lang='lat' dir='ltr'><strong>Gabriel</strong></span> <span class='ocrx_word' id='word_1_80' title='bbox 444 615 470 641; x_wconf 82' lang='lat' dir='ltr'><strong>in</strong></span> <span class='ocrx_word' id='word_1_81' title='bbox 493 615 626 642; x_wconf 71' lang='lat' dir='ltr'><strong>civitatem</strong></span> <span class='ocrx_word' id='word_1_82' title='bbox 650 614 770 642; x_wconf 73' lang='lat' dir='ltr'><strong>Galilwaz</strong></span> <span class='ocrx_word' id='word_1_83' title='bbox 784 615 819 642; x_wconf 83' lang='lat' dir='ltr'><strong>ad</strong></span> <span class='ocrx_word' id='word_1_84' title='bbox 848 616 976 651; x_wconf 79' lang='lat' dir='ltr'><strong>virginem</strong></span> 
     </span>
    </p>
   </div>
   <div class='ocr_carea' id='block_1_12' title="bbox 179 660 975 696">
    <p class='ocr_par' dir='ltr' id='par_1_12' title="bbox 179 660 975 696">
     <span class='ocr_line' id='line_1_12' title="bbox 179 660 975 696; baseline 0.004 -10"><span class='ocrx_word' id='word_1_85' title='bbox 179 661 367 694; x_wconf 80' lang='lat' dir='ltr'><strong>desponsatam</strong></span> <span class='ocrx_word' id='word_1_86' title='bbox 380 661 446 693; x_wconf 83' lang='lat' dir='ltr'><strong>viro,</strong></span> <span class='ocrx_word' id='word_1_87' title='bbox 458 662 500 688; x_wconf 76' lang='lat' dir='ltr'><strong>cui</strong></span> <span class='ocrx_word' id='word_1_88' title='bbox 515 669 608 688; x_wconf 80' lang='lat' dir='ltr'><strong>nomen</strong></span> <span class='ocrx_word' id='word_1_89' title='bbox 621 660 728 696; x_wconf 71' lang='lat' dir='ltr'><strong>Ioseph.</strong></span> <span class='ocrx_word' id='word_1_90' title='bbox 743 660 776 688; x_wconf 89' lang='lat' dir='ltr'><strong>Et</strong></span> <span class='ocrx_word' id='word_1_91' title='bbox 789 661 922 696; x_wconf 80' lang='lat' dir='ltr'><strong>ingressus</strong></span> <span class='ocrx_word' id='word_1_92' title='bbox 941 662 975 689; x_wconf 85' lang='lat' dir='ltr'><strong>ad</strong></span> 
     </span>
    </p>
   </div>
   <div class='ocr_carea' id='block_1_13' title="bbox 180 706 973 742">
    <p class='ocr_par' dir='ltr' id='par_1_13' title="bbox 180 706 973 742">
     <span class='ocr_line' id='line_1_13' title="bbox 180 706 973 742; baseline 0.006 -11"><span class='ocrx_word' id='word_1_93' title='bbox 180 713 238 732; x_wconf 73' lang='lat' dir='ltr'><strong>eain</strong></span> <span class='ocrx_word' id='word_1_94' title='bbox 252 706 319 732; x_wconf 70' lang='lat' dir='ltr'><strong>dixit</strong></span> <span class='ocrx_word' id='word_1_95' title='bbox 332 714 341 733; x_wconf 97' lang='lat'><em>:</em></span> <span class='ocrx_word' id='word_1_96' title='bbox 354 707 415 738; x_wconf 79' lang='lat' dir='ltr'><strong>Ave,</strong></span> <span class='ocrx_word' id='word_1_97' title='bbox 429 707 519 742; x_wconf 82' lang='lat' dir='ltr'><strong>gratia</strong></span> <span class='ocrx_word' id='word_1_98' title='bbox 532 707 619 741; x_wconf 83' lang='lat' dir='ltr'><strong>plena,</strong></span> <span class='ocrx_word' id='word_1_99' title='bbox 639 707 767 734; x_wconf 82' lang='lat' dir='ltr'><strong>Dominus</strong></span> <span class='ocrx_word' id='word_1_100' title='bbox 787 713 872 734; x_wconf 87' lang='lat' dir='ltr'><strong>tecum</strong></span> <span class='ocrx_word' id='word_1_101' title='bbox 884 709 905 738; x_wconf 83' lang='grc'>¹,</span> <span class='ocrx_word' id='word_1_102' title='bbox 920 714 973 736; x_wconf 89' lang='lat' dir='ltr'><strong>etc.</strong></span> 
     </span>
    </p>
   </div>
   <div class='ocr_carea' id='block_1_14' title="bbox 178 752 973 788">
    <p class='ocr_par' dir='ltr' id='par_1_14' title="bbox 178 752 973 788">
     <span class='ocr_line' id='line_1_14' title="bbox 178 752 973 788; baseline 0.005 -10"><span class='ocrx_word' id='word_1_103' title='bbox 178 753 304 787; x_wconf 75' lang='lat' dir='ltr'><strong>Cumque</strong></span> <span class='ocrx_word' id='word_1_104' title='bbox 325 752 406 788; x_wconf 83' lang='lat' dir='ltr'><strong>Virgo</strong></span> <span class='ocrx_word' id='word_1_105' title='bbox 422 753 457 780; x_wconf 88' lang='lat' dir='ltr'><strong>ob</strong></span> <span class='ocrx_word' id='word_1_106' title='bbox 471 761 531 781; x_wconf 82' lang='lat' dir='ltr'><strong>eain</strong></span> <span class='ocrx_word' id='word_1_107' title='bbox 551 754 744 782; x_wconf 75' lang='lat' dir='ltr'><strong>salutationem</strong></span> <span class='ocrx_word' id='word_1_108' title='bbox 760 755 870 781; x_wconf 82' lang='lat' dir='ltr'><strong>turbata</strong></span> <span class='ocrx_word' id='word_1_109' title='bbox 893 754 973 788; x_wconf 82' lang='lat' dir='ltr'><strong>foret,</strong></span> 
     </span>
    </p>
   </div>
   <div class='ocr_carea' id='block_1_15' title="bbox 179 798 973 835">
    <p class='ocr_par' dir='ltr' id='par_1_15' title="bbox 179 798 973 835">
     <span class='ocr_line' id='line_1_15' title="bbox 179 798 973 835; baseline 0.005 -11"><span class='ocrx_word' id='word_1_110' title='bbox 179 798 295 832; x_wconf 77' lang='lat' dir='ltr'><strong>subjecit</strong></span> <span class='ocrx_word' id='word_1_111' title='bbox 312 807 318 824; x_wconf 75' lang='grc' dir='ltr'>ε</span> <span class='ocrx_word' id='word_1_112' title='bbox 334 798 400 826; x_wconf 80' lang='lat' dir='ltr'><strong>Ecce</strong></span> <span class='ocrx_word' id='word_1_113' title='bbox 425 800 554 833; x_wconf 78' lang='lat' dir='ltr'><strong>concipies</strong></span> <span class='ocrx_word' id='word_1_114' title='bbox 579 801 607 826; x_wconf 84' lang='lat' dir='ltr'><strong>in</strong></span> <span class='ocrx_word' id='word_1_115' title='bbox 628 805 703 827; x_wconf 80' lang='lat' dir='ltr'><strong>utero</strong></span> <span class='ocrx_word' id='word_1_116' title='bbox 716 800 813 835; x_wconf 80' lang='lat' dir='ltr'><strong>filium,</strong></span> <span class='ocrx_word' id='word_1_117' title='bbox 831 806 855 828; x_wconf 85' lang='lat' dir='ltr'><strong>et</strong></span> <span class='ocrx_word' id='word_1_118' title='bbox 869 802 973 828; x_wconf 77' lang='lat' dir='ltr'><strong>vocabis</strong></span> 
     </span>
    </p>
   </div>
   <div class='ocr_carea' id='block_1_16' title="bbox 179 843 973 880">
    <p class='ocr_par' dir='ltr' id='par_1_16' title="bbox 179 843 973 880">
     <span class='ocr_line' id='line_1_16' title="bbox 179 843 973 880; baseline 0.005 -11"><span class='ocrx_word' id='word_1_119' title='bbox 179 851 272 870; x_wconf 79' lang='lat' dir='ltr'><strong>nomen</strong></span> <span class='ocrx_word' id='word_1_120' title='bbox 298 844 355 878; x_wconf 68' lang='lat' dir='ltr'><strong>ejus</strong></span> <span class='ocrx_word' id='word_1_121' title='bbox 381 843 484 871; x_wconf 79' lang='lat' dir='ltr'><strong>Iesum.</strong></span> <span class='ocrx_word' id='word_1_122' title='bbox 501 844 535 871; x_wconf 85' lang='lat' dir='ltr'><strong>Et</strong></span> <span class='ocrx_word' id='word_1_123' title='bbox 551 853 609 872; x_wconf 83' lang='lat' dir='ltr'><strong>ecce</strong></span> <span class='ocrx_word' id='word_1_124' title='bbox 632 850 747 880; x_wconf 83' lang='lat' dir='ltr'><strong>cognata</strong></span> <span class='ocrx_word' id='word_1_125' title='bbox 771 850 818 872; x_wconf 87' lang='lat' dir='ltr'><strong>tua</strong></span> <span class='ocrx_word' id='word_1_126' title='bbox 837 845 973 873; x_wconf 75' lang='lat' dir='ltr'><strong>Elisabeth</strong></span> 
     </span>
    </p>
   </div>
   <div class='ocr_carea' id='block_1_17' title="bbox 179 882 1014 924">
    <p class='ocr_par' dir='ltr' id='par_1_17' title="bbox 179 882 1014 924">
     <span class='ocr_line' id='line_1_17' title="bbox 179 882 1014 924; baseline 0.005 -9"><span class='ocrx_word' id='word_1_127' title='bbox 179 890 294 924; x_wconf 74' lang='lat' dir='ltr'><strong>concepit</strong></span> <span class='ocrx_word' id='word_1_128' title='bbox 308 890 393 924; x_wconf 79' lang='lat' dir='ltr'><strong>[ilium</strong></span> <span class='ocrx_word' id='word_1_129' title='bbox 405 891 431 917; x_wconf 89' lang='lat' dir='ltr'><strong>in</strong></span> <span class='ocrx_word' id='word_1_130' title='bbox 449 896 580 918; x_wconf 77' lang='lat' dir='ltr'><strong>senectute</strong></span> <span class='ocrx_word' id='word_1_131' title='bbox 594 899 654 922; x_wconf 74' lang='lat' dir='ltr'><strong>sua,</strong></span> <span class='ocrx_word' id='word_1_132' title='bbox 669 895 693 918; x_wconf 88' lang='lat' dir='ltr'><strong>et</strong></span> <span class='ocrx_word' id='word_1_133' title='bbox 709 891 751 917; x_wconf 77' lang='lat' dir='ltr'><strong>hic</strong></span> <span class='ocrx_word' id='word_1_134' title='bbox 767 892 862 919; x_wconf 79' lang='lat' dir='ltr'><strong>mensis</strong></span> <span class='ocrx_word' id='word_1_135' title='bbox 888 898 977 919; x_wconf 69' lang='lat' dir='ltr'><strong>sextus</strong></span> <span class='ocrx_word' id='word_1_136' title='bbox 992 882 1014 910; x_wconf 67' lang='grc' dir='ltr'><strong>Β</strong></span> 
     </span>
    </p>
   </div>
   <div class='ocr_carea' id='block_1_18' title="bbox 179 935 977 970">
    <p class='ocr_par' dir='ltr' id='par_1_18' title="bbox 179 935 977 970">
     <span class='ocr_line' id='line_1_18' title="bbox 179 935 977 970; baseline 0.004 -9"><span class='ocrx_word' id='word_1_137' title='bbox 179 939 217 961; x_wconf 75' lang='lat' dir='ltr'><strong>est</strong></span> <span class='ocrx_word' id='word_1_138' title='bbox 231 935 271 961; x_wconf 84' lang='lat' dir='ltr'><strong>illi</strong></span> <span class='ocrx_word' id='word_1_139' title='bbox 284 943 341 970; x_wconf 67' lang='lat' dir='ltr'><strong>quae</strong></span> <span class='ocrx_word' id='word_1_140' title='bbox 356 941 464 962; x_wconf 78' lang='lat' dir='ltr'><strong>vocatur</strong></span> <span class='ocrx_word' id='word_1_141' title='bbox 475 936 582 963; x_wconf 76' lang='lat' dir='ltr'><strong>sterilis.</strong></span> <span class='ocrx_word' id='word_1_142' title='bbox 596 937 797 964; x_wconf 76' lang='lat' dir='ltr'><strong>Animadvertis</strong></span> <span class='ocrx_word' id='word_1_143' title='bbox 806 941 834 964; x_wconf 91' lang='lat' dir='ltr'><strong>ut</strong></span> <span class='ocrx_word' id='word_1_144' title='bbox 849 945 896 964; x_wconf 78' lang='lat' dir='ltr'><strong>sex</strong></span> <span class='ocrx_word' id='word_1_145' title='bbox 913 942 977 965; x_wconf 85' lang='lat' dir='ltr'><strong>ante</strong></span> 
     </span>
    </p>
   </div>
   <div class='ocr_carea' id='block_1_19' title="bbox 179 981 975 1019">
    <p class='ocr_par' dir='ltr' id='par_1_19' title="bbox 179 981 975 1019">
     <span class='ocr_line' id='line_1_19' title="bbox 179 981 975 1019; baseline 0.006 -12"><span class='ocrx_word' id='word_1_146' title='bbox 179 982 334 1015; x_wconf 78' lang='lat' dir='ltr'><strong>Iliensibus,</strong></span> <span class='ocrx_word' id='word_1_147' title='bbox 362 990 443 1017; x_wconf 82' lang='lat' dir='ltr'><strong>quam</strong></span> <span class='ocrx_word' id='word_1_148' title='bbox 469 981 564 1009; x_wconf 64' lang='lat' dir='ltr'><strong>Mariae</strong></span> <span class='ocrx_word' id='word_1_149' title='bbox 590 984 729 1010; x_wconf 78' lang='lat' dir='ltr'><strong>nuntiaret</strong></span> <span class='ocrx_word' id='word_1_150' title='bbox 753 984 825 1011; x_wconf 89' lang='lat' dir='ltr'><strong>istud</strong></span> <span class='ocrx_word' id='word_1_151' title='bbox 850 984 975 1019; x_wconf 73' lang='lat' dir='ltr'><strong>angelus,</strong></span> 
     </span>
    </p>
   </div>
   <div class='ocr_carea' id='block_1_20' title="bbox 178 1026 977 1063">
    <p class='ocr_par' dir='ltr' id='par_1_20' title="bbox 178 1026 977 1063">
     <span class='ocr_line' id='line_1_20' title="bbox 178 1026 977 1063; baseline 0.003 -10"><span class='ocrx_word' id='word_1_152' title='bbox 178 1026 300 1054; x_wconf 83' lang='lat' dir='ltr'><strong>Joannes</strong></span> <span class='ocrx_word' id='word_1_153' title='bbox 313 1028 458 1055; x_wconf 78' lang='lat' dir='ltr'><strong>exstiterit.</strong></span> <span class='ocrx_word' id='word_1_154' title='bbox 478 1028 594 1060; x_wconf 88' lang='lat' dir='ltr'><strong>Quinam</strong></span> <span class='ocrx_word' id='word_1_155' title='bbox 624 1028 706 1063; x_wconf 86' lang='lat' dir='ltr'><strong>igitur</strong></span> <span class='ocrx_word' id='word_1_156' title='bbox 730 1028 787 1055; x_wconf 63' lang='lat' dir='ltr'><strong>haec</strong></span> <span class='ocrx_word' id='word_1_157' title='bbox 805 1029 899 1061; x_wconf 79' lang='lat' dir='ltr'><strong>verba,</strong></span> <span class='ocrx_word' id='word_1_158' title='bbox 915 1034 977 1056; x_wconf 82' lang='lat' dir='ltr'><strong>ante</strong></span> 
     </span>
    </p>
   </div>
   <div class='ocr_carea' id='block_1_21' title="bbox 179 1073 978 1109">
    <p class='ocr_par' dir='ltr' id='par_1_21' title="bbox 179 1073 978 1109">
     <span class='ocr_line' id='line_1_21' title="bbox 179 1073 978 1109; baseline 0.005 -11"><span class='ocrx_word' id='word_1_159' title='bbox 179 1081 220 1099; x_wconf 79' lang='lat' dir='ltr'><strong>me</strong></span> <span class='ocrx_word' id='word_1_160' title='bbox 235 1073 322 1107; x_wconf 77' lang='lat' dir='ltr'><strong>[ortus</strong></span> <span class='ocrx_word' id='word_1_161' title='bbox 339 1078 390 1106; x_wconf 79' lang='lat' dir='ltr'><strong>est,</strong></span> <span class='ocrx_word' id='word_1_162' title='bbox 408 1074 434 1101; x_wconf 91' lang='lat' dir='ltr'><strong>in</strong></span> <span class='ocrx_word' id='word_1_163' title='bbox 453 1074 528 1102; x_wconf 68' lang='lat' dir='ltr'><strong>illius</strong></span> <span class='ocrx_word' id='word_1_164' title='bbox 544 1074 735 1101; x_wconf 85' lang='lat' dir='ltr'><strong>incarnatione</strong></span> <span class='ocrx_word' id='word_1_165' title='bbox 761 1074 866 1109; x_wconf 80' lang='lat' dir='ltr'><strong>impleri</strong></span> <span class='ocrx_word' id='word_1_166' title='bbox 885 1079 978 1109; x_wconf 88' lang='lat' dir='ltr'><strong>potue-</strong></span> 
     </span>
    </p>
   </div>
   <div class='ocr_carea' id='block_1_22' title="bbox 179 1116 975 1155">
    <p class='ocr_par' dir='ltr' id='par_1_22' title="bbox 179 1116 975 1155">
     <span class='ocr_line' id='line_1_22' title="bbox 179 1116 975 1155; baseline 0.005 -12"><span class='ocrx_word' id='word_1_167' title='bbox 179 1117 263 1144; x_wconf 85' lang='lat' dir='ltr'><strong>runt?</strong></span> <span class='ocrx_word' id='word_1_168' title='bbox 279 1116 346 1149; x_wconf 87' lang='lat' dir='ltr'><strong>Quis</strong></span> <span class='ocrx_word' id='word_1_169' title='bbox 360 1121 401 1145; x_wconf 85' lang='lat' dir='ltr'><strong>est</strong></span> <span class='ocrx_word' id='word_1_170' title='bbox 415 1125 430 1145; x_wconf 84' lang='lat' dir='ltr'><strong>e</strong></span> <span class='ocrx_word' id='word_1_171' title='bbox 447 1118 604 1146; x_wconf 87' lang='lat' dir='ltr'><strong>rudioribus</strong></span> <span class='ocrx_word' id='word_1_172' title='bbox 628 1126 660 1146; x_wconf 84' lang='lat' dir='ltr'><strong>ac</strong></span> <span class='ocrx_word' id='word_1_173' title='bbox 673 1119 854 1154; x_wconf 85' lang='lat' dir='ltr'><strong>simplicibus,</strong></span> <span class='ocrx_word' id='word_1_174' title='bbox 873 1120 975 1155; x_wconf 62' lang='lat' dir='ltr'><strong>quique</strong></span> 
     </span>
    </p>
   </div>
   <div class='ocr_carea' id='block_1_23' title="bbox 178 1163 973 1200">
    <p class='ocr_par' dir='ltr' id='par_1_23' title="bbox 178 1163 973 1200">
     <span class='ocr_line' id='line_1_23' title="bbox 178 1163 973 1200; baseline 0.005 -11"><span class='ocrx_word' id='word_1_175' title='bbox 178 1164 246 1191; x_wconf 72' lang='lat' dir='ltr'><strong>satis</strong></span> <span class='ocrx_word' id='word_1_176' title='bbox 273 1163 351 1190; x_wconf 87' lang='lat' dir='ltr'><strong>lirmo</strong></span> <span class='ocrx_word' id='word_1_177' title='bbox 374 1171 406 1191; x_wconf 89' lang='lat' dir='ltr'><strong>ac</strong></span> <span class='ocrx_word' id='word_1_178' title='bbox 432 1165 611 1193; x_wconf 85' lang='lat' dir='ltr'><strong>corroborato</strong></span> <span class='ocrx_word' id='word_1_179' title='bbox 640 1165 750 1200; x_wconf 74' lang='lat' dir='ltr'><strong>ingenio</strong></span> <span class='ocrx_word' id='word_1_180' title='bbox 776 1173 829 1192; x_wconf 93' lang='lat' dir='ltr'><strong>non</strong></span> <span class='ocrx_word' id='word_1_181' title='bbox 855 1166 973 1199; x_wconf 65' lang='lat' dir='ltr'><strong>fuerint,</strong></span> 
     </span>
    </p>
   </div>
   <div class='ocr_carea' id='block_1_24' title="bbox 177 1210 973 1246">
    <p class='ocr_par' dir='ltr' id='par_1_24' title="bbox 177 1210 973 1246">
     <span class='ocr_line' id='line_1_24' title="bbox 177 1210 973 1246; baseline 0.004 -10"><span class='ocrx_word' id='word_1_182' title='bbox 177 1210 225 1244; x_wconf 85' lang='lat' dir='ltr'><strong>qui</strong></span> <span class='ocrx_word' id='word_1_183' title='bbox 248 1217 301 1236; x_wconf 92' lang='lat' dir='ltr'><strong>non</strong></span> <span class='ocrx_word' id='word_1_184' title='bbox 317 1210 409 1236; x_wconf 77' lang='lat' dir='ltr'><strong>audita</strong></span> <span class='ocrx_word' id='word_1_185' title='bbox 436 1211 480 1238; x_wconf 80' lang='lat' dir='ltr'><strong>illa</strong></span> <span class='ocrx_word' id='word_1_186' title='bbox 497 1211 631 1239; x_wconf 83' lang='lat' dir='ltr'><strong>sententia</strong></span> <span class='ocrx_word' id='word_1_187' title='bbox 649 1211 844 1246; x_wconf 72' lang='lat' dir='ltr'><strong>perturbetur?</strong></span> <span class='ocrx_word' id='word_1_188' title='bbox 869 1211 973 1240; x_wconf 85' lang='lat' dir='ltr'><strong>Etenim</strong></span> 
     </span>
    </p>
   </div>
   <div class='ocr_carea' id='block_1_25' title="bbox 178 1255 974 1287">
    <p class='ocr_par' dir='ltr' id='par_1_25' title="bbox 178 1255 974 1287">
     <span class='ocr_line' id='line_1_25' title="bbox 178 1255 974 1287; baseline 0.005 -6"><span class='ocrx_word' id='word_1_189' title='bbox 178 1255 345 1282; x_wconf 77' lang='lat' dir='ltr'><strong>necessariis</strong></span> <span class='ocrx_word' id='word_1_190' title='bbox 372 1262 404 1282; x_wconf 87' lang='lat' dir='ltr'><strong>ac</strong></span> <span class='ocrx_word' id='word_1_191' title='bbox 431 1255 558 1287; x_wconf 88' lang='lat' dir='ltr'><strong>sinceris,</strong></span> <span class='ocrx_word' id='word_1_192' title='bbox 577 1260 602 1283; x_wconf 89' lang='lat' dir='ltr'><strong>et</strong></span> <span class='ocrx_word' id='word_1_193' title='bbox 619 1258 653 1283; x_wconf 85' lang='lat' dir='ltr'><strong>ad</strong></span> <span class='ocrx_word' id='word_1_194' title='bbox 669 1257 751 1283; x_wconf 80' lang='lat' dir='ltr'><strong>vitam</strong></span> <span class='ocrx_word' id='word_1_195' title='bbox 772 1257 974 1285; x_wconf 81' lang='lat' dir='ltr'><strong>conciliandam</strong></span> 
     </span>
    </p>
   </div>
   <div class='ocr_carea' id='block_1_26' title="bbox 178 1301 973 1340">
    <p class='ocr_par' dir='ltr' id='par_1_26' title="bbox 178 1301 973 1340">
     <span class='ocr_line' id='line_1_26' title="bbox 178 1301 973 1340; baseline 0.006 -13"><span class='ocrx_word' id='word_1_196' title='bbox 178 1301 286 1328; x_wconf 82' lang='lat' dir='ltr'><strong>idoneis</strong></span> <span class='ocrx_word' id='word_1_197' title='bbox 317 1301 466 1338; x_wconf 64' lang='lat' dir='ltr'><strong>Scriptura;</strong></span> <span class='ocrx_word' id='word_1_198' title='bbox 494 1303 585 1330; x_wconf 80' lang='lat' dir='ltr'><strong>verbis</strong></span> <span class='ocrx_word' id='word_1_199' title='bbox 604 1304 704 1338; x_wconf 86' lang='lat' dir='ltr'><strong>utitur;</strong></span> <span class='ocrx_word' id='word_1_200' title='bbox 730 1312 791 1339; x_wconf 81' lang='lat' dir='ltr'><strong>qua:</strong></span> <span class='ocrx_word' id='word_1_201' title='bbox 808 1304 889 1340; x_wconf 79' lang='lat'><strong>763</strong></span> <span class='ocrx_word' id='word_1_202' title='bbox 908 1313 973 1339; x_wconf 85' lang='lat' dir='ltr'><strong>pro-</strong></span> 
     </span>
    </p>
   </div>
   <div class='ocr_carea' id='block_1_27' title="bbox 178 1346 973 1386">
    <p class='ocr_par' dir='ltr' id='par_1_27' title="bbox 178 1346 973 1386">
     <span class='ocr_line' id='line_1_27' title="bbox 178 1346 973 1386; baseline 0.005 -12"><span class='ocrx_word' id='word_1_203' title='bbox 178 1346 250 1374; x_wconf 85' lang='lat' dir='ltr'><strong>fecto</strong></span> <span class='ocrx_word' id='word_1_204' title='bbox 262 1348 296 1375; x_wconf 89' lang='lat' dir='ltr'><strong>iis</strong></span> <span class='ocrx_word' id='word_1_205' title='bbox 317 1348 395 1383; x_wconf 82' lang='lat' dir='ltr'><strong>ipsis,</strong></span> <span class='ocrx_word' id='word_1_206' title='bbox 411 1349 456 1384; x_wconf 85' lang='lat' dir='ltr'><strong>qui</strong></span> <span class='ocrx_word' id='word_1_207' title='bbox 473 1349 543 1375; x_wconf 87' lang='lat' dir='ltr'><strong>mala</strong></span> <span class='ocrx_word' id='word_1_208' title='bbox 562 1353 657 1384; x_wconf 87' lang='lat' dir='ltr'><strong>sponte</strong></span> <span class='ocrx_word' id='word_1_209' title='bbox 672 1350 725 1378; x_wconf 88' lang='lat' dir='ltr'><strong>sibi</strong></span> <span class='ocrx_word' id='word_1_210' title='bbox 739 1350 807 1386; x_wconf 84' lang='lat' dir='ltr'><strong>ipsis</strong></span> <span class='ocrx_word' id='word_1_211' title='bbox 821 1355 973 1384; x_wconf 86' lang='lat' dir='ltr'><strong>arcessunt,</strong></span> 
     </span>
    </p>
   </div>
   <div class='ocr_carea' id='block_1_28' title="bbox 180 1393 974 1428">
    <p class='ocr_par' dir='ltr' id='par_1_28' title="bbox 180 1393 974 1428">
     <span class='ocr_line' id='line_1_28' title="bbox 180 1393 974 1428; baseline 0.006 -9"><span class='ocrx_word' id='word_1_212' title='bbox 180 1393 271 1427; x_wconf 83' lang='lat' dir='ltr'><strong>majus</strong></span> <span class='ocrx_word' id='word_1_213' title='bbox 284 1393 422 1428; x_wconf 82' lang='lat' dir='ltr'><strong>quoddam</strong></span> <span class='ocrx_word' id='word_1_214' title='bbox 436 1394 629 1422; x_wconf 79' lang='lat' dir='ltr'><strong>detrimentum</strong></span> <span class='ocrx_word' id='word_1_215' title='bbox 645 1397 974 1424; x_wconf 82' lang='lat' dir='ltr'><strong>consciscunt:tumalio-</strong></span> 
     </span>
    </p>
   </div>
   <div class='ocr_carea' id='block_1_29' title="bbox 178 1440 974 1476">
    <p class='ocr_par' dir='ltr' id='par_1_29' title="bbox 178 1440 974 1476">
     <span class='ocr_line' id='line_1_29' title="bbox 178 1440 974 1476; baseline 0.006 -10"><span class='ocrx_word' id='word_1_216' title='bbox 178 1440 225 1474; x_wconf 88' lang='lat' dir='ltr'><strong>qui</strong></span> <span class='ocrx_word' id='word_1_217' title='bbox 241 1447 338 1467; x_wconf 86' lang='lat' dir='ltr'><strong>omnes</strong></span> <span class='ocrx_word' id='word_1_218' title='bbox 354 1440 406 1467; x_wconf 77' lang='lat' dir='ltr'><strong>illa:</strong></span> <span class='ocrx_word' id='word_1_219' title='bbox 423 1441 566 1468; x_wconf 66' lang='lat' dir='ltr'><strong>sententiae</strong></span> <span class='ocrx_word' id='word_1_220' title='bbox 593 1440 712 1476; x_wconf 86' lang='lat' dir='ltr'><strong>Spiritus</strong></span> <span class='ocrx_word' id='word_1_221' title='bbox 734 1443 822 1470; x_wconf 83' lang='lat' dir='ltr'><strong>sancti</strong></span> <span class='ocrx_word' id='word_1_222' title='bbox 839 1443 899 1470; x_wconf 85' lang='lat' dir='ltr'><strong>luce</strong></span> <span class='ocrx_word' id='word_1_223' title='bbox 918 1444 974 1471; x_wconf 83' lang='lat' dir='ltr'><strong>col-</strong></span> 
     </span>
    </p>
   </div>
   <div class='ocr_carea' id='block_1_30' title="bbox 179 1486 974 1524">
    <p class='ocr_par' dir='ltr' id='par_1_30' title="bbox 179 1486 974 1524">
     <span class='ocr_line' id='line_1_30' title="bbox 179 1486 974 1524; baseline 0.004 -11"><span class='ocrx_word' id='word_1_224' title='bbox 179 1486 340 1514; x_wconf 86' lang='lat' dir='ltr'><strong>lustreutur.</strong></span> <span class='ocrx_word' id='word_1_225' title='bbox 358 1486 424 1514; x_wconf 82' lang='lat' dir='ltr'><strong>Nam</strong></span> <span class='ocrx_word' id='word_1_226' title='bbox 440 1487 505 1522; x_wconf 89' lang='lat' dir='ltr'><strong>quid</strong></span> <span class='ocrx_word' id='word_1_227' title='bbox 521 1492 562 1514; x_wconf 90' lang='lat' dir='ltr'><strong>cst</strong></span> <span class='ocrx_word' id='word_1_228' title='bbox 579 1487 606 1514; x_wconf 93' lang='lat' dir='ltr'><strong>in</strong></span> <span class='ocrx_word' id='word_1_229' title='bbox 626 1487 672 1515; x_wconf 90' lang='lat' dir='ltr'><strong>illo</strong></span> <span class='ocrx_word' id='word_1_230' title='bbox 682 1489 714 1515; x_wconf 84' lang='lat' dir='ltr'><strong>de</strong></span> <span class='ocrx_word' id='word_1_231' title='bbox 729 1496 783 1523; x_wconf 91' lang='lat' dir='ltr'><strong>quo</strong></span> <span class='ocrx_word' id='word_1_232' title='bbox 795 1488 900 1524; x_wconf 79' lang='lat' dir='ltr'><strong>agimus</strong></span> <span class='ocrx_word' id='word_1_233' title='bbox 914 1489 974 1516; x_wconf 88' lang='lat' dir='ltr'><strong>loco</strong></span> 
     </span>
    </p>
   </div>
   <div class='ocr_carea' id='block_1_31' title="bbox 178 1533 972 1570">
    <p class='ocr_par' dir='ltr' id='par_1_31' title="bbox 178 1533 972 1570">
     <span class='ocr_line' id='line_1_31' title="bbox 178 1533 972 1570; baseline 0.004 -10"><span class='ocrx_word' id='word_1_234' title='bbox 178 1534 212 1560; x_wconf 89' lang='lat' dir='ltr'><strong>ad</strong></span> <span class='ocrx_word' id='word_1_235' title='bbox 234 1534 389 1561; x_wconf 83' lang='lat' dir='ltr'><strong>cautionem</strong></span> <span class='ocrx_word' id='word_1_236' title='bbox 419 1534 652 1569; x_wconf 66' lang='lat' dir='ltr'><strong>praetermissum?</strong></span> <span class='ocrx_word' id='word_1_237' title='bbox 674 1533 741 1561; x_wconf 81' lang='lat' dir='ltr'><strong>Ecce</strong></span> <span class='ocrx_word' id='word_1_238' title='bbox 761 1535 851 1568; x_wconf 84' lang='lat' dir='ltr'><strong>enim,</strong></span> <span class='ocrx_word' id='word_1_239' title='bbox 872 1535 972 1570; x_wconf 88' lang='lat' dir='ltr'><strong>inquit,</strong></span> 
     </span>
    </p>
   </div>
   <div class='ocr_carea' id='block_1_32' title="bbox 178 1581 976 1616">
    <p class='ocr_par' dir='ltr' id='par_1_32' title="bbox 178 1581 976 1616">
     <span class='ocr_line' id='line_1_32' title="bbox 178 1581 976 1616; baseline 0.001 -9"><span class='ocrx_word' id='word_1_240' title='bbox 178 1581 221 1608; x_wconf 78' lang='lat' dir='ltr'><strong>hic</strong></span> <span class='ocrx_word' id='word_1_241' title='bbox 229 1586 278 1612; x_wconf 75' lang='lat' dir='ltr'><strong>est,</strong></span> <span class='ocrx_word' id='word_1_242' title='bbox 301 1585 330 1607; x_wconf 92' lang='lat' dir='ltr'><strong>ut</strong></span> <span class='ocrx_word' id='word_1_243' title='bbox 345 1581 538 1616; x_wconf 81' lang='lat' dir='ltr'><strong>aspectabilem</strong></span> <span class='ocrx_word' id='word_1_244' title='bbox 555 1581 632 1608; x_wconf 90' lang='lat' dir='ltr'><strong>illum</strong></span> <span class='ocrx_word' id='word_1_245' title='bbox 648 1588 710 1609; x_wconf 88' lang='lat' dir='ltr'><strong>esse</strong></span> <span class='ocrx_word' id='word_1_246' title='bbox 720 1581 867 1615; x_wconf 73' lang='lat' dir='ltr'><strong>signiticet,</strong></span> <span class='ocrx_word' id='word_1_247' title='bbox 887 1585 914 1609; x_wconf 89' lang='lat' dir='ltr'><strong>et</strong></span> <span class='ocrx_word' id='word_1_248' title='bbox 934 1582 976 1608; x_wconf 34' lang='lat' dir='ltr'><strong>in,</strong></span> 
     </span>
    </p>
   </div>
   <div class='ocr_carea' id='block_1_33' title="bbox 178 1627 976 1661">
    <p class='ocr_par' dir='ltr' id='par_1_33' title="bbox 178 1627 976 1661">
     <span class='ocr_line' id='line_1_33' title="bbox 178 1627 976 1661; baseline 0.001 -7"><span class='ocrx_word' id='word_1_249' title='bbox 178 1628 319 1655; x_wconf 78' lang='lat' dir='ltr'><strong>tuentibus</strong></span> <span class='ocrx_word' id='word_1_250' title='bbox 333 1631 530 1655; x_wconf 82' lang='lat' dir='ltr'><strong>commonstret</strong></span> <span class='ocrx_word' id='word_1_251' title='bbox 545 1636 552 1655; x_wconf 91' lang='lat'><strong>:</strong></span> <span class='ocrx_word' id='word_1_252' title='bbox 568 1628 652 1661; x_wconf 79' lang='lat' dir='ltr'><strong>Quem</strong></span> <span class='ocrx_word' id='word_1_253' title='bbox 669 1627 726 1655; x_wconf 70' lang='lat' dir='ltr'><strong>dimi</strong></span> <span class='ocrx_word' id='word_1_254' title='bbox 741 1628 829 1655; x_wconf 75' lang='lat' dir='ltr'><strong>vobis:</strong></span> <span class='ocrx_word' id='word_1_255' title='bbox 843 1629 976 1661; x_wconf 77' lang='lat' dir='ltr'><strong>Quoniam</strong></span> 
     </span>
    </p>
   </div>
   <div class='ocr_carea' id='block_1_34' title="bbox 177 1673 891 1709">
    <p class='ocr_par' dir='ltr' id='par_1_34' title="bbox 177 1673 891 1709">
     <span class='ocr_line' id='line_1_34' title="bbox 177 1673 891 1709; baseline 0 -8"><span class='ocrx_word' id='word_1_256' title='bbox 177 1678 235 1707; x_wconf 82' lang='lat' dir='ltr'><strong>post</strong></span> <span class='ocrx_word' id='word_1_257' title='bbox 252 1682 292 1700; x_wconf 88' lang='lat' dir='ltr'><strong>me</strong></span> <span class='ocrx_word' id='word_1_258' title='bbox 313 1674 390 1701; x_wconf 79' lang='lat' dir='ltr'><strong>venit.</strong></span> <span class='ocrx_word' id='word_1_259' title='bbox 406 1673 474 1706; x_wconf 88' lang='lat' dir='ltr'><strong>Quis</strong></span> <span class='ocrx_word' id='word_1_260' title='bbox 490 1673 535 1701; x_wconf 79' lang='lat' dir='ltr'><strong>ille</strong></span> <span class='ocrx_word' id='word_1_261' title='bbox 548 1674 621 1701; x_wconf 89' lang='lat' dir='ltr'><strong>venit</strong></span> <span class='ocrx_word' id='word_1_262' title='bbox 635 1678 816 1709; x_wconf 54' lang='lat' dir='ltr'><strong>praeterquam</strong></span> <span class='ocrx_word' id='word_1_263' title='bbox 832 1675 891 1701; x_wconf 84' lang='lat' dir='ltr'><strong>vir?</strong></span> 
     </span>
    </p>
   </div>
   <div class='ocr_carea' id='block_1_35' title="bbox 215 1719 975 1754">
    <p class='ocr_par' dir='ltr' id='par_1_35' title="bbox 215 1719 975 1754">
     <span class='ocr_line' id='line_1_35' title="bbox 215 1719 975 1754; baseline 0.001 -8"><span class='ocrx_word' id='word_1_264' title='bbox 215 1719 266 1747; x_wconf 86' lang='lat' dir='ltr'><strong>Sed</strong></span> <span class='ocrx_word' id='word_1_265' title='bbox 296 1727 376 1747; x_wconf 90' lang='lat' dir='ltr'><strong>nemo</strong></span> <span class='ocrx_word' id='word_1_266' title='bbox 403 1719 581 1754; x_wconf 77' lang='lat' dir='ltr'><strong>intelligentia</strong></span> <span class='ocrx_word' id='word_1_267' title='bbox 607 1719 698 1754; x_wconf 86' lang='lat' dir='ltr'><strong>aliqua</strong></span> <span class='ocrx_word' id='word_1_268' title='bbox 725 1719 855 1754; x_wconf 64' lang='lat' dir='ltr'><strong>praeditus</strong></span> <span class='ocrx_word' id='word_1_269' title='bbox 872 1720 975 1747; x_wconf 91' lang='lat' dir='ltr'><strong>nudum</strong></span> 
     </span>
    </p>
   </div>
   <div class='ocr_carea' id='block_1_36' title="bbox 177 1765 976 1798">
    <p class='ocr_par' dir='ltr' id='par_1_36' title="bbox 177 1765 976 1798">
     <span class='ocr_line' id='line_1_36' title="bbox 177 1765 976 1798; baseline 0.001 -6"><span class='ocrx_word' id='word_1_270' title='bbox 177 1765 316 1792; x_wconf 78' lang='lat' dir='ltr'><strong>hominem</strong></span> <span class='ocrx_word' id='word_1_271' title='bbox 332 1766 400 1793; x_wconf 84' lang='lat' dir='ltr'><strong>&#39;esse</strong></span> <span class='ocrx_word' id='word_1_272' title='bbox 428 1765 574 1792; x_wconf 88' lang='lat' dir='ltr'><strong>Dominum</strong></span> <span class='ocrx_word' id='word_1_273' title='bbox 594 1765 745 1798; x_wconf 80' lang='lat' dir='ltr'><strong>existimet,</strong></span> <span class='ocrx_word' id='word_1_274' title='bbox 769 1766 823 1793; x_wconf 87' lang='lat' dir='ltr'><strong>nisi</strong></span> <span class='ocrx_word' id='word_1_275' title='bbox 842 1765 912 1793; x_wconf 88' lang='lat' dir='ltr'><strong>forte</strong></span> <span class='ocrx_word' id='word_1_276' title='bbox 928 1774 976 1794; x_wconf 88' lang='lat' dir='ltr'><strong>su-</strong></span> 
     </span>
    </p>
   </div>
   <div class='ocr_carea' id='block_1_37' title="bbox 179 1811 974 1847">
    <p class='ocr_par' dir='ltr' id='par_1_37' title="bbox 179 1811 974 1847">
     <span class='ocr_line' id='line_1_37' title="bbox 179 1811 974 1847; baseline 0.001 -8"><span class='ocrx_word' id='word_1_277' title='bbox 179 1813 301 1847; x_wconf 84' lang='lat' dir='ltr'><strong>periores</strong></span> <span class='ocrx_word' id='word_1_278' title='bbox 327 1812 380 1839; x_wconf 58' lang='lat' dir='ltr'><strong>illa</strong></span> <span class='ocrx_word' id='word_1_279' title='bbox 413 1811 541 1843; x_wconf 67' lang='lat' dir='ltr'><strong>haereses.</strong></span> <span class='ocrx_word' id='word_1_280' title='bbox 562 1819 632 1846; x_wconf 88' lang='lat' dir='ltr'><strong>quas</strong></span> <span class='ocrx_word' id='word_1_281' title='bbox 660 1815 740 1839; x_wconf 82' lang='lat' dir='ltr'><strong>antea</strong></span> <span class='ocrx_word' id='word_1_282' title='bbox 767 1813 974 1847; x_wconf 85' lang='lat' dir='ltr'><strong>proposuimus,</strong></span> 
     </span>
    </p>
   </div>
   <div class='ocr_carea' id='block_1_38' title="bbox 178 1857 974 1888">
    <p class='ocr_par' dir='ltr' id='par_1_38' title="bbox 178 1857 974 1888">
     <span class='ocr_line' id='line_1_38' title="bbox 178 1857 974 1888; baseline 0.001 -4"><span class='ocrx_word' id='word_1_283' title='bbox 178 1858 301 1885; x_wconf 79' lang='lat' dir='ltr'><strong>Ccrintiii</strong></span> <span class='ocrx_word' id='word_1_284' title='bbox 327 1857 465 1888; x_wconf 79' lang='lat' dir='ltr'><strong>videlicet,</strong></span> <span class='ocrx_word' id='word_1_285' title='bbox 493 1857 621 1884; x_wconf 76' lang='lat' dir='ltr'><strong>Merinthi</strong></span> <span class='ocrx_word' id='word_1_286' title='bbox 648 1861 675 1884; x_wconf 93' lang='lat' dir='ltr'><strong>ct</strong></span> <span class='ocrx_word' id='word_1_287' title='bbox 696 1857 819 1885; x_wconf 87' lang='lat' dir='ltr'><strong>Ebionis.</strong></span> <span class='ocrx_word' id='word_1_288' title='bbox 839 1858 974 1886; x_wconf 65' lang='lat' dir='ltr'><strong>Creterum</strong></span> 
     </span>
    </p>
   </div>
   <div class='ocr_carea' id='block_1_39' title="bbox 179 1903 975 1938">
    <p class='ocr_par' dir='ltr' id='par_1_39' title="bbox 179 1903 975 1938">
     <span class='ocr_line' id='line_1_39' title="bbox 179 1903 975 1938; baseline 0.003 -8"><span class='ocrx_word' id='word_1_289' title='bbox 179 1908 360 1938; x_wconf 48' lang='lat' dir='ltr'><strong>praeterquam</strong></span> <span class='ocrx_word' id='word_1_290' title='bbox 388 1904 460 1938; x_wconf 88' lang='lat' dir='ltr'><strong>quod</strong></span> <span class='ocrx_word' id='word_1_291' title='bbox 480 1903 520 1929; x_wconf 84' lang='lat' dir='ltr'><strong>vir</strong></span> <span class='ocrx_word' id='word_1_292' title='bbox 533 1907 576 1931; x_wconf 89' lang='lat' dir='ltr'><strong>est</strong></span> <span class='ocrx_word' id='word_1_293' title='bbox 596 1903 679 1938; x_wconf 85' lang='lat' dir='ltr'><strong>idque</strong></span> <span class='ocrx_word' id='word_1_294' title='bbox 706 1904 833 1931; x_wconf 88' lang='lat' dir='ltr'><strong>consulto</strong></span> <span class='ocrx_word' id='word_1_295' title='bbox 863 1905 898 1932; x_wconf 88' lang='lat' dir='ltr'><strong>ad</strong></span> <span class='ocrx_word' id='word_1_296' title='bbox 929 1913 975 1932; x_wconf 90' lang='lat' dir='ltr'><strong>se-</strong></span> 
     </span>
    </p>
   </div>
   <div class='ocr_carea' id='block_1_40' title="bbox 179 1947 975 1980">
    <p class='ocr_par' dir='ltr' id='par_1_40' title="bbox 179 1947 975 1980">
     <span class='ocr_line' id='line_1_40' title="bbox 179 1947 975 1980; baseline 0.004 -6"><span class='ocrx_word' id='word_1_297' title='bbox 179 1948 324 1974; x_wconf 88' lang='lat' dir='ltr'><strong>curitatem</strong></span> <span class='ocrx_word' id='word_1_298' title='bbox 349 1947 512 1980; x_wconf 85' lang='lat' dir='ltr'><strong>ostenditur,</strong></span> <span class='ocrx_word' id='word_1_299' title='bbox 534 1956 586 1975; x_wconf 91' lang='lat' dir='ltr'><strong>una</strong></span> <span class='ocrx_word' id='word_1_300' title='bbox 602 1949 684 1975; x_wconf 84' lang='lat' dir='ltr'><strong>etiam</strong></span> <span class='ocrx_word' id='word_1_301' title='bbox 702 1952 729 1976; x_wconf 90' lang='lat' dir='ltr'><strong>et</strong></span> <span class='ocrx_word' id='word_1_302' title='bbox 750 1949 893 1976; x_wconf 91' lang='lat' dir='ltr'><strong>Dominum</strong></span> <span class='ocrx_word' id='word_1_303' title='bbox 914 1957 975 1978; x_wconf 88' lang='lat' dir='ltr'><strong>esse</strong></span> 
     </span>
    </p>
   </div>
   <div class='ocr_carea' id='block_1_41' title="bbox 179 1993 973 2030">
    <p class='ocr_par' dir='ltr' id='par_1_41' title="bbox 179 1993 973 2030">
     <span class='ocr_line' id='line_1_41' title="bbox 179 1993 973 2030; baseline 0.003 -10"><span class='ocrx_word' id='word_1_304' title='bbox 179 2001 235 2020; x_wconf 91' lang='lat' dir='ltr'><strong>non</strong></span> <span class='ocrx_word' id='word_1_305' title='bbox 259 1993 384 2021; x_wconf 89' lang='lat' dir='ltr'><strong>dubitant</strong></span> <span class='ocrx_word' id='word_1_306' title='bbox 407 1993 535 2028; x_wconf 82' lang='lat' dir='ltr'><strong>quivere</strong></span> <span class='ocrx_word' id='word_1_307' title='bbox 563 1994 658 2022; x_wconf 82' lang='lat' dir='ltr'><strong>ﬁdeles</strong></span> <span class='ocrx_word' id='word_1_308' title='bbox 687 1999 761 2021; x_wconf 91' lang='lat' dir='ltr'><strong>sunt.</strong></span> <span class='ocrx_word' id='word_1_309' title='bbox 789 1995 868 2027; x_wconf 86' lang='lat' dir='ltr'><strong>Quod</strong></span> <span class='ocrx_word' id='word_1_310' title='bbox 886 1995 973 2030; x_wconf 88' lang='lat' dir='ltr'><strong>ipsum</strong></span> 
     </span>
    </p>
   </div>
   <div class='ocr_carea' id='block_1_42' title="bbox 178 2037 974 2074">
    <p class='ocr_par' dir='ltr' id='par_1_42' title="bbox 178 2037 974 2074">
     <span class='ocr_line' id='line_1_42' title="bbox 178 2037 974 2074; baseline 0 -8"><span class='ocrx_word' id='word_1_311' title='bbox 178 2038 293 2066; x_wconf 83' lang='lat' dir='ltr'><strong>Joannis</strong></span> <span class='ocrx_word' id='word_1_312' title='bbox 315 2046 424 2074; x_wconf 86' lang='lat' dir='ltr'><strong>quoque</strong></span> <span class='ocrx_word' id='word_1_313' title='bbox 439 2038 608 2069; x_wconf 64' lang='lat' dir='ltr'><strong>{testimonio</strong></span> <span class='ocrx_word' id='word_1_314' title='bbox 627 2043 736 2066; x_wconf 80' lang='lat' dir='ltr'><strong>constat</strong></span> <span class='ocrx_word' id='word_1_315' title='bbox 751 2048 758 2066; x_wconf 86' lang='lat'><strong>:</strong></span> <span class='ocrx_word' id='word_1_316' title='bbox 774 2037 851 2072; x_wconf 82' lang='lat' dir='ltr'><strong>Quod</strong></span> <span class='ocrx_word' id='word_1_317' title='bbox 870 2039 974 2066; x_wconf 75' lang='lat' dir='ltr'><strong>audiri-</strong></span> 
     </span>
    </p>
   </div>
   <div class='ocr_carea' id='block_1_43' title="bbox 179 2084 974 2120">
    <p class='ocr_par' dir='ltr' id='par_1_43' title="bbox 179 2084 974 2120">
     <span class='ocr_line' id='line_1_43' title="bbox 179 2084 974 2120; baseline 0.003 -9"><span class='ocrx_word' id='word_1_318' title='bbox 179 2093 249 2117; x_wconf 80' lang='lat' dir='ltr'><strong>mus,</strong></span> <span class='ocrx_word' id='word_1_319' title='bbox 277 2085 376 2120; x_wconf 83' lang='lat' dir='ltr'><strong>inquit.</strong></span> <span class='ocrx_word' id='word_1_320' title='bbox 398 2084 430 2111; x_wconf 76' lang='lat' dir='ltr'><strong>ab</strong></span> <span class='ocrx_word' id='word_1_321' title='bbox 463 2085 539 2112; x_wconf 84' lang='lat' dir='ltr'><strong>initio</strong></span> <span class='ocrx_word' id='word_1_322' title='bbox 554 2085 565 2101; x_wconf 82' lang='grc'>³</span> <span class='ocrx_word' id='word_1_323' title='bbox 581 2094 588 2111; x_wconf 87' lang='lat'><strong>:</strong></span> <span class='ocrx_word' id='word_1_324' title='bbox 604 2089 633 2112; x_wconf 92' lang='lat' dir='ltr'><strong>ut</strong></span> <span class='ocrx_word' id='word_1_325' title='bbox 650 2093 712 2112; x_wconf 90' lang='lat' dir='ltr'><strong>cum</strong></span> <span class='ocrx_word' id='word_1_326' title='bbox 741 2085 860 2113; x_wconf 88' lang='lat' dir='ltr'><strong>declaret</strong></span> <span class='ocrx_word' id='word_1_327' title='bbox 876 2086 922 2120; x_wconf 90' lang='lat' dir='ltr'><strong>qui</strong></span> <span class='ocrx_word' id='word_1_328' title='bbox 939 2085 974 2113; x_wconf 92' lang='lat' dir='ltr'><strong>ab</strong></span> 
     </span>
    </p>
   </div>
   <div class='ocr_carea' id='block_1_44' title="bbox 179 2130 973 2166">
    <p class='ocr_par' dir='ltr' id='par_1_44' title="bbox 179 2130 973 2166">
     <span class='ocr_line' id='line_1_44' title="bbox 179 2130 973 2166; baseline 0.003 -8"><span class='ocrx_word' id='word_1_329' title='bbox 179 2131 258 2159; x_wconf 89' lang='lat' dir='ltr'><strong>initio</strong></span> <span class='ocrx_word' id='word_1_330' title='bbox 277 2132 393 2164; x_wconf 84' lang='lat' dir='ltr'><strong>exstitit,</strong></span> <span class='ocrx_word' id='word_1_331' title='bbox 409 2131 455 2159; x_wconf 88' lang='lat' dir='ltr'><strong>Dei</strong></span> <span class='ocrx_word' id='word_1_332' title='bbox 472 2130 589 2159; x_wconf 83' lang='lat' dir='ltr'><strong>Verbum</strong></span> <span class='ocrx_word' id='word_1_333' title='bbox 605 2131 712 2159; x_wconf 82' lang='lat' dir='ltr'><strong>scilicet</strong></span> <span class='ocrx_word' id='word_1_334' title='bbox 727 2131 800 2166; x_wconf 89' lang='lat' dir='ltr'><strong>quod</strong></span> <span class='ocrx_word' id='word_1_335' title='bbox 818 2131 903 2160; x_wconf 84' lang='lat' dir='ltr'><strong>videri</strong></span> <span class='ocrx_word' id='word_1_336' title='bbox 919 2140 973 2160; x_wconf 81' lang='lat' dir='ltr'><strong>non</strong></span> 
     </span>
    </p>
   </div>
   <div class='ocr_carea' id='block_1_45' title="bbox 178 2177 973 2214">
    <p class='ocr_par' dir='ltr' id='par_1_45' title="bbox 178 2177 973 2214">
     <span class='ocr_line' id='line_1_45' title="bbox 178 2177 973 2214; baseline 0.001 -9"><span class='ocrx_word' id='word_1_337' title='bbox 178 2178 436 2214; x_wconf 84' lang='lat' dir='ltr'><strong>potest:quodque</strong></span> <span class='ocrx_word' id='word_1_338' title='bbox 460 2178 548 2206; x_wconf 86' lang='lat' dir='ltr'><strong>sacris</strong></span> <span class='ocrx_word' id='word_1_339' title='bbox 582 2177 610 2205; x_wconf 89' lang='lat' dir='ltr'><strong>in</strong></span> <span class='ocrx_word' id='word_1_340' title='bbox 640 2177 752 2205; x_wconf 88' lang='lat' dir='ltr'><strong>Litteris</strong></span> <span class='ocrx_word' id='word_1_341' title='bbox 780 2182 807 2205; x_wconf 91' lang='lat' dir='ltr'><strong>et</strong></span> <span class='ocrx_word' id='word_1_342' title='bbox 834 2178 973 2213; x_wconf 77' lang='lat' dir='ltr'><strong>prophetis</strong></span> 
     </span>
    </p>
   </div>
   <div class='ocr_carea' id='block_1_46' title="bbox 990 1566 1011 1595">
    <p class='ocr_par' dir='ltr' id='par_1_46' title="bbox 990 1566 1011 1595">
     <span class='ocr_line' id='line_1_46' title="bbox 990 1566 1011 1595; baseline 0 0"><span class='ocrx_word' id='word_1_343' title='bbox 990 1566 1011 1595; x_wconf 71' lang='grc' dir='ltr'><strong>(Σ</strong></span> 
     </span>
    </p>
   </div>
   <div class='ocr_carea' id='block_1_47' title="bbox 890 135 1112 164">
    <p class='ocr_par' dir='ltr' id='par_1_47' title="bbox 890 135 1112 164">
     <span class='ocr_line' id='line_1_47' title="bbox 890 135 1112 164; baseline 0 0"><span class='ocrx_word' id='word_1_344' title='bbox 890 137 918 164; x_wconf 81' lang='lat' dir='ltr'><strong>S.</strong></span> <span class='ocrx_word' id='word_1_345' title='bbox 939 135 1112 164; x_wconf 82' lang='lat' dir='ltr'><strong>EPIPHANII</strong></span> 
     </span>
    </p>
   </div>
   <div class='ocr_carea' id='block_1_48' title="bbox 1767 137 1826 166">
    <p class='ocr_par' dir='ltr' id='par_1_48' title="bbox 1767 137 1826 166">
     <span class='ocr_line' id='line_1_48' title="bbox 1767 137 1826 166; baseline 0 0"><span class='ocrx_word' id='word_1_346' title='bbox 1767 137 1826 166; x_wconf 60' lang='grc'><strong>264·</strong></span> 
     </span>
    </p>
   </div>
   <div class='ocr_carea' id='block_1_49' title="bbox 1032 197 1826 236">
    <p class='ocr_par' dir='ltr' id='par_1_49' title="bbox 1032 197 1826 236">
     <span class='ocr_line' id='line_1_49' title="bbox 1032 197 1826 236; baseline 0 -11"><span class='ocrx_word' id='word_1_347' title='bbox 1032 207 1080 234; x_wconf 86' lang='grc' dir='ltr'><strong>νης</strong></span> <span class='ocrx_word' id='word_1_348' title='bbox 1095 197 1182 230; x_wconf 77' lang='grc' dir='ltr'>ἑστὼς</span> <span class='ocrx_word' id='word_1_349' title='bbox 1197 199 1227 225; x_wconf 84' lang='grc' dir='ltr'>ὲν</span> <span class='ocrx_word' id='word_1_350' title='bbox 1240 199 1273 234; x_wconf 83' lang='grc' dir='ltr'>τῇ</span> <span class='ocrx_word' id='word_1_351' title='bbox 1289 198 1386 234; x_wconf 77' lang='grc' dir='ltr'>ἐρήμῳ</span> <span class='ocrx_word' id='word_1_352' title='bbox 1409 198 1456 225; x_wconf 76' lang='grc' dir='ltr'><strong>καὶ</strong></span> <span class='ocrx_word' id='word_1_353' title='bbox 1471 197 1639 233; x_wconf 72' lang='grc' dir='ltr'>θεασάμενος</span> <span class='ocrx_word' id='word_1_354' title='bbox 1654 198 1735 225; x_wconf 70' lang='grc' dir='ltr'>αὐτὸν</span> <span class='ocrx_word' id='word_1_355' title='bbox 1749 199 1826 236; x_wconf 74' lang='grc' dir='ltr'><strong>ἐρχό-</strong></span> 
     </span>
    </p>
   </div>
   <div class='ocr_carea' id='block_1_50' title="bbox 1031 243 1824 280">
    <p class='ocr_par' dir='ltr' id='par_1_50' title="bbox 1031 243 1824 280">
     <span class='ocr_line' id='line_1_50' title="bbox 1031 243 1824 280; baseline 0 -8"><span class='ocrx_word' id='word_1_356' title='bbox 1031 254 1122 280; x_wconf 83' lang='grc' dir='ltr'><strong>μενον,</strong></span> <span class='ocrx_word' id='word_1_357' title='bbox 1147 245 1257 279; x_wconf 79' lang='grc' dir='ltr'>ἐλεγεν·</span> <span class='ocrx_word' id='word_1_358' title='bbox 1277 243 1372 278; x_wconf 82' lang='grc' dir='ltr'><em>Οὗτός</em></span> <span class='ocrx_word' id='word_1_359' title='bbox 1389 244 1485 277; x_wconf 80' lang='grc' dir='ltr'>ἐστιν,</span> <span class='ocrx_word' id='word_1_360' title='bbox 1513 244 1550 271; x_wconf 84' lang='grc' dir='ltr'><strong>ὃν</strong></span> <span class='ocrx_word' id='word_1_361' title='bbox 1562 243 1650 271; x_wconf 75' lang='grc' dir='ltr'>εἶπον</span> <span class='ocrx_word' id='word_1_362' title='bbox 1674 245 1755 279; x_wconf 79' lang='grc' dir='ltr'>ὑμῖν,</span> <span class='ocrx_word' id='word_1_363' title='bbox 1779 245 1824 272; x_wconf 76' lang='grc' dir='ltr'><strong>ὅτι</strong></span> 
     </span>
    </p>
   </div>
   <div class='ocr_carea' id='block_1_51' title="bbox 1036 288 1826 324">
    <p class='ocr_par' dir='ltr' id='par_1_51' title="bbox 1036 288 1826 324">
     <span class='ocr_line' id='line_1_51' title="bbox 1036 288 1826 324; baseline -0.003 -7"><span class='ocrx_word' id='word_1_364' title='bbox 1036 291 1148 317; x_wconf 78' lang='grc' dir='ltr'>ὐπίσω</span> <span class='ocrx_word' id='word_1_365' title='bbox 1156 299 1216 324; x_wconf 82' lang='grc' dir='ltr'><strong>μου</strong></span> <span class='ocrx_word' id='word_1_366' title='bbox 1232 290 1350 324; x_wconf 79' lang='grc' dir='ltr'>ἔρχεται</span> <span class='ocrx_word' id='word_1_367' title='bbox 1366 289 1455 323; x_wconf 80' lang='grc' dir='ltr'>ἀνὴρ,</span> <span class='ocrx_word' id='word_1_368' title='bbox 1470 289 1504 322; x_wconf 84' lang='grc' dir='ltr'>ὃς</span> <span class='ocrx_word' id='word_1_369' title='bbox 1515 288 1688 324; x_wconf 73' lang='grc' dir='ltr'><strong>ἔμπροσθέν</strong></span> <span class='ocrx_word' id='word_1_370' title='bbox 1703 298 1761 323; x_wconf 84' lang='grc' dir='ltr'>μου</span> <span class='ocrx_word' id='word_1_371' title='bbox 1776 289 1826 323; x_wconf 75' lang='grc' dir='ltr'><strong>γέ-</strong></span> 
     </span>
    </p>
   </div>
   <div class='ocr_carea' id='block_1_52' title="bbox 1028 333 1828 371">
    <p class='ocr_par' dir='ltr' id='par_1_52' title="bbox 1028 333 1828 371">
     <span class='ocr_line' id='line_1_52' title="bbox 1028 333 1828 371; baseline -0.004 -8"><span class='ocrx_word' id='word_1_372' title='bbox 1028 345 1128 371; x_wconf 74' lang='grc' dir='ltr'>γονεν,</span> <span class='ocrx_word' id='word_1_373' title='bbox 1143 336 1187 362; x_wconf 82' lang='grc' dir='ltr'><strong>ὅτι</strong></span> <span class='ocrx_word' id='word_1_374' title='bbox 1202 335 1317 370; x_wconf 81' lang='grc' dir='ltr'>πρῶτός</span> <span class='ocrx_word' id='word_1_375' title='bbox 1328 344 1389 370; x_wconf 87' lang='grc' dir='ltr'><strong>μου</strong></span> <span class='ocrx_word' id='word_1_376' title='bbox 1406 333 1455 370; x_wconf 80' lang='grc' dir='ltr'><strong>ἦν.</strong></span> <span class='ocrx_word' id='word_1_377' title='bbox 1475 335 1529 362; x_wconf 80' lang='grc' dir='ltr'>Καὶ</span> <span class='ocrx_word' id='word_1_378' title='bbox 1545 335 1653 370; x_wconf 78' lang='grc' dir='ltr'>πρῶτον</span> <span class='ocrx_word' id='word_1_379' title='bbox 1674 334 1725 370; x_wconf 86' lang='grc' dir='ltr'><strong>μὲν</strong></span> <span class='ocrx_word' id='word_1_380' title='bbox 1741 335 1828 366; x_wconf 75' lang='grc' dir='ltr'>αὑτὰς</span> 
     </span>
    </p>
   </div>
   <div class='ocr_carea' id='block_1_53' title="bbox 1028 381 1826 418">
    <p class='ocr_par' dir='ltr' id='par_1_53' title="bbox 1028 381 1826 418">
     <span class='ocr_line' id='line_1_53' title="bbox 1028 381 1826 418; baseline -0.003 -9"><span class='ocrx_word' id='word_1_381' title='bbox 1028 383 1077 414; x_wconf 74' lang='grc' dir='ltr'><strong>τὰς</strong></span> <span class='ocrx_word' id='word_1_382' title='bbox 1094 382 1180 416; x_wconf 80' lang='grc' dir='ltr'><strong>λέξεις</strong></span> <span class='ocrx_word' id='word_1_383' title='bbox 1194 383 1232 414; x_wconf 85' lang='grc' dir='ltr'>ὡς</span> <span class='ocrx_word' id='word_1_384' title='bbox 1245 381 1467 418; x_wconf 76' lang='grc' dir='ltr'>καρηϐαροῦντες</span> <span class='ocrx_word' id='word_1_385' title='bbox 1484 381 1648 407; x_wconf 76' lang='grc' dir='ltr'><strong>ἀλλάσσουσι</strong></span> <span class='ocrx_word' id='word_1_386' title='bbox 1661 382 1695 416; x_wconf 82' lang='grc' dir='ltr'>τῇ</span> <span class='ocrx_word' id='word_1_387' title='bbox 1706 381 1826 415; x_wconf 65' lang='grc' dir='ltr'>διανοίᾳ,</span> 
     </span>
    </p>
   </div>
   <div class='ocr_carea' id='block_1_54' title="bbox 1028 426 1826 464">
    <p class='ocr_par' dir='ltr' id='par_1_54' title="bbox 1028 426 1826 464">
     <span class='ocr_line' id='line_1_54' title="bbox 1028 426 1826 464; baseline -0.005 -8"><span class='ocrx_word' id='word_1_388' title='bbox 1028 430 1076 456; x_wconf 72' lang='grc' dir='ltr'><strong>καὶ</strong></span> <span class='ocrx_word' id='word_1_389' title='bbox 1095 429 1219 464; x_wconf 84' lang='grc' dir='ltr'>λέγουσι·</span> <span class='ocrx_word' id='word_1_390' title='bbox 1241 429 1304 460; x_wconf 88' lang='grc' dir='ltr'>Πῶς</span> <span class='ocrx_word' id='word_1_391' title='bbox 1325 428 1404 455; x_wconf 82' lang='grc' dir='ltr'>τοῦτο</span> <span class='ocrx_word' id='word_1_392' title='bbox 1427 427 1580 464; x_wconf 81' lang='grc' dir='ltr'><strong>πληροῦται</strong></span> <span class='ocrx_word' id='word_1_393' title='bbox 1595 429 1624 454; x_wconf 78' lang='grc' dir='ltr'>ὲν</span> <span class='ocrx_word' id='word_1_394' title='bbox 1641 428 1674 462; x_wconf 82' lang='grc' dir='ltr'>τῇ</span> <span class='ocrx_word' id='word_1_395' title='bbox 1698 426 1826 462; x_wconf 73' lang='grc' dir='ltr'>ὲνσάρκῳ</span> 
     </span>
    </p>
   </div>
   <div class='ocr_carea' id='block_1_55' title="bbox 1028 473 1827 511">
    <p class='ocr_par' dir='ltr' id='par_1_55' title="bbox 1028 473 1827 511">
     <span class='ocr_line' id='line_1_55' title="bbox 1028 473 1827 511; baseline -0.004 -9"><span class='ocrx_word' id='word_1_396' title='bbox 1028 476 1177 511; x_wconf 73' lang='grc' dir='ltr'>παρουσίᾳ,</span> <span class='ocrx_word' id='word_1_397' title='bbox 1189 476 1230 502; x_wconf 81' lang='grc' dir='ltr'>ὅτι</span> <span class='ocrx_word' id='word_1_398' title='bbox 1243 476 1294 502; x_wconf 79' lang='grc' dir='ltr'><strong>οὐκ</strong></span> <span class='ocrx_word' id='word_1_399' title='bbox 1305 473 1340 511; x_wconf 81' lang='grc' dir='ltr'>ἦν</span> <span class='ocrx_word' id='word_1_400' title='bbox 1352 475 1405 511; x_wconf 80' lang='grc' dir='ltr'>πρὸ</span> <span class='ocrx_word' id='word_1_401' title='bbox 1422 475 1545 502; x_wconf 79' lang='grc' dir='ltr'>Ἰωάννου</span> <span class='ocrx_word' id='word_1_402' title='bbox 1557 475 1586 501; x_wconf 80' lang='grc' dir='ltr'>ὲν</span> <span class='ocrx_word' id='word_1_403' title='bbox 1596 474 1697 509; x_wconf 74' lang='grc' dir='ltr'>γαστρὶ</span> <span class='ocrx_word' id='word_1_404' title='bbox 1714 474 1827 506; x_wconf 77' lang='grc' dir='ltr'>Μαρίας</span> 
     </span>
    </p>
   </div>
   <div class='ocr_carea' id='block_1_56' title="bbox 1029 518 1823 557">
    <p class='ocr_par' dir='ltr' id='par_1_56' title="bbox 1029 518 1823 557">
     <span class='ocr_line' id='line_1_56' title="bbox 1029 518 1823 557; baseline -0.006 -9"><span class='ocrx_word' id='word_1_405' title='bbox 1029 521 1262 557; x_wconf 53' lang='grc' dir='ltr'>συνειλημμένος</span> <span class='ocrx_word' id='word_1_406' title='bbox 1286 520 1367 547; x_wconf 79' lang='grc' dir='ltr'>Ἀλλὰ</span> <span class='ocrx_word' id='word_1_407' title='bbox 1380 541 1387 552; x_wconf 90' lang='grc'><strong>,</strong></span> <span class='ocrx_word' id='word_1_408' title='bbox 1408 520 1500 555; x_wconf 74' lang='grc' dir='ltr'>φησὶν,</span> <span class='ocrx_word' id='word_1_409' title='bbox 1525 518 1563 550; x_wconf 82' lang='grc' dir='ltr'>ὡς</span> <span class='ocrx_word' id='word_1_410' title='bbox 1578 519 1592 545; x_wconf 82' lang='grc' dir='ltr'><strong><em>ὁ</em></strong></span> <span class='ocrx_word' id='word_1_411' title='bbox 1609 518 1823 553; x_wconf 76' lang='grc' dir='ltr'>εὐαγγελιστής·</span> 
     </span>
    </p>
   </div>
   <div class='ocr_carea' id='block_1_57' title="bbox 1033 565 1826 602">
    <p class='ocr_par' dir='ltr' id='par_1_57' title="bbox 1033 565 1826 602">
     <span class='ocr_line' id='line_1_57' title="bbox 1033 565 1826 602; baseline -0.005 -7"><span class='ocrx_word' id='word_1_412' title='bbox 1033 568 1085 595; x_wconf 81' lang='grc' dir='ltr'><strong>Ἐν</strong></span> <span class='ocrx_word' id='word_1_413' title='bbox 1101 568 1136 594; x_wconf 80' lang='grc' dir='ltr'><strong>δὲ</strong></span> <span class='ocrx_word' id='word_1_414' title='bbox 1160 567 1200 601; x_wconf 82' lang='grc' dir='ltr'><strong>τῷ</strong></span> <span class='ocrx_word' id='word_1_415' title='bbox 1216 567 1293 600; x_wconf 78' lang='grc' dir='ltr'><em>ἕκτῳ</em></span> <span class='ocrx_word' id='word_1_416' title='bbox 1314 566 1388 602; x_wconf 77' lang='grc' dir='ltr'>μηνὶ</span> <span class='ocrx_word' id='word_1_417' title='bbox 1404 565 1563 600; x_wconf 64' lang='grc' dir='ltr'>ἀπεστάλη</span> <span class='ocrx_word' id='word_1_418' title='bbox 1582 567 1599 592; x_wconf 85' lang='grc' dir='ltr'><em>ὁ</em></span> <span class='ocrx_word' id='word_1_419' title='bbox 1621 565 1749 600; x_wconf 76' lang='grc' dir='ltr'>ἅγγελος</span> <span class='ocrx_word' id='word_1_420' title='bbox 1769 566 1826 590; x_wconf 77' lang='lat' dir='ltr'><strong>l‘a—</strong></span> 
     </span>
    </p>
   </div>
   <div class='ocr_carea' id='block_1_58' title="bbox 1027 611 1827 649">
    <p class='ocr_par' dir='ltr' id='par_1_58' title="bbox 1027 611 1827 649">
     <span class='ocr_line' id='line_1_58' title="bbox 1027 611 1827 649; baseline -0.005 -8"><span class='ocrx_word' id='word_1_421' title='bbox 1027 614 1115 649; x_wconf 77' lang='grc' dir='ltr'>ϐριὴλ</span> <span class='ocrx_word' id='word_1_422' title='bbox 1125 615 1169 647; x_wconf 84' lang='grc' dir='ltr'>εἰς</span> <span class='ocrx_word' id='word_1_423' title='bbox 1192 614 1284 641; x_wconf 72' lang='grc' dir='ltr'>πόλιν</span> <span class='ocrx_word' id='word_1_424' title='bbox 1302 613 1357 648; x_wconf 76' lang='grc' dir='ltr'>τῆς</span> <span class='ocrx_word' id='word_1_425' title='bbox 1379 613 1558 646; x_wconf 74' lang='grc' dir='ltr'><strong>Γαλιλαίας,</strong></span> <span class='ocrx_word' id='word_1_426' title='bbox 1578 611 1654 646; x_wconf 73' lang='grc' dir='ltr'>πρὸς</span> <span class='ocrx_word' id='word_1_427' title='bbox 1672 612 1827 645; x_wconf 73' lang='grc' dir='ltr'><strong>παρθένον</strong></span> 
     </span>
    </p>
   </div>
   <div class='ocr_carea' id='block_1_59' title="bbox 1024 656 1827 695">
    <p class='ocr_par' dir='ltr' id='par_1_59' title="bbox 1024 656 1827 695">
     <span class='ocr_line' id='line_1_59' title="bbox 1024 656 1827 695; baseline -0.005 -7"><span class='ocrx_word' id='word_1_428' title='bbox 1024 660 1297 695; x_wconf 78' lang='grc' dir='ltr'>μεμνηστευμένην</span> <span class='ocrx_word' id='word_1_429' title='bbox 1319 659 1422 694; x_wconf 76' lang='grc' dir='ltr'>ἀνδρί,</span> <span class='ocrx_word' id='word_1_430' title='bbox 1451 656 1474 693; x_wconf 83' lang='grc' dir='ltr'><strong>ᾧ</strong></span> <span class='ocrx_word' id='word_1_431' title='bbox 1498 659 1591 694; x_wconf 81' lang='grc' dir='ltr'>ὄνομα</span> <span class='ocrx_word' id='word_1_432' title='bbox 1620 658 1743 693; x_wconf 66' lang='grc' dir='ltr'><strong>Ἰωσήφ.</strong></span> <span class='ocrx_word' id='word_1_433' title='bbox 1771 656 1827 684; x_wconf 75' lang='lat' dir='ltr'><strong>Kut</strong></span> 
     </span>
    </p>
   </div>
   <div class='ocr_carea' id='block_1_60' title="bbox 1026 705 1824 742">
    <p class='ocr_par' dir='ltr' id='par_1_60' title="bbox 1026 705 1824 742">
     <span class='ocr_line' id='line_1_60' title="bbox 1026 705 1824 742; baseline -0.006 -7"><span class='ocrx_word' id='word_1_434' title='bbox 1026 707 1171 735; x_wconf 79' lang='grc' dir='ltr'><strong>εἰσελθὼν</strong></span> <span class='ocrx_word' id='word_1_435' title='bbox 1187 707 1262 742; x_wconf 83' lang='grc' dir='ltr'>πρὸς</span> <span class='ocrx_word' id='word_1_436' title='bbox 1273 707 1370 741; x_wconf 81' lang='grc' dir='ltr'><strong>αὐτὴν</strong></span> <span class='ocrx_word' id='word_1_437' title='bbox 1381 707 1439 741; x_wconf 63' lang='grc' dir='ltr'><strong>ἔφη</strong></span> <span class='ocrx_word' id='word_1_438' title='bbox 1454 716 1459 721; x_wconf 89' lang='grc'><strong>·</strong></span> <span class='ocrx_word' id='word_1_439' title='bbox 1472 706 1572 740; x_wconf 68' lang='lat' dir='ltr'><strong>Xat&#39;pe,</strong></span> <span class='ocrx_word' id='word_1_440' title='bbox 1588 705 1824 740; x_wconf 62' lang='grc' dir='ltr'><strong>κεχαριτωμένη,</strong></span> 
     </span>
    </p>
   </div>
   <div class='ocr_carea' id='block_1_61' title="bbox 1027 750 1825 790">
    <p class='ocr_par' dir='ltr' id='par_1_61' title="bbox 1027 750 1825 790">
     <span class='ocr_line' id='line_1_61' title="bbox 1027 750 1825 790; baseline -0.009 -7"><span class='ocrx_word' id='word_1_441' title='bbox 1027 757 1044 783; x_wconf 80' lang='grc' dir='ltr'><em>ὁ</em></span> <span class='ocrx_word' id='word_1_442' title='bbox 1057 756 1165 790; x_wconf 82' lang='grc' dir='ltr'>Κύριος</span> <span class='ocrx_word' id='word_1_443' title='bbox 1178 753 1254 790; x_wconf 80' lang='grc' dir='ltr'>μετὰ</span> <span class='ocrx_word' id='word_1_444' title='bbox 1269 753 1338 785; x_wconf 86' lang='grc' dir='ltr'>σοῦ,</span> <span class='ocrx_word' id='word_1_445' title='bbox 1354 753 1402 780; x_wconf 75' lang='grc' dir='ltr'><strong>καὶ</strong></span> <span class='ocrx_word' id='word_1_446' title='bbox 1419 752 1453 779; x_wconf 82' lang='grc' dir='ltr'>τὰ</span> <span class='ocrx_word' id='word_1_447' title='bbox 1473 751 1555 780; x_wconf 83' lang='grc' dir='ltr'>λοιπὰ</span> <span class='ocrx_word' id='word_1_448' title='bbox 1579 751 1628 787; x_wconf 82' lang='grc' dir='ltr'>τῆς</span> <span class='ocrx_word' id='word_1_449' title='bbox 1651 750 1825 782; x_wconf 66' lang='grc' dir='ltr'>ἀκολουθίας.</span> 
     </span>
    </p>
   </div>
   <div class='ocr_carea' id='block_1_62' title="bbox 1033 797 1824 837">
    <p class='ocr_par' dir='ltr' id='par_1_62' title="bbox 1033 797 1824 837">
     <span class='ocr_line' id='line_1_62' title="bbox 1033 797 1824 837; baseline -0.008 -8"><span class='ocrx_word' id='word_1_450' title='bbox 1033 802 1077 834; x_wconf 88' lang='grc' dir='ltr'>Ὧς</span> <span class='ocrx_word' id='word_1_451' title='bbox 1100 800 1147 829; x_wconf 77' lang='grc' dir='ltr'><strong>οὖν</strong></span> <span class='ocrx_word' id='word_1_452' title='bbox 1163 802 1180 837; x_wconf 83' lang='grc' dir='ltr'>ὴ</span> <span class='ocrx_word' id='word_1_453' title='bbox 1206 800 1346 837; x_wconf 79' lang='grc' dir='ltr'>Παρθένος</span> <span class='ocrx_word' id='word_1_454' title='bbox 1366 799 1413 826; x_wconf 72' lang='grc' dir='ltr'><strong>ἐπὶ</strong></span> <span class='ocrx_word' id='word_1_455' title='bbox 1434 799 1473 834; x_wconf 80' lang='grc' dir='ltr'><strong>τῷ</strong></span> <span class='ocrx_word' id='word_1_456' title='bbox 1488 798 1627 834; x_wconf 84' lang='grc' dir='ltr'><strong>ἀσπασμῷ</strong></span> <span class='ocrx_word' id='word_1_457' title='bbox 1642 797 1824 833; x_wconf 75' lang='grc' dir='ltr'>ἐταράσσετο,</span> 
     </span>
    </p>
   </div>
   <div class='ocr_carea' id='block_1_63' title="bbox 1026 841 1826 883">
    <p class='ocr_par' dir='ltr' id='par_1_63' title="bbox 1026 841 1826 883">
     <span class='ocr_line' id='line_1_63' title="bbox 1026 841 1826 883; baseline -0.008 -9"><span class='ocrx_word' id='word_1_458' title='bbox 1026 847 1079 883; x_wconf 76' lang='grc' dir='ltr'><strong>ἔφη</strong></span> <span class='ocrx_word' id='word_1_459' title='bbox 1096 847 1165 883; x_wconf 81' lang='grc' dir='ltr'>πρὸς</span> <span class='ocrx_word' id='word_1_460' title='bbox 1181 847 1280 881; x_wconf 77' lang='grc' dir='ltr'>αὑτήν·</span> <span class='ocrx_word' id='word_1_461' title='bbox 1300 845 1379 873; x_wconf 85' lang='grc' dir='ltr'><strong>ἰδοὺ</strong></span> <span class='ocrx_word' id='word_1_462' title='bbox 1399 843 1550 879; x_wconf 55' lang='lat' dir='ltr'><strong>eumne&quot;</strong></span> <span class='ocrx_word' id='word_1_463' title='bbox 1569 843 1604 870; x_wconf 70' lang='grc' dir='ltr'><strong>ἐν</strong></span> <span class='ocrx_word' id='word_1_464' title='bbox 1631 842 1752 878; x_wconf 74' lang='grc' dir='ltr'>γαστρὶ,</span> <span class='ocrx_word' id='word_1_465' title='bbox 1775 841 1826 868; x_wconf 68' lang='grc' dir='ltr'><strong>ναὶ</strong></span> 
     </span>
    </p>
   </div>
   <div class='ocr_carea' id='block_1_64' title="bbox 1029 888 1825 927">
    <p class='ocr_par' dir='ltr' id='par_1_64' title="bbox 1029 888 1825 927">
     <span class='ocr_line' id='line_1_64' title="bbox 1029 888 1825 927; baseline -0.006 -7"><span class='ocrx_word' id='word_1_466' title='bbox 1029 893 1103 927; x_wconf 82' lang='grc' dir='ltr'><strong>τέξῃ</strong></span> <span class='ocrx_word' id='word_1_467' title='bbox 1117 892 1194 924; x_wconf 70' lang='lat' dir='ltr'><strong>olor,</strong></span> <span class='ocrx_word' id='word_1_468' title='bbox 1207 891 1256 918; x_wconf 76' lang='grc' dir='ltr'>καί</span> <span class='ocrx_word' id='word_1_469' title='bbox 1270 890 1409 923; x_wconf 79' lang='grc' dir='ltr'><strong>καλέσεις</strong></span> <span class='ocrx_word' id='word_1_470' title='bbox 1425 890 1458 916; x_wconf 79' lang='grc' dir='ltr'><em>τὸ</em></span> <span class='ocrx_word' id='word_1_471' title='bbox 1470 890 1563 924; x_wconf 77' lang='grc' dir='ltr'>ὄνομα</span> <span class='ocrx_word' id='word_1_472' title='bbox 1576 888 1670 916; x_wconf 76' lang='grc' dir='ltr'>αὑτοῦ</span> <span class='ocrx_word' id='word_1_473' title='bbox 1689 888 1825 922; x_wconf 82' lang='grc' dir='ltr'><strong>Ἰησοῦν.</strong></span> 
     </span>
    </p>
   </div>
   <div class='ocr_carea' id='block_1_65' title="bbox 1031 934 1828 972">
    <p class='ocr_par' dir='ltr' id='par_1_65' title="bbox 1031 934 1828 972">
     <span class='ocr_line' id='line_1_65' title="bbox 1031 934 1828 972; baseline -0.005 -7"><span class='ocrx_word' id='word_1_474' title='bbox 1031 939 1085 966; x_wconf 78' lang='grc' dir='ltr'><strong>Καὶ</strong></span> <span class='ocrx_word' id='word_1_475' title='bbox 1098 938 1162 965; x_wconf 81' lang='grc' dir='ltr'><strong>ἰδοὺ</strong></span> <span class='ocrx_word' id='word_1_476' title='bbox 1175 938 1194 972; x_wconf 80' lang='grc' dir='ltr'><strong><em>ἡ</em></strong></span> <span class='ocrx_word' id='word_1_477' title='bbox 1206 937 1357 972; x_wconf 59' lang='grc' dir='ltr'>συγγενής</span> <span class='ocrx_word' id='word_1_478' title='bbox 1377 944 1435 964; x_wconf 89' lang='grc' dir='ltr'>σου</span> <span class='ocrx_word' id='word_1_479' title='bbox 1453 935 1606 963; x_wconf 73' lang='grc' dir='ltr'><strong>Ἐλισάϐετ</strong></span> <span class='ocrx_word' id='word_1_480' title='bbox 1620 934 1828 970; x_wconf 62' lang='grc' dir='ltr'>συνειληφυῖα</span> 
     </span>
    </p>
   </div>
   <div class='ocr_carea' id='block_1_66' title="bbox 1031 979 1826 1019">
    <p class='ocr_par' dir='ltr' id='par_1_66' title="bbox 1031 979 1826 1019">
     <span class='ocr_line' id='line_1_66' title="bbox 1031 979 1826 1019; baseline -0.008 -7"><span class='ocrx_word' id='word_1_481' title='bbox 1031 984 1098 1012; x_wconf 76' lang='grc' dir='ltr'><strong>υΙῶν</strong></span> <span class='ocrx_word' id='word_1_482' title='bbox 1126 985 1162 1011; x_wconf 75' lang='grc' dir='ltr'><strong>ἐν</strong></span> <span class='ocrx_word' id='word_1_483' title='bbox 1196 983 1274 1019; x_wconf 65' lang='grc' dir='ltr'><strong>Τήρᾳ</strong></span> <span class='ocrx_word' id='word_1_484' title='bbox 1297 982 1411 1017; x_wconf 75' lang='grc' dir='ltr'>αὐτῆς,</span> <span class='ocrx_word' id='word_1_485' title='bbox 1443 982 1492 1009; x_wconf 79' lang='grc' dir='ltr'><strong>καὶ</strong></span> <span class='ocrx_word' id='word_1_486' title='bbox 1520 979 1609 1014; x_wconf 83' lang='grc' dir='ltr'>οὗτος</span> <span class='ocrx_word' id='word_1_487' title='bbox 1637 980 1702 1016; x_wconf 78' lang='grc' dir='ltr'><strong>μὴν</strong></span> <span class='ocrx_word' id='word_1_488' title='bbox 1735 980 1826 1014; x_wconf 77' lang='grc' dir='ltr'>ἕκτος</span> 
     </span>
    </p>
   </div>
   <div class='ocr_carea' id='block_1_67' title="bbox 1030 1026 1826 1064">
    <p class='ocr_par' dir='ltr' id='par_1_67' title="bbox 1030 1026 1826 1064">
     <span class='ocr_line' id='line_1_67' title="bbox 1030 1026 1826 1064; baseline -0.006 -7"><span class='ocrx_word' id='word_1_489' title='bbox 1030 1031 1118 1058; x_wconf 79' lang='grc' dir='ltr'><em>ἐστὶν</em></span> <span class='ocrx_word' id='word_1_490' title='bbox 1145 1029 1224 1064; x_wconf 78' lang='grc' dir='ltr'><strong>αὐτῇ</strong></span> <span class='ocrx_word' id='word_1_491' title='bbox 1251 1028 1287 1063; x_wconf 78' lang='grc' dir='ltr'><strong>τῇ</strong></span> <span class='ocrx_word' id='word_1_492' title='bbox 1316 1027 1490 1062; x_wconf 76' lang='grc' dir='ltr'><strong>καλουμένῃ</strong></span> <span class='ocrx_word' id='word_1_493' title='bbox 1517 1027 1630 1061; x_wconf 75' lang='grc' dir='ltr'>στείρᾳ.</span> <span class='ocrx_word' id='word_1_494' title='bbox 1656 1026 1712 1053; x_wconf 77' lang='grc' dir='ltr'><strong>Καὶ</strong></span> <span class='ocrx_word' id='word_1_495' title='bbox 1741 1026 1826 1061; x_wconf 74' lang='grc' dir='ltr'>ὁρᾷς,</span> 
     </span>
    </p>
   </div>
   <div class='ocr_carea' id='block_1_68' title="bbox 1030 1072 1825 1112">
    <p class='ocr_par' dir='ltr' id='par_1_68' title="bbox 1030 1072 1825 1112">
     <span class='ocr_line' id='line_1_68' title="bbox 1030 1072 1825 1112; baseline -0.006 -9"><span class='ocrx_word' id='word_1_496' title='bbox 1030 1077 1124 1112; x_wconf 67' lang='grc' dir='ltr'>φησιν,</span> <span class='ocrx_word' id='word_1_497' title='bbox 1136 1077 1176 1103; x_wconf 81' lang='grc' dir='ltr'>ὅτι</span> <span class='ocrx_word' id='word_1_498' title='bbox 1188 1075 1241 1111; x_wconf 86' lang='grc' dir='ltr'><strong>πρὸ</strong></span> <span class='ocrx_word' id='word_1_499' title='bbox 1254 1075 1282 1109; x_wconf 80' lang='grc' dir='ltr'><strong>ἒξ</strong></span> <span class='ocrx_word' id='word_1_500' title='bbox 1295 1074 1388 1110; x_wconf 83' lang='grc' dir='ltr'>μηνῶν</span> <span class='ocrx_word' id='word_1_501' title='bbox 1400 1075 1447 1101; x_wconf 85' lang='grc' dir='ltr'><strong>τοῦ</strong></span> <span class='ocrx_word' id='word_1_502' title='bbox 1460 1073 1687 1108; x_wconf 77' lang='grc' dir='ltr'>εὐαγγελισθῆναι</span> <span class='ocrx_word' id='word_1_503' title='bbox 1699 1072 1825 1108; x_wconf 81' lang='grc' dir='ltr'><strong>Μαρίαν,</strong></span> 
     </span>
    </p>
   </div>
   <div class='ocr_carea' id='block_1_69' title="bbox 1030 1118 1825 1159">
    <p class='ocr_par' dir='ltr' id='par_1_69' title="bbox 1030 1118 1825 1159">
     <span class='ocr_line' id='line_1_69' title="bbox 1030 1118 1825 1159; baseline -0.008 -9"><span class='ocrx_word' id='word_1_504' title='bbox 1030 1123 1081 1159; x_wconf 76' lang='grc' dir='ltr'><strong>ἤδη</strong></span> <span class='ocrx_word' id='word_1_505' title='bbox 1096 1122 1273 1158; x_wconf 77' lang='grc' dir='ltr'>προϋπῆρχεν</span> <span class='ocrx_word' id='word_1_506' title='bbox 1286 1122 1301 1147; x_wconf 84' lang='grc' dir='ltr'><strong><em>ὁ</em></strong></span> <span class='ocrx_word' id='word_1_507' title='bbox 1320 1121 1458 1156; x_wconf 77' lang='grc' dir='ltr'>Ἰωάννης.</span> <span class='ocrx_word' id='word_1_508' title='bbox 1478 1121 1540 1152; x_wconf 85' lang='grc' dir='ltr'>Πῶς</span> <span class='ocrx_word' id='word_1_509' title='bbox 1557 1118 1604 1148; x_wconf 76' lang='grc' dir='ltr'><strong>οὖν</strong></span> <span class='ocrx_word' id='word_1_510' title='bbox 1618 1119 1659 1151; x_wconf 78' lang='grc' dir='ltr'><strong>τὸ,</strong></span> <span class='ocrx_word' id='word_1_511' title='bbox 1676 1118 1733 1153; x_wconf 80' lang='grc' dir='ltr'><strong>πρὸ</strong></span> <span class='ocrx_word' id='word_1_512' title='bbox 1749 1118 1825 1153; x_wconf 79' lang='grc' dir='ltr'>ἐμοῦ</span> 
     </span>
    </p>
   </div>
   <div class='ocr_carea' id='block_1_70' title="bbox 1028 1165 1826 1204">
    <p class='ocr_par' dir='ltr' id='par_1_70' title="bbox 1028 1165 1826 1204">
     <span class='ocr_line' id='line_1_70' title="bbox 1028 1165 1826 1204; baseline -0.008 -7"><span class='ocrx_word' id='word_1_513' title='bbox 1028 1169 1157 1204; x_wconf 77' lang='grc' dir='ltr'>ἐγένετο,</span> <span class='ocrx_word' id='word_1_514' title='bbox 1175 1170 1204 1195; x_wconf 81' lang='grc' dir='ltr'>ὲν</span> <span class='ocrx_word' id='word_1_515' title='bbox 1227 1168 1260 1203; x_wconf 81' lang='grc' dir='ltr'>τῇ</span> <span class='ocrx_word' id='word_1_516' title='bbox 1276 1167 1401 1203; x_wconf 76' lang='grc' dir='ltr'>ὲνσάρκῳ</span> <span class='ocrx_word' id='word_1_517' title='bbox 1417 1167 1554 1203; x_wconf 77' lang='grc' dir='ltr'>παρουσίᾳ</span> <span class='ocrx_word' id='word_1_518' title='bbox 1570 1165 1688 1203; x_wconf 79' lang='grc' dir='ltr'>Χριστοῦ</span> <span class='ocrx_word' id='word_1_519' title='bbox 1713 1165 1826 1200; x_wconf 84' lang='grc' dir='ltr'>πληρω-</span> 
     </span>
    </p>
   </div>
   <div class='ocr_carea' id='block_1_71' title="bbox 1030 1212 1826 1252">
    <p class='ocr_par' dir='ltr' id='par_1_71' title="bbox 1030 1212 1826 1252">
     <span class='ocr_line' id='line_1_71' title="bbox 1030 1212 1826 1252; baseline -0.006 -9"><span class='ocrx_word' id='word_1_520' title='bbox 1030 1217 1160 1252; x_wconf 76' lang='grc' dir='ltr'>θήσεταις</span> <span class='ocrx_word' id='word_1_521' title='bbox 1181 1216 1229 1248; x_wconf 82' lang='grc' dir='ltr'>Τίς</span> <span class='ocrx_word' id='word_1_522' title='bbox 1249 1216 1276 1242; x_wconf 84' lang='grc' dir='ltr'><strong>δὲ</strong></span> <span class='ocrx_word' id='word_1_523' title='bbox 1298 1215 1351 1242; x_wconf 88' lang='grc' dir='ltr'><strong>τῶν</strong></span> <span class='ocrx_word' id='word_1_524' title='bbox 1375 1215 1512 1250; x_wconf 76' lang='grc' dir='ltr'>ἀκεραίων</span> <span class='ocrx_word' id='word_1_525' title='bbox 1537 1214 1575 1250; x_wconf 84' lang='grc' dir='ltr'>μὴ</span> <span class='ocrx_word' id='word_1_526' title='bbox 1593 1214 1640 1241; x_wconf 69' lang='grc' dir='ltr'>καὶ</span> <span class='ocrx_word' id='word_1_527' title='bbox 1664 1214 1693 1240; x_wconf 86' lang='grc' dir='ltr'>ὲν</span> <span class='ocrx_word' id='word_1_528' title='bbox 1718 1212 1826 1247; x_wconf 76' lang='grc' dir='ltr'>διανοίᾳ</span> 
     </span>
    </p>
   </div>
   <div class='ocr_carea' id='block_1_72' title="bbox 1029 1258 1826 1299">
    <p class='ocr_par' dir='ltr' id='par_1_72' title="bbox 1029 1258 1826 1299">
     <span class='ocr_line' id='line_1_72' title="bbox 1029 1258 1826 1299; baseline -0.005 -10"><span class='ocrx_word' id='word_1_529' title='bbox 1029 1258 1150 1299; x_wconf 75' lang='grc' dir='ltr'>ἐναργῶς</span> <span class='ocrx_word' id='word_1_530' title='bbox 1164 1261 1364 1298; x_wconf 83' lang='grc' dir='ltr'>ὲδραιωμένων,</span> <span class='ocrx_word' id='word_1_531' title='bbox 1380 1261 1500 1293; x_wconf 81' lang='grc' dir='ltr'>ἀκούσας</span> <span class='ocrx_word' id='word_1_532' title='bbox 1515 1260 1545 1288; x_wconf 71' lang='grc' dir='ltr'>τὸ</span> <span class='ocrx_word' id='word_1_533' title='bbox 1565 1260 1656 1296; x_wconf 82' lang='grc' dir='ltr'>ῥητὸν,</span> <span class='ocrx_word' id='word_1_534' title='bbox 1682 1259 1714 1287; x_wconf 85' lang='grc' dir='ltr'><strong>οὐ</strong></span> <span class='ocrx_word' id='word_1_535' title='bbox 1737 1267 1826 1294; x_wconf 79' lang='grc' dir='ltr'>ταρα-</span> 
     </span>
    </p>
   </div>
   <div class='ocr_carea' id='block_1_73' title="bbox 1028 1305 1823 1345">
    <p class='ocr_par' dir='ltr' id='par_1_73' title="bbox 1028 1305 1823 1345">
     <span class='ocr_line' id='line_1_73' title="bbox 1028 1305 1823 1345; baseline -0.006 -9"><span class='ocrx_word' id='word_1_536' title='bbox 1028 1309 1180 1345; x_wconf 77' lang='grc' dir='ltr'>χθήσεται;</span> <span class='ocrx_word' id='word_1_537' title='bbox 1195 1308 1277 1343; x_wconf 77' lang='grc' dir='ltr'>Λέγει</span> <span class='ocrx_word' id='word_1_538' title='bbox 1301 1308 1370 1343; x_wconf 87' lang='grc' dir='ltr'>γάρ·</span> <span class='ocrx_word' id='word_1_539' title='bbox 1390 1307 1430 1334; x_wconf 84' lang='grc' dir='ltr'>Τὰ</span> <span class='ocrx_word' id='word_1_540' title='bbox 1454 1307 1602 1341; x_wconf 83' lang='grc' dir='ltr'>ἀναγκαῖα,</span> <span class='ocrx_word' id='word_1_541' title='bbox 1619 1306 1666 1333; x_wconf 80' lang='grc' dir='ltr'><strong>καὶ</strong></span> <span class='ocrx_word' id='word_1_542' title='bbox 1686 1305 1823 1341; x_wconf 76' lang='grc' dir='ltr'>ἀκέραια,</span> 
     </span>
    </p>
   </div>
   <div class='ocr_carea' id='block_1_74' title="bbox 1028 1349 1825 1388">
    <p class='ocr_par' dir='ltr' id='par_1_74' title="bbox 1028 1349 1825 1388">
     <span class='ocr_line' id='line_1_74' title="bbox 1028 1349 1825 1388; baseline -0.005 -8"><span class='ocrx_word' id='word_1_543' title='bbox 1028 1353 1077 1380; x_wconf 71' lang='grc' dir='ltr'>καὶ</span> <span class='ocrx_word' id='word_1_544' title='bbox 1093 1352 1197 1385; x_wconf 82' lang='grc' dir='ltr'>ζωτικὰ</span> <span class='ocrx_word' id='word_1_545' title='bbox 1222 1352 1257 1379; x_wconf 73' lang='grc' dir='ltr'>τὰ</span> <span class='ocrx_word' id='word_1_546' title='bbox 1275 1353 1325 1388; x_wconf 82' lang='grc' dir='ltr'><strong>τῆς</strong></span> <span class='ocrx_word' id='word_1_547' title='bbox 1351 1351 1426 1384; x_wconf 80' lang='grc' dir='ltr'>θείας</span> <span class='ocrx_word' id='word_1_548' title='bbox 1443 1352 1555 1387; x_wconf 76' lang='grc' dir='ltr'>Γραφῆς</span> <span class='ocrx_word' id='word_1_549' title='bbox 1581 1353 1637 1383; x_wconf 84' lang='grc' dir='ltr'>τοῖς</span> <span class='ocrx_word' id='word_1_550' title='bbox 1655 1350 1690 1378; x_wconf 80' lang='grc' dir='ltr'>τὰ</span> <span class='ocrx_word' id='word_1_551' title='bbox 1714 1349 1825 1385; x_wconf 68' lang='grc' dir='ltr'>πονηρὰ</span> 
     </span>
    </p>
   </div>
   <div class='ocr_carea' id='block_1_75' title="bbox 1028 1397 1822 1434">
    <p class='ocr_par' dir='ltr' id='par_1_75' title="bbox 1028 1397 1822 1434">
     <span class='ocr_line' id='line_1_75' title="bbox 1028 1397 1822 1434; baseline -0.003 -8"><span class='ocrx_word' id='word_1_552' title='bbox 1028 1400 1134 1431; x_wconf 79' lang='grc' dir='ltr'><strong>ἑαυτοῖς</strong></span> <span class='ocrx_word' id='word_1_553' title='bbox 1152 1398 1355 1434; x_wconf 63' lang='grc' dir='ltr'>ἐπιδ-κτωμένοις</span> <span class='ocrx_word' id='word_1_554' title='bbox 1375 1397 1475 1434; x_wconf 81' lang='grc' dir='ltr'>μᾶλλον</span> <span class='ocrx_word' id='word_1_555' title='bbox 1501 1397 1708 1434; x_wconf 79' lang='grc' dir='ltr'>βλαὸλερώτερα</span> <span class='ocrx_word' id='word_1_556' title='bbox 1725 1399 1822 1432; x_wconf 84' lang='grc' dir='ltr'>φαίνε-</span> 
     </span>
    </p>
   </div>
   <div class='ocr_carea' id='block_1_76' title="bbox 1027 1445 1824 1481">
    <p class='ocr_par' dir='ltr' id='par_1_76' title="bbox 1027 1445 1824 1481">
     <span class='ocr_line' id='line_1_76' title="bbox 1027 1445 1824 1481; baseline -0.001 -9"><span class='ocrx_word' id='word_1_557' title='bbox 1027 1455 1082 1479; x_wconf 83' lang='grc' dir='ltr'>ται,</span> <span class='ocrx_word' id='word_1_558' title='bbox 1096 1445 1149 1472; x_wconf 76' lang='grc' dir='ltr'><strong>τῶν</strong></span> <span class='ocrx_word' id='word_1_559' title='bbox 1165 1445 1254 1481; x_wconf 78' lang='grc' dir='ltr'>ῥητῶν</span> <span class='ocrx_word' id='word_1_560' title='bbox 1280 1445 1369 1480; x_wconf 78' lang='grc' dir='ltr'>πάντη</span> <span class='ocrx_word' id='word_1_561' title='bbox 1393 1445 1422 1472; x_wconf 77' lang='grc' dir='ltr'>ὲν</span> <span class='ocrx_word' id='word_1_562' title='bbox 1439 1445 1579 1480; x_wconf 81' lang='grc' dir='ltr'>Πνεύματι</span> <span class='ocrx_word' id='word_1_563' title='bbox 1598 1445 1667 1481; x_wconf 81' lang='grc' dir='ltr'>ἁγίῳ</span> <span class='ocrx_word' id='word_1_564' title='bbox 1683 1453 1824 1481; x_wconf 81' lang='grc' dir='ltr'>κατηυγα-</span> 
     </span>
    </p>
   </div>
   <div class='ocr_carea' id='block_1_77' title="bbox 1028 1491 1823 1527">
    <p class='ocr_par' dir='ltr' id='par_1_77' title="bbox 1028 1491 1823 1527">
     <span class='ocr_line' id='line_1_77' title="bbox 1028 1491 1823 1527; baseline 0 -9"><span class='ocrx_word' id='word_1_565' title='bbox 1028 1491 1146 1527; x_wconf 82' lang='grc' dir='ltr'>σμένων.</span> <span class='ocrx_word' id='word_1_566' title='bbox 1161 1492 1194 1517; x_wconf 87' lang='grc' dir='ltr'><strong>Τί</strong></span> <span class='ocrx_word' id='word_1_567' title='bbox 1209 1491 1262 1527; x_wconf 82' lang='grc' dir='ltr'>γὰρ</span> <span class='ocrx_word' id='word_1_568' title='bbox 1278 1491 1493 1527; x_wconf 76' lang='grc' dir='ltr'>παραλέλειπται</span> <span class='ocrx_word' id='word_1_569' title='bbox 1508 1491 1547 1526; x_wconf 85' lang='grc' dir='ltr'>τῷ</span> <span class='ocrx_word' id='word_1_570' title='bbox 1561 1491 1635 1527; x_wconf 82' lang='grc' dir='ltr'>ρητῷ</span> <span class='ocrx_word' id='word_1_571' title='bbox 1651 1491 1720 1527; x_wconf 80' lang='grc' dir='ltr'>πρὸς</span> <span class='ocrx_word' id='word_1_572' title='bbox 1732 1492 1823 1526; x_wconf 80' lang='grc' dir='ltr'>ἀσφά-</span> 
     </span>
    </p>
   </div>
   <div class='ocr_carea' id='block_1_78' title="bbox 1027 1534 1822 1572">
    <p class='ocr_par' dir='ltr' id='par_1_78' title="bbox 1027 1534 1822 1572">
     <span class='ocr_line' id='line_1_78' title="bbox 1027 1534 1822 1572; baseline 0 -8"><span class='ocrx_word' id='word_1_573' title='bbox 1027 1537 1103 1564; x_wconf 78' lang='grc' dir='ltr'>λειαν</span> <span class='ocrx_word' id='word_1_574' title='bbox 1116 1545 1122 1570; x_wconf 94' lang='grc'><strong>;</strong></span> <span class='ocrx_word' id='word_1_575' title='bbox 1150 1537 1228 1565; x_wconf 80' lang='grc' dir='ltr'><strong>Ἰδοὺ</strong></span> <span class='ocrx_word' id='word_1_576' title='bbox 1244 1537 1309 1572; x_wconf 77' lang='grc' dir='ltr'>γὰρ,</span> <span class='ocrx_word' id='word_1_577' title='bbox 1327 1537 1413 1571; x_wconf 83' lang='grc' dir='ltr'>λέγει,</span> <span class='ocrx_word' id='word_1_578' title='bbox 1426 1536 1467 1563; x_wconf 85' lang='grc' dir='ltr'>ὃτι</span> <span class='ocrx_word' id='word_1_579' title='bbox 1483 1534 1574 1569; x_wconf 83' lang='grc' dir='ltr'>οὗτός</span> <span class='ocrx_word' id='word_1_580' title='bbox 1585 1537 1661 1569; x_wconf 78' lang='grc' dir='ltr'>ἐστι,</span> <span class='ocrx_word' id='word_1_581' title='bbox 1677 1537 1708 1563; x_wconf 82' lang='grc' dir='ltr'>τὸ</span> <span class='ocrx_word' id='word_1_582' title='bbox 1722 1537 1822 1572; x_wconf 75' lang='grc' dir='ltr'>ὁρατὸν</span> 
     </span>
    </p>
   </div>
   <div class='ocr_carea' id='block_1_79' title="bbox 1029 1580 1822 1618">
    <p class='ocr_par' dir='ltr' id='par_1_79' title="bbox 1029 1580 1822 1618">
     <span class='ocr_line' id='line_1_79' title="bbox 1029 1580 1822 1618; baseline 0.001 -9"><span class='ocrx_word' id='word_1_583' title='bbox 1029 1583 1180 1618; x_wconf 79' lang='grc' dir='ltr'>σημαίνων,</span> <span class='ocrx_word' id='word_1_584' title='bbox 1202 1583 1250 1609; x_wconf 70' lang='grc' dir='ltr'><strong>καὶ</strong></span> <span class='ocrx_word' id='word_1_585' title='bbox 1271 1581 1454 1608; x_wconf 69' lang='grc' dir='ltr'>ὑποδεικνύων</span> <span class='ocrx_word' id='word_1_586' title='bbox 1473 1582 1530 1612; x_wconf 85' lang='grc' dir='ltr'>τοῖς</span> <span class='ocrx_word' id='word_1_587' title='bbox 1547 1581 1657 1617; x_wconf 83' lang='grc' dir='ltr'>ὁρῶσιν,</span> <span class='ocrx_word' id='word_1_588' title='bbox 1682 1581 1719 1608; x_wconf 81' lang='grc' dir='ltr'><strong>ὃν</strong></span> <span class='ocrx_word' id='word_1_589' title='bbox 1733 1580 1822 1610; x_wconf 80' lang='grc' dir='ltr'>εἷπον</span> 
     </span>
    </p>
   </div>
   <div class='ocr_carea' id='block_1_80' title="bbox 1027 1627 1822 1665">
    <p class='ocr_par' dir='ltr' id='par_1_80' title="bbox 1027 1627 1822 1665">
     <span class='ocr_line' id='line_1_80' title="bbox 1027 1627 1822 1665; baseline 0 -9"><span class='ocrx_word' id='word_1_590' title='bbox 1027 1629 1109 1664; x_wconf 81' lang='grc' dir='ltr'>ὑμῖν,</span> <span class='ocrx_word' id='word_1_591' title='bbox 1133 1629 1178 1656; x_wconf 84' lang='grc' dir='ltr'><strong>ὅτι</strong></span> <span class='ocrx_word' id='word_1_592' title='bbox 1205 1629 1302 1656; x_wconf 84' lang='grc' dir='ltr'><em>ὀπίσω</em></span> <span class='ocrx_word' id='word_1_593' title='bbox 1325 1637 1386 1663; x_wconf 84' lang='grc' dir='ltr'><strong>μου</strong></span> <span class='ocrx_word' id='word_1_594' title='bbox 1412 1627 1539 1663; x_wconf 67' lang='grc' dir='ltr'>ἔρχεται.</span> <span class='ocrx_word' id='word_1_595' title='bbox 1567 1628 1622 1655; x_wconf 78' lang='grc' dir='ltr'><strong>Καὶ</strong></span> <span class='ocrx_word' id='word_1_596' title='bbox 1645 1629 1688 1660; x_wconf 84' lang='grc' dir='ltr'><strong>τίς</strong></span> <span class='ocrx_word' id='word_1_597' title='bbox 1710 1628 1822 1665; x_wconf 79' lang='grc' dir='ltr'>ἔρχεται</span> 
     </span>
    </p>
   </div>
   <div class='ocr_carea' id='block_1_81' title="bbox 1027 1674 1230 1710">
    <p class='ocr_par' dir='ltr' id='par_1_81' title="bbox 1027 1674 1230 1710">
     <span class='ocr_line' id='line_1_81' title="bbox 1027 1674 1230 1710; baseline 0.005 -10"><span class='ocrx_word' id='word_1_598' title='bbox 1027 1674 1086 1701; x_wconf 81' lang='grc' dir='ltr'>ἀλλ’</span> <span class='ocrx_word' id='word_1_599' title='bbox 1107 1674 1123 1710; x_wconf 80' lang='grc' dir='ltr'>ἢ</span> <span class='ocrx_word' id='word_1_600' title='bbox 1139 1675 1230 1710; x_wconf 82' lang='grc' dir='ltr'>ἁνήρ;</span> 
     </span>
    </p>
   </div>
   <div class='ocr_carea' id='block_1_82' title="bbox 1062 1717 1820 1754">
    <p class='ocr_par' dir='ltr' id='par_1_82' title="bbox 1062 1717 1820 1754">
     <span class='ocr_line' id='line_1_82' title="bbox 1062 1717 1820 1754; baseline 0.001 -9"><span class='ocrx_word' id='word_1_601' title='bbox 1062 1719 1157 1750; x_wconf 70' lang='grc' dir='ltr'>Οὐδεὶς</span> <span class='ocrx_word' id='word_1_602' title='bbox 1175 1718 1204 1745; x_wconf 83' lang='grc' dir='ltr'>δὲ</span> <span class='ocrx_word' id='word_1_603' title='bbox 1221 1717 1276 1745; x_wconf 83' lang='grc' dir='ltr'><strong>τῶν</strong></span> <span class='ocrx_word' id='word_1_604' title='bbox 1296 1717 1403 1745; x_wconf 72' lang='grc' dir='ltr'>σύνεσιν</span> <span class='ocrx_word' id='word_1_605' title='bbox 1428 1718 1608 1753; x_wconf 78' lang='grc' dir='ltr'>κεκτημένων</span> <span class='ocrx_word' id='word_1_606' title='bbox 1633 1717 1718 1754; x_wconf 83' lang='grc' dir='ltr'>ἄνδρα</span> <span class='ocrx_word' id='word_1_607' title='bbox 1742 1719 1820 1754; x_wconf 73' lang='grc' dir='ltr'>ψιλὸν</span> 
     </span>
    </p>
   </div>
   <div class='ocr_carea' id='block_1_83' title="bbox 1026 1763 1819 1800">
    <p class='ocr_par' dir='ltr' id='par_1_83' title="bbox 1026 1763 1819 1800">
     <span class='ocr_line' id='line_1_83' title="bbox 1026 1763 1819 1800; baseline 0.001 -9"><span class='ocrx_word' id='word_1_608' title='bbox 1026 1765 1147 1800; x_wconf 77' lang='grc' dir='ltr'>νομίσειε</span> <span class='ocrx_word' id='word_1_609' title='bbox 1163 1765 1209 1791; x_wconf 78' lang='grc' dir='ltr'>τὸν</span> <span class='ocrx_word' id='word_1_610' title='bbox 1226 1764 1327 1800; x_wconf 78' lang='grc' dir='ltr'>Κύριον</span> <span class='ocrx_word' id='word_1_611' title='bbox 1342 1763 1430 1800; x_wconf 81' lang='grc' dir='ltr'>ἡμῶν,</span> <span class='ocrx_word' id='word_1_612' title='bbox 1449 1764 1518 1791; x_wconf 78' lang='grc' dir='ltr'>ἀλλὰ</span> <span class='ocrx_word' id='word_1_613' title='bbox 1534 1764 1562 1791; x_wconf 77' lang='lat' dir='ltr'><strong>at</strong></span> <span class='ocrx_word' id='word_1_614' title='bbox 1576 1764 1632 1791; x_wconf 80' lang='grc' dir='ltr'>ἄνω</span> <span class='ocrx_word' id='word_1_615' title='bbox 1651 1764 1774 1800; x_wconf 78' lang='grc' dir='ltr'>αἱρέσεις</span> <span class='ocrx_word' id='word_1_616' title='bbox 1790 1766 1819 1792; x_wconf 79' lang='grc' dir='ltr'><strong>αι</strong></span> 
     </span>
    </p>
   </div>
   <div class='ocr_carea' id='block_1_84' title="bbox 1026 1811 1818 1848">
    <p class='ocr_par' dir='ltr' id='par_1_84' title="bbox 1026 1811 1818 1848">
     <span class='ocr_line' id='line_1_84' title="bbox 1026 1811 1818 1848; baseline 0.001 -11"><span class='ocrx_word' id='word_1_617' title='bbox 1026 1811 1077 1846; x_wconf 72' lang='grc' dir='ltr'><strong>ἤδη</strong></span> <span class='ocrx_word' id='word_1_618' title='bbox 1092 1811 1284 1846; x_wconf 84' lang='grc' dir='ltr'>σημανοείσαι,</span> <span class='ocrx_word' id='word_1_619' title='bbox 1299 1812 1324 1837; x_wconf 81' lang='lat' dir='ltr'><strong>ot</strong></span> <span class='ocrx_word' id='word_1_620' title='bbox 1349 1811 1412 1846; x_wconf 79' lang='grc' dir='ltr'>περὶ</span> <span class='ocrx_word' id='word_1_621' title='bbox 1438 1811 1586 1846; x_wconf 78' lang='grc' dir='ltr'>Κήρινθον,</span> <span class='ocrx_word' id='word_1_622' title='bbox 1606 1811 1652 1837; x_wconf 79' lang='grc' dir='ltr'>καὶ</span> <span class='ocrx_word' id='word_1_623' title='bbox 1668 1811 1818 1848; x_wconf 62' lang='grc' dir='ltr'>Μήρινῦον,</span> 
     </span>
    </p>
   </div>
   <div class='ocr_carea' id='block_1_85' title="bbox 1026 1856 1819 1892">
    <p class='ocr_par' dir='ltr' id='par_1_85' title="bbox 1026 1856 1819 1892">
     <span class='ocr_line' id='line_1_85' title="bbox 1026 1856 1819 1892; baseline 0.004 -9"><span class='ocrx_word' id='word_1_624' title='bbox 1026 1857 1073 1883; x_wconf 79' lang='grc' dir='ltr'><strong>καὶ</strong></span> <span class='ocrx_word' id='word_1_625' title='bbox 1103 1857 1229 1884; x_wconf 79' lang='grc' dir='ltr'>Ἐὃίωνα.</span> <span class='ocrx_word' id='word_1_626' title='bbox 1264 1856 1344 1883; x_wconf 70' lang='grc' dir='ltr'>Ἀλλὰ</span> <span class='ocrx_word' id='word_1_627' title='bbox 1370 1856 1439 1891; x_wconf 81' lang='grc' dir='ltr'>μετὰ</span> <span class='ocrx_word' id='word_1_628' title='bbox 1460 1857 1507 1883; x_wconf 81' lang='grc' dir='ltr'>τοῦ</span> <span class='ocrx_word' id='word_1_629' title='bbox 1533 1857 1613 1892; x_wconf 77' lang='grc' dir='ltr'>ἀνὴρ,</span> <span class='ocrx_word' id='word_1_630' title='bbox 1642 1857 1752 1889; x_wconf 80' lang='grc' dir='ltr'>πάντως</span> <span class='ocrx_word' id='word_1_631' title='bbox 1778 1859 1819 1886; x_wconf 76' lang='grc' dir='ltr'>ὅτι</span> 
     </span>
    </p>
   </div>
   <div class='ocr_carea' id='block_1_86' title="bbox 1025 1902 1820 1940">
    <p class='ocr_par' dir='ltr' id='par_1_86' title="bbox 1025 1902 1820 1940">
     <span class='ocr_line' id='line_1_86' title="bbox 1025 1902 1820 1940; baseline 0.001 -11"><span class='ocrx_word' id='word_1_632' title='bbox 1025 1903 1236 1939; x_wconf 75' lang='grc' dir='ltr'>ἡσφαλισμένως</span> <span class='ocrx_word' id='word_1_633' title='bbox 1248 1923 1255 1935; x_wconf 88' lang='grc'><strong>,</strong></span> <span class='ocrx_word' id='word_1_634' title='bbox 1270 1903 1318 1929; x_wconf 74' lang='grc' dir='ltr'><strong>καὶ</strong></span> <span class='ocrx_word' id='word_1_635' title='bbox 1339 1903 1441 1938; x_wconf 82' lang='grc' dir='ltr'>Κύριον</span> <span class='ocrx_word' id='word_1_636' title='bbox 1455 1902 1537 1929; x_wconf 79' lang='grc' dir='ltr'>αὑτὸν</span> <span class='ocrx_word' id='word_1_637' title='bbox 1551 1902 1640 1929; x_wconf 82' lang='grc' dir='ltr'>ἴσασιν</span> <span class='ocrx_word' id='word_1_638' title='bbox 1656 1903 1681 1930; x_wconf 74' lang='grc' dir='ltr'>οε</span> <span class='ocrx_word' id='word_1_639' title='bbox 1696 1903 1820 1940; x_wconf 70' lang='grc' dir='ltr'>ἀληθινοὶ</span> 
     </span>
    </p>
   </div>
   <div class='ocr_carea' id='block_1_87' title="bbox 1026 1950 1819 1985">
    <p class='ocr_par' dir='ltr' id='par_1_87' title="bbox 1026 1950 1819 1985">
     <span class='ocr_line' id='line_1_87' title="bbox 1026 1950 1819 1985; baseline 0.003 -9"><span class='ocrx_word' id='word_1_640' title='bbox 1026 1950 1126 1981; x_wconf 81' lang='grc' dir='ltr'>πιστοὶ,</span> <span class='ocrx_word' id='word_1_641' title='bbox 1142 1950 1179 1981; x_wconf 86' lang='grc' dir='ltr'>ὼς</span> <span class='ocrx_word' id='word_1_642' title='bbox 1197 1950 1243 1976; x_wconf 75' lang='grc' dir='ltr'><strong>καὶ</strong></span> <span class='ocrx_word' id='word_1_643' title='bbox 1272 1950 1399 1984; x_wconf 82' lang='grc' dir='ltr'>Ἰωάννης</span> <span class='ocrx_word' id='word_1_644' title='bbox 1417 1951 1551 1985; x_wconf 83' lang='grc' dir='ltr'>μαρτυρεί</span> <span class='ocrx_word' id='word_1_645' title='bbox 1563 1957 1570 1965; x_wconf 76' lang='grc'><strong><em>⁸</em></strong></span> <span class='ocrx_word' id='word_1_646' title='bbox 1596 1951 1630 1976; x_wconf 88' lang='grc' dir='ltr'><em>Ὅ</em></span> <span class='ocrx_word' id='word_1_647' title='bbox 1645 1950 1819 1985; x_wconf 70' lang='grc' dir='ltr'>ἀκηκιίιμεγ</span> 
     </span>
    </p>
   </div>
   <div class='ocr_carea' id='block_1_88' title="bbox 1025 1995 1818 2032">
    <p class='ocr_par' dir='ltr' id='par_1_88' title="bbox 1025 1995 1818 2032">
     <span class='ocr_line' id='line_1_88' title="bbox 1025 1995 1818 2032; baseline 0.001 -10"><span class='ocrx_word' id='word_1_648' title='bbox 1025 1995 1181 2030; x_wconf 65' lang='grc' dir='ltr'><strong>ἀπῳχιῖς·</strong></span> <span class='ocrx_word' id='word_1_649' title='bbox 1198 1995 1242 2022; x_wconf 82' lang='grc' dir='ltr'>ἵνα</span> <span class='ocrx_word' id='word_1_650' title='bbox 1259 1995 1323 2032; x_wconf 82' lang='grc' dir='ltr'>εἴπῃ</span> <span class='ocrx_word' id='word_1_651' title='bbox 1344 1995 1390 2022; x_wconf 73' lang='grc' dir='ltr'><strong>τὸν</strong></span> <span class='ocrx_word' id='word_1_652' title='bbox 1405 1995 1533 2030; x_wconf 74' lang='grc' dir='ltr'>ἁτεαρχῆς</span> <span class='ocrx_word' id='word_1_653' title='bbox 1551 1995 1626 2027; x_wconf 73' lang='grc' dir='ltr'>ὄντα,</span> <span class='ocrx_word' id='word_1_654' title='bbox 1641 1995 1687 2021; x_wconf 85' lang='grc' dir='ltr'><strong>τὸν</strong></span> <span class='ocrx_word' id='word_1_655' title='bbox 1701 1995 1818 2030; x_wconf 64' lang='grc' dir='ltr'>ἀόρατον</span> 
     </span>
    </p>
   </div>
   <div class='ocr_carea' id='block_1_89' title="bbox 1021 2040 1819 2077">
    <p class='ocr_par' dir='ltr' id='par_1_89' title="bbox 1021 2040 1819 2077">
     <span class='ocr_line' id='line_1_89' title="bbox 1021 2040 1819 2077; baseline 0.001 -9"><span class='ocrx_word' id='word_1_656' title='bbox 1021 2041 1091 2068; x_wconf 77' lang='grc' dir='ltr'>Θεὸν</span> <span class='ocrx_word' id='word_1_657' title='bbox 1117 2041 1213 2076; x_wconf 84' lang='grc' dir='ltr'>Λόγον,</span> <span class='ocrx_word' id='word_1_658' title='bbox 1240 2041 1270 2068; x_wconf 76' lang='grc' dir='ltr'>ὃν</span> <span class='ocrx_word' id='word_1_659' title='bbox 1295 2041 1454 2076; x_wconf 71' lang='grc' dir='ltr'>ἠκούσαμεν</span> <span class='ocrx_word' id='word_1_660' title='bbox 1480 2041 1508 2067; x_wconf 78' lang='grc' dir='ltr'>ἐν</span> <span class='ocrx_word' id='word_1_661' title='bbox 1531 2040 1618 2072; x_wconf 84' lang='grc' dir='ltr'>Θείαις</span> <span class='ocrx_word' id='word_1_662' title='bbox 1639 2041 1764 2077; x_wconf 72' lang='grc' dir='ltr'>Γραφαίς</span> <span class='ocrx_word' id='word_1_663' title='bbox 1789 2043 1819 2069; x_wconf 78' lang='grc' dir='ltr'>ἐν</span> 
     </span>
    </p>
   </div>
   <div class='ocr_carea' id='block_1_90' title="bbox 1025 2086 1818 2124">
    <p class='ocr_par' dir='ltr' id='par_1_90' title="bbox 1025 2086 1818 2124">
     <span class='ocr_line' id='line_1_90' title="bbox 1025 2086 1818 2124; baseline 0.001 -10"><span class='ocrx_word' id='word_1_664' title='bbox 1025 2088 1178 2124; x_wconf 76' lang='grc' dir='ltr'>προφήταις</span> <span class='ocrx_word' id='word_1_665' title='bbox 1194 2087 1455 2123; x_wconf 79' lang='grc' dir='ltr'>καταγγελλύμενον.</span> <span class='ocrx_word' id='word_1_666' title='bbox 1482 2088 1511 2114; x_wconf 74' lang='grc' dir='ltr'>ἐν</span> <span class='ocrx_word' id='word_1_667' title='bbox 1525 2086 1632 2123; x_wconf 77' lang='grc' dir='ltr'>οὺρανῷ</span> <span class='ocrx_word' id='word_1_668' title='bbox 1647 2087 1763 2120; x_wconf 62' lang='lat' dir='ltr'><strong>&quot;siem/0&#39;3</strong></span> <span class='ocrx_word' id='word_1_669' title='bbox 1769 2097 1818 2123; x_wconf 86' lang='grc' dir='ltr'>με-</span> 
     </span>
    </p>
   </div>
   <div class='ocr_carea' id='block_1_91' title="bbox 1024 2132 1820 2168">
    <p class='ocr_par' dir='ltr' id='par_1_91' title="bbox 1024 2132 1820 2168">
     <span class='ocr_line' id='line_1_91' title="bbox 1024 2132 1820 2168; baseline 0 -8"><span class='ocrx_word' id='word_1_670' title='bbox 1024 2142 1079 2160; x_wconf 88' lang='grc' dir='ltr'>νον.</span> <span class='ocrx_word' id='word_1_671' title='bbox 1094 2133 1149 2160; x_wconf 78' lang='grc' dir='ltr'><strong>Καὶ</strong></span> <span class='ocrx_word' id='word_1_672' title='bbox 1162 2133 1206 2160; x_wconf 82' lang='grc' dir='ltr'>διὰ</span> <span class='ocrx_word' id='word_1_673' title='bbox 1217 2133 1297 2160; x_wconf 76' lang='grc' dir='ltr'>τοῦτο</span> <span class='ocrx_word' id='word_1_674' title='bbox 1308 2132 1323 2159; x_wconf 87' lang='grc' dir='ltr'>ὃ</span> <span class='ocrx_word' id='word_1_675' title='bbox 1336 2133 1370 2160; x_wconf 69' lang='grc' dir='ltr'>ἐν</span> <span class='ocrx_word' id='word_1_676' title='bbox 1382 2132 1459 2167; x_wconf 80' lang='grc' dir='ltr'><strong>ἀρχῇ</strong></span> <span class='ocrx_word' id='word_1_677' title='bbox 1470 2132 1655 2168; x_wconf 79' lang='grc' dir='ltr'>ἠκούσαμεν,</span> <span class='ocrx_word' id='word_1_678' title='bbox 1670 2132 1719 2160; x_wconf 78' lang='grc' dir='ltr'><strong>καὶ</strong></span> <span class='ocrx_word' id='word_1_679' title='bbox 1735 2133 1820 2161; x_wconf 80' lang='grc' dir='ltr'>ἐθεα-</span> 
     </span>
    </p>
   </div>
   <div class='ocr_carea' id='block_1_92' title="bbox 1024 2178 1820 2214">
    <p class='ocr_par' dir='ltr' id='par_1_92' title="bbox 1024 2178 1820 2214">
     <span class='ocr_line' id='line_1_92' title="bbox 1024 2178 1820 2214; baseline 0.001 -8"><span class='ocrx_word' id='word_1_680' title='bbox 1024 2179 1140 2214; x_wconf 74' lang='grc' dir='ltr'>σάμεθα</span> <span class='ocrx_word' id='word_1_681' title='bbox 1154 2179 1216 2212; x_wconf 84' lang='grc' dir='ltr'>τοῖς</span> <span class='ocrx_word' id='word_1_682' title='bbox 1229 2178 1403 2214; x_wconf 66' lang='grc' dir='ltr'>ὀφθαλμοῖς,</span> <span class='ocrx_word' id='word_1_683' title='bbox 1421 2179 1464 2205; x_wconf 81' lang='grc' dir='ltr'>ἵνα</span> <span class='ocrx_word' id='word_1_684' title='bbox 1478 2179 1534 2206; x_wconf 77' lang='grc' dir='ltr'>ἄνω</span> <span class='ocrx_word' id='word_1_685' title='bbox 1543 2179 1574 2205; x_wconf 75' lang='grc' dir='ltr'>τὸ</span> <span class='ocrx_word' id='word_1_686' title='bbox 1587 2179 1735 2214; x_wconf 77' lang='grc' dir='ltr'>ἀκηκοέναι</span> <span class='ocrx_word' id='word_1_687' title='bbox 1750 2180 1820 2208; x_wconf 79' lang='grc' dir='ltr'>Θεὸν</span> 
     </span>
    </p>
   </div>
   <div class='ocr_carea' id='block_1_93' title="bbox 177 2224 972 2271">
    <p class='ocr_par' dir='ltr' id='par_1_93' title="bbox 177 2224 972 2260">
     <span class='ocr_line' id='line_1_93' title="bbox 177 2224 972 2260; baseline 0.001 -8"><span class='ocrx_word' id='word_1_688' title='bbox 177 2225 333 2252; x_wconf 88' lang='lat' dir='ltr'><strong>nuntiatum</strong></span> <span class='ocrx_word' id='word_1_689' title='bbox 349 2225 515 2257; x_wconf 86' lang='lat' dir='ltr'><strong>audivimus,</strong></span> <span class='ocrx_word' id='word_1_690' title='bbox 528 2230 555 2252; x_wconf 88' lang='lat' dir='ltr'><strong>et</strong></span> <span class='ocrx_word' id='word_1_691' title='bbox 569 2224 596 2252; x_wconf 91' lang='lat' dir='ltr'><strong>in</strong></span> <span class='ocrx_word' id='word_1_692' title='bbox 615 2225 686 2252; x_wconf 73' lang='lat' dir='ltr'><strong>cmlo</strong></span> <span class='ocrx_word' id='word_1_693' title='bbox 707 2225 850 2252; x_wconf 87' lang='lat' dir='ltr'><strong>sublimem</strong></span> <span class='ocrx_word' id='word_1_694' title='bbox 865 2225 898 2252; x_wconf 89' lang='lat' dir='ltr'><strong>ad</strong></span> <span class='ocrx_word' id='word_1_695' title='bbox 917 2225 972 2260; x_wconf 77' lang='lat' dir='ltr'><strong>glo-</strong></span> 
     </span>
    </p>
   </div>
   <div class='ocr_carea' id='block_1_94' title="bbox 1027 2224 1819 2271">
    <p class='ocr_par' dir='ltr' id='par_1_94' title="bbox 1027 2225 1819 2262">
     <span class='ocr_line' id='line_1_94' title="bbox 1027 2225 1819 2262; baseline 0.003 -10"><span class='ocrx_word' id='word_1_696' title='bbox 1027 2226 1177 2262; x_wconf 71' lang='grc' dir='ltr'>5μολογήσῃ</span> <span class='ocrx_word' id='word_1_697' title='bbox 1194 2227 1223 2259; x_wconf 76' lang='grc' dir='ltr'><strong>ἐξ</strong></span> <span class='ocrx_word' id='word_1_698' title='bbox 1245 2225 1387 2262; x_wconf 79' lang='grc' dir='ltr'>ὑπαρχῆς·</span> <span class='ocrx_word' id='word_1_699' title='bbox 1406 2225 1437 2252; x_wconf 81' lang='grc' dir='ltr'><strong>τὸ</strong></span> <span class='ocrx_word' id='word_1_700' title='bbox 1451 2226 1479 2252; x_wconf 81' lang='grc' dir='ltr'><em>δὲ</em></span> <span class='ocrx_word' id='word_1_701' title='bbox 1497 2225 1651 2262; x_wconf 76' lang='grc' dir='ltr'>ἑωρακέναι</span> <span class='ocrx_word' id='word_1_702' title='bbox 1673 2226 1819 2262; x_wconf 79' lang='grc' dir='ltr'>ἄνθρωπον</span> 
     </span>
    </p>
   </div>
   <div class='ocr_carea' id='block_1_95' title="bbox 176 2271 969 2306">
    <p class='ocr_par' dir='ltr' id='par_1_95' title="bbox 176 2271 969 2306">
     <span class='ocr_line' id='line_1_95' title="bbox 176 2271 969 2306; baseline 0.003 -9"><span class='ocrx_word' id='word_1_703' title='bbox 176 2271 245 2297; x_wconf 84' lang='lat' dir='ltr'><strong>riam</strong></span> <span class='ocrx_word' id='word_1_704' title='bbox 272 2275 440 2306; x_wconf 87' lang='lat' dir='ltr'><strong>provectum.</strong></span> <span class='ocrx_word' id='word_1_705' title='bbox 462 2271 551 2304; x_wconf 85' lang='lat' dir='ltr'><strong>Quare</strong></span> <span class='ocrx_word' id='word_1_706' title='bbox 572 2271 609 2298; x_wconf 81' lang='lat' dir='ltr'><strong>ita</strong></span> <span class='ocrx_word' id='word_1_707' title='bbox 637 2271 758 2306; x_wconf 90' lang='lat' dir='ltr'><strong>loquitur</strong></span> <span class='ocrx_word' id='word_1_708' title='bbox 772 2279 779 2297; x_wconf 92' lang='lat'>:</span> <span class='ocrx_word' id='word_1_709' title='bbox 794 2271 871 2305; x_wconf 83' lang='lat' dir='ltr'><strong>Quod</strong></span> <span class='ocrx_word' id='word_1_710' title='bbox 893 2272 969 2299; x_wconf 80' lang='lat' dir='ltr'><strong>initio</strong></span> 
     </span>
    </p>
   </div>
   <div class='ocr_carea' id='block_1_96' title="bbox 177 2315 969 2348">
    <p class='ocr_par' dir='ltr' id='par_1_96' title="bbox 177 2315 969 2348">
     <span class='ocr_line' id='line_1_96' title="bbox 177 2315 969 2348; baseline 0.008 -8"><span class='ocrx_word' id='word_1_711' title='bbox 177 2315 337 2348; x_wconf 76' lang='lat' dir='ltr'><strong>audivimus,</strong></span> <span class='ocrx_word' id='word_1_712' title='bbox 364 2321 389 2343; x_wconf 86' lang='lat' dir='ltr'><strong>et</strong></span> <span class='ocrx_word' id='word_1_713' title='bbox 418 2317 501 2343; x_wconf 79' lang='lat' dir='ltr'><strong>oculis</strong></span> <span class='ocrx_word' id='word_1_714' title='bbox 522 2316 647 2344; x_wconf 77' lang='lat' dir='ltr'><strong>vidimus.</strong></span> <span class='ocrx_word' id='word_1_715' title='bbox 668 2316 704 2344; x_wconf 88' lang='lat' dir='ltr'><strong>Ut</strong></span> <span class='ocrx_word' id='word_1_716' title='bbox 727 2325 790 2345; x_wconf 88' lang='lat' dir='ltr'><strong>cum</strong></span> <span class='ocrx_word' id='word_1_717' title='bbox 811 2317 922 2345; x_wconf 88' lang='lat' dir='ltr'><strong>audisse</strong></span> <span class='ocrx_word' id='word_1_718' title='bbox 939 2325 969 2346; x_wconf 86' lang='lat' dir='ltr'><strong>se</strong></span> 
     </span>
    </p>
   </div>
   <div class='ocr_carea' id='block_1_97' title="bbox 177 2360 968 2396">
    <p class='ocr_par' dir='ltr' id='par_1_97' title="bbox 177 2360 968 2396">
     <span class='ocr_line' id='line_1_97' title="bbox 177 2360 968 2396; baseline 0.005 -9"><span class='ocrx_word' id='word_1_719' title='bbox 177 2360 253 2393; x_wconf 88' lang='lat' dir='ltr'><strong>dicit,</strong></span> <span class='ocrx_word' id='word_1_720' title='bbox 268 2361 351 2389; x_wconf 82' lang='lat' dir='ltr'><strong>Deum</strong></span> <span class='ocrx_word' id='word_1_721' title='bbox 375 2362 410 2389; x_wconf 86' lang='lat' dir='ltr'><strong>ab</strong></span> <span class='ocrx_word' id='word_1_722' title='bbox 427 2362 505 2390; x_wconf 85' lang='lat' dir='ltr'><strong>initio</strong></span> <span class='ocrx_word' id='word_1_723' title='bbox 531 2362 618 2391; x_wconf 84' lang='lat' dir='ltr'><strong>fuisse</strong></span> <span class='ocrx_word' id='word_1_724' title='bbox 640 2362 774 2396; x_wconf 79' lang='lat' dir='ltr'><strong>fateatur;</strong></span> <span class='ocrx_word' id='word_1_725' title='bbox 793 2371 856 2391; x_wconf 90' lang='lat' dir='ltr'><strong>cum</strong></span> <span class='ocrx_word' id='word_1_726' title='bbox 877 2368 968 2392; x_wconf 88' lang='lat' dir='ltr'><strong>autem</strong></span> 
     </span>
    </p>
   </div>
   <div class='ocr_carea' id='block_1_98' title="bbox 176 2407 969 2445">
    <p class='ocr_par' dir='ltr' id='par_1_98' title="bbox 176 2407 969 2445">
     <span class='ocr_line' id='line_1_98' title="bbox 176 2407 969 2445; baseline 0.006 -12"><span class='ocrx_word' id='word_1_727' title='bbox 176 2407 281 2435; x_wconf 71' lang='lat' dir='ltr'><strong>vidisse</strong></span> <span class='ocrx_word' id='word_1_728' title='bbox 299 2412 401 2441; x_wconf 82' lang='lat' dir='ltr'><strong>narrat,</strong></span> <span class='ocrx_word' id='word_1_729' title='bbox 418 2408 556 2436; x_wconf 85' lang='lat' dir='ltr'><strong>hominem</strong></span> <span class='ocrx_word' id='word_1_730' title='bbox 574 2409 721 2445; x_wconf 78' lang='lat' dir='ltr'><strong>signiticet,</strong></span> <span class='ocrx_word' id='word_1_731' title='bbox 734 2410 767 2437; x_wconf 87' lang='lat' dir='ltr'><strong>de</strong></span> <span class='ocrx_word' id='word_1_732' title='bbox 779 2418 834 2444; x_wconf 92' lang='lat' dir='ltr'><strong>quo</strong></span> <span class='ocrx_word' id='word_1_733' title='bbox 848 2409 969 2438; x_wconf 83' lang='lat' dir='ltr'><strong>Joannes</strong></span> 
     </span>
    </p>
   </div>
   <div class='ocr_carea' id='block_1_99' title="bbox 177 2451 967 2491">
    <p class='ocr_par' dir='ltr' id='par_1_99' title="bbox 177 2451 967 2491">
     <span class='ocr_line' id='line_1_99' title="bbox 177 2451 967 2491; baseline 0.008 -13"><span class='ocrx_word' id='word_1_734' title='bbox 177 2451 297 2488; x_wconf 86' lang='lat' dir='ltr'><strong>Baptista</strong></span> <span class='ocrx_word' id='word_1_735' title='bbox 315 2453 487 2488; x_wconf 85' lang='lat' dir='ltr'><strong>loquebatur,</strong></span> <span class='ocrx_word' id='word_1_736' title='bbox 502 2462 563 2481; x_wconf 87' lang='lat' dir='ltr'><strong>cum</strong></span> <span class='ocrx_word' id='word_1_737' title='bbox 577 2455 692 2487; x_wconf 82' lang='lat' dir='ltr'><strong>diceret,</strong></span> <span class='ocrx_word' id='word_1_738' title='bbox 709 2456 775 2482; x_wconf 79' lang='lat' dir='ltr'><strong>venit</strong></span> <span class='ocrx_word' id='word_1_739' title='bbox 793 2461 850 2491; x_wconf 83' lang='lat' dir='ltr'><strong>post</strong></span> <span class='ocrx_word' id='word_1_740' title='bbox 862 2464 902 2483; x_wconf 90' lang='lat' dir='ltr'><strong>me</strong></span> <span class='ocrx_word' id='word_1_741' title='bbox 919 2457 967 2484; x_wconf 75' lang='lat' dir='ltr'><strong>vir.</strong></span> 
     </span>
    </p>
   </div>
   <div class='ocr_carea' id='block_1_100' title="bbox 176 2499 967 2534">
    <p class='ocr_par' dir='ltr' id='par_1_100' title="bbox 176 2499 967 2534">
     <span class='ocr_line' id='line_1_100' title="bbox 176 2499 967 2534; baseline 0.005 -9"><span class='ocrx_word' id='word_1_742' title='bbox 176 2499 246 2526; x_wconf 83' lang='lat' dir='ltr'><strong>lttud</strong></span> <span class='ocrx_word' id='word_1_743' title='bbox 276 2507 351 2531; x_wconf 85' lang='lat' dir='ltr'><strong>vero,</strong></span> <span class='ocrx_word' id='word_1_744' title='bbox 368 2504 393 2527; x_wconf 86' lang='lat' dir='ltr'><strong>et</strong></span> <span class='ocrx_word' id='word_1_745' title='bbox 411 2508 505 2527; x_wconf 77' lang='lat' dir='ltr'><strong>manus</strong></span> <span class='ocrx_word' id='word_1_746' title='bbox 530 2506 627 2528; x_wconf 79' lang='lat' dir='ltr'><strong>nostrte</strong></span> <span class='ocrx_word' id='word_1_747' title='bbox 646 2506 885 2534; x_wconf 80' lang='lat' dir='ltr'><strong>contrectaverunt,</strong></span> <span class='ocrx_word' id='word_1_748' title='bbox 904 2510 967 2529; x_wconf 90' lang='lat' dir='ltr'><strong>eum</strong></span> 
     </span>
    </p>
   </div>
   <div class='ocr_carea' id='block_1_101' title="bbox 175 2545 966 2580">
    <p class='ocr_par' dir='ltr' id='par_1_101' title="bbox 175 2545 966 2580">
     <span class='ocr_line' id='line_1_101' title="bbox 175 2545 966 2580; baseline 0.003 -8"><span class='ocrx_word' id='word_1_749' title='bbox 175 2553 256 2572; x_wconf 89' lang='lat' dir='ltr'><strong>usum</strong></span> <span class='ocrx_word' id='word_1_750' title='bbox 277 2545 369 2578; x_wconf 86' lang='lat' dir='ltr'><strong>habet,</strong></span> <span class='ocrx_word' id='word_1_751' title='bbox 385 2549 415 2572; x_wconf 79' lang='lat' dir='ltr'><strong>ut</strong></span> <span class='ocrx_word' id='word_1_752' title='bbox 427 2553 488 2573; x_wconf 89' lang='lat' dir='ltr'><strong>cum</strong></span> <span class='ocrx_word' id='word_1_753' title='bbox 510 2547 544 2574; x_wconf 82' lang='lat' dir='ltr'><strong>ab</strong></span> <span class='ocrx_word' id='word_1_754' title='bbox 556 2547 636 2574; x_wconf 89' lang='lat' dir='ltr'><strong>initio</strong></span> <span class='ocrx_word' id='word_1_755' title='bbox 649 2546 720 2575; x_wconf 85' lang='lat' dir='ltr'><strong>Deus</strong></span> <span class='ocrx_word' id='word_1_756' title='bbox 736 2547 829 2580; x_wconf 82' lang='lat' dir='ltr'><strong>fuerit,</strong></span> <span class='ocrx_word' id='word_1_757' title='bbox 840 2549 966 2575; x_wconf 82' lang='lat' dir='ltr'><strong>etiindem</strong></span> 
     </span>
    </p>
   </div>
   <div class='ocr_carea' id='block_1_102' title="bbox 174 2591 965 2628">
    <p class='ocr_par' dir='ltr' id='par_1_102' title="bbox 174 2591 965 2628">
     <span class='ocr_line' id='line_1_102' title="bbox 174 2591 965 2628; baseline 0.005 -11"><span class='ocrx_word' id='word_1_758' title='bbox 174 2592 256 2618; x_wconf 89' lang='lat' dir='ltr'><strong>etiam</strong></span> <span class='ocrx_word' id='word_1_759' title='bbox 276 2591 508 2626; x_wconf 86' lang='lat' dir='ltr'><strong>conspectabilem</strong></span> <span class='ocrx_word' id='word_1_760' title='bbox 540 2592 678 2620; x_wconf 88' lang='lat' dir='ltr'><strong>hominem</strong></span> <span class='ocrx_word' id='word_1_761' title='bbox 694 2600 726 2620; x_wconf 65' lang='lat' dir='ltr'><strong>ea</strong></span> <span class='ocrx_word' id='word_1_762' title='bbox 743 2592 827 2620; x_wconf 84' lang='lat' dir='ltr'><strong>Maria</strong></span> <span class='ocrx_word' id='word_1_763' title='bbox 845 2593 965 2628; x_wconf 76' lang='lat' dir='ltr'><strong>genitum</strong></span> 
     </span>
    </p>
   </div>
   <div class='ocr_carea' id='block_1_103' title="bbox 176 2637 967 2674">
    <p class='ocr_par' dir='ltr' id='par_1_103' title="bbox 176 2637 967 2674">
     <span class='ocr_line' id='line_1_103' title="bbox 176 2637 967 2674; baseline 0.005 -10"><span class='ocrx_word' id='word_1_764' title='bbox 176 2637 261 2665; x_wconf 85' lang='lat' dir='ltr'><strong>fuisse</strong></span> <span class='ocrx_word' id='word_1_765' title='bbox 287 2639 467 2672; x_wconf 81' lang='lat' dir='ltr'><strong>demonstret,</strong></span> <span class='ocrx_word' id='word_1_766' title='bbox 492 2639 610 2674; x_wconf 87' lang='lat' dir='ltr'><strong>indeque</strong></span> <span class='ocrx_word' id='word_1_767' title='bbox 636 2647 651 2666; x_wconf 87' lang='lat' dir='ltr'><strong>a</strong></span> <span class='ocrx_word' id='word_1_768' title='bbox 673 2639 788 2668; x_wconf 87' lang='lat' dir='ltr'><strong>mortuis</strong></span> <span class='ocrx_word' id='word_1_769' title='bbox 814 2641 967 2668; x_wconf 83' lang='lat' dir='ltr'><strong>surrexisse</strong></span> 
     </span>
    </p>
   </div>
   <div class='ocr_carea' id='block_1_104' title="bbox 173 2685 968 2721">
    <p class='ocr_par' dir='ltr' id='par_1_104' title="bbox 173 2685 968 2721">
     <span class='ocr_line' id='line_1_104' title="bbox 173 2685 968 2721; baseline 0.004 -10"><span class='ocrx_word' id='word_1_770' title='bbox 173 2685 337 2720; x_wconf 75' lang='lat' dir='ltr'><strong>perfectura,</strong></span> <span class='ocrx_word' id='word_1_771' title='bbox 353 2685 421 2713; x_wconf 87' lang='lat' dir='ltr'><strong>adeo</strong></span> <span class='ocrx_word' id='word_1_772' title='bbox 446 2690 476 2713; x_wconf 88' lang='lat' dir='ltr'><strong>ut</strong></span> <span class='ocrx_word' id='word_1_773' title='bbox 491 2690 618 2714; x_wconf 92' lang='lat' dir='ltr'><strong>sanctum</strong></span> <span class='ocrx_word' id='word_1_774' title='bbox 639 2686 705 2713; x_wconf 93' lang='lat' dir='ltr'><strong>illud</strong></span> <span class='ocrx_word' id='word_1_775' title='bbox 722 2693 782 2717; x_wconf 82' lang='lat' dir='ltr'><strong>vas,</strong></span> <span class='ocrx_word' id='word_1_776' title='bbox 799 2687 871 2721; x_wconf 88' lang='lat' dir='ltr'><strong>quod</strong></span> <span class='ocrx_word' id='word_1_777' title='bbox 888 2694 968 2715; x_wconf 76' lang='lat' dir='ltr'><strong>acce-</strong></span> 
     </span>
    </p>
   </div>
   <div class='ocr_carea' id='block_1_105' title="bbox 173 2732 968 2767">
    <p class='ocr_par' dir='ltr' id='par_1_105' title="bbox 173 2732 968 2767">
     <span class='ocr_line' id='line_1_105' title="bbox 173 2732 968 2767; baseline 0.004 -9"><span class='ocrx_word' id='word_1_778' title='bbox 173 2736 261 2765; x_wconf 87' lang='lat' dir='ltr'><strong>perat,</strong></span> <span class='ocrx_word' id='word_1_779' title='bbox 277 2732 329 2759; x_wconf 87' lang='lat' dir='ltr'><strong>hoc</strong></span> <span class='ocrx_word' id='word_1_780' title='bbox 339 2737 381 2760; x_wconf 84' lang='lat' dir='ltr'><strong>cst</strong></span> <span class='ocrx_word' id='word_1_781' title='bbox 394 2733 541 2767; x_wconf 77' lang='lat' dir='ltr'><strong>perfectura</strong></span> <span class='ocrx_word' id='word_1_782' title='bbox 557 2733 676 2760; x_wconf 90' lang='lat' dir='ltr'><strong>hominis</strong></span> <span class='ocrx_word' id='word_1_783' title='bbox 690 2735 826 2765; x_wconf 83' lang='lat' dir='ltr'><strong>naturam,</strong></span> <span class='ocrx_word' id='word_1_784' title='bbox 849 2741 902 2760; x_wconf 89' lang='lat' dir='ltr'><strong>non</strong></span> <span class='ocrx_word' id='word_1_785' title='bbox 920 2735 968 2762; x_wconf 86' lang='lat' dir='ltr'><strong>ab-</strong></span> 
     </span>
    </p>
   </div>
   <div class='ocr_carea' id='block_1_106' title="bbox 171 2778 967 2814">
    <p class='ocr_par' dir='ltr' id='par_1_106' title="bbox 171 2778 967 2814">
     <span class='ocr_line' id='line_1_106' title="bbox 171 2778 967 2814; baseline 0.001 -8"><span class='ocrx_word' id='word_1_786' title='bbox 171 2778 280 2813; x_wconf 86' lang='lat' dir='ltr'><strong>jecerit,</strong></span> <span class='ocrx_word' id='word_1_787' title='bbox 299 2779 347 2807; x_wconf 84' lang='lat' dir='ltr'><strong>sed</strong></span> <span class='ocrx_word' id='word_1_788' title='bbox 360 2788 422 2807; x_wconf 91' lang='lat' dir='ltr'><strong>cum</strong></span> <span class='ocrx_word' id='word_1_789' title='bbox 439 2780 513 2807; x_wconf 87' lang='lat' dir='ltr'><strong>illius</strong></span> <span class='ocrx_word' id='word_1_790' title='bbox 529 2780 601 2807; x_wconf 82' lang='lat' dir='ltr'><strong>latus</strong></span> <span class='ocrx_word' id='word_1_791' title='bbox 615 2779 810 2814; x_wconf 80' lang='lat' dir='ltr'><strong>clavmumque</strong></span> <span class='ocrx_word' id='word_1_792' title='bbox 821 2779 967 2807; x_wconf 83' lang='lat' dir='ltr'><strong>cicatrices</strong></span> 
     </span>
    </p>
   </div>
   <div class='ocr_carea' id='block_1_107' title="bbox 202 2856 963 2894">
    <p class='ocr_par' dir='ltr' id='par_1_107' title="bbox 202 2856 963 2894">
     <span class='ocr_line' id='line_1_107' title="bbox 202 2856 963 2894; baseline -0.001 -7"><span class='ocrx_word' id='word_1_793' title='bbox 202 2857 218 2879; x_wconf 60' lang='grc' dir='ltr'><strong>η¹</strong></span> <span class='ocrx_word' id='word_1_794' title='bbox 236 2856 315 2887; x_wconf 83' lang='lat' dir='ltr'><strong>Joan.</strong></span> <span class='ocrx_word' id='word_1_795' title='bbox 333 2868 352 2891; x_wconf 90' lang='lat' dir='ltr'><strong>l,</strong></span> <span class='ocrx_word' id='word_1_796' title='bbox 368 2859 411 2887; x_wconf 75' lang='lat'><strong>27.</strong></span> <span class='ocrx_word' id='word_1_797' title='bbox 451 2861 460 2875; x_wconf 85' lang='grc'>¹</span> <span class='ocrx_word' id='word_1_798' title='bbox 481 2859 547 2886; x_wconf 82' lang='lat' dir='ltr'><strong>an.</strong></span> <span class='ocrx_word' id='word_1_799' title='bbox 565 2867 583 2892; x_wconf 86' lang='lat' dir='ltr'><strong>t,</strong></span> <span class='ocrx_word' id='word_1_800' title='bbox 600 2859 634 2886; x_wconf 70' lang='lat'><strong>26</strong></span> <span class='ocrx_word' id='word_1_801' title='bbox 651 2867 711 2894; x_wconf 76' lang='lat' dir='ltr'><strong>sqq.</strong></span> <span class='ocrx_word' id='word_1_802' title='bbox 753 2859 761 2873; x_wconf 70' lang='grc'><strong>³</strong></span> <span class='ocrx_word' id='word_1_803' title='bbox 777 2859 785 2886; x_wconf 95' lang='lat' dir='ltr'><strong>l</strong></span> <span class='ocrx_word' id='word_1_804' title='bbox 799 2858 878 2886; x_wconf 80' lang='lat' dir='ltr'><strong>Joan.</strong></span> <span class='ocrx_word' id='word_1_805' title='bbox 901 2867 919 2893; x_wconf 86' lang='grc' dir='ltr'><strong>ι,</strong></span> <span class='ocrx_word' id='word_1_806' title='bbox 939 2859 963 2886; x_wconf 90' lang='lat' dir='ltr'><strong>l.</strong></span> 
     </span>
    </p>
   </div>
   <div class='ocr_carea' id='block_1_108' title="bbox 1023 2271 1818 2309">
    <p class='ocr_par' dir='ltr' id='par_1_108' title="bbox 1023 2271 1818 2309">
     <span class='ocr_line' id='line_1_108' title="bbox 1023 2271 1818 2309; baseline 0 -9"><span class='ocrx_word' id='word_1_807' title='bbox 1023 2273 1144 2309; x_wconf 79' lang='grc' dir='ltr'>σημάνῃ,</span> <span class='ocrx_word' id='word_1_808' title='bbox 1172 2272 1202 2299; x_wconf 80' lang='grc' dir='ltr'>ὃν</span> <span class='ocrx_word' id='word_1_809' title='bbox 1230 2272 1277 2298; x_wconf 73' lang='grc' dir='ltr'><strong>καὶ</strong></span> <span class='ocrx_word' id='word_1_810' title='bbox 1303 2273 1317 2299; x_wconf 84' lang='grc' dir='ltr'>ὁ</span> <span class='ocrx_word' id='word_1_811' title='bbox 1337 2271 1493 2306; x_wconf 81' lang='grc' dir='ltr'>Βαπτιστὴς</span> <span class='ocrx_word' id='word_1_812' title='bbox 1526 2272 1653 2307; x_wconf 82' lang='grc' dir='ltr'>Ἰωάννης</span> <span class='ocrx_word' id='word_1_813' title='bbox 1681 2272 1750 2308; x_wconf 70' lang='grc' dir='ltr'>ἔφη,</span> <span class='ocrx_word' id='word_1_814' title='bbox 1776 2273 1818 2300; x_wconf 77' lang='grc' dir='ltr'>ὅτι</span> 
     </span>
    </p>
   </div>
   <div class='ocr_carea' id='block_1_109' title="bbox 1029 2318 1819 2354">
    <p class='ocr_par' dir='ltr' id='par_1_109' title="bbox 1029 2318 1819 2354">
     <span class='ocr_line' id='line_1_109' title="bbox 1029 2318 1819 2354; baseline 0.003 -9"><span class='ocrx_word' id='word_1_815' title='bbox 1029 2319 1140 2345; x_wconf 78' lang='grc' dir='ltr'>Ὀπίσω</span> <span class='ocrx_word' id='word_1_816' title='bbox 1151 2327 1211 2353; x_wconf 76' lang='grc' dir='ltr'><strong>μου</strong></span> <span class='ocrx_word' id='word_1_817' title='bbox 1221 2319 1338 2353; x_wconf 78' lang='grc' dir='ltr'>ἔρχεται</span> <span class='ocrx_word' id='word_1_818' title='bbox 1351 2318 1438 2352; x_wconf 79' lang='grc' dir='ltr'><strong>ἀνήρ.</strong></span> <span class='ocrx_word' id='word_1_819' title='bbox 1451 2318 1506 2345; x_wconf 72' lang='grc' dir='ltr'><strong>Καὶ</strong></span> <span class='ocrx_word' id='word_1_820' title='bbox 1518 2318 1558 2350; x_wconf 81' lang='grc' dir='ltr'>τὸ,</span> <span class='ocrx_word' id='word_1_821' title='bbox 1573 2320 1607 2346; x_wconf 80' lang='lat' dir='ltr'><strong>Al</strong></span> <span class='ocrx_word' id='word_1_822' title='bbox 1621 2318 1719 2353; x_wconf 71' lang='grc' dir='ltr'>χεῖρες</span> <span class='ocrx_word' id='word_1_823' title='bbox 1731 2320 1819 2354; x_wconf 51' lang='grc' dir='ltr'>’ἡμῶν</span> 
     </span>
    </p>
   </div>
   <div class='ocr_carea' id='block_1_110' title="bbox 1022 2365 1818 2402">
    <p class='ocr_par' dir='ltr' id='par_1_110' title="bbox 1022 2365 1818 2402">
     <span class='ocr_line' id='line_1_110' title="bbox 1022 2365 1818 2402; baseline 0.001 -10"><span class='ocrx_word' id='word_1_824' title='bbox 1022 2365 1240 2399; x_wconf 61' lang='grc' dir='ltr'>ἐψηλάφησαν.</span> <span class='ocrx_word' id='word_1_825' title='bbox 1253 2365 1297 2392; x_wconf 82' lang='grc' dir='ltr'><strong>ἵνα</strong></span> <span class='ocrx_word' id='word_1_826' title='bbox 1310 2365 1376 2391; x_wconf 81' lang='grc' dir='ltr'>θεὸν</span> <span class='ocrx_word' id='word_1_827' title='bbox 1393 2365 1495 2392; x_wconf 78' lang='grc' dir='ltr'>ἄνωθεν</span> <span class='ocrx_word' id='word_1_828' title='bbox 1511 2366 1631 2401; x_wconf 77' lang='grc' dir='ltr'>σημάνῃ,</span> <span class='ocrx_word' id='word_1_829' title='bbox 1649 2366 1696 2392; x_wconf 77' lang='grc' dir='ltr'><strong>καὶ</strong></span> <span class='ocrx_word' id='word_1_830' title='bbox 1711 2365 1818 2402; x_wconf 76' lang='grc' dir='ltr'>ἄνθρω-</span> 
     </span>
    </p>
   </div>
   <div class='ocr_carea' id='block_1_111' title="bbox 1023 2411 1818 2447">
    <p class='ocr_par' dir='ltr' id='par_1_111' title="bbox 1023 2411 1818 2447">
     <span class='ocr_line' id='line_1_111' title="bbox 1023 2411 1818 2447; baseline 0.001 -9"><span class='ocrx_word' id='word_1_831' title='bbox 1023 2420 1074 2438; x_wconf 80' lang='grc' dir='ltr'><strong>πον</strong></span> <span class='ocrx_word' id='word_1_832' title='bbox 1090 2411 1186 2447; x_wconf 77' lang='grc' dir='ltr'>ὁρατὸν</span> <span class='ocrx_word' id='word_1_833' title='bbox 1205 2411 1334 2447; x_wconf 81' lang='grc' dir='ltr'><strong>ὑποδείξῃ</strong></span> <span class='ocrx_word' id='word_1_834' title='bbox 1349 2411 1403 2438; x_wconf 77' lang='grc' dir='ltr'><strong>ἀπὸ</strong></span> <span class='ocrx_word' id='word_1_835' title='bbox 1420 2411 1528 2447; x_wconf 84' lang='grc' dir='ltr'>Μαρίας</span> <span class='ocrx_word' id='word_1_836' title='bbox 1541 2412 1754 2447; x_wconf 82' lang='grc' dir='ltr'>γεγεννημένον,</span> <span class='ocrx_word' id='word_1_837' title='bbox 1770 2414 1818 2439; x_wconf 75' lang='grc' dir='ltr'><strong>καὶ</strong></span> 
     </span>
    </p>
   </div>
   <div class='ocr_carea' id='block_1_112' title="bbox 1022 2457 1819 2496">
    <p class='ocr_par' dir='ltr' id='par_1_112' title="bbox 1022 2457 1819 2496">
     <span class='ocr_line' id='line_1_112' title="bbox 1022 2457 1819 2496; baseline 0.004 -13"><span class='ocrx_word' id='word_1_838' title='bbox 1022 2457 1055 2484; x_wconf 84' lang='grc' dir='ltr'>ὲκ</span> <span class='ocrx_word' id='word_1_839' title='bbox 1070 2457 1173 2493; x_wconf 75' lang='grc' dir='ltr'>νεκρῶν</span> <span class='ocrx_word' id='word_1_840' title='bbox 1188 2457 1343 2484; x_wconf 80' lang='grc' dir='ltr'>ἀναστάντα</span> <span class='ocrx_word' id='word_1_841' title='bbox 1356 2457 1471 2490; x_wconf 77' lang='grc' dir='ltr'>τέλειον,</span> <span class='ocrx_word' id='word_1_842' title='bbox 1492 2457 1529 2493; x_wconf 86' lang='grc' dir='ltr'>μὴ</span> <span class='ocrx_word' id='word_1_843' title='bbox 1552 2457 1775 2496; x_wconf 75' lang='grc' dir='ltr'>ἀποδαλλόμενον</span> <span class='ocrx_word' id='word_1_844' title='bbox 1787 2459 1819 2486; x_wconf 72' lang='grc' dir='ltr'>τὸ</span> 
     </span>
    </p>
   </div>
   <div class='ocr_carea' id='block_1_113' title="bbox 1021 2503 1817 2541">
    <p class='ocr_par' dir='ltr' id='par_1_113' title="bbox 1021 2503 1817 2541">
     <span class='ocr_line' id='line_1_113' title="bbox 1021 2503 1817 2541; baseline 0.003 -11"><span class='ocrx_word' id='word_1_845' title='bbox 1021 2504 1098 2538; x_wconf 78' lang='grc' dir='ltr'>ἅγιον</span> <span class='ocrx_word' id='word_1_846' title='bbox 1113 2503 1210 2536; x_wconf 78' lang='grc' dir='ltr'>σκεῦος</span> <span class='ocrx_word' id='word_1_847' title='bbox 1220 2525 1227 2536; x_wconf 86' lang='grc'><strong>,</strong></span> <span class='ocrx_word' id='word_1_848' title='bbox 1241 2504 1255 2530; x_wconf 91' lang='grc' dir='ltr'><strong>ὃ</strong></span> <span class='ocrx_word' id='word_1_849' title='bbox 1271 2504 1377 2541; x_wconf 74' lang='grc' dir='ltr'>εἴληφε,</span> <span class='ocrx_word' id='word_1_850' title='bbox 1392 2504 1439 2531; x_wconf 72' lang='grc' dir='ltr'><strong>καὶ</strong></span> <span class='ocrx_word' id='word_1_851' title='bbox 1453 2505 1502 2540; x_wconf 85' lang='grc' dir='ltr'>τὴν</span> <span class='ocrx_word' id='word_1_852' title='bbox 1518 2505 1624 2531; x_wconf 75' lang='grc' dir='ltr'>τελείαν</span> <span class='ocrx_word' id='word_1_853' title='bbox 1637 2504 1719 2531; x_wconf 82' lang='grc' dir='ltr'>αὑτοῦ</span> <span class='ocrx_word' id='word_1_854' title='bbox 1737 2506 1817 2532; x_wconf 75' lang='grc' dir='ltr'>ἐναν-</span> 
     </span>
    </p>
   </div>
   <div class='ocr_carea' id='block_1_114' title="bbox 1021 2549 1819 2586">
    <p class='ocr_par' dir='ltr' id='par_1_114' title="bbox 1021 2549 1819 2586">
     <span class='ocr_line' id='line_1_114' title="bbox 1021 2549 1819 2586; baseline 0.003 -10"><span class='ocrx_word' id='word_1_855' title='bbox 1021 2549 1173 2585; x_wconf 82' lang='grc' dir='ltr'>θρώπησιν,</span> <span class='ocrx_word' id='word_1_856' title='bbox 1188 2550 1256 2576; x_wconf 86' lang='grc' dir='ltr'>ἀλλὰ</span> <span class='ocrx_word' id='word_1_857' title='bbox 1270 2550 1315 2577; x_wconf 74' lang='grc' dir='ltr'>διὰ</span> <span class='ocrx_word' id='word_1_858' title='bbox 1333 2550 1379 2577; x_wconf 81' lang='grc' dir='ltr'>τοῦ</span> <span class='ocrx_word' id='word_1_859' title='bbox 1397 2550 1602 2586; x_wconf 43' lang='grc' dir='ltr'>ὲῂλαφηκέναι</span> <span class='ocrx_word' id='word_1_860' title='bbox 1617 2551 1666 2586; x_wconf 79' lang='grc' dir='ltr'>τὴν</span> <span class='ocrx_word' id='word_1_861' title='bbox 1680 2550 1819 2586; x_wconf 73' lang='grc' dir='ltr'>πλευρὰν.</span> 
     </span>
    </p>
   </div>
   <div class='ocr_carea' id='block_1_115' title="bbox 1020 2596 1817 2633">
    <p class='ocr_par' dir='ltr' id='par_1_115' title="bbox 1020 2596 1817 2633">
     <span class='ocr_line' id='line_1_115' title="bbox 1020 2596 1817 2633; baseline 0.003 -11"><span class='ocrx_word' id='word_1_862' title='bbox 1020 2596 1066 2622; x_wconf 79' lang='grc' dir='ltr'>τόν</span> <span class='ocrx_word' id='word_1_863' title='bbox 1084 2605 1114 2622; x_wconf 86' lang='grc' dir='ltr'><strong>τε</strong></span> <span class='ocrx_word' id='word_1_864' title='bbox 1129 2596 1214 2623; x_wconf 85' lang='grc' dir='ltr'>τύπον</span> <span class='ocrx_word' id='word_1_865' title='bbox 1232 2596 1286 2623; x_wconf 80' lang='grc' dir='ltr'><strong>τῶν</strong></span> <span class='ocrx_word' id='word_1_866' title='bbox 1299 2596 1383 2632; x_wconf 77' lang='grc' dir='ltr'>ἥλων,</span> <span class='ocrx_word' id='word_1_867' title='bbox 1399 2596 1434 2623; x_wconf 81' lang='grc' dir='ltr'>τὰ</span> <span class='ocrx_word' id='word_1_868' title='bbox 1447 2597 1510 2632; x_wconf 82' lang='grc' dir='ltr'>τρία</span> <span class='ocrx_word' id='word_1_869' title='bbox 1526 2596 1682 2632; x_wconf 73' lang='grc' dir='ltr'>ὁμολογήσῃ</span> <span class='ocrx_word' id='word_1_870' title='bbox 1703 2597 1817 2633; x_wconf 81' lang='grc' dir='ltr'>ἀπαρα-</span> 
     </span>
    </p>
   </div>
   <div class='ocr_carea' id='block_1_116' title="bbox 1021 2642 1816 2678">
    <p class='ocr_par' dir='ltr' id='par_1_116' title="bbox 1021 2642 1816 2678">
     <span class='ocr_line' id='line_1_116' title="bbox 1021 2642 1816 2678; baseline 0.003 -10"><span class='ocrx_word' id='word_1_871' title='bbox 1021 2642 1168 2674; x_wconf 79' lang='grc' dir='ltr'>σαλεύτως.</span> <span class='ocrx_word' id='word_1_872' title='bbox 1185 2642 1264 2670; x_wconf 78' lang='grc' dir='ltr'>Οὕτω</span> <span class='ocrx_word' id='word_1_873' title='bbox 1280 2652 1325 2678; x_wconf 89' lang='grc' dir='ltr'><strong>μοι</strong></span> <span class='ocrx_word' id='word_1_874' title='bbox 1337 2643 1385 2670; x_wconf 74' lang='grc' dir='ltr'>καὶ</span> <span class='ocrx_word' id='word_1_875' title='bbox 1397 2643 1515 2670; x_wconf 72' lang='grc' dir='ltr'>ἐνταῦθα</span> <span class='ocrx_word' id='word_1_876' title='bbox 1528 2643 1594 2674; x_wconf 78' lang='grc' dir='ltr'>νόει,</span> <span class='ocrx_word' id='word_1_877' title='bbox 1608 2643 1650 2674; x_wconf 80' lang='grc' dir='ltr'><strong>τὸ,</strong></span> <span class='ocrx_word' id='word_1_878' title='bbox 1666 2644 1707 2669; x_wconf 84' lang='grc' dir='ltr'>ὂτι</span> <span class='ocrx_word' id='word_1_879' title='bbox 1718 2642 1816 2678; x_wconf 60' lang='grc' dir='ltr'><strong>Οὖτοζ</strong></span> 
     </span>
    </p>
   </div>
   <div class='ocr_carea' id='block_1_117' title="bbox 1019 2687 1814 2724">
    <p class='ocr_par' dir='ltr' id='par_1_117' title="bbox 1019 2687 1814 2724">
     <span class='ocr_line' id='line_1_117' title="bbox 1019 2687 1814 2724; baseline 0.001 -9"><span class='ocrx_word' id='word_1_880' title='bbox 1019 2688 1105 2715; x_wconf 80' lang='grc' dir='ltr'>ἐστιν</span> <span class='ocrx_word' id='word_1_881' title='bbox 1118 2688 1153 2715; x_wconf 84' lang='grc' dir='ltr'><strong>ὃν</strong></span> <span class='ocrx_word' id='word_1_882' title='bbox 1161 2687 1247 2716; x_wconf 78' lang='grc' dir='ltr'>εἷπον</span> <span class='ocrx_word' id='word_1_883' title='bbox 1259 2689 1340 2724; x_wconf 82' lang='grc' dir='ltr'>ὑμῖν,</span> <span class='ocrx_word' id='word_1_884' title='bbox 1350 2690 1395 2716; x_wconf 81' lang='grc' dir='ltr'><strong>ὅτι</strong></span> <span class='ocrx_word' id='word_1_885' title='bbox 1410 2690 1506 2716; x_wconf 74' lang='grc' dir='ltr'>ὀπίσω</span> <span class='ocrx_word' id='word_1_886' title='bbox 1519 2699 1579 2724; x_wconf 83' lang='grc' dir='ltr'>μου</span> <span class='ocrx_word' id='word_1_887' title='bbox 1591 2689 1707 2724; x_wconf 78' lang='grc' dir='ltr'>ἔρχεται</span> <span class='ocrx_word' id='word_1_888' title='bbox 1722 2690 1814 2724; x_wconf 77' lang='grc' dir='ltr'>ἀνὴρ,</span> 
     </span>
    </p>
   </div>
   <div class='ocr_carea' id='block_1_118' title="bbox 1020 2733 1814 2772">
    <p class='ocr_par' dir='ltr' id='par_1_118' title="bbox 1020 2733 1814 2772">
     <span class='ocr_line' id='line_1_118' title="bbox 1020 2733 1814 2772; baseline 0.004 -13"><span class='ocrx_word' id='word_1_889' title='bbox 1020 2733 1063 2760; x_wconf 82' lang='grc' dir='ltr'>ἵνα</span> <span class='ocrx_word' id='word_1_890' title='bbox 1082 2733 1131 2769; x_wconf 87' lang='grc' dir='ltr'>τὴν</span> <span class='ocrx_word' id='word_1_891' title='bbox 1147 2734 1278 2770; x_wconf 81' lang='grc' dir='ltr'>ἕνσαρκον</span> <span class='ocrx_word' id='word_1_892' title='bbox 1299 2735 1408 2772; x_wconf 84' lang='grc' dir='ltr'>σημάνῃ</span> <span class='ocrx_word' id='word_1_893' title='bbox 1430 2736 1592 2771; x_wconf 79' lang='grc' dir='ltr'>παρουσίαν.</span> <span class='ocrx_word' id='word_1_894' title='bbox 1610 2736 1672 2762; x_wconf 83' lang='grc' dir='ltr'><strong>Ὅτι</strong></span> <span class='ocrx_word' id='word_1_895' title='bbox 1694 2735 1814 2769; x_wconf 74' lang='grc' dir='ltr'>Πρῶτός</span> 
     </span>
    </p>
   </div>
   <div class='ocr_carea' id='block_1_119' title="bbox 1016 2778 1814 2820">
    <p class='ocr_par' dir='ltr' id='par_1_119' title="bbox 1016 2778 1814 2820">
     <span class='ocr_line' id='line_1_119' title="bbox 1016 2778 1814 2820; baseline 0.001 -12"><span class='ocrx_word' id='word_1_896' title='bbox 1016 2789 1075 2815; x_wconf 85' lang='grc' dir='ltr'><strong>μου</strong></span> <span class='ocrx_word' id='word_1_897' title='bbox 1096 2778 1144 2817; x_wconf 78' lang='grc' dir='ltr'>ἦν,</span> <span class='ocrx_word' id='word_1_898' title='bbox 1159 2781 1203 2808; x_wconf 77' lang='grc' dir='ltr'><strong>ἵνα</strong></span> <span class='ocrx_word' id='word_1_899' title='bbox 1222 2781 1272 2818; x_wconf 77' lang='grc' dir='ltr'><strong>τὴν</strong></span> <span class='ocrx_word' id='word_1_900' title='bbox 1296 2782 1411 2819; x_wconf 84' lang='grc' dir='ltr'>θεότητα</span> <span class='ocrx_word' id='word_1_901' title='bbox 1431 2782 1559 2820; x_wconf 75' lang='grc' dir='ltr'>ὑποδείξῃ</span> <span class='ocrx_word' id='word_1_902' title='bbox 1571 2803 1577 2815; x_wconf 85' lang='lat'><strong>,</strong></span> <span class='ocrx_word' id='word_1_903' title='bbox 1599 2782 1642 2809; x_wconf 84' lang='grc' dir='ltr'><strong>ὅτι</strong></span> <span class='ocrx_word' id='word_1_904' title='bbox 1661 2780 1718 2816; x_wconf 69' lang='grc' dir='ltr'><strong>πρό</strong></span> <span class='ocrx_word' id='word_1_905' title='bbox 1739 2780 1814 2816; x_wconf 76' lang='grc' dir='ltr'>ἐμοῦ</span> 
     </span>
    </p>
   </div>
   <div class='ocr_carea' id='block_1_120' title="bbox 1589 2861 1607 2876">
    <p class='ocr_par' dir='ltr' id='par_1_120' title="bbox 1589 2861 1607 2876">
     <span class='ocr_line' id='line_1_120' title="bbox 1589 2861 1607 2876; baseline 0 0"><span class='ocrx_word' id='word_1_906' title='bbox 1589 2861 1607 2876; x_wconf 58' lang='grc' dir='ltr'>δ</span> 
     </span>
    </p>
   </div>
  </div>
