1929 3039
50 107 110 134 εις
421 106 607 133 ADVERSUS
627 104 797 131 ILERILSES
817 104 879 130 LIU.
903 105 935 130 ll.
958 105 1040 131 ωλι.
1065 106 1094 131 11.
1121 120 1151 126 --
1172 105 1308 132 ItbetILS.
1334 104 1426 132 LXIX.
1662 107 1716 136 986

49 166 190 200 ἐγένετο·
207 167 242 191 ἐν
255 164 295 199 τῷ
308 165 412 200 κόσμῳ
426 165 481 201 γὰρ
496 163 545 200 ἦν,
559 164 626 199 φησὶ
641 164 671 190 τὸ
686 164 763 197 ἅγιον
779 163 858 197 Εὐαγ-

918 171 949 190 ac
963 164 1076 199 vestigia
1098 169 1308 197 coutreetasset,
1326 165 1378 192 tria
1409 165 1454 191 illa
1480 165 1539 192 sine
1559 165 1613 192 ulla
1634 165 1715 194 litesi-

49 213 162 246 γέλιον,
192 212 241 238 καὶ
271 213 287 238 ὁ
314 211 429 245 κόσμος
448 211 485 237 δι’
510 210 603 238 αὐτοῦ
619 210 745 245 ἐγένετο,
773 211 820 237 καὶ
848 220 858 236 ί

919 208 1021 235 talione
1056 208 1201 236 confessus
1225 214 1277 237 est.
1310 210 1355 237 Sic
1383 212 1466 245 igitur
1487 211 1559 245 quod
1576 218 1590 237 a
1609 211 1714 256 Joptiue.

50 260 175 291 κόσμος
186 257 283 284 αὑτὸν
303 257 359 283 οὐκ
377 256 465 290 ἔγνω.

919 253 1039 289 Baptista
1064 255 1182 282 dicitur:
1199 255 1249 281 llic
1263 261 1300 282 est
1310 264 1386 290 quem
1401 256 1457 282 dixi
1474 256 1545 283 vobis
1558 265 1567 283 :
1580 253 1714 289 Quoniam

50 304 129 331 venit
153 308 213 338 post
238 311 278 329 me
307 302 357 333 uir,
383 301 602 329 incarnationem
623 301 755 329 declarat.
789 300 853 328 Ilaec
876 297 979 333 autem,
1007 301 1080 334 prior
1099 310 1139 327 me
1161 306 1230 334 erat,
1258 302 1318 336 ejus
1350 302 1518 329 divinitatem
1546 303 1714 337 signiﬁcant,

50 352 186 386 quoniam
198 355 261 378 ante
276 358 316 376 me
326 350 413 384 factus
425 355 475 377 est.
487 349 594 385 Quippe
615 353 645 377 ut
668 350 696 377 in
714 349 861 385 Evangelio
881 349 1014 384 scriptum
1027 354 1069 377 est
1084 357 1089 375 :
1110 349 1140 376 In
1156 351 1253 377 mundo
1269 355 1337 382 erat,
1365 355 1389 377 et
1416 350 1528 378 tumidus
1550 358 1596 385 per
1628 352 1715 386 ipsum

54 400 149 427 iectus
166 402 216 428 est,
228 402 251 424 et
263 396 377 424 mundus
395 404 455 423 eum
471 404 523 423 non
537 396 687 431 cognouit“.

90 455 163 481 ΜΝ.
187 454 218 480 Εἰ
242 453 270 480 δὲ
289 453 318 479 ἐν
343 452 440 489 κόσμῳ
455 450 491 489 ἦν
514 452 570 488 (95)
586 453 640 489 πρὸ
658 451 705 479 τοῦ
736 452 862 488 Ἰωάννην

52 499 226 535 γεννηθῆναι
242 500 290 525 καὶ
305 498 494 534 συλληφθῆναι
504 520 511 532 ,
528 499 582 535 πρὸ
604 499 688 526 αὐτοῦ
704 499 815 534 γέγονεν
833 500 862 525 ὲν

52 547 172 581 κόσμῳ,
193 545 224 571 οὐ
243 545 308 580 περὶ
327 545 443 577 κτίσεως
454 565 462 577 ,
480 545 510 571 οὐ
527 545 592 581 περὶ
607 546 743 581 ποιήσεως
760 545 860 581 σημαί-

54 601 125 623 νων,
144 592 213 618 ἀλλά
237 590 309 618 κατὰ
323 591 372 626 τὴν
388 591 497 627 χρῆσιν,
512 591 545 626 ἢν
566 591 719 627 ὁμωνύμως
733 591 862 618 εἰώθασιν

53 640 80 664 οἱ
102 638 243 673 ἄνθρωποι
266 637 375 671 λέγειν·
408 637 560 673 Ἐγενόμην
587 638 616 664 ὲν
649 637 861 673 Ἰεροσολύμοις,

55 683 196 718 ἐγενόμην
207 683 236 708 ἐν
247 681 397 714 Βαϐυλῶνι,
411 682 545 717 ἐγενόμην
554 683 583 709 ὲν
597 682 725 719 Αἰθιοπίᾳ
735 684 755 715 ¹,
770 683 861 717 ἐγενό-

57 738 116 764 μην
130 730 160 755 ὲν
190 727 397 763 Ἀλεξανδρείᾳ·
413 728 443 754 οὐ
466 727 555 754 κτίσιν
572 728 713 763 σημαίνων
732 727 860 761 ἐνταῦθα,

56 774 129 801 ἀλλὰ
144 773 273 799 ὲπὶὃασίν
287 781 316 799 τε
330 772 379 799 καὶ
394 772 557 808 παρουσίαν.
574 772 611 799 Τὸ
622 772 687 810 γὰρ,
711 772 861 806 Ἐγενόμην

953 452 1021 480 XLI.
1039 452 1117 485 Quod
1132 453 1154 481 si
1169 453 1196 480 iti
1217 454 1319 480 mundo
1334 458 1402 485 erat.
1417 460 1562 490 antequam
1585 463 1715 483 nascere—

915 502 960 525 tur
979 502 1026 525 aut
1038 499 1194 533 gigneretur
1207 498 1339 531 Joannes,
1361 504 1424 527 ante
1456 492 1582 527 illuni‘in
1610 503 1714 529 mundo

915 544 1041 571 exstitit:
1058 544 1131 579 quod
1153 544 1186 571 dc
1210 546 1350 572 creatione
1371 550 1418 572 aut
1432 546 1576 574 eﬁ‘ectione
1598 547 1713 583 intelligi

915 597 971 617 non
996 589 1088 622 debet,
1114 590 1162 617 sed
1177 590 1210 616 ad
1227 598 1400 617 communem
1426 591 1554 626 loquendi
1576 593 1712 621 rationein

915 635 1152 662 accommodatum
1178 640 1231 668 est.
1255 644 1307 670 qua
1324 637 1405 671 vulgo
1421 637 1461 664 sic
1477 637 1628 672 loquuntur
1641 646 1649 665 :
1662 638 1712 666 Fui

915 680 1110 717 Jerosolymis,
1131 681 1169 708 fui
1196 681 1343 717 Babylone,
1373 682 1410 709 fui
1442 684 1469 710 in
1495 683 1651 719 jEtliiopia,
1673 685 1712 712 fui

915 729 1106 757 Alexandrize:
1125 729 1171 756 ubi
1191 737 1245 756 nou
1274 730 1379 757 creatio
1408 731 1474 762 ulla,
1495 731 1536 758 vel
1556 731 1711 766 productio,

915 775 997 812 764
1021 776 1069 803 sed
1094 776 1217 804 accessio
1241 781 1267 804 et
1287 776 1422 804 adventtts
1445 778 1619 812 exprimitur.
1643 777 1711 805 Nam

56 822 88 847 ἐν
104 820 246 846 Βαϐυλῶνι
257 819 274 855 ἢ
284 820 313 846 ὲν
327 819 414 854 ἑτέρῳ
424 819 517 854 τόπῳ,
529 819 570 845 ὅτι
585 816 699 845 ⁷Ηλθον.
714 817 775 852 Πρὸ
789 818 858 853 ὲμυί

915 823 987 850 istud
1012 832 1019 849 ε
1043 821 1091 849 Fui
1115 822 1263 858 Babylone,
1292 824 1334 850 vel
1364 824 1418 850 alio
1449 824 1519 856 loco,
1542 824 1613 852 idem
1641 825 1714 852 valet

57 863 108 892 οὖν
124 865 262 900 ἐγένετο,
279 865 323 892 ἵνα
342 864 417 901 δείξῃ
436 865 483 891 ὲπὶ
497 865 547 900 τῆς
568 864 621 899 γῆς
641 864 690 900 τὴν
712 863 758 891 τοῦ
773 864 860 898 Λόγου

58 911 106 937 ἀεὶ
117 910 261 937 ἐπίϐασιν·
276 909 323 937 καὶ
337 909 378 942 τὸ,
393 909 512 944 Πρῶτός
525 918 586 944 μου
599 906 648 944 ἦν,
662 909 706 936 ἵνα
719 907 795 945 δείξῃ
811 909 861 944 τὴν

59 957 180 992 θεότητα
196 956 242 982 ἀεὶ
259 953 342 983 οὖσαν
354 963 361 969 ·
381 955 411 981 τὸ
431 955 471 989 δὲ,
490 955 589 982 ὀπίσω
607 963 668 990 μου
682 954 859 989 ἐρχόμενον,

60 1003 107 1029 ἵνα
121 1003 198 1039 δείξῃ
212 1003 261 1038 τὴν
283 1001 415 1037 σύλληψιν
438 1002 506 1037 μετὰ
523 1001 568 1028 τὸν
591 1001 729 1037 Ἰωάννην.
747 1001 803 1028 Καὶ
817 1001 862 1028 διὰ

59 1050 157 1082 τοῦτο,
191 1049 265 1084 Ἐγὼ
277 1049 362 1084 φωνὴ
377 1048 515 1082 βοῶντος
525 1048 559 1075 ἐν
573 1048 611 1083 τῇ
625 1048 733 1083 ἐρήμῳ,
748 1047 861 1083 ἑτοιμα-

62 1096 143 1130 στιχὴ
159 1095 237 1130 φωνὴ
250 1095 300 1130 τῆς
315 1095 369 1121 τῶν
386 1093 538 1131 ἀνθρώπων
560 1094 655 1130 ἀκοῆς.
677 1094 789 1130 Πρῶτον
807 1093 861 1130 γὰρ

61 1141 249 1177 ἀδιάρθρωτον
262 1141 389 1168 εἰώθασιν
399 1142 424 1168 οἱ
436 1140 589 1176 φωνοῦντες
602 1140 757 1167 ἀποδιδόναι
768 1143 861 1176 φωνὴν

61 1187 219 1222 ἠχήεσσαν,
237 1186 414 1222 ἀπομήκοθεν
439 1186 586 1218 καλοῦντες
611 1186 673 1218 τοὺς
697 1187 724 1213 τὶ
751 1186 861 1222 ἔχοντας

63 1233 130 1267 παρ’
156 1231 241 1258 αὐτοῦ
267 1232 394 1259 ἀκούειν·
419 1232 466 1259 καὶ
487 1232 556 1259 ἐπὰν
575 1233 675 1259 ἐκεῖνοι
696 1232 746 1268 τῆς
769 1232 862 1267 φωνῆς

63 1278 203 1304 ἀκούσωσι
222 1278 306 1314 μόνης
316 1298 324 1311 ,
348 1278 395 1305 καὶ
409 1278 516 1305 δώσωσι
532 1278 577 1305 τὸν
591 1278 653 1306 νοῦν
671 1278 717 1305 τοῦ
739 1279 859 1312 ἀκούειν,

65 1326 110 1351 καὶ
139 1326 306 1361 ὲτοιμάσωσι
330 1326 381 1361 τὴν
402 1325 497 1361 ἀκοὴν,
527 1326 588 1352 τότε
610 1327 624 1353 ό
648 1326 698 1361 τὴν
721 1326 861 1361 ἠχήεσσαν

65 1372 158 1407 φωνὴν
172 1373 289 1404 ἀποδοὺς
311 1372 406 1399 λοιπὸν
429 1372 580 1399 διαστέλλει
601 1373 647 1399 τὸν
664 1372 751 1407 λόγον,
776 1373 861 1408 ὅνπερ

65 1417 204 1453 ἦΰουλήθη
225 1419 321 1445 εἰπεῖν.
346 1418 424 1445 Οὕτω
438 1418 486 1445 καὶ
516 1418 642 1454 Ἰωάννης
656 1419 732 1454 φωνὴ
752 1419 873 1453 ἐγένετο

66 1463 249 1498 ἑτοιμάζουσιν.
263 1464 312 1500 τὴν
334 1465 419 1499 ἀκοὴν
433 1464 487 1491 τῶν
510 1464 674 1501 ἀνθρώπων.
692 1465 729 1492 Οὐ
753 1465 808 1501 γὰρ
824 1463 858 1500 ἦν

915 873 1006 904 atque,
1031 868 1070 895 Eo
1089 869 1210 903 perveni.
1239 869 1419 902 Quamobrem
1442 874 1469 897 et
1487 870 1553 897 illud
1572 871 1658 898 :Ante
1673 879 1713 899 me

916 914 1003 949 factus
1015 919 1064 946 est,
1080 914 1141 941 ideo
1157 914 1260 942 dit-tum
1282 920 1334 947 est,
1348 920 1378 942 ut
1395 912 1474 943 Verbi
1494 917 1526 944 ad
1549 921 1651 945 terram
1666 926 1713 945 ac-

915 960 1068 989 cessionem
1089 961 1270 989 demonstret.
1294 961 1359 989 ltein
1380 962 1446 989 illttd
1466 972 1472 989 :
1490 962 1568 990 Prior
1588 972 1629 991 me
1642 969 1711 997 erat,

915 1006 1097 1038 divinitatem.
1105 1015 1166 1042 quin
1175 1015 1282 1042 semper
1292 1008 1410 1038 exsistit.
1421 1009 1556 1042 ostendit;
1567 1009 1624 1036 huic
1635 1017 1712 1040 vero.

914 1054 959 1088 qui
974 1058 1032 1088 post
1044 1062 1084 1080 me
1094 1055 1174 1085 venit,
1197 1059 1258 1089 post
1271 1053 1402 1082 Joannetn
1421 1058 1482 1083 esSe
1497 1055 1630 1090 genitum.
1645 1056 1714 1083 Pro-

915 1104 1018 1135 pterea,
1049 1099 1105 1134 Ego
1117 1108 1176 1131 vox.
1191 1098 1291 1135 inquit,
1303 1101 1446 1128 clamantis
1463 1102 1488 1127 in
1506 1102 1608 1128 deserto
1619 1106 1642 1135 δ,
1660 1102 1713 1130 lioc

915 1151 967 1179 est,
980 1154 1031 1173 vox
1058 1146 1091 1173 ad
1117 1146 1310 1181 przeparandas
1335 1147 1476 1174 hominum
1495 1155 1577 1175 aures
1598 1148 1709 1176 entissa.

914 1191 965 1225 Qui
985 1192 1057 1220 enim
1078 1192 1207 1224 clamant,
1227 1197 1256 1219 ut
1281 1192 1391 1220 emintts
1416 1201 1464 1221 eos
1478 1198 1593 1221 evocent
1609 1194 1711 1229 quibus

915 1237 1071 1272 signiﬁcare
1087 1237 1190 1272 aliquid
1205 1238 1331 1273 cupiunt,
1351 1246 1479 1270 sonoram
1492 1239 1639 1274 quamdam
1656 1239 1711 1266 iiii-

916 1283 954 1310 tio
974 1291 1080 1315 vocem,
1098 1292 1149 1312 nec
1164 1284 1338 1312 artieulatani
1354 1285 1498 1320 proferunt
1514 1294 1520 1312 :
1535 1292 1652 1320 cumque
1672 1286 1712 1313 illi

915 1327 973 1354 sola
988 1328 1115 1355 exaudita
1131 1336 1197 1356 voce
1209 1328 1242 1355 ad
1259 1329 1426 1357 audiendum
1440 1335 1559 1358 mentem
1577 1331 1711 1359 adhibue-

915 1371 980 1404 rint,
997 1378 1079 1408 atque
1096 1380 1191 1401 aurem
1206 1374 1389 1406 admoverint,
1408 1379 1466 1402 tum
1488 1375 1654 1404 vociferator
1666 1377 1711 1405 ille

914 1419 987 1453 qttod
1013 1419 1105 1447 dicere
1121 1419 1302 1447 constituerat
1317 1420 1476 1448 distinctius
1499 1421 1649 1456 eloquitur.
1672 1421 1711 1449 Ita

914 1472 978 1499 ergo
991 1464 1111 1492 Joannes
1129 1473 1180 1492 vox
1194 1465 1319 1500 qutedam
1345 1465 1397 1493 fuit
1422 1468 1609 1502 prteparaudis
1626 1469 1711 1495 liouii-
1728 1460 1730 1462 ’

66 1509 148 1541 αὐτὸς
158 1510 172 1536 ὁ
188 1510 285 1544 Λόγος,
299 1510 365 1537 ἀλλὰ
383 1511 441 1546 μετ’
456 1511 536 1537 αὐτὸν
550 1510 632 1547 ἦλθεν
644 1512 658 1538 ὁ
674 1511 770 1546 Λόγος,
786 1511 819 1538 δι’
833 1511 858 1539 3v

915 1517 978 1536 nttm
995 1510 1119 1537 attribtts.
1136 1509 1196 1537 Non
1218 1507 1408 1539 enim'Sermo
1432 1511 1491 1547 ipse
1515 1512 1574 1545 fuit,
1589 1513 1635 1540 sed
1648 1518 1710 1548 post

66 1556 81 1590 ἡ
107 1556 287 1591 ὲτοιμαστικὴ
311 1557 388 1593 φωνὴ
413 1557 520 1592 γέγονε.
541 1557 595 1583 Καὶ
615 1557 658 1584 διὰ
672 1557 751 1584 τοῦτο
767 1557 858 1592 λέγει·

67 1601 152 1634 Φωνὴ
161 1601 297 1634 ,βοῶντος
309 1596 345 1628 ἓν
356 1601 394 1636 τῇ
401 1602 510 1637 ἐρήμῳ·
524 1602 701 1637 ἑτοιμάσατε
708 1602 761 1635 τὰς
770 1602 859 1635 ὁδοὺς

67 1648 186 1681 Kvpiov.
214 1649 246 1674 Ἦ
266 1648 320 1684 γὰρ
337 1650 413 1685 φωνὴ
437 1649 593 1684 ἐτοιμάζει,
615 1650 630 1675 ό
647 1648 675 1675 δὲ
698 1649 799 1685 Κύριος
814 1650 861 1675 ἑκ-

67 1693 155 1719 6αινει
176 1695 237 1724 ταῖς
257 1695 482 1730 ήτοιματμέναις.
507 1696 562 1722 Καὶ
584 1696 600 1730 ἡ
624 1696 699 1730 φωνὴ
716 1696 792 1723 λαλεῖ
811 1696 861 1731 τὴν

67 1738 152 1774 ἀκοήν
163 1740 185 1766 ⁸.
202 1740 287 1767 Ὅταν
308 1741 336 1767 δὲ
352 1742 368 1776 ὴ
392 1741 460 1777 ἀκοὴ
481 1741 598 1776 σχολάσῃ
609 1760 616 1772 ,
635 1741 695 1768 τότε
707 1742 721 1768 ὁ
737 1741 815 1776 λόγος
832 1743 861 1768 ὲν

66 1785 99 1819 τῇ
116 1785 186 1821 ἀκοῇ
203 1786 402 1814 καταὸάλλεται
412 1787 465 1814 τῶν
480 1786 643 1822 δεχομένων.
660 1787 786 1822 οὐδαμοῦ
804 1787 859 1813 τοι·

66 1839 113 1856 νυν
136 1831 299 1867 ἐπιλήψεται
324 1834 449 1869 Ἄρειος,
466 1833 513 1859 καὶ
526 1833 551 1859 οἱ
574 1833 622 1860 ἀπ’
638 1832 721 1859 αὑτοῦ
741 1833 791 1868 τῆς
812 1833 859 1860 τοῦ

66 1876 135 1903 Θεοῦ
157 1878 286 1913 ἀληθείας
303 1879 347 1905 ἀεὶ
363 1879 589 1915 καταυγαζούσης
608 1878 720 1914 καρδίας
744 1878 858 1909 πιστῶν,

67 1923 107 1954 εἰς
121 1923 152 1949 τὺ
168 1924 205 1959 μὴ
223 1925 392 1960 ἐκτραπῆναι
406 1925 459 1952 ἀπὸ
470 1926 519 1961 τῆς
533 1926 561 1952 ὲν
576 1924 614 1960 τῷ
629 1925 707 1960 Λόγῳ
721 1924 778 1960 Υἱῷ
791 1924 858 1951 Θεοῦ

67 1967 96 1994 ἐν
112 1968 227 2005 ἀληθείᾳ
242 1971 361 2005 ἁκτίστῳ
378 1971 424 1997 καὶ
439 1971 577 2006 ἀγεννήτῳ
591 1971 736 2005 σωτηρίας.

910 1555 987 1583 illum
1005 1556 1101 1584 Sermo
1116 1557 1228 1584 tandem
1257 1557 1378 1589 advenit,
1398 1558 1477 1593 cujus
1501 1560 1585 1593 gratia
1607 1568 1710 1594 praipa-

909 1601 997 1628 ratrix
1018 1601 1064 1628 illa
1087 1609 1138 1629 vox
1155 1606 1353 1630 antecesserat.
1371 1601 1447 1630 Unde
1469 1604 1551 1630 etiam
1569 1605 1605 1630 ita
1624 1605 1711 1639 loqui-

911 1651 978 1674 tur:
1000 1647 1057 1673 νοτε
1081 1648 1223 1675 clamantis
1250 1649 1277 1675 in
1302 1649 1426 1676 deserto:
1444 1649 1540 1676 Parata
1568 1651 1624 1677 eius
1658 1651 1711 1677 Uo—

912 1691 977 1718 mim'
991 1691 1012 1718 ⁵.
1034 1692 1139 1727 Quippe
1150 1700 1202 1719 vox
1228 1699 1374 1729 praeparat,
1393 1694 1526 1721 Domitius
1539 1699 1630 1721 autem
1644 1703 1710 1730 pne—

915 1741 1027 1774 paratas
1041 1739 1097 1773 jam
1110 1739 1168 1766 vias
1185 1739 1348 1774 ingreditur.
1365 1739 1486 1774 Itemque
1506 1747 1555 1767 vox
1572 1747 1652 1768 aures
1676 1741 1709 1767 ad

914 1776 1082 1812 audientiam
1098 1785 1240 1820 componit
1258 1795 1264 1812 :
1281 1794 1342 1820 qum
1357 1785 1402 1812 tibi
1420 1793 1521 1813 vacuas
1541 1793 1571 1813 se
1586 1787 1707 1821 prmbue-

913 1831 980 1862 rint,
998 1834 1055 1857 tittii
1086 1838 1177 1858 sermo
1206 1831 1376 1858 audientium
1404 1831 1516 1860 auribus
1542 1833 1708 1859 immittitur.

913 1877 984 1904 Niliil
1000 1881 1043 1905 est
1058 1878 1140 1913 igitur
1157 1877 1231 1913 quod
1258 1878 1341 1905 Arius
1367 1879 1482 1914 ejusque
1502 1878 1624 1907 fautores
1640 1879 1710 1907 arri-

913 1926 989 1960 piant
1004 1932 1037 1952 ex
1052 1925 1102 1952 hoc
1115 1925 1190 1957 loco,
1203 1933 1265 1953 cttm
1277 1925 1369 1952 divina
1386 1926 1488 1954 veritas
1507 1925 1626 1954 ﬁdelium
1648 1929 1709 1953 atii-

913 1979 973 1999 mos
983 1976 1115 2007 perpetuo
1131 1972 1285 2004 collustret,
1301 1980 1335 2000 ne
1345 1973 1379 2000 ab
1394 1980 1426 1999 ea
1445 1973 1534 2000 salute
1551 1973 1708 2005 deﬁt-ciant,

68 2023 131 2050 quae
154 2024 202 2050 per
227 2016 344 2044 Verbum
360 2017 408 2045 Dei
429 2017 529 2044 Filium
546 2025 641 2045 revera
660 2018 861 2045 inerealum‘ae
881 2018 1001 2054 genitum
1019 2017 1168 2045 obtiiie'tur.

54 2061 60 2079 δ
104 2062 171 2089 MB’.
196 2063 410 2097 Προκοπτόντων
426 2062 454 2089 δὲ
474 2063 555 2090 πάλιν
574 2063 663 2098 ὴμῶν,
677 2064 724 2090 καὶ
740 2063 787 2089 ἐπὶ
809 2063 858 2095 τὰς

67 2109 131 2144 ἑξῆς
153 2108 309 2141 ϐαινόντων,
327 2108 403 2136 οὐδὲν
422 2108 627 2145 παραλείψομεν
643 2108 697 2136 τῶν
719 2108 775 2135 ἄνω
791 2117 858 2144 προ-

106 2191 114 2206 ¹
131 2189 163 2216 F.
186 2190 345 2225 Ἀντιοχείᾳ.
384 2190 394 2204 ¹
409 2189 439 2216 F.
452 2189 492 2220 εἰς
507 2188 557 2224 τὴν
572 2189 619 2216 ἀκ.
658 2188 668 2203 ³
683 2187 762 2216 Joaii.
782 2197 800 2220 ι,
824 2189 865 2217 10.

105 2266 162 2301 (93$)
177 2267 211 2293 Et
227 2266 261 2292 δὲ
275 2266 309 2293 ἐν
324 2266 427 2300 κόσμῳ
443 2264 491 2301 ἦν.
510 2265 586 2293 Nova
612 2266 729 2301 quadam
754 2266 859 2293 ratione

66 2301 182 2328 Joannis
211 2301 255 2327 illa
285 2302 365 2328 verba
388 2302 529 2328 declarat:
547 2301 597 2334 ’ος
611 2301 782 2335 ἔμπροσθέν
797 2310 856 2335 μου

69 2337 183 2371 γέγονε,
202 2336 254 2369 Qui
274 2341 334 2363 ante
347 2344 386 2363 me
402 2336 488 2371 factus
510 2342 559 2368 est,
573 2340 602 2363 ut
618 2337 753 2370 interpres
764 2341 858 2363 noster

67 2372 198 2399 reddidit.
209 2372 286 2406 quasi
297 2372 408 2405 γέγονεν
421 2372 491 2398 idum
504 2371 638 2406 signiﬁcet
651 2379 682 2398 ae
697 2371 789 2405 fuisse,
801 2373 858 2399 sive

69 2407 223 2441 profectum
254 2411 301 2433 aut
328 2407 428 2434 alicubi
445 2411 585 2433 versatum
610 2414 682 2433 esse.
699 2406 759 2439 Quo
774 2415 856 2434 sensu

68 2440 146 2477 prius
169 2440 274 2468 Joanne
303 2441 349 2468 Dei
378 2441 463 2468 Filius
487 2442 602 2473 exstitit,
624 2446 768 2476 propterea
785 2442 858 2476 quod

68 2478 180 2511 szt-pius,
207 2477 248 2503 vel
272 2483 418 2512 antequam
435 2477 581 2503 liuinanani
594 2484 704 2503 cat-item
720 2477 864 2508 indueret;

69 2512 208 2539 veteribus
235 2512 400 2546 patriarchis
421 2514 559 2546 apparuit.
583 2512 697 2539 Tertull.
716 2520 747 2544 it,
765 2518 858 2539 contra

68 2549 166 2578 Μανε..
177 2555 237 2581 cap.
252 2547 297 2574 27:
316 2546 386 2574 Nam
398 2552 421 2574 et
438 2548 593 2581 proﬁtemur
609 2546 744 2574 Christum
758 2556 859 2581 semper

67 2583 152 2617 egisse
163 2584 189 2609 in
204 2582 250 2608 Dei
270 2582 359 2609 Patris
376 2584 490 2613 ncmine,
505 2583 589 2612 ipsum
607 2582 639 2608 ab
655 2583 731 2609 initio
753 2591 859 2609 conver-

68 2623 166 2648 satum,
176 2618 260 2651 ipsum
272 2626 435 2652 congressum
448 2618 671 2651 cumpatrinrchis
682 2622 706 2644 et
715 2619 856 2651 prop/telis,

68 2658 94 2678 ιιι
110 2657 220 2681 αιτιοι-ιι,
237 2660 296 2687 qua!
313 2659 402 2686 caute,
415 2653 453 2679 uti
476 2653 544 2685 dixi,
565 2653 676 2686 legenda
693 2657 773 2684 stitit;
788 2657 816 2679 tit
831 2657 858 2679 ct

67 2687 169 2715 Justini
185 2689 261 2714 locus
277 2688 331 2720 ille,
347 2696 379 2715 ex
399 2696 454 2723 quo
470 2687 656 2714 Tertullianus
669 2689 719 2715 ista
729 2689 852 2722 sumpsit

69 2723 139 2750 ldettt
152 2723 311 2763 ppi-ro,‘s‘e_il
338 2724 416 2758 longe
438 2723 611 2763 prudentius,
632 2723 712 2763 docet
728 2725 855 2763 Augule

68 2766 119 2786 itus
133 2758 225 2784 coiitra
240 2759 375 2788 Adimam.
389 2766 448 2792 cap.
458 2758 474 2784 9
484 2766 490 2782 :
501 2758 568 2791 Quia
580 2759 634 2792 ipse
648 2758 856 2792 Filius,inqtiit,

67 2794 110 2827 qui
120 2798 159 2821 est
177 2793 288 2820 Verbum
297 2793 352 2824 Dei,
363 2802 413 2819 non
423 2793 507 2819 solum
522 2794 670 2820 novissimis
685 2794 855 2828 leiiiporibtts,

68 2837 125 2856 cum
144 2829 170 2856 in
187 2837 267 2856 carne
287 2836 412 2862 apparere
426 2828 550 2863 dignatus
565 2834 615 2862 est,
632 2829 675 2856 sed
689 2829 769 2856 etiam
780 2829 854 2862 prius

230 2873 366 2903 Pin-net.
388 2873 446 2903 Gtt.
466 2873 562 2904 XLII.

947 2063 1029 2091 XLII.
1050 2063 1109 2090 Jani
1125 2072 1190 2092 vero
1218 2065 1425 2100 progredientes
1449 2074 1543 2101 porro,
1570 2069 1597 2094 et
1619 2066 1652 2093 ad
1676 2074 1708 2094 ca

912 2118 972 2144 qua:
997 2117 1151 2145 sequuntur
1174 2112 1305 2147 deinceps
1321 2116 1509 2145 transeuntes,
1525 2113 1592 2141 niliil
1610 2121 1707 2141 eorum

906 2189 916 2204 ⁸
928 2190 1021 2217 Matth.
1038 2198 1079 2224 iii,
1096 2192 1121 2218 5.
1161 2193 1171 2207 "
1185 2193 1248 2219 ibid.

878 2269 897 2296 Ι)
913 2276 929 2292 (ι
946 2269 1132 2298 εοηδιίιυιὶιηε
1149 2269 1250 2301 minuti,
1267 2271 1310 2296 cui
1326 2271 1406 2297 voluit
1423 2270 1456 2298 de
1471 2270 1552 2298 Patre
1568 2274 1709 2299 anntmlia-

913 2303 957 2331 rit.
967 2303 1018 2328 sire
1027 2303 1164 2337 loquendo,
1176 2305 1228 2342 sire
1237 2306 1397 2339 apparentia,
1407 2306 1443 2332 rel
1457 2315 1502 2340 per
1509 2307 1709 2342 angeliramalt-

912 2345 989 2372 quum
998 2343 1163 2375 potestatem,
1174 2340 1265 2373 rel'prr
1272 2341 1415 2375 quamlibet
1426 2340 1586 2372 creaturam.
1596 2344 1708 2371 cit-.Seil

914 2381 974 2410 eam
988 2374 1168 2410 quaestimtetu
1186 2375 1297 2402 uberius
1312 2378 1424 2410 evpouit
1443 2378 1487 2403 lib.
1506 2385 1535 2408 tt,
1555 2377 1593 2404 De
1610 2378 1707 2405 Triit.t.

914 2406 1008 2447 Redeo
1022 2410 1055 2434 ad
1074 2408 1268 2447 Epiplianittm.
1284 2412 1330 2445 qui
1347 2406 1454 2445 ἐγένετο
1470 2406 1609 2447 (Sic-CIIII"
1630 2414 1706 2447 legit,

914 2444 1099 2482 pt'uqézovsv)
1117 2445 1186 2482 idem
1205 2453 1266 2482 esse
1291 2444 1366 2480 putat
1383 2452 1464 2482 atque
1475 2444 1479 2447 ’
1490 2449 1599 2475 accessit
1615 2454 1641 2475 et
1656 2444 1706 2475 iit!-

913 2478 990 2517 vritil.
1006 2479 1082 2517 Quod
1106 2480 1170 2506 titilii
1190 2478 1297 2514 quidem
1328 2490 1381 2508 IIOII
1401 2478 1507 2517 probat.
1525 2485 1564 2510 Ac
1580 2485 1601 2510 si
1619 2484 1705 2511 Gian-i

913 2514 1038 2553 vocabuli
1055 2514 1106 2541 vitii
1124 2517 1292 2553 consideres,
1312 2514 1407 2551 γέγονέ
1423 2519 1492 2546 idem
1518 2526 1580 2546 esse
1605 2527 1705 2553 poti-st,

914 2556 945 2588 at:
963 2549 1118 2582 productus.
1133 2551 1173 2588 vel
1185 2551 1287 2585 genitus
1300 2549 1439 2587 estfquod
1461 2554 1506 2581 Dei
1524 2554 1592 2581 Filio
1605 2549 1705 2582 conn-,4

915 2585 969 2615 uit;
983 2591 1044 2611 tiam
1061 2589 1123 2611 attte
1136 2584 1268 2613 Joannem
1286 2584 1394 2621 genitus
1410 2594 1450 2615 est
1461 2598 1467 2621 ;
1480 2594 1527 2616 attt
1544 2595 1617 2617 certe
1633 2591 1704 2617 idem

914 2624 964 2658 ιιςι,
980 2624 1062 2654 atque
1076 2621 1244 2658 exstitit._At
1264 2627 1357 2650 noster
1384 2624 1520 2658 interpres
1538 2625 1591 2651 alio
1607 2633 1702 2655 sensu,

910 2656 997 2687 [unus
1014 2660 1063 2687 est,
1081 2657 1172 2682 vet-tit.
1191 2656 1274 2689 Quasi
1297 2658 1323 2684 id
1346 2659 1411 2685 velit
1427 2656 1563 2687 Joannes:
1576 2661 1642 2686 Aule
1663 2668 1704 2686 me

910 2689 996 2728 [ortus
1014 2695 1064 2721 est,
1083 2691 1108 2716 id
1131 2696 1173 2728 est
1195 2692 1292 2728 majori
1307 2694 1423 2728 quadam
1447 2696 1472 2721 in
1495 2695 1656 2722 excellentia
1671 2703 1703 2722 ac

909 2725 1041 2759 tLgnitate
1054 2727 1232 2754 constitutus.
1249 2725 1377 2756 Pete-stet
1388 2729 1420 2755 ad
1432 2729 1550 2757 divinant
1563 2730 1704 2764 pra-desti-

909 2766 1058 2800 nationem,
1080 2769 1111 2787 ac
1132 2764 1298 2800 ηροοριςμόν
1326 2765 1447 2791 revocari
1461 2774 1468 2792 :
1485 2766 1518 2793 de
1533 2773 1586 2800 qua
1601 2764 1702 2793 Paulus

910 2794 986 2821 Itoni.
1006 2804 1024 2827 t,
1043 2804 1114 2823 com.
1135 2794 1162 2824 ιιι

1523 2882 1542 2914 9
