1929 3039
211 124 266 152 9.67

897 119 925 146 S.
947 117 1117 146 EPlPllANll

1778 116 1827 145 Ξῧὸ

212 183 447 219 pnetermittemus
474 188 533 216 qua:
555 180 587 207 ad
615 179 816 208 dissolvendum
841 179 919 206 initio
935 186 998 213 pro-

1058 178 1222 214 τεταγμένων
1242 178 1281 210 είς
1298 178 1431 209 ἐπίλυσιν,
1447 175 1514 203 ἀλλὰ
1533 172 1608 207 αὖθις
1632 175 1712 202 πᾶλιν
1737 175 1828 209 ἐπιλη-

215 228 367 264 posuimns,
394 227 440 254 sed
471 226 663 262 consequentia
687 226 782 253 ordine
812 229 993 261 pertexetnus.

213 273 250 299 Ex
275 273 328 299 alio
351 273 442 307 itaque
470 272 530 298 loco
548 271 686 307 opinionis
710 278 766 298 suae
787 269 996 305 comprobanda:

213 323 400 354 argumentum
428 318 538 346 eliciunt
553 327 559 344 :
576 326 609 345 ex
632 325 665 345 co
678 338 685 349 ,
704 317 825 352 inquatu,
845 315 916 351 quod
948 314 997 342 Pe-

213 371 272 393 trus
296 366 322 392 in
345 365 420 392 Actis
438 364 622 400 apostolorum
642 363 745 390 dixisse
767 362 888 398 legitur:
907 360 997 388 Mani-

212 412 306 447 festum
323 412 356 438 sit
369 411 451 443 vobis,
471 411 554 438 omnis
574 410 667 437 donius
683 409 779 442 Israel,
794 409 916 444 quoniam
929 408 997 435 Itum:

212 458 313 488 Iesum,
334 466 408 492 quem
422 456 606 491 rruciﬁristis,
617 461 641 483 et
653 454 805 487 Dominum,
823 459 847 481 et
863 454 997 481 Christum

213 506 296 538 ipsum
315 504 382 530 Deus
400 503 460 537 fecit
474 503 493 530 ι.
510 502 614 535 Quibus
642 501 668 528 in
686 500 777 528 verbis
798 499 997 527 observandum

213 550 277 576 illud
292 553 413 581 mouent,
435 547 506 583 quod
533 547 593 581 fecit
617 546 763 579 scribatur,
787 552 838 572 nec
860 544 893 572 ad
911 544 997 579 ipsam

214 595 375 622 sententiam
391 593 544 623 attendunt,
559 600 619 627 qum
631 592 748 627 scipsam
761 591 891 618 declarat.
911 589 997 622 Hunc,

214 641 312 675 inquit,
338 639 439 671 Iesum,
455 643 485 665 ut
509 642 675 673 assumptam
698 644 713 664 ιι
736 636 850 664 Domino
873 640 998 663 naturam

214 686 333 713 hominis
351 685 529 712 demonstret.
542 683 609 711 Nam
622 691 654 711 cx
676 683 720 711 his
734 682 825 710 verbis
839 691 845 709 :
864 682 941 709 Hune
952 681 998 708 Je-

214 741 272 760 sum
299 740 374 767 quem
404 729 585 764 cruci/histis,
610 729 785 764 perspicuum
801 732 843 756 est
859 727 892 755 de
916 734 1000 754 carne

215 779 260 806 illa
279 786 340 806 esse
357 784 520 808 sermonem,
537 783 618 811 quam
644 775 688 803 isti
710 774 911 802 cruciﬁxerant.
934 773 1000 800 Pro-

215 831 306 859 pterea
333 823 462 851 Dominus
495 822 522 849 in
553 821 697 856 Evangelia
713 829 719 846 :
738 820 818 848 Nunc
836 824 933 852 autem,
949 819 998 851 ait,

1047 225 1153 261 ψόμεοα
1175 224 1224 260 τῆς
1246 223 1415 255 ἀκολουθίας.
1438 221 1653 257 Προφασιζονται
1672 220 1728 256 γὰρ
1751 220 1829 246 πάλιν

1049 272 1144 307 ἑτέραν
1159 271 1294 306 πρόφασιν
1310 270 1359 305 τὴν
1374 269 1425 296 ὖπὺ
1441 269 1488 295 τοῦ
1503 268 1580 303 ἁγίου
1598 267 1701 303 Πέτρου
1726 268 1755 293 ἐν
1774 267 1831 297 ταῖς

1049 317 1182 354 Πράξεσιν
1199 316 1347 352 εἰρημένην
1357 325 1364 331 ·
1380 315 1420 342 ὅτι
1432 314 1565 348 (tau-spor
1582 314 1660 354 ἕσςω
1672 312 1754 348 ὑμῖν,
1776 312 1832 345 πᾶς

1050 361 1132 396 οἶκος
1152 361 1283 396 Ἰσραὴλ,
1295 361 1339 388 ὅτι
1351 360 1459 388 τοῦτον
1470 360 1523 386 τὸν
1540 359 1661 392 Ἰησοῦν
1679 358 1716 384 ὃν
1727 357 1833 384 ἐσταυ-

1046 408 1174 443 ρώσατε,
1198 407 1248 434 καὶ
1266 407 1376 441 Κύριον
1394 405 1443 433 καὶ
1465 405 1595 439 Χριστὸν
1616 404 1710 431 αὑτὸν
1726 405 1742 429 d
1763 402 1832 434 Θεὸς

1050 455 1185 489 ἐποίησε.
1199 454 1254 480 Καὶ
1268 453 1375 487 λέγουσι
1387 452 1477 484 πάλιν,
1490 452 1531 478 ὅτι
1542 449 1698 477 τὸὲνταῦθα
1709 448 1834 481 ἐποίησε

1050 501 1214 536 γέγραπται.
1243 500 1298 526 Καὶ
1317 499 1366 534 οὐχ
1386 498 1471 534 ὁρῶσι
1493 497 1524 523 τὸ
1547 496 1628 532 ῥητὴν
1655 495 1757 530 (αὐτὸς
1781 494 1835 529 γὰρ

1051 545 1139 581 ἑαυτῷ
1153 545 1182 572 τὺ
1194 545 1274 581 ῥητὸν
1288 544 1405 580 μηνύει).
1422 543 1534 571 Τοῦτον
1558 543 1613 578 γὰρ
1635 542 1688 569 τὸν
1701 540 1835 574 Ἰησοῦν,

1051 592 1094 618 ἵνα
1104 591 1211 626 σημάνῃ
1221 590 1271 626 τὴν
1282 581 1486 625 ὲνανθρώπη¹σιν
1498 588 1612 623 Κυρίου.
1633 586 1699 613 ’Δπὸ
1710 585 1758 613 τοῦ
1770 584 1835 620 γὰρ.

1054 636 1164 664 Τοῦτον
1174 636 1227 662 τὸν
1247 634 1378 668 Ἰησοῦν,
1393 634 1429 661 ὃν
1440 632 1659 667 ἐσταυρώσατε,
1681 631 1798 666 φανερόν
1812 630 1837 656 τί

1052 684 1126 710 ἐστιν
1139 683 1180 709 ὃτι
1197 682 1230 717 ἢν
1244 681 1417 715 ἐσταύρωσαν
1432 680 1531 715 σάρκα,
1554 679 1648 714 Σάρκα
1667 678 1722 714 γὰρ
1740 676 1839 704 ὲσταὺο

1054 737 1154 765 ρωσαν.
1175 728 1230 755 Καὶ
1250 727 1293 755 διὰ
1307 726 1387 754 τοῦτο
1400 727 1414 753 ὁ
1430 727 1532 761 Κύριος
1552 725 1581 752 ὲν
1604 725 1643 760 τῷ
1659 723 1819 758 Εὑαγγελίῳ
1830 730 1836 737 ·

1051 775 1117 803 Νῦν
1130 774 1164 801 δὲ
1179 773 1288 808 ζητεῖτέ
1301 781 1339 808 με
1352 772 1524 800 ἀποκτεῖναι
1546 771 1713 805 ἄνθρωπον,
1733 770 1768 802 ὃς
1781 769 1839 803 τὴν

1053 821 1198 855 ἀλήθειαν
1217 819 1288 854 ὑμῖν
1305 819 1454 853 ἐλάλησα,
1476 817 1517 851 ἣν
1540 817 1658 851 ἤκουσα
1681 815 1763 849 παρὰ
1784 815 1838 841 τοῦ

215 870 334 906 qna-ritis
354 878 394 896 me
414 868 559 902 interﬁcere
573 867 713 898 hominem,
738 866 782 901 qui
802 866 937 893 veritatem
959 865 1000 892 lo~

1058 866 1166 899 Πατρός
1182 873 1252 899 μου·
1269 864 1326 891 ἀλλ’
1345 864 1376 890 οὺ
1393 863 1442 898 τῆς
1462 861 1693 897 ὲνανθρωπήσῑως
1713 860 1840 895 διορίζων

216 921 292 943 cutus
306 923 364 943 sum
379 915 460 946 vobis,
476 922 554 949 quam
568 913 655 940 audivi
681 922 697 940 a
716 912 798 944 Putre
817 912 904 940 meo‘.
921 911 1001 947 765

217 961 310 997 Neque
335 965 425 988 tamen
441 960 475 987 ab
493 960 611 987 humana
640 959 685 986 illa
715 962 813 987 natura
834 957 1002 985 divinitatem

217 1008 361 1036 abstraxit.
375 1007 514 1042 Siquidem
525 1005 583 1034 haec
595 1005 630 1034 ab
640 1005 685 1033 illa
703 1005 861 1033 imminente
874 1003 1003 1039 passione

218 1058 343 1089 separata
374 1060 428 1080 non
458 1052 517 1085 fuit,
546 1058 597 1080 nec
615 1051 643 1079 in
670 1050 729 1086 ipsa
748 1049 857 1078 demum
875 1049 1004 1085 passione

218 1100 312 1128 eadem
330 1104 372 1127 cst
397 1107 412 1126 ιι
433 1098 522 1126 Verbo
537 1098 582 1125 illa
607 1097 747 1125 derelicta.
764 1095 817 1123 Sed
838 1103 926 1131 neque
936 1093 1004 1122 Ver-

218 1147 283 1173 bum
308 1144 445 1181 passionis
477 1143 568 1171 omnis
597 1149 697 1178 expers
725 1145 803 1169 antea
820 1148 931 1176 passum
948 1144 1002 1172 est,

218 1193 344 1229 quamvis
360 1193 386 1219 in
399 1199 479 1220 carne
498 1191 617 1226 patiente
635 1189 776 1217 resideret.
792 1188 898 1216 Etenim
910 1195 963 1215 una
977 1191 1005 1215 et

218 1240 313 1268 eadem
339 1238 482 1274 appellatio
507 1241 561 1264 tam
576 1236 634 1269 Dei,
649 1243 731 1271 quam
748 1235 883 1270 hominis,
903 1240 1006 1261 naturae

220 1293 284 1313 vere
303 1287 330 1312 et
345 1283 452 1319 pmprie
464 1283 601 1314 convenit.
624 1288 655 1309 ac
672 1285 727 1308 tam
742 1285 870 1315 suscepta
887 1280 1005 1307 hominis

220 1340 236 1359 a
258 1331 345 1358 Verbo
359 1334 466 1361 natura,
482 1336 562 1363 quam
579 1327 709 1355 Dominus
723 1327 749 1353 in
767 1329 907 1360 assumpta
923 1333 1006 1353 carne

222 1377 375 1405 subsistens
387 1375 512 1402 Christus
523 1373 632 1401 dicitur.
650 1372 752 1400 Verum
767 1379 864 1407 passus
879 1371 906 1398 in
921 1377 1006 1398 carne

222 1422 254 1448 ad
273 1429 334 1448 eum
355 1419 465 1447 modum
489 1418 599 1451 dicitur,
621 1425 675 1453 quo
700 1417 796 1445 Petrus
815 1417 921 1443 locutus
939 1419 980 1443 est
997 1425 1004 1443 :

222 1467 327 1494 Christo
339 1475 415 1500 passo
427 1474 473 1500 pro
488 1465 560 1492 nobis
575 1465 602 1491 in
616 1472 694 1491 carne
705 1464 726 1496 ³,
741 1470 796 1498 quo
813 1462 960 1490 immunem
972 1460 1007 1488 ab

1052 912 1101 947 τὴν
1119 911 1244 946 θεότητα.
1264 910 1334 937 Οὔτε
1356 909 1411 945 γὰρ
1435 908 1514 941 ἐκτὸς
1534 909 1584 943 τῆς
1605 906 1840 943 ὲνανθρωπήσεως

1052 958 1176 994 ὑπῆρχεν
1192 958 1209 993 ἡ
1225 957 1331 992 θεότης,
1353 955 1471 991 ὁπηνίκα
1484 954 1578 989 ἔμελλε
1591 953 1715 988 πάσχειν,
1730 951 1794 978 οὔτε
1810 952 1841 978 ὲν

1051 1004 1092 1040 τῷ
1107 1004 1220 1039 πάσχειν
1233 1001 1430 1038 ὲγκατελείφθη
1449 1001 1501 1028 ὑπὸ
1513 1000 1560 1027 τοῦ
1575 1000 1662 1034 Λόγου
1677 1000 1694 1034 ἡ
1707 999 1842 1033 ενσαρκος

1053 1050 1200 1086 παρουσία.
1227 1048 1299 1076 Ἀλλ’
1321 1047 1382 1074 οὔτε
1403 1048 1418 1073 ὁ
1434 1046 1542 1082 ἀπαθὴς
1562 1046 1646 1080 Λόγος
1670 1043 1790 1071 πέπονθε
1809 1043 1843 1069 τὺ

1054 1097 1184 1133 πρότερον
1206 1096 1236 1122 ὲν
1261 1094 1342 1130 σαρκὶ
1363 1094 1401 1121 ὢν
1421 1095 1454 1129 τῇ
1480 1092 1632 1128 πασχούσῃ.
1655 1089 1770 1125 Ἀληθὶς
1786 1089 1843 1124 γάρ

1054 1144 1128 1170 ἐστιν
1148 1142 1190 1169 ἐπ’
1206 1141 1367 1177 ἀμφοτέρων
1381 1139 1411 1166 rb
1425 1140 1453 1166 ἓν
1471 1139 1572 1174 ὄνομα,
1588 1138 1616 1164 ἐν
1633 1145 1663 1164 τε
1676 1138 1709 1172 τῇ
1734 1136 1844 1170 Θεότητι

1055 1189 1101 1216 καὶ
1116 1189 1145 1215 ὲν
1159 1189 1193 1224 τῇ
1208 1187 1391 1223 ἀνθρωπήσςι.
1406 1184 1522 1221 Χριστὸς
1537 1183 1592 1219 γὰρ
1604 1184 1621 1219 ή
1635 1181 1844 1217 ἐνανορὼπησις

1055 1234 1137 1263 αὑτοῦ
1160 1233 1207 1261 τοῦ
1227 1233 1330 1268 Λόγου,
1352 1232 1400 1259 καὶ
1413 1231 1528 1267 Χριστὸς
1542 1229 1643 1264 Κύριος
1662 1229 1691 1255 ὲν
1712 1228 1783 1263 αὐτῇ
1808 1228 1844 1261 τῇ

1055 1281 1180 1316 ὲνσάρκῳ
1195 1279 1341 1316 παρουσίᾳ.
1369 1277 1448 1304 Ἀλλὰ
1461 1277 1492 1303 τδ
1513 1276 1561 1311 μὲν
1585 1274 1680 1302 παθεῖν
1696 1274 1725 1300 ἓν
1747 1274 1845 1307 σαρκὶ,

1056 1327 1147 1359 καθὼς
1165 1325 1225 1353 εἷπε
1247 1325 1367 1360 Πέτρος.
1390 1324 1431 1351 ὅτι
1452 1321 1580 1357 Χριστοῦ
1599 1321 1748 1352 παθόντος
1766 1318 1846 1352 ὑπὲρ

1057 1373 1141 1409 ἡμῶν
1153 1372 1255 1407 σαρκί,
1274 1372 1318 1398 ἵνα
1339 1370 1413 1406 δείξῃ
1425 1369 1474 1405 τὴν
1492 1368 1623 1395 ἀπάθειαν
1640 1367 1689 1402 τῆς
1703 1365 1844 1400 θεότητος·

1057 1420 1104 1447 καὶ
1120 1418 1211 1446 πάλιν·
1234 1416 1406 1445 Ἀποθανὼν
1425 1415 1461 1442 ἐν
1481 1413 1581 1448 σαρκὶ,
1605 1411 1796 1447 (onmem;
1809 1410 1848 1437 δά

1058 1465 1098 1498 τῷ
1117 1465 1274 1499 Πνεύματι.
1290 1462 1380 1490 Τοῦτο
1391 1462 1401 1477 ⁸
1420 1459 1466 1488 οὖν
1481 1460 1534 1487 τὸν
1558 1458 1673 1493 Ἰησοῦν
1684 1457 1720 1484 ὃν
1731 1456 1845 1483 ἐσταυ-

223 1514 296 1539 uului
320 1511 437 1547 patiendi
473 1511 630 1538 conditione
654 1508 827 1536 Divinitatem
861 1506 1005 1542 signiticet.

1058 1511 1182 1546 ρώσατε,
1202 1510 1244 1536 ἵνα
1262 1509 1299 1544 μὴ
1318 1506 1489 1543 παραλειφθῇ
1506 1507 1523 1541 ἡ
1547 1505 1611 1539 ἁγία
1625 1504 1757 1539 ενσαρκος
1772 1503 1848 1528 οἱκο-

223 1560 289 1586 item
308 1567 314 1586 :
327 1558 447 1584 Mortuus
459 1558 485 1584 in
495 1565 591 1589 carne;
605 1556 751 1591 vivi/italus
771 1558 858 1581 autem
877 1553 974 1587 spiritu
985 1552 1005 1579 ⁸.

225 1604 303 1639 Ergo,
320 1604 386 1631 Imm:
399 1603 500 1637 Iesum,
520 1612 595 1639 quem
611 1602 792 1637 cruciﬁxiatir,
802 1601 863 1628 ideo
880 1599 958 1632 dixit,
975 1607 1009 1627 ne

224 1660 237 1677 a
256 1651 390 1685 passionis
407 1656 431 1678 et
449 1650 595 1678 creationis
615 1652 725 1684 experte
740 1647 830 1675 Verbo
846 1647 941 1674 relicta
958 1646 1009 1673 hu-

224 1706 301 1724 manu
315 1702 408 1724 natura
426 1697 560 1728 videatur,
581 1695 628 1724 sed
645 1702 707 1723 cum
731 1694 826 1722 eodem
850 1693 1007 1728 conjuncta.

223 1744 263 1772 Ob
281 1744 307 1771 id
325 1743 468 1771 Demittunt
486 1742 680 1776 Christumque
705 1740 769 1767 fecit
799 1739 869 1767 Dens
891 1739 917 1766 id
935 1738 1007 1774 quod

223 1798 254 1817 ex
271 1789 353 1816 Maria
371 1789 490 1824 genitum
510 1791 580 1819 erat,
607 1790 635 1814 et
655 1793 716 1813 cutn
737 1785 881 1813 divinitate
896 1784 1008 1819 copula-

225 1841 292 1862 tum.
308 1835 366 1861 Non
383 1835 455 1861 enim
479 1833 564 1860 Maria
583 1832 655 1861 Deus
669 1832 773 1860 exstitit
788 1840 796 1859 :
813 1830 884 1858 unde
898 1830 1010 1858 verbum

225 1880 301 1909 illud.
318 1879 389 1912 fecit,
401 1885 463 1905 mox
475 1877 587 1905 addidit.

261 1925 312 1952 Sed
328 1929 354 1952 et
370 1924 481 1959 angelus
495 1923 603 1951 Gabriel
617 1922 794 1957 interroganti
812 1920 902 1948 Mariae
917 1930 923 1948 :
940 1920 1008 1953 Quo-

226 1971 302 1998 modo
322 1971 365 2005 ﬁet
387 1969 468 2001 istud,
479 1969 602 2004 quoniam
625 1969 709 1995 virum
732 1976 784 1994 non
804 1967 949 2001 cognosco?
968 1973 1012 1992 rc-

227 2017 355 2052 spondit:
372 2015 486 2049 Spiritus
503 2014 608 2040 Domini
624 2012 781 2046 superveniet
799 2012 826 2038 in
842 2016 875 2043 te,
889 2016 912 2038 et
929 2011 1011 2038 virtus

227 2062 357 2090 ditissimi
370 2059 533 2088 obumbrabit
552 2064 585 2086 te.
609 2058 721 2093 Ideoque
739 2057 807 2093 quod
820 2058 938 2092 gignetur
948 2064 1011 2083 san—

226 2113 307 2140 etum,
325 2108 459 2135 vocabitur
476 2105 523 2133 Dci
539 2105 625 2132 Filius
638 2105 659 2132 '.
683 2103 743 2131 Jam
765 2111 826 2130 cum
847 2102 925 2134 dixit,
943 2101 1010 2137 quod

227 2156 355 2190 giguetur,
374 2158 450 2181 extra
465 2159 572 2179 omnem
588 2150 801 2179 controversiam
816 2150 849 2178 de
864 2149 909 2177 Dei
923 2148 1012 2176 Verbo

1059 1558 1140 1594 νομία
1155 1557 1208 1584 ἀπὸ
1229 1555 1275 1583 τοῦ
1299 1554 1420 1586 ἀπαθοῦς
1442 1553 1489 1580 καὶ
1510 1552 1637 1579 ἀκτίστου
1657 1550 1756 1584 Λόγου,
1776 1548 1849 1575 ἀλλὰ

1060 1604 1196 1640 συνενωθῇ
1210 1603 1266 1630 ἄνω
1279 1602 1317 1638 τῷ
1329 1601 1449 1636 ἀκτίστῳ
1462 1598 1551 1635 Λόγῳ.
1566 1599 1616 1625 Διὰ.
1627 1597 1706 1624 τοῦτο
1722 1596 1770 1623 καὶ
1789 1595 1850 1622 Κύ-

1061 1660 1118 1687 ριον
1131 1650 1178 1677 καὶ
1193 1649 1311 1685 Χριστὸν
1327 1649 1341 1674 ὁ
1355 1647 1420 1678 Θεὸς
1438 1645 1551 1680 ἐποίησε
1565 1644 1594 1670 τδ
1608 1645 1640 1670 ὲκ
1654 1641 1764 1677 Μαρίας
1782 1640 1849 1666 συλ-

1059 1697 1170 1732 ληφθὲν,
1189 1696 1220 1722 τὺ
1234 1697 1263 1722 ὲν
1279 1694 1386 1729 θεότητι
1410 1690 1559 1719 συνενωθὲν
1569 1697 1575 1703 ’
1594 1690 1624 1715 οὺ
1640 1688 1693 1723 γὰρ
1708 1688 1725 1722 ἡ
1751 1686 1850 1722 Μαρία

1060 1744 1126 1776 Θεὸς
1143 1743 1214 1771 κατὰ
1229 1741 1319 1777 φύσιν.
1335 1739 1384 1766 Διὰ
1400 1738 1479 1765 τοῦτο
1494 1736 1556 1772 ἑξῆς
1578 1735 1608 1762 τὸ
1624 1733 1770 1767 ἐποίησεν
1786 1733 1849 1758 ὲπι-

1061 1790 1149 1825 φέρει.

1103 1920 1145 1951 Ὠς
1160 1919 1207 1946 καὶ
1219 1919 1233 1945 ὁ
1247 1917 1361 1952 ἄγγελος
1376 1915 1494 1951 Γαϐριὴλ
1507 1921 1598 1949 φησιν,
1610 1909 1789 1947 spumam
1800 1909 1851 1935 aia

1059 1966 1169 2002 τῆς,ὂτι
1183 1964 1249 1996 Πῶς
1262 1965 1347 1990 ἐσται
1360 1962 1457 1993 τοῦτο,
1469 1960 1534 1987 ἐπεὶ
1545 1958 1638 1992 ἄνδρα
1649 1958 1685 1984 οὺ
1694 1956 1848 1991 Tir-dmum;

1063 2001 1147 2048 φήσί·
1171 2010 1291 2044 Πνεῦμα
1308 2008 1418 2042 Κυρίου
1433 2006 1626 2034 ἐπελεύσεται
1644 2003 1691 2030 ἐπὶ
1717 2003 1756 2029 σὲ
1768 2022 1775 2033 ,
1801 2001 1850 2028 καὶ

1063 2059 1189 2093 δύναμις
1201 2056 1341 2091 Ὑψίστου
1353 2053 1521 2081 ἐπισκιάσει
1536 2060 1595 2079 σοι.
1605 2050 1653 2077 Διὸ
1666 2050 1715 2077 καὶ
1733 2049 1768 2075 τὸ
1783 2056 1850 2083 τεν-

1063 2106 1198 2141 νώμενον
1218 2104 1303 2138 ἄτιον
1319 2100 1502 2135 κληθήσεται
1527 2098 1594 2131 Υιὸς
1615 2096 1699 2124 Θεοῦ.
1720 2096 1805 2122 Ὀταν
1821 2094 1850 2120 δὲ

1065 2139 1141 2187 εἴτιῃ,
1150 2150 1198 2178 καὶ
1207 2149 1239 2176 τὸ
1247 2148 1443 2183 γεννώμενον,
1453 2145 1552 2177 ἔδειξεν
1559 2142 1775 2177 ἀκαταζητήτως
1788 2139 1851 2175 περὶ

227 2200 398 2235 signiﬁcavit,
423 2199 500 2226 -haud
532 2199 612 2226 dubie
645 2196 742 2225 Filium
773 2204 851 2228 esse,
885 2196 931 2230 qui
962 2202 1005 2222 net

1064 2186 1131 2225 Θεοῧ
1143 2196 1288 2231 Λόγου,ὃτι
1299 2194 1362 2225 Υἱός
1376 2193 1449 2219 ἔστιν
1460 2189 1661 2225 ἀναμφιϐόλως,
1674 2187 1704 2214 οὐ
1719 2186 1850 2217 κτισθεὶς,

226 2248 362 2275 creatione
376 2252 427 2274 nec
440 2244 581 2273 eﬂ‘ectione
596 2243 745 2279 productus
763 2242 852 2270 fuerit.
869 2241 906 2268 De
920 2248 1013 2269 SttSce-

228 2299 272 2329 pta
297 2298 386 2320 autem
407 2300 422 2320 e
448 2291 531 2318 Maria
555 2289 673 2317 hominis
697 2292 793 2316 natura
822 2294 884 2314 cum
909 2286 1013 2314 addita-

229 2343 320 2366 mento
335 2339 391 2372 illo,
403 2338 471 2373 quod
483 2338 612 2372 gignetur,
639 2335 704 2363 illttd
725 2334 810 2369 accipi
832 2333 920 2364 debet,
938 2333 1014 2359 Chri-

228 2388 298 2410 stum
314 2387 337 2409 et
355 2382 494 2408 Dominum
509 2381 580 2416 fecit,
596 2380 707 2415 perinde
724 2384 804 2413 atque
826 2378 854 2405 in
869 2377 929 2404 aliis
947 2376 1014 2403 locis

229 2428 372 2456 manifeste
399 2428 507 2462 impleta
536 2427 626 2453 omnia
662 2429 743 2456 sunt,
770 2431 821 2452 nec
849 2422 1014 2450 diliicultatis

229 2475 377 2510 quidquam
393 2474 541 2501 continent.
561 2472 611 2504 lta,
639 2472 760 2506 inquam,
775 2469 847 2505 quod
877 2469 929 2496 hoc
955 2469 1015 2495 loco

229 2520 339 2552 dicitur,
355 2520 383 2547 in
398 2519 583 2546 incarnatione
603 2517 752 2554 perfectum
773 2520 825 2543 est.
842 2515 931 2548 Quare
949 2514 1017 2541 nihil

229 2566 355 2601 estquod
371 2565 398 2592 hi
422 2565 466 2600 qui
482 2564 543 2591 vita:
564 2571 620 2591 sua),
644 2570 735 2590 curam
757 2566 864 2596 gerunt,
884 2561 971 2595 abripi
987 2568 1016 2588 se

229 2612 257 2640 in
286 2618 408 2639 errorem
431 2610 486 2637 ullo
508 2610 589 2637 modo
612 2609 758 2645 patiantur.
785 2607 906 2641 Denique
923 2607 1014 2633 vivum

228 2657 347 2686 Verbum
374 2665 388 2684 a
411 2657 472 2684 vivo
491 2656 570 2684 Patre
587 2656 731 2690 processit,
743 2653 827 2681 Filius
845 2653 942 2683 Patris.
959 2660 1014 2679 nou

229 2705 263 2732 ab
282 2711 315 2732 eo
331 2707 451 2732 creatus.
476 2701 560 2729 l’orro
576 2701 666 2729 omnia
689 2701 717 2727 in
741 2700 927 2728 incarnatione
952 2706 1014 2734 per-

1065 2244 1096 2272 οὐ
1121 2241 1253 2278 ποιηθείς.
1275 2239 1364 2275 Περὶτ
1389 2238 1418 2265 δὲ
1439 2237 1490 2264 ἀπὸ
1514 2236 1623 2271 Μαρίας
1647 2233 1697 2269 τῆς
1717 2233 1851 2268 ὲνσάρκου

1065 2288 1220 2323 οἰκονομίας
1230 2306 1237 2318 ,
1262 2285 1331 2321 μετὰ
1348 2284 1506 2319 προσθήκης
1516 2302 1523 2314 ,
1539 2281 1588 2308 καὶ
1598 2279 1631 2307 τὸ
1645 2278 1833 2314 γεννώμενον
1842 2297 1851 2308 ,

1065 2335 1119 2361 τὸν
1137 2332 1266 2367 Χριστὸν
1285 2331 1334 2357 καὶ
1354 2331 1463 2364 Κύριον
1484 2327 1644 2360 ἐποίησεν·
1670 2324 1707 2355 ὡς
1729 2323 1776 2349 ἐπὶ
1793 2323 1853 2353 ταῖς

1066 2378 1160 2409 ἄλλαις
1184 2377 1278 2412 ρήσεσι
1301 2375 1391 2401 πάντα
1412 2372 1505 2407 σαφῶς
1521 2369 1666 2406 ἐπληρώθη
1679 2389 1687 2401 ,
1708 2368 1755 2395 καὶ
1777 2367 1852 2394 οὐδὲν

1067 2423 1190 2459 καμάτου
1205 2421 1386 2457 περιέχουσιν.
1408 2418 1487 2445 υῦτω
1502 2416 1549 2444 καὶ
1568 2414 1685 2442 ἐνταῦθα
1706 2415 1736 2439 ὲν
1751 2415 1784 2448 τῇ
1810 2414 1852 2438 ὲν-

1067 2471 1161 2506 σάρκῳ
1188 2467 1323 2503 παρουσίᾳ
1350 2465 1542 2499 πεπλήρωται’
1570 2462 1617 2488 καὶ
1653 2459 1766 2494 οὐδεμία
1795 2458 1853 2484 ἐστὶ

1068 2503 1245 2552 παρεκτροπὴ
1270 2513 1325 2543 τοῖς
1351 2512 1400 2546 τῆς
1424 2509 1491 2539 ἰδίας
1516 2507 1589 2541 ζωῆς
1615 2503 1852 2539 ἐπιμελουμένοις.

1068 2549 1125 2588 zo'v
1142 2549 1194 2594 γὰρ
1211 2559 1225 2583 ὁ
1242 2557 1326 2591 Λόγος
1339 2555 1393 2582 ἀπὸ
1406 2553 1506 2586 ζῶντος
1523 2551 1640 2588 Πατρὸς,
1654 2549 1719 2580 Υἱὸς
1729 2549 1778 2575 τοῦ
1796 2549 1853 2575 lla-

1066 2606 1141 2641 τρδς,
1167 2605 1213 2631 καὶ
1225 2603 1255 2629 οὐ
1271 2601 1387 2633 κτιστός.
1403 2600 1494 2627 Πάντα
1508 2598 1535 2625 δὲ
1551 2598 1579 2625 ὲν
1591 2597 1624 2632 τῇ
1642 2596 1768 2631 ὲνσάρκῳ
1785 2603 1854 2629 παρ-

1067 2652 1146 2687 ουσίᾳ
1171 2650 1364 2685 πεπλήρωται,
1384 2647 1427 2673 ἵνα
1444 2646 1513 2681 μήτε
1529 2645 1674 2679 φάντασμα
1693 2640 1853 2674 νομισθείη,

1071 2699 1138 2734 μήτε
1159 2695 1298 2731 amasio;
1320 2694 1337 2728 ἡ
1363 2692 1431 2728 σὰρξ
1446 2693 1479 2727 τῇ
1501 2691 1557 2718 ἀνω
1571 2690 1688 2724 θεότητι,
1709 2687 1780 2714 ἀλλὰ.
1794 2695 1855 2713 συν-

267 2793 274 2808 ¹
289 2793 347 2819 Act.
363 2800 392 2822 ιι.
405 2792 449 2819 3'3.
487 2792 497 2807 ²
510 2790 588 2817 Joau.
603 2798 650 2823 vn,
668 2788 710 2817 l9.
748 2789 780 2817 ³1
795 2788 914 2822 Petr.tv,
930 2761 965 2815 Ι..
991 2788 1001 2803 ι

1058 2792 1110 2815 ‘ctr.
1128 2795 1170 2819 ιιι,
1183 2786 1224 2813 l8.
1266 2786 1274 2801 '
1290 2784 1356 2814 Luc.
1375 2792 1392 2817 ι,
1409 2784 1442 2812 54
1456 2791 1516 2818 sqq.
1556 2782 1565 2798 '
1580 2780 1644 2816 Leg.
1661 2780 1731 2807 forte
1748 2776 1852 2805 τοῦτον.

230 2826 240 2843 ⁷
255 2826 399 2855 lntricatus
415 2827 459 2854 hic
471 2826 558 2854 locus.
