1929 3039
198 105 247 131 27!

903 105 931 133 S.
953 105 1124 134 EPIPIIANII

1784 105 1837 132 εις

200 162 237 189 sic
266 162 368 189 advenit
392 161 447 189 dies
471 161 547 189 illa‘.
574 162 622 191 Cui
647 167 673 190 et
706 167 820 191 sanctus
843 165 992 200 Apostolus

1050 166 1096 198 Ὧς
1111 165 1164 200 γὰρ
1182 164 1302 199 ,λῃστὴς
1321 165 1355 191 ἐν
1372 164 1471 196 νυκτί.
1492 164 1585 197 οὕτως
1608 162 1802 198 παραγίνεται
1819 163 1838 197 ἠ

200 207 362 243 aslipulatur
377 216 384 235 :
403 207 464 235 Non
479 208 553 240 estis,
571 208 670 243 inquit,
692 209 857 236 tenebrarum
876 211 937 244 ﬁlii,
949 210 993 237 sed

201 253 253 280 diei
263 261 272 284 ;
289 261 321 280 ne
332 253 389 280 die:
405 258 530 288 tanquam
553 254 597 289 fur
615 262 659 281 vos
677 255 855 289 apprehendat
866 255 888 282 ¹.
905 255 995 288 Quare

200 304 263 326 cum
279 297 331 325 diei
350 297 397 324 lilii
412 298 532 326 tenebris
557 306 612 326 non
636 299 820 331 obducantur,
841 299 888 327 sed
907 300 995 335 parati

201 344 266 376 sint,
281 343 409 378 quoniam
425 351 477 378 qua
498 344 542 372 die
565 345 702 377 nesciunt,
724 349 752 373 et
772 353 824 381 qua
850 346 918 373 hora
938 354 994 374 non

200 392 367 424 exspectant,
377 389 505 418 dominus
517 390 638 425 ipsorum
651 390 777 425 advenit;
794 392 871 424 nihil,
884 391 993 427 opinor,

199 443 214 462 τι
232 435 319 462 servis
335 435 404 467 suis,
425 443 457 463 ac
474 435 527 463 diei
548 436 612 464 ﬁliis
627 437 662 469 is,
679 437 725 472 qui
741 437 857 465 istorum
871 438 993 465 omnium

199 487 281 508 causa
299 481 352 509 illis
366 485 418 514 est,
435 481 658 517 splendidissima
673 491 722 511 sua
738 491 856 518 persona
873 492 905 512 ac
922 484 993 512 divi-

198 526 283 553 nitate
301 526 479 562 discrepabit.
501 528 540 556 Ac
559 528 676 561 scilicet,
695 529 808 564 perinde
833 533 862 558 ut
885 529 940 557 diei
960 530 994 557 il-

197 571 251 599 lius
268 571 355 606 ignari
376 572 566 607 imparatique,
593 573 700 600 nescius
723 578 751 601 et
772 574 930 609 imprudens
947 582 994 603 oc-

196 617 354 651 cupabitur,
375 617 426 644 hac
449 617 508 652 ipsa
533 625 563 645 re
587 625 703 646 mancus
725 625 757 646 ac
774 619 907 647 delectus.
924 620 993 653 Quis

196 663 264 690 adeo
283 662 404 691 furiosus
421 667 463 691 est
486 671 518 691 ac
540 671 649 699 vecors,
663 669 693 692 ut
717 665 852 700 ejusmodi
867 667 992 703 quaedam

195 708 230 735 de
247 708 359 736 Christo
375 709 486 744 cogitet,
509 709 640 738 nimirum
662 711 783 746 ejusdem
803 712 880 740 illum
895 714 991 742 condi-

195 754 278 782 tionis
292 762 363 788 esse,
378 756 458 790 cujus
480 756 605 784 homines
630 762 694 785 sunt
716 758 777 793 ejus
794 759 945 788 dominatui
960 768 993 788 ac

195 801 348 836 disciplinae
362 802 496 837 subjecti;
514 807 561 830 aut
576 807 606 830 ut
622 804 773 833 deteriores
788 805 827 833 illi
843 807 890 842 qui
909 807 993 842 impa-

195 848 246 874 rati
263 848 404 883 ignarique
415 849 500 876 sunt?
516 849 564 876 Est
589 850 656 877 illud
676 858 743 878 sane
764 859 846 886 quam
863 853 992 881 stolidum
1009 844 1029 871 Β

195 901 227 921 ac
245 894 399 922 ridiculum.
413 895 596 928 Quamobrem
610 904 673 923 cum
695 897 753 925 haec
778 898 816 925 ita
840 906 871 926 se
892 899 993 928 habere

199 943 346 973 nequeant,
367 942 394 966 et
410 939 498 966 oratio
513 939 572 975 ipsa
588 947 649 967 cum
666 948 717 968 usu
735 946 893 976 comparata
913 950 994 977 repu-

202 991 286 1018 gnare
302 984 436 1017 videatur,
450 985 630 1020 excogitanda
651 985 731 1014 nobis
748 986 838 1021 aliqua
855 987 924 1014 ratio
938 991 992 1020 est,

198 1032 229 1055 ut
254 1028 379 1064 utrisque
404 1030 464 1057 sine
481 1029 535 1057 ulla
561 1031 777 1060 contradictione
805 1032 900 1065 salvis,
915 1040 992 1061 ave-

197 1074 278 1101 ritate
295 1081 351 1102 non
366 1075 537 1104 excidamus.
553 1075 660 1104 Mentiri
676 1077 776 1113 quippe
791 1077 922 1106 Dominus
936 1086 992 1107 non

195 1123 295 1154 potest,
312 1123 359 1146 aut
380 1120 415 1147 ad
431 1120 514 1148 vitam
534 1124 657 1149 nostram
673 1121 871 1150 instituendam
889 1123 992 1152 frustra

194 1165 296 1200 aliquid
320 1166 477 1201 praecipere.
502 1166 639 1200 Quocirca
659 1168 803 1203 cognoscit
818 1168 900 1196 Pater
916 1169 990 1198 diem

194 1211 280 1243 illum,
304 1212 446 1247 cognoscit
475 1216 503 1240 et
530 1211 626 1246 Filius,
656 1214 798 1249 cognoscit
821 1219 849 1243 et
873 1214 992 1251 Spiritus

195 1263 318 1287 sanctus.
336 1258 391 1287 Nec
405 1262 447 1286 est
461 1259 610 1295 quidquam
640 1260 667 1288 in
682 1260 762 1289 Patre
783 1269 799 1289 a
815 1261 884 1290 Filio
900 1262 992 1291 diver—

196 1312 269 1338 sum,
299 1307 346 1332 aut
372 1305 400 1332 in
428 1304 497 1332 Filio
522 1312 537 1332 a
567 1305 671 1341 Spiritu
697 1312 792 1336 saneto
812 1308 989 1344 discrepans;

193 1350 425 1385 quemadmodum
441 1351 468 1378 in
486 1358 650 1387 unaquaque
665 1353 838 1388 superiorum
849 1354 991 1383 haereseon

193 1394 349 1426 refutanda,
367 1394 412 1422 ubi
435 1394 462 1422 id
487 1403 599 1424 necesse
620 1396 680 1431 fuit,
696 1397 859 1426 certissimis
875 1399 991 1427 rationi-

194 1441 245 1468 bus
262 1440 443 1474 ostendimus,
458 1447 662 1470 sacrosanctam
680 1443 807 1472 videlicet
823 1444 989 1474 Trinitatem

194 1494 247 1512 una
264 1486 404 1513 divinitate
419 1491 554 1519 constare,
572 1495 661 1523 neque
684 1488 833 1524 quidquam
849 1490 988 1520 diversum

194 1533 219 1558 in
245 1540 305 1559 sese
328 1532 486 1567 variumque
509 1533 670 1567 continere;
694 1534 743 1562 sed
762 1535 849 1570 ipsam
874 1536 988 1565 omnino

193 1578 386 1612 perfectionem
402 1587 473 1611 esse,
493 1579 518 1605 in
534 1587 587 1614 qua
602 1580 654 1607 tria
667 1580 788 1616 perfecta
804 1581 870 1615 sint,
887 1583 988 1618 quibus

192 1624 275 1651 unius
292 1629 318 1651 et
333 1624 480 1659 singularis
499 1625 591 1660 glmiaa
612 1627 770 1661 praedicatio
789 1634 822 1655 ac
838 1628 988 1665 singularis

193 1670 342 1697 dominatio
363 1671 507 1699 tribuatur.

227 1715 309 1743 XLV.
325 1716 405 1745 Dices
423 1726 430 1744 :
448 1716 503 1745 Cur
522 1718 606 1754 igitur
619 1718 671 1746 hoc
686 1719 731 1748 ille
747 1720 834 1748 dicit?
851 1720 911 1748 Jam
926 1721 986 1757 qui-

191 1762 252 1791 dem
269 1763 337 1790 alias
352 1763 431 1791 nobis
445 1763 490 1790 illa
506 1765 643 1800 disputata
656 1766 771 1801 quazstio
786 1770 839 1800 est,
854 1767 901 1795 sed
919 1767 988 1795 nihil

191 1808 273 1836 modo
298 1809 440 1843 prohibet,
468 1809 614 1844 quominus
637 1810 732 1838 eadem
748 1805 806 1839 'illa
832 1816 988 1848 repetamus

194 1855 247 1882 hoc
263 1854 334 1882 loco.
353 1854 440 1889 Atque
455 1854 565 1882 eosdem
590 1855 652 1884 illos
669 1856 827 1885 verissimos
847 1865 988 1887 sermones

195 1907 331 1933 usurpare
346 1906 434 1933 neque
448 1907 491 1927 me
506 1899 607 1935 pigebit
621 1900 642 1933 ³,
670 1905 697 1928 ct
713 1901 862 1930 lectoribus
875 1903 908 1930 ad
921 1911 988 1931 cau-

194 1945 295 1972 tionem
328 1944 412 1976 utile,
442 1949 524 1980 atque
552 1945 586 1972 ad
620 1946 784 1974 refellendos
814 1947 989 1977 adversarios

192 1990 354 2025 cumprimis
371 1995 555 2026 opportunum
570 1991 686 2019 videtur.
703 1992 748 2020 Sic
767 1993 850 2028 igitur
869 2001 930 2023 sese
944 2003 990 2023 res

192 2037 283 2065 habet.
313 2037 457 2072 Triplicem
484 2037 511 2064 in
543 2037 588 2065 illo
619 2037 679 2066 loco
704 2038 834 2067 Christus
862 2041 988 2069 ordinem

192 2082 356 2119 proposuit:
375 2082 493 2114 Patrem,
518 2083 637 2118 scipsum
661 2091 694 2112 ac
719 2085 845 2113 cmlestcs
863 2087 987 2122 angelos.

156 2164 159 2166 η
194 2129 231 2156 Ex
246 2129 346 2164 quibus
366 2128 440 2155 Patri
458 2128 568 2164 quidem
589 2129 672 2165 768
688 2130 760 2158 illius
784 2131 838 2159 diei
863 2133 987 2160 notitiam

191 2176 296 2204 detulit.
323 2175 416 2210 Neque
443 2175 513 2202 hanc
534 2175 621 2203 solum
647 2176 787 2210 indicavit,
813 2177 860 2205 sed
886 2182 913 2205 et
934 2178 988 2205 alia

190 2223 293 2255 omnia,
306 2229 366 2257 quae
389 2221 417 2248 in
442 2221 533 2249 Patris
555 2229 587 2250 ac
615 2220 677 2249 Filii
700 2226 834 2257 potestate
856 2223 916 2251 sine
933 2224 988 2251 ttlla

191 2267 378 2295 controversia
398 2271 528 2302 perpetuo
544 2266 664 2299 fuerunt,
677 2275 792 2303 qumque
810 2268 844 2296 ab
859 2269 912 2297 illis
928 2277 988 2304 pro«

193 2314 272 2342 ducta
290 2321 321 2341 ac
342 2313 461 2348 perlecta
486 2318 560 2341 sunt.
586 2312 668 2340 Novit
692 2313 786 2349 itaque
808 2313 890 2342 Pater
914 2315 986 2344 diem

192 2361 283 2393 illam;
310 2359 394 2390 novit,
423 2358 545 2393 inquam,
566 2363 593 2386 et
617 2358 756 2393 produxit,
787 2367 819 2386 ac
840 2360 984 2394 judicavit,

191 2409 271 2440 prout
295 2404 322 2431 in
340 2402 453 2431 Joannis
471 2403 616 2438 Evangelio
637 2403 770 2433 Dominus
788 2410 884 2432 narrat
899 2415 906 2433 ε
928 2405 984 2432 Pa—

192 2456 240 2482 ter,
260 2450 358 2485 inquit,
382 2449 510 2476 neminem
523 2449 666 2484 judicabit,
683 2450 728 2478 sed
755 2459 830 2478 omne
848 2451 983 2485 judicium

190 2496 261 2523 dedit
278 2495 350 2523 Filio
361 2495 382 2522 ⁵.
411 2495 467 2522 lloe
483 2496 555 2522 enim
572 2497 632 2531 ipso
651 2497 723 2531 quod
740 2497 876 2532 judicium
897 2499 982 2529 dedit,

187 2543 327 2578 judicasse
341 2541 478 2577 putandus
494 2545 545 2569 est.
562 2541 633 2577 Ergo
648 2550 708 2569 cum
723 2543 896 2577 iudicaverit,
909 2545 985 2571 novit

189 2589 298 2625 quando
313 2589 348 2616 sit
369 2588 413 2615 illa
429 2588 487 2615 dies
503 2591 627 2615 ventura.
644 2587 712 2615 Nam
727 2590 771 2624 qui
787 2598 838 2617 non
856 2590 938 2617 credit
955 2592 982 2617 in

190 2635 302 2667 Filium,
324 2635 383 2669 jam
411 2633 545 2667 iudicatus
574 2639 612 2661 est
624 2635 645 2660 ⁵.
670 2634 726 2662 Non
756 2636 828 2670 quod
848 2636 982 2671 judicium

187 2683 242 2715 jam
266 2679 437 2716 pratterierit,
459 2679 507 2707 sed
535 2680 606 2714 quod
625 2687 686 2715 quae
713 2686 778 2708 tunc
803 2681 893 2708 futura
920 2686 985 2709 sunt

189 2727 269 2754 modo
281 2726 455 2754 declarentur
471 2734 477 2752 :
494 2725 647 2760 cujustnodi
663 2725 794 2761 quiddam
812 2726 838 2753 in
854 2727 983 2761 pricscnti

225 2817 233 2832 ί
252 2816 372 2844 thrss.
393 2825 419 2846 v.
434 2816 461 2844 2.
499 2817 509 2832 ²
525 2816 590 2844 ibid.
632 2814 659 2843 4,

717 2816 728 2833 ³
746 2816 862 2852 Philipp.
881 2823 921 2851 ut,
935 2818 961 2844 1.
999 2817 1010 2833 ⁸
1022 2816 1099 2845 Joan.
1116 2826 1142 2851 v,
1160 2818 1206 2846 22.
1245 2820 1254 2835 ³
1270 2819 1350 2847 Joan.
1373 2828 1413 2853 tu,
1433 2819 1472 2847 18.

1045 212 1151 246 ἡμέρα.
1176 211 1232 238 Καὶ
1250 212 1264 237 6
1283 211 1361 245 ἅγιος
1380 209 1542 241 ’Δπόστολός
1565 217 1664 244 φησιν·
1687 209 1750 235 οὐκ
1769 207 1840 234 ἐστὲ

1045 258 1175 290 σκότους
1190 256 1293 290 τέκνα,
1307 255 1389 283 ἀλλὰ
1412 256 1539 291 ἡμέρας,
1554 256 1604 282 ἵνα
1617 255 1636 288 ἡ
1654 254 1751 289 ἡμέρα
1764 252 1840 288 ὑμᾶς

1043 304 1087 338 μὴ
1113 304 1152 336 ὡς
1168 303 1302 337 κλέπτης
1319 302 1483 337 καταλάϐῃ.
1509 302 1541 328 Et
1564 301 1653 327 τοίνυν
1674 301 1699 327 οἱ
1719 299 1773 326 υίοὶ
1792 298 1841 334 τῆς

1046 349 1152 386 ἡμέρας
1166 350 1215 385 οὐχ
1234 349 1287 376 ὑπὸ
1302 349 1417 381 σκότους
1433 348 1633 379 καλύπτονται,
1652 346 1721 374 ἀλλὰ
1737 347 1840 381 ἕτοιμοι

1045 396 1178 432 γίνονται,
1200 396 1241 422 ὅτι
1286 395 1337 422 οὐκ
1353 394 1456 421 οἴδασιν
1470 394 1571 430 ἡμέρᾳ,
1585 393 1633 420 καὶ
1648 389 1665 430 ᾖ
1684 393 1715 419 οὐ
1730 392 1842 428 προσδο-

1046 442 1130 469 κῶσιν
1148 441 1218 478 ὥρᾳ,
1235 442 1250 468 6
1266 440 1401 477 δεσπότης
1417 440 1507 468 αὐτῶν
1525 438 1723 475 παραγίνεται·
1740 438 1795 473 ἄρα
1810 437 1841 463 οὐ

1045 487 1180 521 διαλλάξει
1207 487 1284 520 παρὰ
1307 487 1371 519 τοὺς
1397 486 1480 514 αὑτοῦ
1500 485 1612 517 δούλους
1632 484 1679 511 καὶ
1694 485 1770 516 υἱοὺς
1792 484 1841 519 τῆς

1044 534 1153 570 ἡμέρας
1174 533 1219 560 διὰ
1240 533 1290 569 τὴν
1313 532 1395 559 αὑτοῦ
1417 531 1551 568 φωτεινὴν
1572 531 1721 558 ὑπόστασιν
1746 538 1776 556 τε
1796 530 1842 556 καὶ

1045 580 1170 617 θεότητα,
1188 580 1270 612 αὐτὸς
1289 579 1375 611 αἴτιος
1390 578 1482 610 αὐτοῖς
1504 577 1606 605 τούτων
1626 576 1782 612 τυγχάνων.
1805 576 1842 602 Ἦ

1044 625 1148 659 ὃτι,,ὡς
1161 626 1186 652 οἱ
1200 625 1362 660 ἀγνοοῦντες
1386 624 1436 660 τὴν
1451 623 1559 660 ἡμέραν
1570 644 1578 657 ,
1594 623 1643 650 καὶ
1665 622 1703 658 μὴ
1729 623 1842 657 ἑτοιμα-

1046 671 1165 703 σθέντες,
1179 670 1420 706 καταληφθήσεται
1433 669 1548 705 ἀγνοῶν,
1565 669 1612 696 καὶ
1626 669 1671 695 ὑπ’
1688 668 1842 695 ἐλαττώσει

1044 717 1196 753 τυγχάνων.
1215 718 1263 749 Τίς
1278 717 1306 743 δὲ
1324 716 1454 753 μεμηνὼς
1477 714 1565 743 ταῦτα
1587 715 1652 751 περὶ
1670 715 1776 750 Κυρίου
1795 714 1841 741 λο-

1045 764 1158 798 γίσοιτο,
1174 764 1215 791 ὅτι
1232 764 1313 797 αὐτὸς
1330 763 1418 795 ἔσται,
1441 763 1479 794 ὡς
1492 763 1517 789 οἱ
1548 762 1594 789 ὑπ’
1611 761 1694 789 αὑτοῦ
1710 760 1842 793 δεσποζό-

1047 815 1122 842 μενοι
1136 806 1286 843 ἄνθρωποι,
1297 807 1343 834 καὶ
1359 806 1607 842 μεμαθητευμένοι,
1620 806 1637 842 ἦ
1648 805 1686 838 ὡς
1695 807 1720 832 οί
1732 806 1841 842 χείρους

1042 853 1087 880 διὰ
1110 853 1160 888 τὴν
1185 853 1275 880 αὐτῶν
1304 853 1497 888 ἀνετοιμασίαν
1515 853 1563 880 καὶ
1585 852 1714 887 ᾶγνοιαν;
1737 852 1794 879 Καὶ
1811 851 1842 878 τὸ

1043 899 1104 926 ὅλον
1118 900 1193 926 ἐστὶν
1213 900 1327 935 ἠλίθιον.
1347 899 1379 926 El
1398 899 1487 926 τοίνυν
1500 899 1586 926 ταῦτα
1599 899 1630 926 οὒ
1645 898 1756 925 δύναται
1771 899 1842 933 πλη-

1044 946 1174 982 ροῦσθαι,
1197 947 1211 973 6
1232 946 1260 972 δὲ
1277 946 1356 981 λόγος
1379 947 1625 982 παρεκτεινόμενος
1647 937 1786 978 ἀντίθετος
1805 947 1840 982 τῇ

1043 993 1139 1028 χρήσει
1155 992 1332 1028 εὑρεθήσεται
1341 1001 1348 1008 ’
1362 992 1417 1028 ἄρα
1430 992 1560 1028 ζητητέον
1574 992 1647 1027 ἐστὶ,
1659 992 1721 1019 τίνα
1734 993 1780 1019 τὸν
1792 992 1840 1018 λό-

1042 1047 1090 1073 γον
1101 1037 1237 1074 εὖρωμεν,
1256 1038 1299 1065 ἵνα
1309 1058 1317 1071 ,
1339 1038 1520 1070 ἁναντιθέτως
1533 1038 1588 1066 τῶν
1605 1039 1769 1074 ἀμφοτέρων
1784 1047 1841 1065 σω-

1043 1083 1165 1119 ζομένων
1178 1103 1185 1116 ,
1204 1084 1240 1119 μὴ
1261 1084 1444 1120 ἔκτραπῶμεν
1463 1085 1513 1120 τῆς
1535 1084 1674 1120 ἀληθείας.
1695 1084 1842 1111 Ἀδύνατον

1042 1128 1097 1164 γὰρ
1115 1129 1161 1156 τὸν
1176 1129 1280 1165 Κύριον
1296 1129 1442 1164 ψεύδεσθαι
1452 1149 1459 1162 ,
1478 1130 1525 1156 καὶ
1539 1129 1670 1157 ἀδύνατον
1685 1129 1768 1156 αὑτὸν
1782 1130 1841 1164 μά-

1041 1182 1091 1209 την
1107 1174 1159 1206 τὰς
1174 1174 1319 1210 ἐξηγήσεις
1336 1175 1375 1206 είς
1387 1174 1526 1210 ἡμετέραν
1538 1173 1610 1209 ζωὴν
1626 1173 1773 1201 ποιεῖσθαι.
1793 1174 1841 1200 Γι-

1041 1219 1141 1246 νώσκει
1156 1220 1246 1246 τοίνυν
1259 1221 1273 1246 6
1288 1220 1531 1256 Πατὴρ,γινώσκει
1544 1221 1558 1247 6
1574 1220 1648 1252 Υἱὸς,
1662 1219 1795 1254 γινώσκει
1808 1219 1841 1246 τδ

1041 1264 1119 1299 ἆγιον
1141 1264 1264 1299 Πνεῦμα.
1292 1264 1375 1291 Οὐδὲν
1398 1264 1452 1300 γὰρ
1477 1265 1506 1291 ὲν
1528 1265 1616 1300 Πατρὶ
1640 1264 1841 1300 διηλλαγμένον

1041 1309 1117 1345 παρὰ
1130 1309 1175 1336 τὸν
1191 1309 1268 1342 Υίὸν,
1280 1309 1339 1336 οὐδὲ
1353 1311 1382 1336 ὲν
1397 1309 1454 1345 Υίῷ
1469 1309 1696 1346 παρηλλαγμένον
1716 1309 1792 1344 παρὰ
1807 1308 1842 1336 τὸ

1041 1355 1165 1390 Πνεῦμα,
1181 1355 1219 1387 ὡς
1234 1355 1264 1382 ὲν
1279 1355 1383 1392 ἑκάστῃ
1400 1355 1455 1382 τῶν
1476 1354 1685 1391 προειρημένων
1700 1355 1840 1390 αἱρέσεων

1041 1401 1070 1428 ὲν
1100 1401 1180 1437 χρείᾳ
1203 1401 1388 1433 καταστάντες
1423 1400 1620 1436 ἀπεδείξαμεν,
1645 1401 1675 1433 ἐξ
1702 1400 1841 1436 ἀληθινῶν

1041 1446 1197 1473 συστάσεων
1211 1446 1261 1482 τὴν
1282 1446 1386 1482 Τριάδα
1402 1444 1472 1473 εἶναι
1494 1447 1558 1482 μίαν
1573 1446 1705 1482 θεότητα,
1719 1447 1769 1473 καὶ
1784 1455 1842 1482 μη-

1039 1491 1083 1519 δὲν
1096 1491 1168 1527 ἔχειν
1181 1493 1211 1519 ὲν
1228 1493 1311 1528 ἑαυτῇ
1330 1492 1568 1528 παρηλλαγμένον,
1591 1492 1659 1519 ἀλλὰ
1672 1492 1704 1519 τὸ
1723 1493 1778 1519 πᾶν
1793 1501 1842 1519 τε-

1039 1538 1163 1574 λειότης,
1181 1538 1246 1574 τρία
1266 1538 1375 1572 τέλεια,
1401 1538 1451 1574 μία
1468 1537 1622 1573 δοξολογία,
1647 1537 1696 1564 καὶ
1718 1538 1769 1574 μία
1788 1547 1841 1564 κυ-

1040 1586 1143 1622 ριάτης.

1074 1716 1141 1744 ME’.
1163 1715 1232 1742 Ἀλλ’
1250 1715 1322 1751 ἐρεῖς
1337 1723 1382 1750 μοι
1392 1723 1398 1729 ·
1415 1714 1474 1742 Τίνι
1492 1715 1583 1742 τοίνυν
1597 1714 1636 1750 τῷ
1652 1714 1725 1749 λόγῳ
1740 1715 1838 1750 εἴρηκε

1038 1761 1131 1795 τοῦτο;
1146 1762 1202 1788 Καὶ
1223 1761 1273 1797 ήδη
1289 1761 1338 1796 μὲν
1352 1760 1420 1797 ἄλλῃ
1436 1769 1481 1796 μοι
1499 1760 1564 1796 περὶ
1580 1761 1627 1787 τοῦ
1641 1760 1721 1795 λόγου
1737 1760 1837 1787 τούτου

1038 1808 1209 1844 πέφρασται·
1220 1808 1297 1835 οὐδὲν
1308 1807 1336 1834 δὲ
1349 1807 1467 1834 κωλύσει
1479 1808 1537 1838 τοῖς
1554 1807 1645 1838 αὐτοῖς
1659 1806 1833 1841 προσθεῖναι.

1038 1855 1094 1881 Καὶ
1114 1855 1149 1881 τὰ
1168 1854 1238 1881 αὐτὰ
1254 1853 1369 1890 ἀληθινὰ
1387 1854 1497 1889 ῥήματα
1519 1853 1610 1887 λέγειν
1636 1852 1700 1888 ἐμοὶ
1720 1852 1770 1887 μὲν
1785 1852 1837 1879 οὐκ

1039 1900 1156 1936 ὀκνηρὸν
1166 1921 1174 1934 ,
1191 1902 1248 1933 τοῖς
1261 1900 1290 1927 δὲ
1304 1900 1514 1935 ἐντυγχάνουσιν
1528 1899 1649 1934 ἀσφαλὲς
1663 1898 1743 1924 ἔσται
1753 1917 1761 1929 ,
1777 1899 1836 1929 τοῖς

1042 1947 1071 1974 δὲ
1088 1946 1218 1979 ἐναντίοις
1244 1947 1285 1978 είς
1307 1946 1429 1981 ἔλεγχον.
1453 1945 1485 1972 Ἥ
1506 1945 1561 1980 γὰρ
1584 1944 1714 1975 ὑπόθεσις
1740 1943 1837 1970 τοῦτον

1039 1992 1096 2028 έχει
1109 1992 1158 2024 τὸν,
1169 1992 1280 2027 τρόπον.
1298 1991 1368 2027 Τρία
1393 1990 1448 2027 γὰρ
1463 1991 1593 2025 τάγματα
1610 1990 1640 2016 ὲν
1667 1988 1759 2025 ταυτῷ
1782 1989 1835 2016 ὐπ-

1039 2038 1198 2073 εισήνεγκεν
1212 2038 1241 2064 ὲν
1254 2037 1338 2073 μέσῳ,
1348 2037 1472 2073 Πατέρα,
1485 2036 1534 2063 κα)⁵
1548 2035 1654 2067 ἑαυτὸν,
1665 2036 1712 2062 καὶ
1729 2035 1836 2067 πάντας

1038 2083 1172 2118 ἀγγέλους
1187 2084 1216 2110 ἐν
1234 2083 1352 2119 οὐρανῷ.
1368 2084 1424 2110 Καὶ
1439 2083 1477 2118 τῷ
1493 2083 1543 2118 μὲν
1559 2083 1646 2118 Πατρὶ
1663 2082 1790 2109 ἀπέδωκε
1806 2081 1836 2108 τὺ

1040 2130 1149 2162 εἰδέναι,
1172 2129 1203 2156 οὐ
1229 2129 1309 2165 μόνον
1325 2129 1427 2164 εἴδησιν
1444 2127 1628 2155 ὑποδεικνύων
1649 2127 1697 2154 καὶ
1723 2128 1834 2161 γνῶσιν,

1040 2177 1108 2204 ἀλλὰ
1121 2177 1169 2203 καὶ
1182 2176 1216 2203 τὰ
1229 2177 1273 2204 ἀεὶ
1286 2176 1362 2211 παρὰ
1378 2176 1467 2211 Πατρὶ
1485 2175 1533 2202 καὶ
1548 2175 1623 2211 παρὰ
1642 2174 1700 2210 Υἱῷ
1715 2175 1835 2210 ἀναμφι-

1041 2222 1127 2254 ϐόλως
1144 2222 1339 2258 κεκρατημένα
1353 2230 1382 2248 τε
1398 2222 1445 2248 καὶ
1462 2221 1660 2256 γεγεννημένα,
1676 2220 1725 2247 καὶ
1738 2221 1834 2256 εἰργα-

1042 2269 1138 2305 σμένα.
1155 2269 1209 2295 Kal.
1223 2269 1237 2295 6
1254 2269 1303 2304 μὲν
1316 2268 1413 2304 Πατὴρ
1425 2267 1479 2295 οἶδε
1494 2268 1543 2303 τὴν
1556 2267 1678 2303 ἡμέραν-
1699 2265 1771 2300 οἶδεν
1787 2267 1834 2293 αὖ·

1040 2314 1089 2349 τὴν
1104 2314 1151 2340 καὶ
1164 2313 1322 2349 εἰργάσατο,
1349 2314 1397 2340 καὶ
1424 2313 1561 2348 πέπραχε,
1584 2312 1632 2339 καὶ
1655 2311 1775 2347 ἔκρινεν,
1796 2312 1834 2343 ὡς

1040 2360 1092 2395 ἔφη
1109 2359 1138 2386 ὲν
1150 2360 1190 2395 τῷ
1206 2359 1421 2394 κατὰῚωάννην
1437 2358 1596 2393 Εὐαγγελίῳ
1607 2366 1614 2372 ·
1630 2359 1671 2384 ὅτι
1692 2358 1718 2383 '0
1732 2358 1833 2391 Πατὴρ

1039 2406 1148 2433 οὐδένα
1171 2405 1280 2440 κρινεῖ,
1295 2405 1376 2433 ἀλλὰ
1400 2405 1457 2439 τὴν·
1475 2404 1579 2432 πᾶσαν
1597 2404 1700 2438 κρίσιν
1723 2403 1833 2430 δέδωκε

1037 2451 1077 2484 τῷ
1096 2450 1161 2483 Υἱῷ.
1184 2452 1229 2478 Ἐν
1250 2451 1304 2488 γὰρ
1320 2451 1360 2486 τῷ
1373 2451 1520 2478 δεδωκέναι
1532 2471 1540 2483 ,
1562 2450 1702 2485 κέκρικεν.
1730 2450 1833 2485 Κρίνας

1037 2497 1126 2524 τοίνυν
1138 2497 1220 2532 ἔγνω,
1236 2498 1317 2532 γνοὺς
1329 2495 1383 2523 οἵδε
1397 2497 1462 2524 πότε
1478 2497 1599 2532 ἔρχεται.
1621 2496 1652 2522 '0
1665 2495 1720 2531 γὰρ
1732 2495 1776 2530 μὴ
1790 2504 1833 2521 πι-

1037 2543 1153 2570 στεύων
1165 2544 1208 2576 εΙς
1218 2544 1272 2570 τὸν
1287 2543 1355 2570 my
1371 2542 1430 2577 ἤδη
1448 2542 1588 2577 κέκριται,
1603 2542 1632 2569 οὐ
1649 2542 1699 2577 τῆς
1714 2542 1831 2576 κρίσεως

1037 2588 1240 2624 παρελθούσης,
1257 2588 1326 2615 ἀλλὰ
1338 2588 1393 2614 τῶν
1410 2588 1470 2614 τότε
1490 2588 1641 2623 μελλόντων
1653 2587 1763 2614 ἔσεσθαι
1782 2587 1830 2622 ήδη

1037 2634 1284 2670 ἀποδεικνυμένων,
1306 2634 1343 2666 ὡς
1362 2635 1409 2661 καὶ
1424 2636 1470 2661 ἐπὶ
1488 2635 1566 2669 τύπῳ
1583 2635 1613 2661 τὸ
1625 2633 1747 2661 τοιοῦτον
1765 2634 1832 2667 2:11;-

1038 2680 1140 2716 ροῦται.
1153 2679 1212 2707 Οἵδε
1223 2681 1232 2696 ⁸
1244 2681 1298 2716 γὰρ
1309 2682 1324 2716 ἡ
1336 2681 1430 2716 Γραφὴ
1441 2682 1542 2716 εἴδησιν
1554 2681 1601 2708 καὶ
1612 2680 1724 2715 εἴδησιν,
1733 2679 1771 2711 ὡς
1784 2678 1832 2706 καὶ

1037 2726 1168 2759 πολλάκις
1182 2728 1222 2759 εἰς
1234 2728 1264 2754 τὸ
1282 2728 1441 2754 συνεκτικὸν
1455 2728 1652 2763 κατερχόμενοι
1663 2727 1717 2753 ἀπὸ
1730 2727 1829 2763 ὁμοιω-

1526 2820 1536 2835 ⁸
1557 2818 1634 2848 Deest
1652 2816 1782 2847 nonnihil
