  <div class='ocr_page' id='page_1' title='image "/cluster/home/n/w/nwhite01/storage/ocr_20150623/42/njp.32101077772588/144.png"; bbox 0 0 1929 3039; ppageno 0'>
   <div class='ocr_carea' id='block_1_1' title="bbox 103 185 161 214">
    <p class='ocr_par' dir='ltr' id='par_1_1' title="bbox 103 185 161 214">
     <span class='ocr_line' id='line_1_1' title="bbox 103 185 161 214; baseline 0 0"><span class='ocrx_word' id='word_1_1' title='bbox 103 185 161 214; x_wconf 72' lang='lat'><strong>275</strong></span> 
     </span>
    </p>
   </div>
   <div class='ocr_carea' id='block_1_2' title="bbox 465 191 1449 224">
    <p class='ocr_par' dir='ltr' id='par_1_2' title="bbox 465 191 1449 224">
     <span class='ocr_line' id='line_1_2' title="bbox 465 191 1449 224; baseline 0.004 -6"><span class='ocrx_word' id='word_1_2' title='bbox 465 191 649 222; x_wconf 76' lang='lat' dir='ltr'><strong>ADVERSUS</strong></span> <span class='ocrx_word' id='word_1_3' title='bbox 669 194 840 222; x_wconf 70' lang='lat' dir='ltr'><strong>li/ERESES</strong></span> <span class='ocrx_word' id='word_1_4' title='bbox 860 194 923 223; x_wconf 84' lang='lat' dir='ltr'><strong>LIB.</strong></span> <span class='ocrx_word' id='word_1_5' title='bbox 940 195 970 223; x_wconf 90' lang='lat' dir='ltr'><strong>ll.</strong></span> <span class='ocrx_word' id='word_1_6' title='bbox 993 195 1074 224; x_wconf 79' lang='grc' dir='ltr'><strong>ΤΟΜ.</strong></span> <span class='ocrx_word' id='word_1_7' title='bbox 1095 195 1126 224; x_wconf 92' lang='grc' dir='ltr'><strong>ΙΙ.</strong></span> <span class='ocrx_word' id='word_1_8' title='bbox 1144 211 1178 216; x_wconf 87' lang='grc'><strong>-</strong></span> <span class='ocrx_word' id='word_1_9' title='bbox 1200 194 1334 224; x_wconf 72' lang='lat' dir='ltr'><strong>ll/ERES.</strong></span> <span class='ocrx_word' id='word_1_10' title='bbox 1358 195 1449 223; x_wconf 72' lang='lat' dir='ltr'><strong>LXIX.</strong></span> 
     </span>
    </p>
   </div>
   <div class='ocr_carea' id='block_1_3' title="bbox 1692 195 1744 223">
    <p class='ocr_par' dir='ltr' id='par_1_3' title="bbox 1692 195 1744 223">
     <span class='ocr_line' id='line_1_3' title="bbox 1692 195 1744 223; baseline 0.019 -1"><span class='ocrx_word' id='word_1_11' title='bbox 1692 195 1744 223; x_wconf 63' lang='grc' dir='ltr'>ΕΠ</span> 
     </span>
    </p>
   </div>
   <div class='ocr_carea' id='block_1_4' title="bbox 107 243 907 288">
    <p class='ocr_par' dir='ltr' id='par_1_4' title="bbox 107 243 902 288">
     <span class='ocr_line' id='line_1_4' title="bbox 107 243 902 288; baseline 0.014 -19"><span class='ocrx_word' id='word_1_12' title='bbox 107 243 205 278; x_wconf 72' lang='grc' dir='ltr'>μάτων</span> <span class='ocrx_word' id='word_1_13' title='bbox 225 245 274 271; x_wconf 75' lang='grc' dir='ltr'>καὶ</span> <span class='ocrx_word' id='word_1_14' title='bbox 294 247 524 284; x_wconf 65' lang='grc' dir='ltr'><strong>παραδειγμάτων</strong></span> <span class='ocrx_word' id='word_1_15' title='bbox 548 251 601 279; x_wconf 82' lang='grc' dir='ltr'>τῶν</span> <span class='ocrx_word' id='word_1_16' title='bbox 621 252 671 287; x_wconf 68' lang='grc' dir='ltr'>ἤδη</span> <span class='ocrx_word' id='word_1_17' title='bbox 688 260 902 288; x_wconf 85' lang='grc' dir='ltr'>πεπραγματευ-</span> 
     </span>
    </p>
   </div>
   <div class='ocr_carea' id='block_1_5' title="bbox 959 243 1744 288">
    <p class='ocr_par' dir='ltr' id='par_1_5' title="bbox 959 251 1744 288">
     <span class='ocr_line' id='line_1_5' title="bbox 959 251 1744 288; baseline -0.005 -8"><span class='ocrx_word' id='word_1_18' title='bbox 959 253 1063 288; x_wconf 87' lang='lat' dir='ltr'><strong>negotio</strong></span> <span class='ocrx_word' id='word_1_19' title='bbox 1093 254 1227 280; x_wconf 85' lang='lat' dir='ltr'><strong>cernitur.</strong></span> <span class='ocrx_word' id='word_1_20' title='bbox 1256 253 1363 288; x_wconf 82' lang='lat' dir='ltr'><strong>Quippe</strong></span> <span class='ocrx_word' id='word_1_21' title='bbox 1399 251 1540 286; x_wconf 73' lang='lat' dir='ltr'><strong>Scriptura</strong></span> <span class='ocrx_word' id='word_1_22' title='bbox 1573 258 1626 278; x_wconf 91' lang='lat' dir='ltr'><strong>non</strong></span> <span class='ocrx_word' id='word_1_23' title='bbox 1662 258 1744 277; x_wconf 78' lang='lat' dir='ltr'><strong>unum</strong></span> 
     </span>
    </p>
   </div>
   <div class='ocr_carea' id='block_1_6' title="bbox 109 289 901 334">
    <p class='ocr_par' dir='ltr' id='par_1_6' title="bbox 109 289 901 334">
     <span class='ocr_line' id='line_1_6' title="bbox 109 289 901 334; baseline 0.013 -18"><span class='ocrx_word' id='word_1_24' title='bbox 109 289 202 324; x_wconf 83' lang='grc' dir='ltr'>μένων</span> <span class='ocrx_word' id='word_1_25' title='bbox 217 291 267 326; x_wconf 75' lang='grc' dir='ltr'>τὴν</span> <span class='ocrx_word' id='word_1_26' title='bbox 283 294 433 328; x_wconf 74' lang='grc' dir='ltr'><strong>σαφήνειαν</strong></span> <span class='ocrx_word' id='word_1_27' title='bbox 448 295 496 321; x_wconf 80' lang='grc' dir='ltr'>καὶ</span> <span class='ocrx_word' id='word_1_28' title='bbox 513 295 561 331; x_wconf 80' lang='grc' dir='ltr'>τὴν</span> <span class='ocrx_word' id='word_1_29' title='bbox 579 297 680 332; x_wconf 82' lang='grc' dir='ltr'>φράσιν</span> <span class='ocrx_word' id='word_1_30' title='bbox 697 298 817 334; x_wconf 81' lang='grc' dir='ltr'><strong>ἑκάστης</strong></span> <span class='ocrx_word' id='word_1_31' title='bbox 835 298 901 325; x_wconf 88' lang='grc' dir='ltr'>ὑπο-</span> 
     </span>
    </p>
   </div>
   <div class='ocr_carea' id='block_1_7' title="bbox 107 335 662 378">
    <p class='ocr_par' dir='ltr' id='par_1_7' title="bbox 107 335 662 378">
     <span class='ocr_line' id='line_1_7' title="bbox 107 335 662 378; baseline 0.014 -16"><span class='ocrx_word' id='word_1_32' title='bbox 107 335 222 369; x_wconf 79' lang='grc' dir='ltr'><strong>θέσεως,</strong></span> <span class='ocrx_word' id='word_1_33' title='bbox 237 338 422 373; x_wconf 81' lang='grc' dir='ltr'>παριστῶντες</span> <span class='ocrx_word' id='word_1_34' title='bbox 436 340 466 367; x_wconf 77' lang='grc' dir='ltr'>οὐ</span> <span class='ocrx_word' id='word_1_35' title='bbox 480 340 662 378; x_wconf 77' lang='grc' dir='ltr'>διελείψαμεν.</span> 
     </span>
    </p>
   </div>
   <div class='ocr_carea' id='block_1_8' title="bbox 954 295 1744 334">
    <p class='ocr_par' dir='ltr' id='par_1_8' title="bbox 954 295 1744 334">
     <span class='ocr_line' id='line_1_8' title="bbox 954 295 1744 334; baseline -0.005 -8"><span class='ocrx_word' id='word_1_36' title='bbox 954 299 1075 326; x_wconf 68' lang='grc' dir='ltr'>εοίειιιὶω</span> <span class='ocrx_word' id='word_1_37' title='bbox 1098 306 1184 334; x_wconf 90' lang='lat' dir='ltr'><strong>genus</strong></span> <span class='ocrx_word' id='word_1_38' title='bbox 1207 297 1410 332; x_wconf 73' lang='lat' dir='ltr'><strong>complectitur.</strong></span> <span class='ocrx_word' id='word_1_39' title='bbox 1431 296 1566 323; x_wconf 72' lang='lat' dir='ltr'><strong>Cteternm</strong></span> <span class='ocrx_word' id='word_1_40' title='bbox 1583 295 1656 330; x_wconf 90' lang='lat' dir='ltr'><strong>quod</strong></span> <span class='ocrx_word' id='word_1_41' title='bbox 1681 295 1744 322; x_wconf 84' lang='lat' dir='ltr'><strong>hnc-</strong></span> 
     </span>
    </p>
   </div>
   <div class='ocr_carea' id='block_1_9' title="bbox 954 341 1746 378">
    <p class='ocr_par' dir='ltr' id='par_1_9' title="bbox 954 341 1746 378">
     <span class='ocr_line' id='line_1_9' title="bbox 954 341 1746 378; baseline -0.006 -7"><span class='ocrx_word' id='word_1_42' title='bbox 954 349 1034 371; x_wconf 90' lang='lat' dir='ltr'><strong>tcnns</strong></span> <span class='ocrx_word' id='word_1_43' title='bbox 1053 351 1124 378; x_wconf 65' lang='lat' dir='ltr'><strong>saepe</strong></span> <span class='ocrx_word' id='word_1_44' title='bbox 1139 351 1172 371; x_wconf 84' lang='lat' dir='ltr'><strong>ac</strong></span> <span class='ocrx_word' id='word_1_45' title='bbox 1191 347 1352 372; x_wconf 89' lang='lat' dir='ltr'><strong>constanter</strong></span> <span class='ocrx_word' id='word_1_46' title='bbox 1374 342 1500 376; x_wconf 82' lang='lat' dir='ltr'><strong>fecimus,</strong></span> <span class='ocrx_word' id='word_1_47' title='bbox 1523 346 1552 370; x_wconf 95' lang='lat' dir='ltr'><strong>ut</strong></span> <span class='ocrx_word' id='word_1_48' title='bbox 1570 342 1603 369; x_wconf 86' lang='lat' dir='ltr'><strong>ad</strong></span> <span class='ocrx_word' id='word_1_49' title='bbox 1624 341 1674 374; x_wconf 89' lang='lat' dir='ltr'><strong>rei,</strong></span> <span class='ocrx_word' id='word_1_50' title='bbox 1693 348 1746 375; x_wconf 84' lang='lat' dir='ltr'><strong>qua</strong></span> 
     </span>
    </p>
   </div>
   <div class='ocr_carea' id='block_1_10' title="bbox 107 383 1747 425">
    <p class='ocr_par' dir='ltr' id='par_1_10' title="bbox 107 383 1747 425">
     <span class='ocr_line' id='line_1_10' title="bbox 107 383 1747 425; baseline 0.002 -16"><span class='ocrx_word' id='word_1_51' title='bbox 107 383 143 410; x_wconf 89' lang='lat' dir='ltr'><strong>de</strong></span> <span class='ocrx_word' id='word_1_52' title='bbox 157 383 259 418; x_wconf 82' lang='lat' dir='ltr'><strong>agitur,</strong></span> <span class='ocrx_word' id='word_1_53' title='bbox 276 384 487 414; x_wconf 86' lang='lat' dir='ltr'><strong>illustrationem</strong></span> <span class='ocrx_word' id='word_1_54' title='bbox 516 391 544 415; x_wconf 87' lang='lat' dir='ltr'><strong>et</strong></span> <span class='ocrx_word' id='word_1_55' title='bbox 573 389 782 424; x_wconf 75' lang='lat' dir='ltr'><strong>explicationem</strong></span> <span class='ocrx_word' id='word_1_56' title='bbox 806 389 1000 418; x_wconf 88' lang='lat' dir='ltr'><strong>similitudines</strong></span> <span class='ocrx_word' id='word_1_57' title='bbox 1020 389 1152 425; x_wconf 83' lang='lat' dir='ltr'><strong>quasdam</strong></span> <span class='ocrx_word' id='word_1_58' title='bbox 1177 393 1205 417; x_wconf 90' lang='lat' dir='ltr'><strong>et</strong></span> <span class='ocrx_word' id='word_1_59' title='bbox 1227 389 1351 423; x_wconf 79' lang='lat' dir='ltr'><strong>exempla</strong></span> <span class='ocrx_word' id='word_1_60' title='bbox 1380 395 1594 424; x_wconf 81' lang='lat' dir='ltr'><strong>proponereuius</strong></span> <span class='ocrx_word' id='word_1_61' title='bbox 1617 394 1649 414; x_wconf 75' lang='lat' dir='ltr'><strong>ex</strong></span> <span class='ocrx_word' id='word_1_62' title='bbox 1680 394 1747 420; x_wconf 67' lang='lat' dir='ltr'><strong>pra:-</strong></span> 
     </span>
    </p>
   </div>
   <div class='ocr_carea' id='block_1_11' title="bbox 108 428 1746 472">
    <p class='ocr_par' dir='ltr' id='par_1_11' title="bbox 108 428 1746 472">
     <span class='ocr_line' id='line_1_11' title="bbox 108 428 1746 472; baseline 0.002 -17"><span class='ocrx_word' id='word_1_63' title='bbox 108 428 198 456; x_wconf 86' lang='lat' dir='ltr'><strong>teritis</strong></span> <span class='ocrx_word' id='word_1_64' title='bbox 219 429 303 457; x_wconf 78' lang='lat' dir='ltr'><strong>rebus</strong></span> <span class='ocrx_word' id='word_1_65' title='bbox 322 438 354 458; x_wconf 92' lang='lat' dir='ltr'><strong>ac</strong></span> <span class='ocrx_word' id='word_1_66' title='bbox 374 432 468 467; x_wconf 79' lang='lat' dir='ltr'><strong>gestis,</strong></span> <span class='ocrx_word' id='word_1_67' title='bbox 491 439 507 459; x_wconf 87' lang='lat' dir='ltr'><strong>a</strong></span> <span class='ocrx_word' id='word_1_68' title='bbox 530 433 631 468; x_wconf 89' lang='lat' dir='ltr'><strong>quibus</strong></span> <span class='ocrx_word' id='word_1_69' title='bbox 659 435 694 463; x_wconf 89' lang='lat' dir='ltr'><strong>ad</strong></span> <span class='ocrx_word' id='word_1_70' title='bbox 719 439 909 471; x_wconf 69' lang='lat' dir='ltr'><strong>argumentum</strong></span> <span class='ocrx_word' id='word_1_71' title='bbox 937 436 1027 472; x_wconf 88' lang='lat' dir='ltr'><strong>ipsum</strong></span> <span class='ocrx_word' id='word_1_72' title='bbox 1053 440 1080 463; x_wconf 87' lang='lat' dir='ltr'><strong>et</strong></span> <span class='ocrx_word' id='word_1_73' title='bbox 1102 438 1184 470; x_wconf 89' lang='lat' dir='ltr'><strong>caput</strong></span> <span class='ocrx_word' id='word_1_74' title='bbox 1211 434 1405 470; x_wconf 83' lang='lat' dir='ltr'><strong>disputationis</strong></span> <span class='ocrx_word' id='word_1_75' title='bbox 1429 433 1643 469; x_wconf 84' lang='lat' dir='ltr'><strong>perveniremus,</strong></span> <span class='ocrx_word' id='word_1_76' title='bbox 1675 431 1746 459; x_wconf 83' lang='lat' dir='ltr'><strong>idem</strong></span> 
     </span>
    </p>
   </div>
   <div class='ocr_carea' id='block_1_12' title="bbox 109 473 594 512">
    <p class='ocr_par' dir='ltr' id='par_1_12' title="bbox 109 473 594 512">
     <span class='ocr_line' id='line_1_12' title="bbox 109 473 594 512; baseline 0.012 -12"><span class='ocrx_word' id='word_1_77' title='bbox 109 473 140 500; x_wconf 93' lang='lat' dir='ltr'><strong>in</strong></span> <span class='ocrx_word' id='word_1_78' title='bbox 156 475 303 508; x_wconf 58' lang='lat' dir='ltr'><strong>praesentia</strong></span> <span class='ocrx_word' id='word_1_79' title='bbox 322 474 476 504; x_wconf 88' lang='lat' dir='ltr'><strong>faciendum</strong></span> <span class='ocrx_word' id='word_1_80' title='bbox 489 477 594 512; x_wconf 88' lang='lat' dir='ltr'><strong>judico.</strong></span> 
     </span>
    </p>
   </div>
   <div class='ocr_carea' id='block_1_13' title="bbox 145 520 903 561">
    <p class='ocr_par' dir='ltr' id='par_1_13' title="bbox 145 520 903 561">
     <span class='ocr_line' id='line_1_13' title="bbox 145 520 903 561; baseline 0.009 -15"><span class='ocrx_word' id='word_1_81' title='bbox 145 520 223 554; x_wconf 70' lang='grc' dir='ltr'>Μςν.</span> <span class='ocrx_word' id='word_1_82' title='bbox 243 520 380 557; x_wconf 73' lang='grc' dir='ltr'>Λάὃωμεν</span> <span class='ocrx_word' id='word_1_83' title='bbox 394 522 483 550; x_wconf 80' lang='grc' dir='ltr'><strong>τοίνυν</strong></span> <span class='ocrx_word' id='word_1_84' title='bbox 499 523 656 560; x_wconf 74' lang='grc' dir='ltr'>ὲξυπαρχῆς</span> <span class='ocrx_word' id='word_1_85' title='bbox 667 523 757 558; x_wconf 85' lang='grc' dir='ltr'>αὖθις,</span> <span class='ocrx_word' id='word_1_86' title='bbox 773 527 820 553; x_wconf 83' lang='grc' dir='ltr'>καὶ</span> <span class='ocrx_word' id='word_1_87' title='bbox 838 525 903 561; x_wconf 77' lang='grc' dir='ltr'>περὶ</span> 
     </span>
    </p>
   </div>
   <div class='ocr_carea' id='block_1_14' title="bbox 107 565 905 607">
    <p class='ocr_par' dir='ltr' id='par_1_14' title="bbox 107 565 905 607">
     <span class='ocr_line' id='line_1_14' title="bbox 107 565 905 607; baseline 0.011 -17"><span class='ocrx_word' id='word_1_88' title='bbox 107 565 213 593; x_wconf 77' lang='grc' dir='ltr'>τούτων</span> <span class='ocrx_word' id='word_1_89' title='bbox 223 566 355 602; x_wconf 73' lang='grc' dir='ltr'>εἴπωμεν.</span> <span class='ocrx_word' id='word_1_90' title='bbox 365 567 397 594; x_wconf 90' lang='grc' dir='ltr'>Τί</span> <span class='ocrx_word' id='word_1_91' title='bbox 407 577 488 602; x_wconf 84' lang='grc' dir='ltr'>φατε,</span> <span class='ocrx_word' id='word_1_92' title='bbox 500 566 522 596; x_wconf 82' lang='grc' dir='ltr'>ὦ</span> <span class='ocrx_word' id='word_1_93' title='bbox 534 566 624 604; x_wconf 71' lang='grc' dir='ltr'>οὕτως</span> <span class='ocrx_word' id='word_1_94' title='bbox 640 571 718 606; x_wconf 75' lang='grc' dir='ltr'>’ῌδει</span> <span class='ocrx_word' id='word_1_95' title='bbox 735 571 820 607; x_wconf 80' lang='grc' dir='ltr'>Ἀδὰμ</span> <span class='ocrx_word' id='word_1_96' title='bbox 833 571 905 598; x_wconf 75' lang='grc' dir='ltr'>Εὕαν</span> 
     </span>
    </p>
   </div>
   <div class='ocr_carea' id='block_1_15' title="bbox 108 610 907 652">
    <p class='ocr_par' dir='ltr' id='par_1_15' title="bbox 108 610 907 652">
     <span class='ocr_line' id='line_1_15' title="bbox 108 610 907 652; baseline 0.01 -16"><span class='ocrx_word' id='word_1_97' title='bbox 108 610 159 646; x_wconf 75' lang='grc' dir='ltr'>τὴν</span> <span class='ocrx_word' id='word_1_98' title='bbox 173 613 292 645; x_wconf 79' lang='grc' dir='ltr'>γυναῖκα</span> <span class='ocrx_word' id='word_1_99' title='bbox 307 613 390 639; x_wconf 82' lang='grc' dir='ltr'>αὐτοῦ</span> <span class='ocrx_word' id='word_1_100' title='bbox 403 614 450 640; x_wconf 75' lang='grc' dir='ltr'>καὶ</span> <span class='ocrx_word' id='word_1_101' title='bbox 468 615 521 650; x_wconf 73' lang='grc' dir='ltr'><strong>πρὸ</strong></span> <span class='ocrx_word' id='word_1_102' title='bbox 533 616 581 651; x_wconf 83' lang='grc' dir='ltr'>τῆς</span> <span class='ocrx_word' id='word_1_103' title='bbox 601 617 743 652; x_wconf 85' lang='grc' dir='ltr'>παρακοῆς</span> <span class='ocrx_word' id='word_1_104' title='bbox 758 617 805 643; x_wconf 75' lang='grc' dir='ltr'><strong>καὶ</strong></span> <span class='ocrx_word' id='word_1_105' title='bbox 821 625 907 652; x_wconf 84' lang='grc' dir='ltr'>παρα-</span> 
     </span>
    </p>
   </div>
   <div class='ocr_carea' id='block_1_16' title="bbox 109 657 905 699">
    <p class='ocr_par' dir='ltr' id='par_1_16' title="bbox 109 657 905 699">
     <span class='ocr_line' id='line_1_16' title="bbox 109 657 905 699; baseline 0.009 -16"><span class='ocrx_word' id='word_1_106' title='bbox 109 657 236 690; x_wconf 76' lang='grc' dir='ltr'>ϐάσεως,</span> <span class='ocrx_word' id='word_1_107' title='bbox 257 659 274 694; x_wconf 81' lang='grc' dir='ltr'>ἢ</span> <span class='ocrx_word' id='word_1_108' title='bbox 293 660 344 686; x_wconf 81' lang='grc' dir='ltr'><strong>οὐκ</strong></span> <span class='ocrx_word' id='word_1_109' title='bbox 360 660 435 695; x_wconf 73' lang='grc' dir='ltr'>ᾔδει;</span> <span class='ocrx_word' id='word_1_110' title='bbox 460 661 515 688; x_wconf 76' lang='grc' dir='ltr'><strong>Καὶ</strong></span> <span class='ocrx_word' id='word_1_111' title='bbox 532 662 562 688; x_wconf 78' lang='grc' dir='ltr'>οὐ</span> <span class='ocrx_word' id='word_1_112' title='bbox 581 662 696 689; x_wconf 81' lang='grc' dir='ltr'><strong>δύνασθε</strong></span> <span class='ocrx_word' id='word_1_113' title='bbox 715 663 854 690; x_wconf 74' lang='grc' dir='ltr'><strong>ἀντειπεῖν</strong></span> <span class='ocrx_word' id='word_1_114' title='bbox 871 664 905 699; x_wconf 82' lang='grc' dir='ltr'>τῇ</span> 
     </span>
    </p>
   </div>
   <div class='ocr_carea' id='block_1_17' title="bbox 109 703 904 744">
    <p class='ocr_par' dir='ltr' id='par_1_17' title="bbox 109 703 904 744">
     <span class='ocr_line' id='line_1_17' title="bbox 109 703 904 744; baseline 0.008 -15"><span class='ocrx_word' id='word_1_115' title='bbox 109 703 239 739; x_wconf 67' lang='grc' dir='ltr'>ἀληθείᾳ.</span> <span class='ocrx_word' id='word_1_116' title='bbox 265 705 328 732; x_wconf 89' lang='grc' dir='ltr'><strong>Ἐὰν</strong></span> <span class='ocrx_word' id='word_1_117' title='bbox 353 706 408 742; x_wconf 81' lang='grc' dir='ltr'><strong>γὰρ</strong></span> <span class='ocrx_word' id='word_1_118' title='bbox 430 706 467 742; x_wconf 84' lang='grc' dir='ltr'>μὴ</span> <span class='ocrx_word' id='word_1_119' title='bbox 485 707 617 743; x_wconf 77' lang='grc' dir='ltr'><strong>θελήσητε</strong></span> <span class='ocrx_word' id='word_1_120' title='bbox 635 707 816 744; x_wconf 76' lang='grc' dir='ltr'>ὀρθοποδῆσαι</span> <span class='ocrx_word' id='word_1_121' title='bbox 837 707 904 744; x_wconf 73' lang='grc' dir='ltr'>πρὸς</span> 
     </span>
    </p>
   </div>
   <div class='ocr_carea' id='block_1_18' title="bbox 114 750 903 790">
    <p class='ocr_par' dir='ltr' id='par_1_18' title="bbox 114 750 903 790">
     <span class='ocr_line' id='line_1_18' title="bbox 114 750 903 790; baseline 0.008 -15"><span class='ocrx_word' id='word_1_122' title='bbox 114 750 162 776; x_wconf 75' lang='grc' dir='ltr'><strong>τὸν</strong></span> <span class='ocrx_word' id='word_1_123' title='bbox 176 750 297 777; x_wconf 78' lang='grc' dir='ltr'>τοιοῦτον</span> <span class='ocrx_word' id='word_1_124' title='bbox 312 751 385 782; x_wconf 82' lang='grc' dir='ltr'>νοῦν,</span> <span class='ocrx_word' id='word_1_125' title='bbox 408 752 614 788; x_wconf 66' lang='grc' dir='ltr'>ὲλιγχθήσεσθε.</span> <span class='ocrx_word' id='word_1_126' title='bbox 628 751 726 782; x_wconf 82' lang='grc' dir='ltr'>Ἦσαν</span> <span class='ocrx_word' id='word_1_127' title='bbox 743 754 806 790; x_wconf 72' lang='grc' dir='ltr'>γὰρ,</span> <span class='ocrx_word' id='word_1_128' title='bbox 827 755 903 790; x_wconf 78' lang='grc' dir='ltr'>φησὶ,</span> 
     </span>
    </p>
   </div>
   <div class='ocr_carea' id='block_1_19' title="bbox 110 795 905 835">
    <p class='ocr_par' dir='ltr' id='par_1_19' title="bbox 110 795 905 835">
     <span class='ocr_line' id='line_1_19' title="bbox 110 795 905 835; baseline -0.003 -6"><span class='ocrx_word' id='word_1_129' title='bbox 110 795 236 830; x_wconf 70' lang='grc' dir='ltr'>γυμνοὶ,</span> <span class='ocrx_word' id='word_1_130' title='bbox 249 797 298 823; x_wconf 74' lang='grc' dir='ltr'><strong>καὶ</strong></span> <span class='ocrx_word' id='word_1_131' title='bbox 312 798 369 824; x_wconf 70' lang='grc' dir='ltr'><strong>οὐκ</strong></span> <span class='ocrx_word' id='word_1_132' title='bbox 382 798 572 833; x_wconf 79' lang='grc' dir='ltr'><strong>ᾐσχύνοντο·</strong></span> <span class='ocrx_word' id='word_1_133' title='bbox 588 800 699 835; x_wconf 86' lang='grc' dir='ltr'><strong>γυμνῶν</strong></span> <span class='ocrx_word' id='word_1_134' title='bbox 717 801 746 827; x_wconf 87' lang='grc' dir='ltr'>δὲ</span> <span class='ocrx_word' id='word_1_135' title='bbox 761 801 851 828; x_wconf 69' lang='grc' dir='ltr'>αὐτῶν</span> <span class='ocrx_word' id='word_1_136' title='bbox 862 801 905 827; x_wconf 85' lang='grc' dir='ltr'><strong>ὅν-</strong></span> 
     </span>
    </p>
   </div>
   <div class='ocr_carea' id='block_1_20' title="bbox 109 842 905 882">
    <p class='ocr_par' dir='ltr' id='par_1_20' title="bbox 109 842 905 882">
     <span class='ocr_line' id='line_1_20' title="bbox 109 842 905 882; baseline 0.01 -16"><span class='ocrx_word' id='word_1_137' title='bbox 109 849 164 867; x_wconf 78' lang='grc' dir='ltr'><strong>των</strong></span> <span class='ocrx_word' id='word_1_138' title='bbox 175 862 184 873; x_wconf 85' lang='grc'><strong>,</strong></span> <span class='ocrx_word' id='word_1_139' title='bbox 197 842 244 868; x_wconf 74' lang='grc' dir='ltr'><strong>καὶ</strong></span> <span class='ocrx_word' id='word_1_140' title='bbox 257 842 287 869; x_wconf 73' lang='grc' dir='ltr'>οὗ</span> <span class='ocrx_word' id='word_1_141' title='bbox 300 843 511 878; x_wconf 81' lang='grc' dir='ltr'>τυφλωττόντων</span> <span class='ocrx_word' id='word_1_142' title='bbox 521 853 528 860; x_wconf 91' lang='grc'><strong>·</strong></span> <span class='ocrx_word' id='word_1_143' title='bbox 545 845 607 872; x_wconf 74' lang='grc' dir='ltr'>οὔτε</span> <span class='ocrx_word' id='word_1_144' title='bbox 626 845 681 881; x_wconf 79' lang='grc' dir='ltr'><strong>γὰρ</strong></span> <span class='ocrx_word' id='word_1_145' title='bbox 692 845 772 873; x_wconf 81' lang='grc' dir='ltr'>τοῦτο</span> <span class='ocrx_word' id='word_1_146' title='bbox 785 847 905 882; x_wconf 83' lang='grc' dir='ltr'>ἀρνήσα-</span> 
     </span>
    </p>
   </div>
   <div class='ocr_carea' id='block_1_21' title="bbox 988 519 1746 555">
    <p class='ocr_par' dir='ltr' id='par_1_21' title="bbox 988 519 1746 555">
     <span class='ocr_line' id='line_1_21' title="bbox 988 519 1746 555; baseline 0 -7"><span class='ocrx_word' id='word_1_147' title='bbox 988 519 1081 548; x_wconf 77' lang='lat' dir='ltr'><strong>XLVI.</strong></span> <span class='ocrx_word' id='word_1_148' title='bbox 1097 520 1188 554; x_wconf 81' lang='lat' dir='ltr'><strong>Quare</strong></span> <span class='ocrx_word' id='word_1_149' title='bbox 1216 519 1298 548; x_wconf 89' lang='lat' dir='ltr'><strong>altius</strong></span> <span class='ocrx_word' id='word_1_150' title='bbox 1324 519 1438 555; x_wconf 86' lang='lat' dir='ltr'><strong>repetito</strong></span> <span class='ocrx_word' id='word_1_151' title='bbox 1465 519 1610 555; x_wconf 86' lang='lat' dir='ltr'><strong>principio,</strong></span> <span class='ocrx_word' id='word_1_152' title='bbox 1631 520 1664 547; x_wconf 83' lang='lat' dir='ltr'><strong>ad</strong></span> <span class='ocrx_word' id='word_1_153' title='bbox 1684 528 1746 548; x_wconf 90' lang='lat' dir='ltr'><strong>eum</strong></span> 
     </span>
    </p>
   </div>
   <div class='ocr_carea' id='block_1_22' title="bbox 952 564 1748 601">
    <p class='ocr_par' dir='ltr' id='par_1_22' title="bbox 952 564 1748 601">
     <span class='ocr_line' id='line_1_22' title="bbox 952 564 1748 601; baseline -0.001 -6"><span class='ocrx_word' id='word_1_154' title='bbox 952 567 1063 596; x_wconf 89' lang='lat' dir='ltr'><strong>modum</strong></span> <span class='ocrx_word' id='word_1_155' title='bbox 1090 574 1151 594; x_wconf 90' lang='lat' dir='ltr'><strong>cum</strong></span> <span class='ocrx_word' id='word_1_156' title='bbox 1178 566 1232 594; x_wconf 81' lang='lat' dir='ltr'><strong>illis</strong></span> <span class='ocrx_word' id='word_1_157' title='bbox 1255 573 1377 601; x_wconf 79' lang='lat' dir='ltr'><strong>agamus.</strong></span> <span class='ocrx_word' id='word_1_158' title='bbox 1406 564 1478 598; x_wconf 84' lang='lat' dir='ltr'><strong>Quid</strong></span> <span class='ocrx_word' id='word_1_159' title='bbox 1504 565 1613 592; x_wconf 81' lang='lat' dir='ltr'><strong>tandem</strong></span> <span class='ocrx_word' id='word_1_160' title='bbox 1637 566 1748 594; x_wconf 83' lang='lat' dir='ltr'><strong>dicitis?</strong></span> 
     </span>
    </p>
   </div>
   <div class='ocr_carea' id='block_1_23' title="bbox 953 609 1748 645">
    <p class='ocr_par' dir='ltr' id='par_1_23' title="bbox 953 609 1748 645">
     <span class='ocr_line' id='line_1_23' title="bbox 953 609 1748 645; baseline -0.001 -6"><span class='ocrx_word' id='word_1_161' title='bbox 953 611 1022 640; x_wconf 86' lang='lat' dir='ltr'><strong>Num</strong></span> <span class='ocrx_word' id='word_1_162' title='bbox 1042 611 1163 638; x_wconf 79' lang='lat' dir='ltr'><strong>Ademus</strong></span> <span class='ocrx_word' id='word_1_163' title='bbox 1186 618 1298 638; x_wconf 84' lang='lat' dir='ltr'><strong>uxorem</strong></span> <span class='ocrx_word' id='word_1_164' title='bbox 1316 609 1398 638; x_wconf 81' lang='lat' dir='ltr'><strong>Evam</strong></span> <span class='ocrx_word' id='word_1_165' title='bbox 1416 610 1457 637; x_wconf 88' lang='lat' dir='ltr'><strong>vel</strong></span> <span class='ocrx_word' id='word_1_166' title='bbox 1477 615 1539 638; x_wconf 84' lang='lat' dir='ltr'><strong>ante</strong></span> <span class='ocrx_word' id='word_1_167' title='bbox 1553 615 1694 645; x_wconf 88' lang='lat' dir='ltr'><strong>peccatum</strong></span> <span class='ocrx_word' id='word_1_168' title='bbox 1716 619 1748 639; x_wconf 86' lang='lat' dir='ltr'><strong>ac</strong></span> 
     </span>
    </p>
   </div>
   <div class='ocr_carea' id='block_1_24' title="bbox 954 655 1747 692">
    <p class='ocr_par' dir='ltr' id='par_1_24' title="bbox 954 655 1747 692">
     <span class='ocr_line' id='line_1_24' title="bbox 954 655 1747 692; baseline -0.003 -7"><span class='ocrx_word' id='word_1_169' title='bbox 954 658 1081 686; x_wconf 87' lang='lat' dir='ltr'><strong>violatam</strong></span> <span class='ocrx_word' id='word_1_170' title='bbox 1100 657 1185 692; x_wconf 82' lang='lat' dir='ltr'><strong>legem</strong></span> <span class='ocrx_word' id='word_1_171' title='bbox 1205 660 1328 686; x_wconf 75' lang='lat' dir='ltr'><strong>noverat.</strong></span> <span class='ocrx_word' id='word_1_172' title='bbox 1344 656 1449 683; x_wconf 83' lang='lat' dir='ltr'><strong>necne?</strong></span> <span class='ocrx_word' id='word_1_173' title='bbox 1473 655 1532 683; x_wconf 81' lang='lat' dir='ltr'><strong>Non</strong></span> <span class='ocrx_word' id='word_1_174' title='bbox 1551 657 1664 691; x_wconf 85' lang='lat' dir='ltr'><strong>potestis</strong></span> <span class='ocrx_word' id='word_1_175' title='bbox 1676 657 1747 684; x_wconf 84' lang='lat' dir='ltr'><strong>veri-</strong></span> 
     </span>
    </p>
   </div>
   <div class='ocr_carea' id='block_1_25' title="bbox 953 701 1748 738">
    <p class='ocr_par' dir='ltr' id='par_1_25' title="bbox 953 701 1748 738">
     <span class='ocr_line' id='line_1_25' title="bbox 953 701 1748 738; baseline -0.003 -7"><span class='ocrx_word' id='word_1_176' title='bbox 953 704 1001 731; x_wconf 85' lang='lat' dir='ltr'><strong>tati</strong></span> <span class='ocrx_word' id='word_1_177' title='bbox 1021 711 1183 738; x_wconf 83' lang='lat' dir='ltr'><strong>repugnare.</strong></span> <span class='ocrx_word' id='word_1_178' title='bbox 1207 702 1265 729; x_wconf 86' lang='lat' dir='ltr'><strong>Nisi</strong></span> <span class='ocrx_word' id='word_1_179' title='bbox 1280 703 1353 730; x_wconf 91' lang='lat' dir='ltr'><strong>enim</strong></span> <span class='ocrx_word' id='word_1_180' title='bbox 1369 702 1396 728; x_wconf 93' lang='lat' dir='ltr'><strong>in</strong></span> <span class='ocrx_word' id='word_1_181' title='bbox 1415 701 1496 736; x_wconf 88' lang='lat' dir='ltr'><strong>hujus</strong></span> <span class='ocrx_word' id='word_1_182' title='bbox 1519 702 1555 729; x_wconf 86' lang='lat' dir='ltr'><strong>rei</strong></span> <span class='ocrx_word' id='word_1_183' title='bbox 1573 702 1748 737; x_wconf 81' lang='lat' dir='ltr'><strong>intelligentia</strong></span> 
     </span>
    </p>
   </div>
   <div class='ocr_carea' id='block_1_26' title="bbox 954 747 1747 784">
    <p class='ocr_par' dir='ltr' id='par_1_26' title="bbox 954 747 1747 784">
     <span class='ocr_line' id='line_1_26' title="bbox 954 747 1747 784; baseline -0.004 -7"><span class='ocrx_word' id='word_1_184' title='bbox 954 753 1027 777; x_wconf 89' lang='lat' dir='ltr'><strong>recta</strong></span> <span class='ocrx_word' id='word_1_185' title='bbox 1066 748 1190 784; x_wconf 76' lang='lat' dir='ltr'><strong>progredi</strong></span> <span class='ocrx_word' id='word_1_186' title='bbox 1232 747 1339 779; x_wconf 62' lang='lat' dir='ltr'><strong>velitis;</strong></span> <span class='ocrx_word' id='word_1_187' title='bbox 1377 747 1504 775; x_wconf 80' lang='lat' dir='ltr'><strong>facillime</strong></span> <span class='ocrx_word' id='word_1_188' title='bbox 1535 747 1747 775; x_wconf 84' lang='lat' dir='ltr'><strong>convinceuiini.</strong></span> 
     </span>
    </p>
   </div>
   <div class='ocr_carea' id='block_1_27' title="bbox 955 793 1749 831">
    <p class='ocr_par' dir='ltr' id='par_1_27' title="bbox 955 793 1749 831">
     <span class='ocr_line' id='line_1_27' title="bbox 955 793 1749 831; baseline -0.004 -8"><span class='ocrx_word' id='word_1_189' title='bbox 955 795 1051 828; x_wconf 83' lang='lat' dir='ltr'><strong>Erant,</strong></span> <span class='ocrx_word' id='word_1_190' title='bbox 1073 795 1161 831; x_wconf 83' lang='lat' dir='ltr'><strong>inquit</strong></span> <span class='ocrx_word' id='word_1_191' title='bbox 1182 794 1321 829; x_wconf 87' lang='lat' dir='ltr'><strong>Scriptura</strong></span> <span class='ocrx_word' id='word_1_192' title='bbox 1341 793 1363 826; x_wconf 70' lang='lat'><strong>‘,</strong></span> <span class='ocrx_word' id='word_1_193' title='bbox 1388 794 1471 826; x_wconf 79' lang='lat' dir='ltr'><strong>muli,</strong></span> <span class='ocrx_word' id='word_1_194' title='bbox 1497 802 1543 821; x_wconf 83' lang='lat' dir='ltr'><strong>nec</strong></span> <span class='ocrx_word' id='word_1_195' title='bbox 1569 794 1666 828; x_wconf 75' lang='lat' dir='ltr'><strong>pudore</strong></span> <span class='ocrx_word' id='word_1_196' title='bbox 1692 795 1749 829; x_wconf 72' lang='grc' dir='ltr'><strong>απε-</strong></span> 
     </span>
    </p>
   </div>
   <div class='ocr_carea' id='block_1_28' title="bbox 954 840 1747 876">
    <p class='ocr_par' dir='ltr' id='par_1_28' title="bbox 954 840 1747 876">
     <span class='ocr_line' id='line_1_28' title="bbox 954 840 1747 876; baseline -0.003 -7"><span class='ocrx_word' id='word_1_197' title='bbox 954 842 1101 869; x_wconf 79' lang='lat' dir='ltr'><strong>ciebantur.</strong></span> <span class='ocrx_word' id='word_1_198' title='bbox 1114 841 1196 876; x_wconf 81' lang='lat' dir='ltr'><strong>Atqui</strong></span> <span class='ocrx_word' id='word_1_199' title='bbox 1212 845 1267 868; x_wconf 91' lang='lat' dir='ltr'><strong>tum</strong></span> <span class='ocrx_word' id='word_1_200' title='bbox 1281 840 1346 867; x_wconf 90' lang='lat' dir='ltr'><strong>nudi</strong></span> <span class='ocrx_word' id='word_1_201' title='bbox 1358 843 1447 873; x_wconf 86' lang='lat' dir='ltr'><strong>erant,</strong></span> <span class='ocrx_word' id='word_1_202' title='bbox 1459 847 1548 875; x_wconf 84' lang='lat' dir='ltr'><strong>neque</strong></span> <span class='ocrx_word' id='word_1_203' title='bbox 1562 843 1651 867; x_wconf 85' lang='lat' dir='ltr'><strong>tamen</strong></span> <span class='ocrx_word' id='word_1_204' title='bbox 1664 841 1728 867; x_wconf 64' lang='lat' dir='ltr'><strong>caeci</strong></span> <span class='ocrx_word' id='word_1_205' title='bbox 1741 849 1747 867; x_wconf 73' lang='grc' dir='ltr'>ε</span> 
     </span>
    </p>
   </div>
   <div class='ocr_carea' id='block_1_29' title="bbox 108 885 907 928">
    <p class='ocr_par' dir='ltr' id='par_1_29' title="bbox 108 887 903 928">
     <span class='ocr_line' id='line_1_29' title="bbox 108 887 903 928; baseline 0.009 -15"><span class='ocrx_word' id='word_1_206' title='bbox 108 887 175 917; x_wconf 52' lang='grc' dir='ltr'><strong>Δσοτιι</strong></span> <span class='ocrx_word' id='word_1_207' title='bbox 199 888 331 920; x_wconf 74' lang='grc' dir='ltr'>δύνασθε,</span> <span class='ocrx_word' id='word_1_208' title='bbox 358 890 395 925; x_wconf 86' lang='grc' dir='ltr'>μὴ</span> <span class='ocrx_word' id='word_1_209' title='bbox 421 890 571 925; x_wconf 81' lang='grc' dir='ltr'><strong>βλέποντας</strong></span> <span class='ocrx_word' id='word_1_210' title='bbox 594 892 693 924; x_wconf 83' lang='grc' dir='ltr'>αὐτοὺς</span> <span class='ocrx_word' id='word_1_211' title='bbox 719 892 903 928; x_wconf 63' lang='grc' dir='ltr'>ὁμολογῆσαι·</span> 
     </span>
    </p>
   </div>
   <div class='ocr_carea' id='block_1_30' title="bbox 959 885 1750 928">
    <p class='ocr_par' dir='ltr' id='par_1_30' title="bbox 959 885 1750 923">
     <span class='ocr_line' id='line_1_30' title="bbox 959 885 1750 923; baseline -0.005 -7"><span class='ocrx_word' id='word_1_212' title='bbox 959 888 1026 923; x_wconf 79' lang='lat' dir='ltr'><strong>quod</strong></span> <span class='ocrx_word' id='word_1_213' title='bbox 1042 887 1151 923; x_wconf 82' lang='lat' dir='ltr'><strong>quidem</strong></span> <span class='ocrx_word' id='word_1_214' title='bbox 1168 886 1284 914; x_wconf 87' lang='lat' dir='ltr'><strong>inliciari</strong></span> <span class='ocrx_word' id='word_1_215' title='bbox 1295 894 1348 914; x_wconf 87' lang='lat' dir='ltr'><strong>non</strong></span> <span class='ocrx_word' id='word_1_216' title='bbox 1366 886 1493 921; x_wconf 81' lang='lat' dir='ltr'><strong>potestis.</strong></span> <span class='ocrx_word' id='word_1_217' title='bbox 1508 889 1555 913; x_wconf 88' lang='lat' dir='ltr'><strong>aut</strong></span> <span class='ocrx_word' id='word_1_218' title='bbox 1573 893 1626 913; x_wconf 93' lang='lat' dir='ltr'><strong>non</strong></span> <span class='ocrx_word' id='word_1_219' title='bbox 1642 885 1750 913; x_wconf 84' lang='lat' dir='ltr'><strong>videndi</strong></span> 
     </span>
    </p>
   </div>
   <div class='ocr_carea' id='block_1_31' title="bbox 111 929 906 970">
    <p class='ocr_par' dir='ltr' id='par_1_31' title="bbox 111 929 906 970">
     <span class='ocr_line' id='line_1_31' title="bbox 111 929 906 970; baseline 0.006 -11"><span class='ocrx_word' id='word_1_220' title='bbox 111 929 183 960; x_wconf 71' lang='grc' dir='ltr'><strong>Εἶδε</strong></span> <span class='ocrx_word' id='word_1_221' title='bbox 201 933 275 968; x_wconf 76' lang='grc' dir='ltr'>γὰρ,</span> <span class='ocrx_word' id='word_1_222' title='bbox 291 934 385 968; x_wconf 83' lang='grc' dir='ltr'>φησὶν,</span> <span class='ocrx_word' id='word_1_223' title='bbox 410 935 473 962; x_wconf 80' lang='grc' dir='ltr'><strong>Εὕα</strong></span> <span class='ocrx_word' id='word_1_224' title='bbox 497 936 529 963; x_wconf 84' lang='grc' dir='ltr'>τὸ</span> <span class='ocrx_word' id='word_1_225' title='bbox 553 936 660 969; x_wconf 73' lang='grc' dir='ltr'>ξύλον,</span> <span class='ocrx_word' id='word_1_226' title='bbox 681 937 726 963; x_wconf 78' lang='grc' dir='ltr'>ὅτι</span> <span class='ocrx_word' id='word_1_227' title='bbox 751 937 848 964; x_wconf 74' lang='grc' dir='ltr'>καλὸν</span> <span class='ocrx_word' id='word_1_228' title='bbox 862 938 906 970; x_wconf 80' lang='grc' dir='ltr'><strong>εις</strong></span> 
     </span>
    </p>
   </div>
   <div class='ocr_carea' id='block_1_32' title="bbox 109 978 905 1018">
    <p class='ocr_par' dir='ltr' id='par_1_32' title="bbox 109 978 905 1018">
     <span class='ocr_line' id='line_1_32' title="bbox 109 978 905 1018; baseline 0.008 -14"><span class='ocrx_word' id='word_1_229' title='bbox 109 978 245 1012; x_wconf 74' lang='grc' dir='ltr'>βρῶσιν,</span> <span class='ocrx_word' id='word_1_230' title='bbox 261 980 310 1006; x_wconf 80' lang='grc' dir='ltr'><strong>καὶ</strong></span> <span class='ocrx_word' id='word_1_231' title='bbox 329 980 437 1014; x_wconf 78' lang='grc' dir='ltr'>ὡραῖον·</span> <span class='ocrx_word' id='word_1_232' title='bbox 459 981 513 1008; x_wconf 87' lang='grc' dir='ltr'>τοῦ</span> <span class='ocrx_word' id='word_1_233' title='bbox 535 982 730 1016; x_wconf 79' lang='grc' dir='ltr'><strong>κατανοῆσαι.</strong></span> <span class='ocrx_word' id='word_1_234' title='bbox 750 984 822 1018; x_wconf 78' lang='grc' dir='ltr'>Ἀρα</span> <span class='ocrx_word' id='word_1_235' title='bbox 840 983 905 1017; x_wconf 84' lang='grc' dir='ltr'>γοῦν</span> 
     </span>
    </p>
   </div>
   <div class='ocr_carea' id='block_1_33' title="bbox 114 1023 906 1065">
    <p class='ocr_par' dir='ltr' id='par_1_33' title="bbox 114 1023 906 1065">
     <span class='ocr_line' id='line_1_33' title="bbox 114 1023 906 1065; baseline 0.009 -16"><span class='ocrx_word' id='word_1_236' title='bbox 114 1023 184 1058; x_wconf 69' lang='grc' dir='ltr'><strong>⁴ξξδει,</strong></span> <span class='ocrx_word' id='word_1_237' title='bbox 199 1025 246 1051; x_wconf 76' lang='grc' dir='ltr'><strong>καὶ</strong></span> <span class='ocrx_word' id='word_1_238' title='bbox 258 1024 377 1060; x_wconf 76' lang='grc' dir='ltr'><strong>ᾔδεισαν.</strong></span> <span class='ocrx_word' id='word_1_239' title='bbox 396 1026 502 1059; x_wconf 73' lang='grc' dir='ltr'>Εἰδὰτες</span> <span class='ocrx_word' id='word_1_240' title='bbox 516 1027 555 1061; x_wconf 83' lang='grc' dir='ltr'>δὲ,</span> <span class='ocrx_word' id='word_1_241' title='bbox 575 1027 622 1055; x_wconf 68' lang='grc' dir='ltr'><strong>καὶ</strong></span> <span class='ocrx_word' id='word_1_242' title='bbox 636 1027 763 1064; x_wconf 82' lang='grc' dir='ltr'>ὁρῶντες,</span> <span class='ocrx_word' id='word_1_243' title='bbox 774 1028 906 1065; x_wconf 77' lang='grc' dir='ltr'>ἀλλήλους</span> 
     </span>
    </p>
   </div>
   <div class='ocr_carea' id='block_1_34' title="bbox 111 1067 905 1110">
    <p class='ocr_par' dir='ltr' id='par_1_34' title="bbox 111 1067 905 1110">
     <span class='ocr_line' id='line_1_34' title="bbox 111 1067 905 1110; baseline 0.009 -16"><span class='ocrx_word' id='word_1_244' title='bbox 111 1067 308 1103; x_wconf 73' lang='grc' dir='ltr'>ἐπεγίνωσκον.</span> <span class='ocrx_word' id='word_1_245' title='bbox 320 1068 374 1098; x_wconf 77' lang='grc' dir='ltr'>Ἶίν</span> <span class='ocrx_word' id='word_1_246' title='bbox 388 1072 458 1107; x_wconf 84' lang='grc' dir='ltr'>μετὰ</span> <span class='ocrx_word' id='word_1_247' title='bbox 473 1073 557 1100; x_wconf 84' lang='grc' dir='ltr'>πολὺν</span> <span class='ocrx_word' id='word_1_248' title='bbox 567 1075 575 1088; x_wconf 87' lang='grc'>¹</span> <span class='ocrx_word' id='word_1_249' title='bbox 588 1074 694 1109; x_wconf 82' lang='grc' dir='ltr'>χρόνον,</span> <span class='ocrx_word' id='word_1_250' title='bbox 709 1074 791 1110; x_wconf 79' lang='grc' dir='ltr'>φησὶν</span> <span class='ocrx_word' id='word_1_251' title='bbox 803 1075 819 1110; x_wconf 81' lang='grc' dir='ltr'><strong>ἡ</strong></span> <span class='ocrx_word' id='word_1_252' title='bbox 834 1075 905 1110; x_wconf 87' lang='grc' dir='ltr'>Γρα-</span> 
     </span>
    </p>
   </div>
   <div class='ocr_carea' id='block_1_35' title="bbox 116 1113 903 1154">
    <p class='ocr_par' dir='ltr' id='par_1_35' title="bbox 116 1113 903 1154">
     <span class='ocr_line' id='line_1_35' title="bbox 116 1113 903 1154; baseline 0.009 -14"><span class='ocrx_word' id='word_1_253' title='bbox 116 1113 170 1149; x_wconf 65' lang='lat' dir='ltr'><strong>(pi),</strong></span> <span class='ocrx_word' id='word_1_254' title='bbox 187 1115 238 1141; x_wconf 84' lang='grc' dir='ltr'><strong>καὶ</strong></span> <span class='ocrx_word' id='word_1_255' title='bbox 257 1115 334 1150; x_wconf 64' lang='grc' dir='ltr'>ἔγνω</span> <span class='ocrx_word' id='word_1_256' title='bbox 358 1117 448 1152; x_wconf 82' lang='grc' dir='ltr'>Ἀδὰμ</span> <span class='ocrx_word' id='word_1_257' title='bbox 468 1118 551 1146; x_wconf 82' lang='grc' dir='ltr'>Εὕαν</span> <span class='ocrx_word' id='word_1_258' title='bbox 573 1118 631 1153; x_wconf 78' lang='grc' dir='ltr'>τὴν</span> <span class='ocrx_word' id='word_1_259' title='bbox 650 1120 780 1154; x_wconf 68' lang='grc' dir='ltr'>γυναῖκα</span> <span class='ocrx_word' id='word_1_260' title='bbox 800 1119 903 1147; x_wconf 85' lang='grc' dir='ltr'>αὐτοῦ.</span> 
     </span>
    </p>
   </div>
   <div class='ocr_carea' id='block_1_36' title="bbox 121 1159 905 1201">
    <p class='ocr_par' dir='ltr' id='par_1_36' title="bbox 121 1159 905 1201">
     <span class='ocr_line' id='line_1_36' title="bbox 121 1159 905 1201; baseline 0.009 -16"><span class='ocrx_word' id='word_1_261' title='bbox 121 1159 201 1187; x_wconf 79' lang='grc' dir='ltr'>Ἀλλὰ</span> <span class='ocrx_word' id='word_1_262' title='bbox 215 1160 264 1196; x_wconf 81' lang='grc' dir='ltr'>τὴν</span> <span class='ocrx_word' id='word_1_263' title='bbox 283 1161 331 1196; x_wconf 81' lang='grc' dir='ltr'>μὲν</span> <span class='ocrx_word' id='word_1_264' title='bbox 348 1162 460 1199; x_wconf 80' lang='grc' dir='ltr'>πρώτην</span> <span class='ocrx_word' id='word_1_265' title='bbox 478 1163 583 1200; x_wconf 67' lang='grc' dir='ltr'>εἴδησιν</span> <span class='ocrx_word' id='word_1_266' title='bbox 597 1165 644 1192; x_wconf 77' lang='grc' dir='ltr'><strong>καὶ</strong></span> <span class='ocrx_word' id='word_1_267' title='bbox 657 1165 749 1200; x_wconf 82' lang='grc' dir='ltr'>βλέψιν</span> <span class='ocrx_word' id='word_1_268' title='bbox 761 1165 826 1201; x_wconf 79' lang='grc' dir='ltr'>περὶ</span> <span class='ocrx_word' id='word_1_269' title='bbox 836 1165 905 1201; x_wconf 80' lang='grc' dir='ltr'>είδή-</span> 
     </span>
    </p>
   </div>
   <div class='ocr_carea' id='block_1_37' title="bbox 115 1206 904 1246">
    <p class='ocr_par' dir='ltr' id='par_1_37' title="bbox 115 1206 904 1246">
     <span class='ocr_line' id='line_1_37' title="bbox 115 1206 904 1246; baseline 0.01 -15"><span class='ocrx_word' id='word_1_270' title='bbox 115 1213 184 1237; x_wconf 70' lang='lat' dir='ltr'><strong>eam;</strong></span> <span class='ocrx_word' id='word_1_271' title='bbox 196 1206 229 1232; x_wconf 76' lang='grc' dir='ltr'>δι’</span> <span class='ocrx_word' id='word_1_272' title='bbox 238 1207 359 1242; x_wconf 75' lang='grc' dir='ltr'>ὁράσεως</span> <span class='ocrx_word' id='word_1_273' title='bbox 372 1209 571 1246; x_wconf 80' lang='grc' dir='ltr'><strong>συνισταμένης</strong></span> <span class='ocrx_word' id='word_1_274' title='bbox 587 1210 661 1245; x_wconf 83' lang='grc' dir='ltr'>λέγει</span> <span class='ocrx_word' id='word_1_275' title='bbox 675 1212 722 1238; x_wconf 75' lang='grc' dir='ltr'>καὶ</span> <span class='ocrx_word' id='word_1_276' title='bbox 733 1211 777 1238; x_wconf 76' lang='grc' dir='ltr'><strong>διὰ</strong></span> <span class='ocrx_word' id='word_1_277' title='bbox 787 1212 904 1243; x_wconf 78' lang='grc' dir='ltr'>ἑννοίας·</span> 
     </span>
    </p>
   </div>
   <div class='ocr_carea' id='block_1_38' title="bbox 115 1252 906 1293">
    <p class='ocr_par' dir='ltr' id='par_1_38' title="bbox 115 1252 906 1293">
     <span class='ocr_line' id='line_1_38' title="bbox 115 1252 906 1293; baseline 0.009 -16"><span class='ocrx_word' id='word_1_278' title='bbox 115 1252 180 1287; x_wconf 77' lang='grc' dir='ltr'>περὶ</span> <span class='ocrx_word' id='word_1_279' title='bbox 194 1252 222 1279; x_wconf 86' lang='grc' dir='ltr'>δὲ</span> <span class='ocrx_word' id='word_1_280' title='bbox 241 1253 291 1288; x_wconf 81' lang='grc' dir='ltr'>τῆς</span> <span class='ocrx_word' id='word_1_281' title='bbox 313 1253 443 1290; x_wconf 81' lang='grc' dir='ltr'><strong>δευτέρας</strong></span> <span class='ocrx_word' id='word_1_282' title='bbox 468 1255 606 1290; x_wconf 84' lang='grc' dir='ltr'>γνώσεως,</span> <span class='ocrx_word' id='word_1_283' title='bbox 631 1257 695 1293; x_wconf 81' lang='grc' dir='ltr'>περὶ</span> <span class='ocrx_word' id='word_1_284' title='bbox 711 1257 840 1293; x_wconf 74' lang='grc' dir='ltr'>είδήσεως</span> <span class='ocrx_word' id='word_1_285' title='bbox 858 1257 906 1284; x_wconf 76' lang='grc' dir='ltr'><strong>καὶ</strong></span> 
     </span>
    </p>
   </div>
   <div class='ocr_carea' id='block_1_39' title="bbox 115 1299 905 1339">
    <p class='ocr_par' dir='ltr' id='par_1_39' title="bbox 115 1299 905 1339">
     <span class='ocr_line' id='line_1_39' title="bbox 115 1299 905 1339; baseline 0.008 -15"><span class='ocrx_word' id='word_1_286' title='bbox 115 1299 240 1334; x_wconf 79' lang='grc' dir='ltr'>χρήσεως</span> <span class='ocrx_word' id='word_1_287' title='bbox 259 1299 427 1334; x_wconf 79' lang='grc' dir='ltr'>ἀπαγγέλλει</span> <span class='ocrx_word' id='word_1_288' title='bbox 439 1309 446 1316; x_wconf 95' lang='grc'><strong>·</strong></span> <span class='ocrx_word' id='word_1_289' title='bbox 463 1301 502 1333; x_wconf 86' lang='grc' dir='ltr'><strong>ὡς</strong></span> <span class='ocrx_word' id='word_1_290' title='bbox 519 1302 566 1329; x_wconf 81' lang='grc' dir='ltr'>καί</span> <span class='ocrx_word' id='word_1_291' title='bbox 589 1311 641 1329; x_wconf 90' lang='grc' dir='ltr'><strong>που</strong></span> <span class='ocrx_word' id='word_1_292' title='bbox 664 1303 746 1330; x_wconf 75' lang='grc' dir='ltr'><strong>Δαῦὶδ</strong></span> <span class='ocrx_word' id='word_1_293' title='bbox 764 1304 905 1339; x_wconf 77' lang='grc' dir='ltr'>γηράσας,</span> 
     </span>
    </p>
   </div>
   <div class='ocr_carea' id='block_1_40' title="bbox 113 1345 906 1385">
    <p class='ocr_par' dir='ltr' id='par_1_40' title="bbox 113 1345 906 1385">
     <span class='ocr_line' id='line_1_40' title="bbox 113 1345 906 1385; baseline 0.008 -14"><span class='ocrx_word' id='word_1_294' title='bbox 113 1345 150 1377; x_wconf 81' lang='grc' dir='ltr'>ὡς</span> <span class='ocrx_word' id='word_1_295' title='bbox 171 1345 245 1380; x_wconf 77' lang='grc' dir='ltr'>λέγει</span> <span class='ocrx_word' id='word_1_296' title='bbox 263 1347 279 1382; x_wconf 78' lang='grc' dir='ltr'><strong>ἡ</strong></span> <span class='ocrx_word' id='word_1_297' title='bbox 299 1346 359 1374; x_wconf 85' lang='grc' dir='ltr'>θεία</span> <span class='ocrx_word' id='word_1_298' title='bbox 378 1348 472 1384; x_wconf 83' lang='grc' dir='ltr'>Γραφή</span> <span class='ocrx_word' id='word_1_299' title='bbox 484 1357 491 1363; x_wconf 95' lang='grc'><strong>·</strong></span> <span class='ocrx_word' id='word_1_300' title='bbox 509 1349 564 1376; x_wconf 78' lang='grc' dir='ltr'><strong>Καὶ</strong></span> <span class='ocrx_word' id='word_1_301' title='bbox 581 1349 714 1385; x_wconf 78' lang='grc' dir='ltr'>ἐγήρασε</span> <span class='ocrx_word' id='word_1_302' title='bbox 734 1350 833 1383; x_wconf 74' lang='grc' dir='ltr'>Δαϐὶὸ,</span> <span class='ocrx_word' id='word_1_303' title='bbox 857 1350 906 1377; x_wconf 81' lang='grc' dir='ltr'><strong>καὶ</strong></span> 
     </span>
    </p>
   </div>
   <div class='ocr_carea' id='block_1_41' title="bbox 114 1392 906 1429">
    <p class='ocr_par' dir='ltr' id='par_1_41' title="bbox 114 1392 906 1429">
     <span class='ocr_line' id='line_1_41' title="bbox 114 1392 906 1429; baseline 0.006 -11"><span class='ocrx_word' id='word_1_304' title='bbox 114 1392 171 1419; x_wconf 80' lang='grc' dir='ltr'><strong>οὐκ</strong></span> <span class='ocrx_word' id='word_1_305' title='bbox 197 1392 398 1428; x_wconf 78' lang='grc' dir='ltr'>ἐθερμαίνετο.</span> <span class='ocrx_word' id='word_1_306' title='bbox 421 1396 474 1422; x_wconf 82' lang='grc' dir='ltr'><strong>Καὶ</strong></span> <span class='ocrx_word' id='word_1_307' title='bbox 497 1393 584 1422; x_wconf 79' lang='grc' dir='ltr'>εἶπον</span> <span class='ocrx_word' id='word_1_308' title='bbox 598 1395 679 1429; x_wconf 84' lang='grc' dir='ltr'>αὐτῷ</span> <span class='ocrx_word' id='word_1_309' title='bbox 691 1397 719 1423; x_wconf 77' lang='grc' dir='ltr'>οἱ</span> <span class='ocrx_word' id='word_1_310' title='bbox 732 1395 836 1429; x_wconf 81' lang='grc' dir='ltr'>παῖδες</span> <span class='ocrx_word' id='word_1_311' title='bbox 851 1397 906 1424; x_wconf 83' lang='grc' dir='ltr'><strong>αὐ-</strong></span> 
     </span>
    </p>
   </div>
   <div class='ocr_carea' id='block_1_42' title="bbox 116 1438 906 1477">
    <p class='ocr_par' dir='ltr' id='par_1_42' title="bbox 116 1438 906 1477">
     <span class='ocr_line' id='line_1_42' title="bbox 116 1438 906 1477; baseline 0.008 -13"><span class='ocrx_word' id='word_1_312' title='bbox 116 1438 169 1464; x_wconf 71' lang='grc' dir='ltr'>τοῦ</span> <span class='ocrx_word' id='word_1_313' title='bbox 181 1446 188 1453; x_wconf 94' lang='grc'><strong>·</strong></span> <span class='ocrx_word' id='word_1_314' title='bbox 203 1438 363 1473; x_wconf 79' lang='grc' dir='ltr'>Ζητηθήτω</span> <span class='ocrx_word' id='word_1_315' title='bbox 375 1440 414 1472; x_wconf 82' lang='grc' dir='ltr'>τῷ</span> <span class='ocrx_word' id='word_1_316' title='bbox 422 1440 551 1473; x_wconf 76' lang='grc' dir='ltr'>βασιλεῖ</span> <span class='ocrx_word' id='word_1_317' title='bbox 562 1442 720 1476; x_wconf 79' lang='grc' dir='ltr'><strong>παρθένος.</strong></span> <span class='ocrx_word' id='word_1_318' title='bbox 732 1441 786 1469; x_wconf 78' lang='grc' dir='ltr'><strong>Καὶ</strong></span> <span class='ocrx_word' id='word_1_319' title='bbox 800 1442 906 1477; x_wconf 82' lang='grc' dir='ltr'>εὑρέθη</span> 
     </span>
    </p>
   </div>
   <div class='ocr_carea' id='block_1_43' title="bbox 122 1483 906 1522">
    <p class='ocr_par' dir='ltr' id='par_1_43' title="bbox 122 1483 906 1522">
     <span class='ocr_line' id='line_1_43' title="bbox 122 1483 906 1522; baseline 0.006 -12"><span class='ocrx_word' id='word_1_320' title='bbox 122 1483 238 1511; x_wconf 73' lang='grc' dir='ltr'><strong>Ἀὄισὰκ</strong></span> <span class='ocrx_word' id='word_1_321' title='bbox 260 1485 279 1519; x_wconf 75' lang='grc' dir='ltr'><strong><em>ὴ</em></strong></span> <span class='ocrx_word' id='word_1_322' title='bbox 299 1485 469 1521; x_wconf 75' lang='grc' dir='ltr'>Συναμῖτις.</span> <span class='ocrx_word' id='word_1_323' title='bbox 496 1487 552 1514; x_wconf 86' lang='grc' dir='ltr'>Καί</span> <span class='ocrx_word' id='word_1_324' title='bbox 572 1496 669 1522; x_wconf 82' lang='grc' dir='ltr'>φησιν·</span> <span class='ocrx_word' id='word_1_325' title='bbox 687 1488 840 1515; x_wconf 77' lang='grc' dir='ltr'>Ἔθαλπεν</span> <span class='ocrx_word' id='word_1_326' title='bbox 852 1489 906 1515; x_wconf 82' lang='grc' dir='ltr'><strong>αὐ-</strong></span> 
     </span>
    </p>
   </div>
   <div class='ocr_carea' id='block_1_44' title="bbox 115 1528 907 1567">
    <p class='ocr_par' dir='ltr' id='par_1_44' title="bbox 115 1528 907 1567">
     <span class='ocr_line' id='line_1_44' title="bbox 115 1528 907 1567; baseline 0.005 -12"><span class='ocrx_word' id='word_1_327' title='bbox 115 1528 178 1560; x_wconf 77' lang='grc' dir='ltr'>τὸν,</span> <span class='ocrx_word' id='word_1_328' title='bbox 192 1529 242 1556; x_wconf 75' lang='grc' dir='ltr'><strong>καὶ</strong></span> <span class='ocrx_word' id='word_1_329' title='bbox 254 1530 454 1566; x_wconf 80' lang='grc' dir='ltr'><strong>συνεκοιμᾶτο</strong></span> <span class='ocrx_word' id='word_1_330' title='bbox 469 1531 558 1564; x_wconf 84' lang='grc' dir='ltr'>αὐτῷ.</span> <span class='ocrx_word' id='word_1_331' title='bbox 580 1532 635 1559; x_wconf 82' lang='lat' dir='ltr'><strong>Kal</strong></span> <span class='ocrx_word' id='word_1_332' title='bbox 647 1533 703 1559; x_wconf 83' lang='grc' dir='ltr'><strong>οὐκ</strong></span> <span class='ocrx_word' id='word_1_333' title='bbox 716 1532 792 1566; x_wconf 73' lang='grc' dir='ltr'>ἔγνω</span> <span class='ocrx_word' id='word_1_334' title='bbox 808 1532 907 1567; x_wconf 77' lang='grc' dir='ltr'>αὐτὴν</span> 
     </span>
    </p>
   </div>
   <div class='ocr_carea' id='block_1_45' title="bbox 957 931 1750 968">
    <p class='ocr_par' dir='ltr' id='par_1_45' title="bbox 957 931 1750 968">
     <span class='ocr_line' id='line_1_45' title="bbox 957 931 1750 968; baseline -0.003 -8"><span class='ocrx_word' id='word_1_335' title='bbox 957 933 1086 961; x_wconf 85' lang='lat' dir='ltr'><strong>facultate</strong></span> <span class='ocrx_word' id='word_1_336' title='bbox 1113 932 1243 968; x_wconf 74' lang='lat' dir='ltr'><strong>praeditos</strong></span> <span class='ocrx_word' id='word_1_337' title='bbox 1270 939 1401 960; x_wconf 81' lang='lat' dir='ltr'><strong>asserere.</strong></span> <span class='ocrx_word' id='word_1_338' title='bbox 1428 931 1498 958; x_wconf 81' lang='lat' dir='ltr'><strong>Vidit</strong></span> <span class='ocrx_word' id='word_1_339' title='bbox 1526 931 1614 963; x_wconf 83' lang='lat' dir='ltr'><strong>enim,</strong></span> <span class='ocrx_word' id='word_1_340' title='bbox 1644 931 1750 966; x_wconf 75' lang='lat' dir='ltr'><strong>inquit.</strong></span> 
     </span>
    </p>
   </div>
   <div class='ocr_carea' id='block_1_46' title="bbox 958 976 1751 1014">
    <p class='ocr_par' dir='ltr' id='par_1_46' title="bbox 958 976 1751 1014">
     <span class='ocr_line' id='line_1_46' title="bbox 958 976 1751 1014; baseline -0.004 -8"><span class='ocrx_word' id='word_1_341' title='bbox 958 978 1014 1006; x_wconf 77' lang='lat' dir='ltr'><strong>an</strong></span> <span class='ocrx_word' id='word_1_342' title='bbox 1033 979 1144 1014; x_wconf 83' lang='lat' dir='ltr'><strong>tignum,</strong></span> <span class='ocrx_word' id='word_1_343' title='bbox 1161 977 1286 1013; x_wconf 81' lang='lat' dir='ltr'><strong>quoniam</strong></span> <span class='ocrx_word' id='word_1_344' title='bbox 1311 977 1406 1004; x_wconf 82' lang='lat' dir='ltr'><strong>bonum</strong></span> <span class='ocrx_word' id='word_1_345' title='bbox 1428 983 1467 1004; x_wconf 81' lang='lat' dir='ltr'><strong>est</strong></span> <span class='ocrx_word' id='word_1_346' title='bbox 1494 976 1528 1003; x_wconf 77' lang='lat' dir='ltr'><strong>ad</strong></span> <span class='ocrx_word' id='word_1_347' title='bbox 1551 976 1751 1008; x_wconf 71' lang='lat' dir='ltr'><strong>comedendum,</strong></span> 
     </span>
    </p>
   </div>
   <div class='ocr_carea' id='block_1_47' title="bbox 954 1023 1751 1060">
    <p class='ocr_par' dir='ltr' id='par_1_47' title="bbox 954 1023 1751 1060">
     <span class='ocr_line' id='line_1_47' title="bbox 954 1023 1751 1060; baseline -0.005 -8"><span class='ocrx_word' id='word_1_348' title='bbox 954 1030 980 1052; x_wconf 74' lang='lat' dir='ltr'><strong>et</strong></span> <span class='ocrx_word' id='word_1_349' title='bbox 1002 1025 1140 1060; x_wconf 75' lang='lat' dir='ltr'><strong>pulchrum</strong></span> <span class='ocrx_word' id='word_1_350' title='bbox 1162 1025 1219 1052; x_wconf 69' lang='lat' dir='ltr'><strong>nisu</strong></span> <span class='ocrx_word' id='word_1_351' title='bbox 1240 1024 1261 1050; x_wconf 85' lang='lat'><strong>&#39;.</strong></span> <span class='ocrx_word' id='word_1_352' title='bbox 1284 1023 1457 1059; x_wconf 80' lang='lat' dir='ltr'><strong>Proindeque</strong></span> <span class='ocrx_word' id='word_1_353' title='bbox 1480 1027 1508 1051; x_wconf 90' lang='lat' dir='ltr'><strong>et</strong></span> <span class='ocrx_word' id='word_1_354' title='bbox 1533 1023 1656 1050; x_wconf 75' lang='lat' dir='ltr'><strong>Adamns</strong></span> <span class='ocrx_word' id='word_1_355' title='bbox 1677 1023 1751 1049; x_wconf 89' lang='lat' dir='ltr'><strong>illam</strong></span> 
     </span>
    </p>
   </div>
   <div class='ocr_carea' id='block_1_48' title="bbox 956 1067 1751 1105">
    <p class='ocr_par' dir='ltr' id='par_1_48' title="bbox 956 1067 1751 1105">
     <span class='ocr_line' id='line_1_48' title="bbox 956 1067 1751 1105; baseline -0.005 -6"><span class='ocrx_word' id='word_1_356' title='bbox 956 1075 1081 1103; x_wconf 76' lang='lat' dir='ltr'><strong>noverat,</strong></span> <span class='ocrx_word' id='word_1_357' title='bbox 1093 1075 1121 1098; x_wconf 88' lang='lat' dir='ltr'><strong>et</strong></span> <span class='ocrx_word' id='word_1_358' title='bbox 1136 1070 1245 1105; x_wconf 87' lang='lat' dir='ltr'><strong>utrique</strong></span> <span class='ocrx_word' id='word_1_359' title='bbox 1261 1077 1291 1097; x_wconf 88' lang='lat' dir='ltr'><strong>se</strong></span> <span class='ocrx_word' id='word_1_360' title='bbox 1305 1073 1402 1097; x_wconf 90' lang='lat' dir='ltr'><strong>mutuo</strong></span> <span class='ocrx_word' id='word_1_361' title='bbox 1416 1068 1620 1104; x_wconf 89' lang='lat' dir='ltr'><strong>cognoscebant</strong></span> <span class='ocrx_word' id='word_1_362' title='bbox 1630 1076 1663 1095; x_wconf 81' lang='lat' dir='ltr'><strong>ac</strong></span> <span class='ocrx_word' id='word_1_363' title='bbox 1676 1067 1751 1096; x_wconf 86' lang='lat' dir='ltr'><strong>vide-</strong></span> 
     </span>
    </p>
   </div>
   <div class='ocr_carea' id='block_1_49' title="bbox 956 1115 1751 1152">
    <p class='ocr_par' dir='ltr' id='par_1_49' title="bbox 956 1115 1751 1152">
     <span class='ocr_line' id='line_1_49' title="bbox 956 1115 1751 1152; baseline -0.006 -6"><span class='ocrx_word' id='word_1_364' title='bbox 956 1118 1033 1150; x_wconf 83' lang='lat' dir='ltr'><strong>bant,</strong></span> <span class='ocrx_word' id='word_1_365' title='bbox 1050 1121 1077 1146; x_wconf 88' lang='lat' dir='ltr'><strong>et</strong></span> <span class='ocrx_word' id='word_1_366' title='bbox 1094 1121 1184 1145; x_wconf 87' lang='lat' dir='ltr'><strong>tamen</strong></span> <span class='ocrx_word' id='word_1_367' title='bbox 1201 1116 1281 1152; x_wconf 82' lang='lat' dir='ltr'><strong>longo</strong></span> <span class='ocrx_word' id='word_1_368' title='bbox 1300 1121 1394 1152; x_wconf 87' lang='lat' dir='ltr'><strong>postea</strong></span> <span class='ocrx_word' id='word_1_369' title='bbox 1415 1120 1547 1151; x_wconf 88' lang='lat' dir='ltr'><strong>tempore,</strong></span> <span class='ocrx_word' id='word_1_370' title='bbox 1562 1119 1592 1143; x_wconf 92' lang='grc' dir='ltr'><strong>ιιι</strong></span> <span class='ocrx_word' id='word_1_371' title='bbox 1610 1115 1751 1150; x_wconf 83' lang='lat' dir='ltr'><strong>Scriptura</strong></span> 
     </span>
    </p>
   </div>
   <div class='ocr_carea' id='block_1_50' title="bbox 956 1158 1751 1198">
    <p class='ocr_par' dir='ltr' id='par_1_50' title="bbox 956 1158 1751 1198">
     <span class='ocr_line' id='line_1_50' title="bbox 956 1158 1751 1198; baseline -0.003 -7"><span class='ocrx_word' id='word_1_372' title='bbox 956 1168 1059 1195; x_wconf 82' lang='lat' dir='ltr'><strong>narrat,</strong></span> <span class='ocrx_word' id='word_1_373' title='bbox 1078 1163 1197 1198; x_wconf 83' lang='lat' dir='ltr'><strong>cognouit</strong></span> <span class='ocrx_word' id='word_1_374' title='bbox 1211 1162 1298 1189; x_wconf 74' lang='lat' dir='ltr'><strong>Adam</strong></span> <span class='ocrx_word' id='word_1_375' title='bbox 1316 1161 1396 1188; x_wconf 83' lang='lat' dir='ltr'><strong>Evam</strong></span> <span class='ocrx_word' id='word_1_376' title='bbox 1414 1161 1549 1196; x_wconf 69' lang='lat' dir='ltr'><strong>conjuge»:</strong></span> <span class='ocrx_word' id='word_1_377' title='bbox 1565 1158 1672 1189; x_wconf 67' lang='lat' dir='ltr'><strong>suam“.</strong></span> <span class='ocrx_word' id='word_1_378' title='bbox 1697 1161 1751 1189; x_wconf 86' lang='lat' dir='ltr'><strong>Sed</strong></span> 
     </span>
    </p>
   </div>
   <div class='ocr_carea' id='block_1_51' title="bbox 956 1206 1750 1243">
    <p class='ocr_par' dir='ltr' id='par_1_51' title="bbox 956 1206 1750 1243">
     <span class='ocr_line' id='line_1_51' title="bbox 956 1206 1750 1243; baseline -0.004 -7"><span class='ocrx_word' id='word_1_379' title='bbox 956 1208 1086 1236; x_wconf 87' lang='lat' dir='ltr'><strong>nimirum</strong></span> <span class='ocrx_word' id='word_1_380' title='bbox 1107 1208 1182 1243; x_wconf 92' lang='lat' dir='ltr'><strong>prior</strong></span> <span class='ocrx_word' id='word_1_381' title='bbox 1202 1207 1247 1235; x_wconf 90' lang='lat' dir='ltr'><strong>illa</strong></span> <span class='ocrx_word' id='word_1_382' title='bbox 1267 1207 1386 1242; x_wconf 76' lang='lat' dir='ltr'><strong>cognitio</strong></span> <span class='ocrx_word' id='word_1_383' title='bbox 1408 1214 1441 1234; x_wconf 84' lang='lat' dir='ltr'><strong>ac</strong></span> <span class='ocrx_word' id='word_1_384' title='bbox 1457 1207 1525 1235; x_wconf 82' lang='lat' dir='ltr'><strong>visio</strong></span> <span class='ocrx_word' id='word_1_385' title='bbox 1542 1206 1575 1235; x_wconf 88' lang='lat' dir='ltr'><strong>de</strong></span> <span class='ocrx_word' id='word_1_386' title='bbox 1595 1215 1627 1234; x_wconf 90' lang='lat' dir='ltr'><strong>ea</strong></span> <span class='ocrx_word' id='word_1_387' title='bbox 1642 1207 1750 1238; x_wconf 86' lang='lat' dir='ltr'><strong>notitia,</strong></span> 
     </span>
    </p>
   </div>
   <div class='ocr_carea' id='block_1_52' title="bbox 956 1253 1752 1289">
    <p class='ocr_par' dir='ltr' id='par_1_52' title="bbox 956 1253 1752 1289">
     <span class='ocr_line' id='line_1_52' title="bbox 956 1253 1752 1289; baseline -0.003 -8"><span class='ocrx_word' id='word_1_388' title='bbox 956 1262 1018 1289; x_wconf 66' lang='lat' dir='ltr'><strong>quin</strong></span> <span class='ocrx_word' id='word_1_389' title='bbox 1037 1253 1146 1281; x_wconf 90' lang='lat' dir='ltr'><strong>videndi</strong></span> <span class='ocrx_word' id='word_1_390' title='bbox 1166 1261 1247 1281; x_wconf 82' lang='lat' dir='ltr'><strong>sensu</strong></span> <span class='ocrx_word' id='word_1_391' title='bbox 1268 1257 1296 1280; x_wconf 89' lang='lat' dir='ltr'><strong>et</strong></span> <span class='ocrx_word' id='word_1_392' title='bbox 1322 1253 1498 1288; x_wconf 79' lang='lat' dir='ltr'><strong>intelligentia</strong></span> <span class='ocrx_word' id='word_1_393' title='bbox 1513 1257 1632 1285; x_wconf 84' lang='lat' dir='ltr'><strong>constat,</strong></span> <span class='ocrx_word' id='word_1_394' title='bbox 1650 1253 1752 1288; x_wconf 78' lang='lat' dir='ltr'><strong>accipi-</strong></span> 
     </span>
    </p>
   </div>
   <div class='ocr_carea' id='block_1_53' title="bbox 957 1297 1752 1334">
    <p class='ocr_par' dir='ltr' id='par_1_53' title="bbox 957 1297 1752 1334">
     <span class='ocr_line' id='line_1_53' title="bbox 957 1297 1752 1334; baseline -0.001 -7"><span class='ocrx_word' id='word_1_395' title='bbox 957 1303 1012 1327; x_wconf 88' lang='lat' dir='ltr'><strong>tur.</strong></span> <span class='ocrx_word' id='word_1_396' title='bbox 1043 1298 1078 1326; x_wconf 81' lang='lat' dir='ltr'><strong>At</strong></span> <span class='ocrx_word' id='word_1_397' title='bbox 1103 1297 1224 1326; x_wconf 87' lang='lat' dir='ltr'><strong>secunda</strong></span> <span class='ocrx_word' id='word_1_398' title='bbox 1251 1302 1350 1334; x_wconf 64' lang='lat' dir='ltr'><strong>praeter</strong></span> <span class='ocrx_word' id='word_1_399' title='bbox 1380 1298 1503 1326; x_wconf 84' lang='lat' dir='ltr'><strong>notitiam</strong></span> <span class='ocrx_word' id='word_1_400' title='bbox 1535 1306 1613 1326; x_wconf 91' lang='lat' dir='ltr'><strong>usum</strong></span> <span class='ocrx_word' id='word_1_401' title='bbox 1643 1306 1752 1333; x_wconf 84' lang='lat' dir='ltr'><strong>quoque</strong></span> 
     </span>
    </p>
   </div>
   <div class='ocr_carea' id='block_1_54' title="bbox 957 1344 1753 1380">
    <p class='ocr_par' dir='ltr' id='par_1_54' title="bbox 957 1344 1753 1380">
     <span class='ocr_line' id='line_1_54' title="bbox 957 1344 1753 1380; baseline -0.001 -8"><span class='ocrx_word' id='word_1_402' title='bbox 957 1345 1158 1380; x_wconf 83' lang='lat' dir='ltr'><strong>complectitur.</strong></span> <span class='ocrx_word' id='word_1_403' title='bbox 1171 1344 1405 1377; x_wconf 87' lang='lat' dir='ltr'><strong>Quemadmodum</strong></span> <span class='ocrx_word' id='word_1_404' title='bbox 1417 1344 1511 1372; x_wconf 90' lang='lat' dir='ltr'><strong>Davidi</strong></span> <span class='ocrx_word' id='word_1_405' title='bbox 1528 1348 1608 1372; x_wconf 82' lang='lat' dir='ltr'><strong>:ctate</strong></span> <span class='ocrx_word' id='word_1_406' title='bbox 1619 1345 1674 1378; x_wconf 80' lang='lat' dir='ltr'><strong>jam</strong></span> <span class='ocrx_word' id='word_1_407' title='bbox 1691 1345 1753 1372; x_wconf 79' lang='lat' dir='ltr'><strong>afte-</strong></span> 
     </span>
    </p>
   </div>
   <div class='ocr_carea' id='block_1_55' title="bbox 956 1389 1752 1426">
    <p class='ocr_par' dir='ltr' id='par_1_55' title="bbox 956 1389 1752 1426">
     <span class='ocr_line' id='line_1_55' title="bbox 956 1389 1752 1426; baseline 0 -9"><span class='ocrx_word' id='word_1_408' title='bbox 956 1394 1000 1418; x_wconf 89' lang='lat' dir='ltr'><strong>cta</strong></span> <span class='ocrx_word' id='word_1_409' title='bbox 1012 1390 1137 1425; x_wconf 80' lang='lat' dir='ltr'><strong>contigit,</strong></span> <span class='ocrx_word' id='word_1_410' title='bbox 1148 1393 1177 1418; x_wconf 90' lang='lat' dir='ltr'><strong>ut</strong></span> <span class='ocrx_word' id='word_1_411' title='bbox 1189 1390 1321 1426; x_wconf 87' lang='lat' dir='ltr'><strong>scriptum</strong></span> <span class='ocrx_word' id='word_1_412' title='bbox 1337 1394 1378 1418; x_wconf 88' lang='lat' dir='ltr'><strong>est</strong></span> <span class='ocrx_word' id='word_1_413' title='bbox 1392 1399 1399 1417; x_wconf 88' lang='lat'>:</span> <span class='ocrx_word' id='word_1_414' title='bbox 1412 1389 1445 1417; x_wconf 87' lang='lat' dir='ltr'><strong>Et</strong></span> <span class='ocrx_word' id='word_1_415' title='bbox 1456 1390 1541 1418; x_wconf 71' lang='lat' dir='ltr'><strong>tenuit</strong></span> <span class='ocrx_word' id='word_1_416' title='bbox 1553 1390 1648 1422; x_wconf 81' lang='lat' dir='ltr'><strong>Darid,</strong></span> <span class='ocrx_word' id='word_1_417' title='bbox 1661 1394 1685 1417; x_wconf 86' lang='lat' dir='ltr'><strong>et</strong></span> <span class='ocrx_word' id='word_1_418' title='bbox 1700 1399 1752 1417; x_wconf 87' lang='lat' dir='ltr'><strong>non</strong></span> 
     </span>
    </p>
   </div>
   <div class='ocr_carea' id='block_1_56' title="bbox 957 1435 1753 1471">
    <p class='ocr_par' dir='ltr' id='par_1_56' title="bbox 957 1435 1753 1471">
     <span class='ocr_line' id='line_1_56' title="bbox 957 1435 1753 1471; baseline -0.001 -8"><span class='ocrx_word' id='word_1_419' title='bbox 957 1435 1105 1471; x_wconf 76' lang='lat' dir='ltr'><strong>cale/iebat.</strong></span> <span class='ocrx_word' id='word_1_420' title='bbox 1131 1435 1166 1463; x_wconf 85' lang='lat' dir='ltr'><strong>Et</strong></span> <span class='ocrx_word' id='word_1_421' title='bbox 1188 1435 1312 1463; x_wconf 67' lang='lat' dir='ltr'><strong>dixerunt</strong></span> <span class='ocrx_word' id='word_1_422' title='bbox 1330 1436 1354 1463; x_wconf 85' lang='lat' dir='ltr'><strong>ei</strong></span> <span class='ocrx_word' id='word_1_423' title='bbox 1374 1437 1441 1463; x_wconf 79' lang='lat' dir='ltr'><strong>serui</strong></span> <span class='ocrx_word' id='word_1_424' title='bbox 1457 1436 1499 1463; x_wconf 76' lang='lat' dir='ltr'><strong>sui</strong></span> <span class='ocrx_word' id='word_1_425' title='bbox 1515 1444 1523 1463; x_wconf 92' lang='lat'><strong><em>:</em></strong></span> <span class='ocrx_word' id='word_1_426' title='bbox 1538 1435 1682 1469; x_wconf 79' lang='lat' dir='ltr'><strong>Quwratur</strong></span> <span class='ocrx_word' id='word_1_427' title='bbox 1698 1436 1753 1471; x_wconf 76' lang='lat' dir='ltr'><strong>regi</strong></span> 
     </span>
    </p>
   </div>
   <div class='ocr_carea' id='block_1_57' title="bbox 957 1479 1753 1515">
    <p class='ocr_par' dir='ltr' id='par_1_57' title="bbox 957 1479 1753 1515">
     <span class='ocr_line' id='line_1_57' title="bbox 957 1479 1753 1515; baseline 0.001 -9"><span class='ocrx_word' id='word_1_428' title='bbox 957 1480 1040 1515; x_wconf 83' lang='lat' dir='ltr'><strong>uirgo.</strong></span> <span class='ocrx_word' id='word_1_429' title='bbox 1053 1479 1087 1506; x_wconf 85' lang='lat' dir='ltr'><strong>Et</strong></span> <span class='ocrx_word' id='word_1_430' title='bbox 1099 1480 1202 1507; x_wconf 73' lang='lat' dir='ltr'><strong>inventa</strong></span> <span class='ocrx_word' id='word_1_431' title='bbox 1214 1485 1253 1507; x_wconf 81' lang='lat' dir='ltr'><strong>est</strong></span> <span class='ocrx_word' id='word_1_432' title='bbox 1265 1480 1362 1507; x_wconf 76' lang='lat' dir='ltr'><strong>Abisac</strong></span> <span class='ocrx_word' id='word_1_433' title='bbox 1374 1479 1533 1508; x_wconf 78' lang='lat' dir='ltr'><strong>Sunamitis.</strong></span> <span class='ocrx_word' id='word_1_434' title='bbox 1551 1480 1584 1507; x_wconf 88' lang='lat' dir='ltr'><strong>Et</strong></span> <span class='ocrx_word' id='word_1_435' title='bbox 1601 1481 1639 1507; x_wconf 87' lang='lat' dir='ltr'><strong>ait</strong></span> <span class='ocrx_word' id='word_1_436' title='bbox 1652 1490 1658 1507; x_wconf 72' lang='grc' dir='ltr'>ε</span> <span class='ocrx_word' id='word_1_437' title='bbox 1673 1480 1753 1508; x_wconf 80' lang='lat' dir='ltr'><strong>Cole-</strong></span> 
     </span>
    </p>
   </div>
   <div class='ocr_carea' id='block_1_58' title="bbox 958 1524 1753 1559">
    <p class='ocr_par' dir='ltr' id='par_1_58' title="bbox 958 1524 1753 1559">
     <span class='ocr_line' id='line_1_58' title="bbox 958 1524 1753 1559; baseline 0.003 -8"><span class='ocrx_word' id='word_1_438' title='bbox 958 1524 1072 1559; x_wconf 79' lang='lat' dir='ltr'><strong>fuciebat</strong></span> <span class='ocrx_word' id='word_1_439' title='bbox 1088 1524 1186 1559; x_wconf 77' lang='lat' dir='ltr'><strong>ipsum,</strong></span> <span class='ocrx_word' id='word_1_440' title='bbox 1205 1529 1230 1552; x_wconf 79' lang='lat' dir='ltr'><strong>et</strong></span> <span class='ocrx_word' id='word_1_441' title='bbox 1247 1524 1395 1552; x_wconf 81' lang='lat' dir='ltr'><strong>dormiebat</strong></span> <span class='ocrx_word' id='word_1_442' title='bbox 1411 1533 1470 1552; x_wconf 86' lang='lat' dir='ltr'><strong>cum</strong></span> <span class='ocrx_word' id='word_1_443' title='bbox 1495 1524 1553 1552; x_wconf 81' lang='lat' dir='ltr'><strong>illo.</strong></span> <span class='ocrx_word' id='word_1_444' title='bbox 1581 1524 1615 1551; x_wconf 87' lang='lat' dir='ltr'><strong>Et</strong></span> <span class='ocrx_word' id='word_1_445' title='bbox 1639 1533 1690 1552; x_wconf 82' lang='lat' dir='ltr'><strong>non</strong></span> <span class='ocrx_word' id='word_1_446' title='bbox 1707 1533 1753 1553; x_wconf 85' lang='lat' dir='ltr'><strong>co-</strong></span> 
     </span>
    </p>
   </div>
   <div class='ocr_carea' id='block_1_59' title="bbox 116 1570 907 1612">
    <p class='ocr_par' dir='ltr' id='par_1_59' title="bbox 116 1574 903 1612">
     <span class='ocr_line' id='line_1_59' title="bbox 116 1574 903 1612; baseline 0.004 -12"><span class='ocrx_word' id='word_1_447' title='bbox 116 1574 215 1601; x_wconf 79' lang='grc' dir='ltr'>Δαϐίδ.</span> <span class='ocrx_word' id='word_1_448' title='bbox 228 1574 284 1610; x_wconf 86' lang='grc' dir='ltr'><strong>Τὴν</strong></span> <span class='ocrx_word' id='word_1_449' title='bbox 296 1574 438 1610; x_wconf 77' lang='grc' dir='ltr'>σύσσωμον</span> <span class='ocrx_word' id='word_1_450' title='bbox 450 1575 498 1603; x_wconf 77' lang='grc' dir='ltr'><strong>καὶ</strong></span> <span class='ocrx_word' id='word_1_451' title='bbox 509 1575 682 1612; x_wconf 79' lang='grc' dir='ltr'>σύμπλευρον</span> <span class='ocrx_word' id='word_1_452' title='bbox 700 1576 757 1608; x_wconf 85' lang='grc' dir='ltr'>πῶς</span> <span class='ocrx_word' id='word_1_453' title='bbox 769 1576 820 1603; x_wconf 83' lang='grc' dir='ltr'>οὐκ</span> <span class='ocrx_word' id='word_1_454' title='bbox 830 1575 903 1612; x_wconf 73' lang='grc' dir='ltr'>ᾕδεις</span> 
     </span>
    </p>
   </div>
   <div class='ocr_carea' id='block_1_60' title="bbox 959 1570 1754 1612">
    <p class='ocr_par' dir='ltr' id='par_1_60' title="bbox 959 1570 1754 1607">
     <span class='ocr_line' id='line_1_60' title="bbox 959 1570 1754 1607; baseline 0.001 -10"><span class='ocrx_word' id='word_1_455' title='bbox 959 1571 1043 1606; x_wconf 65' lang='lat' dir='ltr'><strong>gnovit</strong></span> <span class='ocrx_word' id='word_1_456' title='bbox 1058 1579 1115 1597; x_wconf 87' lang='lat' dir='ltr'><strong>eam</strong></span> <span class='ocrx_word' id='word_1_457' title='bbox 1131 1570 1246 1598; x_wconf 59' lang='lat' dir='ltr'><strong>Davidi.</strong></span> <span class='ocrx_word' id='word_1_458' title='bbox 1264 1570 1363 1604; x_wconf 62' lang='lat' dir='ltr'><strong>Quaero</strong></span> <span class='ocrx_word' id='word_1_459' title='bbox 1393 1579 1455 1607; x_wconf 58' lang='lat' dir='ltr'><strong>qum</strong></span> <span class='ocrx_word' id='word_1_460' title='bbox 1476 1571 1510 1599; x_wconf 90' lang='lat' dir='ltr'><strong>ad</strong></span> <span class='ocrx_word' id='word_1_461' title='bbox 1533 1571 1593 1606; x_wconf 82' lang='lat' dir='ltr'><strong>ejus</strong></span> <span class='ocrx_word' id='word_1_462' title='bbox 1609 1579 1710 1606; x_wconf 90' lang='lat' dir='ltr'><strong>corpus</strong></span> <span class='ocrx_word' id='word_1_463' title='bbox 1721 1578 1754 1598; x_wconf 85' lang='lat' dir='ltr'><strong>ac</strong></span> 
     </span>
    </p>
   </div>
   <div class='ocr_carea' id='block_1_61' title="bbox 123 1619 906 1658">
    <p class='ocr_par' dir='ltr' id='par_1_61' title="bbox 123 1619 906 1658">
     <span class='ocr_line' id='line_1_61' title="bbox 123 1619 906 1658; baseline 0.004 -12"><span class='ocrx_word' id='word_1_464' title='bbox 123 1619 191 1646; x_wconf 82' lang='grc' dir='ltr'>Ἀλλ’</span> <span class='ocrx_word' id='word_1_465' title='bbox 208 1620 325 1648; x_wconf 81' lang='grc' dir='ltr'>ἐνταῦθα</span> <span class='ocrx_word' id='word_1_466' title='bbox 339 1621 442 1657; x_wconf 80' lang='grc' dir='ltr'>εἴδησιν</span> <span class='ocrx_word' id='word_1_467' title='bbox 466 1622 497 1648; x_wconf 82' lang='grc' dir='ltr'>οὐ</span> <span class='ocrx_word' id='word_1_468' title='bbox 511 1621 559 1658; x_wconf 85' lang='grc' dir='ltr'>τὴν</span> <span class='ocrx_word' id='word_1_469' title='bbox 573 1622 606 1649; x_wconf 86' lang='grc' dir='ltr'>δι’</span> <span class='ocrx_word' id='word_1_470' title='bbox 621 1623 725 1655; x_wconf 87' lang='grc' dir='ltr'>εὐνοίας</span> <span class='ocrx_word' id='word_1_471' title='bbox 734 1623 744 1638; x_wconf 85' lang='grc'><strong><em>⁸</em></strong></span> <span class='ocrx_word' id='word_1_472' title='bbox 760 1623 906 1658; x_wconf 86' lang='grc' dir='ltr'>διηγεῖται,</span> 
     </span>
    </p>
   </div>
   <div class='ocr_carea' id='block_1_62' title="bbox 116 1667 905 1705">
    <p class='ocr_par' dir='ltr' id='par_1_62' title="bbox 116 1667 905 1705">
     <span class='ocr_line' id='line_1_62' title="bbox 116 1667 905 1705; baseline 0.004 -12"><span class='ocrx_word' id='word_1_473' title='bbox 116 1667 185 1693; x_wconf 78' lang='grc' dir='ltr'>ἀλλὰ.</span> <span class='ocrx_word' id='word_1_474' title='bbox 199 1667 249 1703; x_wconf 81' lang='grc' dir='ltr'>τὴν</span> <span class='ocrx_word' id='word_1_475' title='bbox 263 1668 307 1695; x_wconf 80' lang='grc' dir='ltr'><strong>διὰ</strong></span> <span class='ocrx_word' id='word_1_476' title='bbox 323 1669 459 1704; x_wconf 86' lang='grc' dir='ltr'>χρήσεως.</span> <span class='ocrx_word' id='word_1_477' title='bbox 476 1669 531 1696; x_wconf 82' lang='grc' dir='ltr'><strong>Καὶ</strong></span> <span class='ocrx_word' id='word_1_478' title='bbox 543 1669 598 1705; x_wconf 83' lang='grc' dir='ltr'><strong>γὰρ</strong></span> <span class='ocrx_word' id='word_1_479' title='bbox 615 1669 662 1696; x_wconf 75' lang='grc' dir='ltr'><strong>καὶ</strong></span> <span class='ocrx_word' id='word_1_480' title='bbox 675 1669 722 1696; x_wconf 76' lang='grc' dir='ltr'><strong>ἐπὶ</strong></span> <span class='ocrx_word' id='word_1_481' title='bbox 733 1669 780 1696; x_wconf 80' lang='grc' dir='ltr'>τοῦ</span> <span class='ocrx_word' id='word_1_482' title='bbox 798 1669 905 1696; x_wconf 80' lang='grc' dir='ltr'><strong>Ἰακώ6’</strong></span> 
     </span>
    </p>
   </div>
   <div class='ocr_carea' id='block_1_63' title="bbox 116 1712 908 1751">
    <p class='ocr_par' dir='ltr' id='par_1_63' title="bbox 116 1712 908 1751">
     <span class='ocr_line' id='line_1_63' title="bbox 116 1712 908 1751; baseline 0 -11"><span class='ocrx_word' id='word_1_483' title='bbox 116 1712 157 1740; x_wconf 79' lang='grc' dir='ltr'>ὅτι</span> <span class='ocrx_word' id='word_1_484' title='bbox 171 1714 220 1749; x_wconf 79' lang='grc' dir='ltr'>μὲν</span> <span class='ocrx_word' id='word_1_485' title='bbox 234 1715 289 1750; x_wconf 80' lang='grc' dir='ltr'><strong>γὰρ</strong></span> <span class='ocrx_word' id='word_1_486' title='bbox 301 1715 371 1741; x_wconf 78' lang='grc' dir='ltr'>ἑπτὰ</span> <span class='ocrx_word' id='word_1_487' title='bbox 383 1714 430 1751; x_wconf 78' lang='grc' dir='ltr'>ἐτη</span> <span class='ocrx_word' id='word_1_488' title='bbox 445 1714 578 1750; x_wconf 73' lang='grc' dir='ltr'>ἐτύγχανε</span> <span class='ocrx_word' id='word_1_489' title='bbox 597 1714 750 1750; x_wconf 82' lang='grc' dir='ltr'>ποιμαίνων</span> <span class='ocrx_word' id='word_1_490' title='bbox 762 1715 830 1750; x_wconf 85' lang='grc' dir='ltr'>μετὰ</span> <span class='ocrx_word' id='word_1_491' title='bbox 849 1715 908 1741; x_wconf 83' lang='grc' dir='ltr'><strong>Ῥα-</strong></span> 
     </span>
    </p>
   </div>
   <div class='ocr_carea' id='block_1_64' title="bbox 117 1759 908 1796">
    <p class='ocr_par' dir='ltr' id='par_1_64' title="bbox 117 1759 908 1796">
     <span class='ocr_line' id='line_1_64' title="bbox 117 1759 908 1796; baseline -0.001 -10"><span class='ocrx_word' id='word_1_492' title='bbox 117 1759 168 1794; x_wconf 82' lang='grc' dir='ltr'><strong>χὴλ</strong></span> <span class='ocrx_word' id='word_1_493' title='bbox 185 1759 234 1786; x_wconf 78' lang='grc' dir='ltr'><strong>καὶ</strong></span> <span class='ocrx_word' id='word_1_494' title='bbox 245 1760 322 1792; x_wconf 85' lang='grc' dir='ltr'>Δίας,</span> <span class='ocrx_word' id='word_1_495' title='bbox 342 1760 390 1787; x_wconf 75' lang='grc' dir='ltr'>καὶ</span> <span class='ocrx_word' id='word_1_496' title='bbox 405 1760 464 1796; x_wconf 70' lang='grc' dir='ltr'>ᾔδει</span> <span class='ocrx_word' id='word_1_497' title='bbox 483 1761 568 1792; x_wconf 77' lang='grc' dir='ltr'>αὐτάς</span> <span class='ocrx_word' id='word_1_498' title='bbox 581 1768 587 1774; x_wconf 93' lang='grc'><strong>·</strong></span> <span class='ocrx_word' id='word_1_499' title='bbox 601 1760 645 1787; x_wconf 85' lang='grc' dir='ltr'>ὅτε</span> <span class='ocrx_word' id='word_1_500' title='bbox 664 1760 692 1787; x_wconf 78' lang='grc' dir='ltr'>δὲ</span> <span class='ocrx_word' id='word_1_501' title='bbox 706 1759 770 1795; x_wconf 82' lang='grc' dir='ltr'>περὶ</span> <span class='ocrx_word' id='word_1_502' title='bbox 785 1760 835 1795; x_wconf 82' lang='grc' dir='ltr'>τῆς</span> <span class='ocrx_word' id='word_1_503' title='bbox 850 1767 908 1786; x_wconf 78' lang='grc' dir='ltr'>συν-</span> 
     </span>
    </p>
   </div>
   <div class='ocr_carea' id='block_1_65' title="bbox 117 1804 907 1841">
    <p class='ocr_par' dir='ltr' id='par_1_65' title="bbox 117 1804 907 1841">
     <span class='ocr_line' id='line_1_65' title="bbox 117 1804 907 1841; baseline -0.001 -10"><span class='ocrx_word' id='word_1_504' title='bbox 117 1804 215 1839; x_wconf 69' lang='grc' dir='ltr'>αφείας</span> <span class='ocrx_word' id='word_1_505' title='bbox 237 1805 287 1840; x_wconf 80' lang='grc' dir='ltr'>τῆς</span> <span class='ocrx_word' id='word_1_506' title='bbox 300 1804 347 1832; x_wconf 77' lang='grc' dir='ltr'>τοῦ</span> <span class='ocrx_word' id='word_1_507' title='bbox 361 1805 463 1841; x_wconf 85' lang='grc' dir='ltr'>σεμνοῦ</span> <span class='ocrx_word' id='word_1_508' title='bbox 482 1805 571 1841; x_wconf 58' lang='grc' dir='ltr'>αὐτῶν</span> <span class='ocrx_word' id='word_1_509' title='bbox 585 1805 676 1840; x_wconf 80' lang='grc' dir='ltr'>γάμου</span> <span class='ocrx_word' id='word_1_510' title='bbox 693 1804 838 1840; x_wconf 83' lang='grc' dir='ltr'>διηγεῖται,</span> <span class='ocrx_word' id='word_1_511' title='bbox 854 1812 907 1839; x_wconf 82' lang='grc' dir='ltr'><strong>φη-</strong></span> 
     </span>
    </p>
   </div>
   <div class='ocr_carea' id='block_1_66' title="bbox 118 1848 908 1886">
    <p class='ocr_par' dir='ltr' id='par_1_66' title="bbox 118 1848 908 1886">
     <span class='ocr_line' id='line_1_66' title="bbox 118 1848 908 1886; baseline -0.001 -10"><span class='ocrx_word' id='word_1_512' title='bbox 118 1850 160 1877; x_wconf 85' lang='grc' dir='ltr'>σιν</span> <span class='ocrx_word' id='word_1_513' title='bbox 173 1859 180 1864; x_wconf 89' lang='grc'>·</span> <span class='ocrx_word' id='word_1_514' title='bbox 199 1850 296 1885; x_wconf 72' lang='grc' dir='ltr'>Ἔγνω</span> <span class='ocrx_word' id='word_1_515' title='bbox 317 1850 393 1878; x_wconf 81' lang='grc' dir='ltr'>Δίαν</span> <span class='ocrx_word' id='word_1_516' title='bbox 407 1851 465 1885; x_wconf 81' lang='grc' dir='ltr'>τὴν</span> <span class='ocrx_word' id='word_1_517' title='bbox 480 1848 608 1886; x_wconf 77' lang='grc' dir='ltr'>γυναῖκα</span> <span class='ocrx_word' id='word_1_518' title='bbox 621 1849 725 1877; x_wconf 83' lang='grc' dir='ltr'><strong>αὑτοῦ.</strong></span> <span class='ocrx_word' id='word_1_519' title='bbox 742 1849 805 1876; x_wconf 77' lang='grc' dir='ltr'>Ὅτι</span> <span class='ocrx_word' id='word_1_520' title='bbox 820 1849 838 1884; x_wconf 88' lang='grc' dir='ltr'><strong>ή</strong></span> <span class='ocrx_word' id='word_1_521' title='bbox 859 1849 908 1884; x_wconf 76' lang='grc' dir='ltr'>μὲν</span> 
     </span>
    </p>
   </div>
   <div class='ocr_carea' id='block_1_67' title="bbox 117 1894 909 1932">
    <p class='ocr_par' dir='ltr' id='par_1_67' title="bbox 117 1894 909 1932">
     <span class='ocr_line' id='line_1_67' title="bbox 117 1894 909 1932; baseline -0.001 -10"><span class='ocrx_word' id='word_1_522' title='bbox 117 1895 213 1932; x_wconf 78' lang='grc' dir='ltr'>πρώτη</span> <span class='ocrx_word' id='word_1_523' title='bbox 229 1896 331 1932; x_wconf 75' lang='grc' dir='ltr'>εἶδησις</span> <span class='ocrx_word' id='word_1_524' title='bbox 352 1897 385 1923; x_wconf 76' lang='grc' dir='ltr'><strong>δι’</strong></span> <span class='ocrx_word' id='word_1_525' title='bbox 401 1897 505 1929; x_wconf 75' lang='grc' dir='ltr'>ἑννοίας</span> <span class='ocrx_word' id='word_1_526' title='bbox 520 1894 554 1932; x_wconf 78' lang='grc' dir='ltr'>ἢν</span> <span class='ocrx_word' id='word_1_527' title='bbox 576 1896 624 1923; x_wconf 80' lang='grc' dir='ltr'><strong>καὶ</strong></span> <span class='ocrx_word' id='word_1_528' title='bbox 638 1896 672 1922; x_wconf 81' lang='grc' dir='ltr'>δι’</span> <span class='ocrx_word' id='word_1_529' title='bbox 685 1895 822 1931; x_wconf 81' lang='grc' dir='ltr'>ὁράσεως,</span> <span class='ocrx_word' id='word_1_530' title='bbox 839 1896 857 1931; x_wconf 75' lang='grc' dir='ltr'>ὴ</span> <span class='ocrx_word' id='word_1_531' title='bbox 880 1894 909 1921; x_wconf 76' lang='grc' dir='ltr'>δὲ</span> 
     </span>
    </p>
   </div>
   <div class='ocr_carea' id='block_1_68' title="bbox 117 1941 908 1978">
    <p class='ocr_par' dir='ltr' id='par_1_68' title="bbox 117 1941 908 1978">
     <span class='ocr_line' id='line_1_68' title="bbox 117 1941 908 1978; baseline 0 -11"><span class='ocrx_word' id='word_1_532' title='bbox 117 1941 232 1977; x_wconf 77' lang='grc' dir='ltr'>δευτέρα</span> <span class='ocrx_word' id='word_1_533' title='bbox 245 1943 346 1976; x_wconf 85' lang='grc' dir='ltr'>γνῶσις</span> <span class='ocrx_word' id='word_1_534' title='bbox 361 1942 408 1970; x_wconf 69' lang='grc' dir='ltr'><strong>καὶ</strong></span> <span class='ocrx_word' id='word_1_535' title='bbox 421 1943 525 1978; x_wconf 85' lang='grc' dir='ltr'>εἴδησις</span> <span class='ocrx_word' id='word_1_536' title='bbox 547 1943 613 1978; x_wconf 79' lang='grc' dir='ltr'>περὶ</span> <span class='ocrx_word' id='word_1_537' title='bbox 633 1942 759 1978; x_wconf 82' lang='grc' dir='ltr'>χρήσεως</span> <span class='ocrx_word' id='word_1_538' title='bbox 774 1941 822 1968; x_wconf 67' lang='grc' dir='ltr'><strong>καὶ</strong></span> <span class='ocrx_word' id='word_1_539' title='bbox 833 1941 908 1977; x_wconf 80' lang='grc' dir='ltr'>ὲνερ-</span> 
     </span>
    </p>
   </div>
   <div class='ocr_carea' id='block_1_69' title="bbox 118 1987 909 2024">
    <p class='ocr_par' dir='ltr' id='par_1_69' title="bbox 118 1987 909 2024">
     <span class='ocr_line' id='line_1_69' title="bbox 118 1987 909 2024; baseline 0.001 -12"><span class='ocrx_word' id='word_1_540' title='bbox 118 1987 207 2020; x_wconf 78' lang='grc' dir='ltr'>τείας.</span> <span class='ocrx_word' id='word_1_541' title='bbox 219 1987 298 2014; x_wconf 83' lang='grc' dir='ltr'>οὕτω</span> <span class='ocrx_word' id='word_1_542' title='bbox 310 1988 357 2015; x_wconf 80' lang='grc' dir='ltr'>καὶ</span> <span class='ocrx_word' id='word_1_543' title='bbox 378 1989 407 2015; x_wconf 87' lang='grc' dir='ltr'>ὲν</span> <span class='ocrx_word' id='word_1_544' title='bbox 426 1989 459 2024; x_wconf 79' lang='grc' dir='ltr'><strong>τῇ</strong></span> <span class='ocrx_word' id='word_1_545' title='bbox 480 1987 541 2024; x_wconf 77' lang='grc' dir='ltr'>θεία</span> <span class='ocrx_word' id='word_1_546' title='bbox 555 1988 650 2023; x_wconf 82' lang='grc' dir='ltr'>Γραφῇ</span> <span class='ocrx_word' id='word_1_547' title='bbox 663 1996 669 2001; x_wconf 91' lang='grc'>·</span> <span class='ocrx_word' id='word_1_548' title='bbox 685 1987 783 2022; x_wconf 72' lang='grc' dir='ltr'>Ἔγνω</span> <span class='ocrx_word' id='word_1_549' title='bbox 800 1987 909 2021; x_wconf 84' lang='grc' dir='ltr'>Κύριος</span> 
     </span>
    </p>
   </div>
   <div class='ocr_carea' id='block_1_70' title="bbox 118 2032 908 2069">
    <p class='ocr_par' dir='ltr' id='par_1_70' title="bbox 118 2032 908 2069">
     <span class='ocr_line' id='line_1_70' title="bbox 118 2032 908 2069; baseline -0.001 -10"><span class='ocrx_word' id='word_1_550' title='bbox 118 2032 189 2066; x_wconf 82' lang='grc' dir='ltr'>τοὺς</span> <span class='ocrx_word' id='word_1_551' title='bbox 204 2033 293 2067; x_wconf 75' lang='grc' dir='ltr'>ὄντας</span> <span class='ocrx_word' id='word_1_552' title='bbox 309 2034 413 2062; x_wconf 86' lang='grc' dir='ltr'>αὑτοῦ.</span> <span class='ocrx_word' id='word_1_553' title='bbox 444 2034 499 2069; x_wconf 72' lang='grc' dir='ltr'><strong>Οὐχ</strong></span> <span class='ocrx_word' id='word_1_554' title='bbox 519 2034 558 2065; x_wconf 80' lang='grc' dir='ltr'><strong>ὡς</strong></span> <span class='ocrx_word' id='word_1_555' title='bbox 579 2033 765 2068; x_wconf 84' lang='grc' dir='ltr'>ἁγνοοῦντας³</span> <span class='ocrx_word' id='word_1_556' title='bbox 786 2033 849 2064; x_wconf 83' lang='grc' dir='ltr'>τοὺς</span> <span class='ocrx_word' id='word_1_557' title='bbox 871 2032 908 2067; x_wconf 87' lang='grc' dir='ltr'>μὴ</span> 
     </span>
    </p>
   </div>
   <div class='ocr_carea' id='block_1_71' title="bbox 117 2079 909 2117">
    <p class='ocr_par' dir='ltr' id='par_1_71' title="bbox 117 2079 909 2117">
     <span class='ocr_line' id='line_1_71' title="bbox 117 2079 909 2117; baseline -0.003 -10"><span class='ocrx_word' id='word_1_558' title='bbox 117 2081 212 2113; x_wconf 75' lang='grc' dir='ltr'>ὄντας,</span> <span class='ocrx_word' id='word_1_559' title='bbox 232 2080 300 2107; x_wconf 86' lang='grc' dir='ltr'>ἀλλὰ</span> <span class='ocrx_word' id='word_1_560' title='bbox 318 2081 349 2107; x_wconf 84' lang='grc' dir='ltr'><strong>τὺ</strong></span> <span class='ocrx_word' id='word_1_561' title='bbox 363 2081 476 2117; x_wconf 80' lang='grc' dir='ltr'>ἐναργὲς</span> <span class='ocrx_word' id='word_1_562' title='bbox 498 2080 548 2116; x_wconf 80' lang='grc' dir='ltr'>τῆς</span> <span class='ocrx_word' id='word_1_563' title='bbox 562 2079 610 2107; x_wconf 78' lang='grc' dir='ltr'>τοῦ</span> <span class='ocrx_word' id='word_1_564' title='bbox 625 2079 725 2115; x_wconf 82' lang='grc' dir='ltr'>Κυρίου</span> <span class='ocrx_word' id='word_1_565' title='bbox 741 2079 909 2114; x_wconf 77' lang='grc' dir='ltr'>ἀντιλήψεως</span> 
     </span>
    </p>
   </div>
   <div class='ocr_carea' id='block_1_72' title="bbox 119 2122 909 2160">
    <p class='ocr_par' dir='ltr' id='par_1_72' title="bbox 119 2122 909 2160">
     <span class='ocr_line' id='line_1_72' title="bbox 119 2122 909 2160; baseline -0.004 -8"><span class='ocrx_word' id='word_1_566' title='bbox 119 2125 261 2160; x_wconf 77' lang='grc' dir='ltr'>σημαίνει·</span> <span class='ocrx_word' id='word_1_567' title='bbox 278 2125 336 2158; x_wconf 74' lang='grc' dir='ltr'>καὶ,</span> <span class='ocrx_word' id='word_1_568' title='bbox 352 2125 514 2159; x_wconf 75' lang='grc' dir='ltr'>Ἀπόστητε</span> <span class='ocrx_word' id='word_1_569' title='bbox 526 2125 577 2152; x_wconf 79' lang='grc' dir='ltr'><strong>ἀπ’</strong></span> <span class='ocrx_word' id='word_1_570' title='bbox 589 2123 672 2159; x_wconf 81' lang='grc' dir='ltr'>ἐμοῦ,</span> <span class='ocrx_word' id='word_1_571' title='bbox 684 2126 710 2151; x_wconf 82' lang='grc' dir='ltr'>οἱ</span> <span class='ocrx_word' id='word_1_572' title='bbox 723 2123 843 2158; x_wconf 77' lang='grc' dir='ltr'>ἐργάται</span> <span class='ocrx_word' id='word_1_573' title='bbox 853 2122 909 2157; x_wconf 80' lang='grc' dir='ltr'>τῆς</span> 
     </span>
    </p>
   </div>
   <div class='ocr_carea' id='block_1_73' title="bbox 118 2168 910 2206">
    <p class='ocr_par' dir='ltr' id='par_1_73' title="bbox 118 2168 910 2206">
     <span class='ocr_line' id='line_1_73' title="bbox 118 2168 910 2206; baseline -0.004 -8"><span class='ocrx_word' id='word_1_574' title='bbox 118 2171 256 2205; x_wconf 79' lang='grc' dir='ltr'>ἀνομίας,</span> <span class='ocrx_word' id='word_1_575' title='bbox 271 2171 354 2198; x_wconf 83' lang='grc' dir='ltr'>οὔπω</span> <span class='ocrx_word' id='word_1_576' title='bbox 368 2171 464 2206; x_wconf 79' lang='grc' dir='ltr'>ἔγνων</span> <span class='ocrx_word' id='word_1_577' title='bbox 475 2170 563 2205; x_wconf 80' lang='grc' dir='ltr'>ὑμᾶς.</span> <span class='ocrx_word' id='word_1_578' title='bbox 579 2168 653 2206; x_wconf 72' lang='grc' dir='ltr'><strong>τΑροι</strong></span> <span class='ocrx_word' id='word_1_579' title='bbox 670 2170 720 2196; x_wconf 80' lang='grc' dir='ltr'>οὐκ</span> <span class='ocrx_word' id='word_1_580' title='bbox 735 2169 793 2205; x_wconf 76' lang='grc' dir='ltr'>ᾔδει</span> <span class='ocrx_word' id='word_1_581' title='bbox 810 2169 910 2200; x_wconf 77' lang='grc' dir='ltr'>αὐτοὺς</span> 
     </span>
    </p>
   </div>
   <div class='ocr_carea' id='block_1_74' title="bbox 119 2213 910 2252">
    <p class='ocr_par' dir='ltr' id='par_1_74' title="bbox 119 2213 910 2252">
     <span class='ocr_line' id='line_1_74' title="bbox 119 2213 910 2252; baseline -0.004 -9"><span class='ocrx_word' id='word_1_582' title='bbox 119 2217 192 2243; x_wconf 77' lang='grc' dir='ltr'><strong>κατά</strong></span> <span class='ocrx_word' id='word_1_583' title='bbox 208 2216 329 2252; x_wconf 79' lang='grc' dir='ltr'>εἴδησιν;</span> <span class='ocrx_word' id='word_1_584' title='bbox 351 2216 421 2243; x_wconf 82' lang='grc' dir='ltr'>Ἀλλ’</span> <span class='ocrx_word' id='word_1_585' title='bbox 438 2216 532 2252; x_wconf 75' lang='grc' dir='ltr'>ἐπειδὴ</span> <span class='ocrx_word' id='word_1_586' title='bbox 543 2216 593 2243; x_wconf 78' lang='grc' dir='ltr'><strong>οὐκ</strong></span> <span class='ocrx_word' id='word_1_587' title='bbox 606 2214 676 2251; x_wconf 77' lang='grc' dir='ltr'>ἦσαν</span> <span class='ocrx_word' id='word_1_588' title='bbox 690 2214 761 2247; x_wconf 78' lang='grc' dir='ltr'>ἄξιοι</span> <span class='ocrx_word' id='word_1_589' title='bbox 773 2213 868 2246; x_wconf 81' lang='grc' dir='ltr'>αὑτοῦ,</span> <span class='ocrx_word' id='word_1_590' title='bbox 880 2214 910 2241; x_wconf 85' lang='grc' dir='ltr'><strong>τὺ</strong></span> 
     </span>
    </p>
   </div>
   <div class='ocr_carea' id='block_1_75' title="bbox 962 1615 1755 1651">
    <p class='ocr_par' dir='ltr' id='par_1_75' title="bbox 962 1615 1755 1651">
     <span class='ocr_line' id='line_1_75' title="bbox 962 1615 1755 1651; baseline 0 -9"><span class='ocrx_word' id='word_1_591' title='bbox 962 1616 1033 1644; x_wconf 89' lang='lat' dir='ltr'><strong>latus</strong></span> <span class='ocrx_word' id='word_1_592' title='bbox 1048 1615 1211 1648; x_wconf 86' lang='lat' dir='ltr'><strong>accubabat,</strong></span> <span class='ocrx_word' id='word_1_593' title='bbox 1229 1623 1294 1642; x_wconf 88' lang='lat' dir='ltr'><strong>num</strong></span> <span class='ocrx_word' id='word_1_594' title='bbox 1314 1623 1374 1643; x_wconf 89' lang='lat' dir='ltr'><strong>eam</strong></span> <span class='ocrx_word' id='word_1_595' title='bbox 1397 1616 1524 1651; x_wconf 85' lang='lat' dir='ltr'><strong>ignorare</strong></span> <span class='ocrx_word' id='word_1_596' title='bbox 1545 1615 1629 1642; x_wconf 82' lang='lat' dir='ltr'><strong>David</strong></span> <span class='ocrx_word' id='word_1_597' title='bbox 1650 1616 1755 1651; x_wconf 89' lang='lat' dir='ltr'><strong>potuit?</strong></span> 
     </span>
    </p>
   </div>
   <div class='ocr_carea' id='block_1_76' title="bbox 963 1660 1754 1696">
    <p class='ocr_par' dir='ltr' id='par_1_76' title="bbox 963 1660 1754 1696">
     <span class='ocr_line' id='line_1_76' title="bbox 963 1660 1754 1696; baseline -0.001 -8"><span class='ocrx_word' id='word_1_598' title='bbox 963 1660 1062 1689; x_wconf 85' lang='lat' dir='ltr'><strong>Verum</strong></span> <span class='ocrx_word' id='word_1_599' title='bbox 1078 1661 1130 1689; x_wconf 89' lang='lat' dir='ltr'><strong>hoc</strong></span> <span class='ocrx_word' id='word_1_600' title='bbox 1147 1661 1173 1688; x_wconf 95' lang='lat' dir='ltr'><strong>in</strong></span> <span class='ocrx_word' id='word_1_601' title='bbox 1190 1662 1250 1688; x_wconf 87' lang='lat' dir='ltr'><strong>loco</strong></span> <span class='ocrx_word' id='word_1_602' title='bbox 1267 1661 1349 1696; x_wconf 76' lang='lat'><strong>769</strong></span> <span class='ocrx_word' id='word_1_603' title='bbox 1368 1668 1423 1688; x_wconf 93' lang='lat' dir='ltr'><strong>non</strong></span> <span class='ocrx_word' id='word_1_604' title='bbox 1442 1661 1476 1689; x_wconf 90' lang='lat' dir='ltr'><strong>de</strong></span> <span class='ocrx_word' id='word_1_605' title='bbox 1491 1668 1523 1688; x_wconf 90' lang='lat' dir='ltr'><strong>ea</strong></span> <span class='ocrx_word' id='word_1_606' title='bbox 1541 1661 1697 1696; x_wconf 81' lang='lat' dir='ltr'><strong>cognitione</strong></span> <span class='ocrx_word' id='word_1_607' title='bbox 1714 1662 1754 1688; x_wconf 94' lang='lat' dir='ltr'><strong>lo-</strong></span> 
     </span>
    </p>
   </div>
   <div class='ocr_carea' id='block_1_77' title="bbox 960 1707 1753 1742">
    <p class='ocr_par' dir='ltr' id='par_1_77' title="bbox 960 1707 1753 1742">
     <span class='ocr_line' id='line_1_77' title="bbox 960 1707 1753 1742; baseline -0.001 -8"><span class='ocrx_word' id='word_1_608' title='bbox 960 1707 1065 1742; x_wconf 84' lang='lat' dir='ltr'><strong>quitur,</strong></span> <span class='ocrx_word' id='word_1_609' title='bbox 1088 1714 1150 1742; x_wconf 77' lang='lat' dir='ltr'><strong>qna&#39;.</strong></span> <span class='ocrx_word' id='word_1_610' title='bbox 1175 1707 1233 1735; x_wconf 89' lang='lat' dir='ltr'><strong>sola</strong></span> <span class='ocrx_word' id='word_1_611' title='bbox 1252 1707 1336 1733; x_wconf 91' lang='lat' dir='ltr'><strong>animi</strong></span> <span class='ocrx_word' id='word_1_612' title='bbox 1364 1707 1607 1741; x_wconf 83' lang='lat' dir='ltr'><strong>comprehensione</strong></span> <span class='ocrx_word' id='word_1_613' title='bbox 1635 1710 1753 1739; x_wconf 83' lang='lat' dir='ltr'><strong>constat,</strong></span> 
     </span>
    </p>
   </div>
   <div class='ocr_carea' id='block_1_78' title="bbox 961 1751 1754 1788">
    <p class='ocr_par' dir='ltr' id='par_1_78' title="bbox 961 1751 1754 1788">
     <span class='ocr_line' id='line_1_78' title="bbox 961 1751 1754 1788; baseline -0.003 -8"><span class='ocrx_word' id='word_1_614' title='bbox 961 1752 1009 1780; x_wconf 88' lang='lat' dir='ltr'><strong>sed</strong></span> <span class='ocrx_word' id='word_1_615' title='bbox 1023 1760 1084 1788; x_wconf 79' lang='lat' dir='ltr'><strong>quae</strong></span> <span class='ocrx_word' id='word_1_616' title='bbox 1103 1753 1137 1779; x_wconf 91' lang='lat' dir='ltr'><strong>ad</strong></span> <span class='ocrx_word' id='word_1_617' title='bbox 1159 1760 1239 1780; x_wconf 83' lang='lat' dir='ltr'><strong>usum</strong></span> <span class='ocrx_word' id='word_1_618' title='bbox 1259 1751 1387 1779; x_wconf 89' lang='lat' dir='ltr'><strong>refertur.</strong></span> <span class='ocrx_word' id='word_1_619' title='bbox 1407 1751 1475 1779; x_wconf 84' lang='lat' dir='ltr'><strong>Nam</strong></span> <span class='ocrx_word' id='word_1_620' title='bbox 1492 1756 1519 1780; x_wconf 89' lang='lat' dir='ltr'><strong>et</strong></span> <span class='ocrx_word' id='word_1_621' title='bbox 1535 1753 1605 1780; x_wconf 85' lang='lat' dir='ltr'><strong>idem</strong></span> <span class='ocrx_word' id='word_1_622' title='bbox 1622 1753 1655 1780; x_wconf 86' lang='lat' dir='ltr'><strong>de</strong></span> <span class='ocrx_word' id='word_1_623' title='bbox 1668 1751 1754 1779; x_wconf 83' lang='lat' dir='ltr'><strong>Jaeoh</strong></span> 
     </span>
    </p>
   </div>
   <div class='ocr_carea' id='block_1_79' title="bbox 962 1797 1755 1835">
    <p class='ocr_par' dir='ltr' id='par_1_79' title="bbox 962 1797 1755 1835">
     <span class='ocr_line' id='line_1_79' title="bbox 962 1797 1755 1835; baseline -0.001 -9"><span class='ocrx_word' id='word_1_624' title='bbox 962 1803 1111 1835; x_wconf 84' lang='lat' dir='ltr'><strong>usurpatur</strong></span> <span class='ocrx_word' id='word_1_625' title='bbox 1126 1807 1133 1826; x_wconf 89' lang='lat'>:</span> <span class='ocrx_word' id='word_1_626' title='bbox 1148 1798 1195 1834; x_wconf 89' lang='lat' dir='ltr'><strong>qui</strong></span> <span class='ocrx_word' id='word_1_627' title='bbox 1215 1801 1318 1833; x_wconf 87' lang='lat' dir='ltr'><strong>septem</strong></span> <span class='ocrx_word' id='word_1_628' title='bbox 1338 1806 1425 1826; x_wconf 91' lang='lat' dir='ltr'><strong>annos</strong></span> <span class='ocrx_word' id='word_1_629' title='bbox 1442 1806 1505 1826; x_wconf 90' lang='lat' dir='ltr'><strong>cum</strong></span> <span class='ocrx_word' id='word_1_630' title='bbox 1528 1798 1645 1826; x_wconf 74' lang='lat' dir='ltr'><strong>Rachele</strong></span> <span class='ocrx_word' id='word_1_631' title='bbox 1665 1802 1692 1825; x_wconf 89' lang='lat' dir='ltr'><strong>et</strong></span> <span class='ocrx_word' id='word_1_632' title='bbox 1707 1797 1755 1825; x_wconf 88' lang='lat' dir='ltr'><strong>Lia</strong></span> 
     </span>
    </p>
   </div>
   <div class='ocr_carea' id='block_1_80' title="bbox 961 1844 1755 1880">
    <p class='ocr_par' dir='ltr' id='par_1_80' title="bbox 961 1844 1755 1880">
     <span class='ocr_line' id='line_1_80' title="bbox 961 1844 1755 1880; baseline -0.001 -8"><span class='ocrx_word' id='word_1_633' title='bbox 961 1852 1060 1880; x_wconf 79' lang='lat' dir='ltr'><strong>pecora</strong></span> <span class='ocrx_word' id='word_1_634' title='bbox 1086 1847 1206 1880; x_wconf 80' lang='lat' dir='ltr'><strong>paverat.</strong></span> <span class='ocrx_word' id='word_1_635' title='bbox 1226 1851 1328 1878; x_wconf 87' lang='lat' dir='ltr'><strong>easque</strong></span> <span class='ocrx_word' id='word_1_636' title='bbox 1354 1844 1437 1879; x_wconf 86' lang='lat' dir='ltr'><strong>probe</strong></span> <span class='ocrx_word' id='word_1_637' title='bbox 1461 1848 1635 1879; x_wconf 81' lang='lat' dir='ltr'><strong>cognoverat.</strong></span> <span class='ocrx_word' id='word_1_638' title='bbox 1651 1844 1755 1871; x_wconf 81' lang='lat' dir='ltr'><strong>Nihilo-</strong></span> 
     </span>
    </p>
   </div>
   <div class='ocr_carea' id='block_1_81' title="bbox 962 1889 1754 1924">
    <p class='ocr_par' dir='ltr' id='par_1_81' title="bbox 962 1889 1754 1924">
     <span class='ocr_line' id='line_1_81' title="bbox 962 1889 1754 1924; baseline -0.003 -6"><span class='ocrx_word' id='word_1_639' title='bbox 962 1891 1053 1918; x_wconf 90' lang='lat' dir='ltr'><strong>minus</strong></span> <span class='ocrx_word' id='word_1_640' title='bbox 1068 1897 1130 1918; x_wconf 90' lang='lat' dir='ltr'><strong>cum</strong></span> <span class='ocrx_word' id='word_1_641' title='bbox 1155 1889 1189 1917; x_wconf 91' lang='lat' dir='ltr'><strong>de</strong></span> <span class='ocrx_word' id='word_1_642' title='bbox 1216 1889 1339 1918; x_wconf 88' lang='lat' dir='ltr'><strong>honestis</strong></span> <span class='ocrx_word' id='word_1_643' title='bbox 1359 1889 1468 1916; x_wconf 87' lang='lat' dir='ltr'><strong>illorum</strong></span> <span class='ocrx_word' id='word_1_644' title='bbox 1488 1889 1590 1924; x_wconf 79' lang='lat' dir='ltr'><strong>nuptiis</strong></span> <span class='ocrx_word' id='word_1_645' title='bbox 1613 1889 1754 1924; x_wconf 78' lang='lat' dir='ltr'><strong>Scriptura</strong></span> 
     </span>
    </p>
   </div>
   <div class='ocr_carea' id='block_1_82' title="bbox 962 1934 1754 1971">
    <p class='ocr_par' dir='ltr' id='par_1_82' title="bbox 962 1934 1754 1971">
     <span class='ocr_line' id='line_1_82' title="bbox 962 1934 1754 1971; baseline -0.003 -8"><span class='ocrx_word' id='word_1_646' title='bbox 962 1936 1093 1971; x_wconf 86' lang='lat' dir='ltr'><strong>loquitur,</strong></span> <span class='ocrx_word' id='word_1_647' title='bbox 1120 1935 1263 1970; x_wconf 81' lang='lat' dir='ltr'><strong>Cognovit,</strong></span> <span class='ocrx_word' id='word_1_648' title='bbox 1284 1935 1382 1970; x_wconf 87' lang='lat' dir='ltr'><strong>inquit,</strong></span> <span class='ocrx_word' id='word_1_649' title='bbox 1407 1934 1483 1962; x_wconf 85' lang='lat' dir='ltr'><strong>Liam</strong></span> <span class='ocrx_word' id='word_1_650' title='bbox 1507 1943 1615 1962; x_wconf 68' lang='lat' dir='ltr'><strong>uxorem</strong></span> <span class='ocrx_word' id='word_1_651' title='bbox 1643 1943 1716 1962; x_wconf 75' lang='lat' dir='ltr'><strong>suam</strong></span> <span class='ocrx_word' id='word_1_652' title='bbox 1732 1935 1754 1961; x_wconf 82' lang='grc'>⁸.</span> 
     </span>
    </p>
   </div>
   <div class='ocr_carea' id='block_1_83' title="bbox 962 1981 1756 2017">
    <p class='ocr_par' dir='ltr' id='par_1_83' title="bbox 962 1981 1756 2017">
     <span class='ocr_line' id='line_1_83' title="bbox 962 1981 1756 2017; baseline -0.004 -7"><span class='ocrx_word' id='word_1_653' title='bbox 962 1982 1041 2016; x_wconf 86' lang='lat' dir='ltr'><strong>Quod</strong></span> <span class='ocrx_word' id='word_1_654' title='bbox 1059 1982 1184 2010; x_wconf 89' lang='lat' dir='ltr'><strong>videlicet</strong></span> <span class='ocrx_word' id='word_1_655' title='bbox 1201 1983 1288 2017; x_wconf 86' lang='lat' dir='ltr'><strong>prima</strong></span> <span class='ocrx_word' id='word_1_656' title='bbox 1303 1981 1423 2017; x_wconf 79' lang='lat' dir='ltr'><strong>cognitio</strong></span> <span class='ocrx_word' id='word_1_657' title='bbox 1445 1981 1478 2008; x_wconf 90' lang='lat' dir='ltr'><strong>ad</strong></span> <span class='ocrx_word' id='word_1_658' title='bbox 1500 1981 1705 2016; x_wconf 78' lang='lat' dir='ltr'><strong>intelligentiam</strong></span> <span class='ocrx_word' id='word_1_659' title='bbox 1728 1987 1756 2008; x_wconf 82' lang='lat' dir='ltr'><strong>ot.</strong></span> 
     </span>
    </p>
   </div>
   <div class='ocr_carea' id='block_1_84' title="bbox 961 2026 1756 2063">
    <p class='ocr_par' dir='ltr' id='par_1_84' title="bbox 961 2026 1756 2063">
     <span class='ocr_line' id='line_1_84' title="bbox 961 2026 1756 2063; baseline 0 -8"><span class='ocrx_word' id='word_1_660' title='bbox 961 2027 1070 2056; x_wconf 80' lang='lat' dir='ltr'><strong>videndi</strong></span> <span class='ocrx_word' id='word_1_661' title='bbox 1090 2035 1201 2055; x_wconf 88' lang='lat' dir='ltr'><strong>sensum</strong></span> <span class='ocrx_word' id='word_1_662' title='bbox 1214 2048 1221 2058; x_wconf 84' lang='lat'><strong>,</strong></span> <span class='ocrx_word' id='word_1_663' title='bbox 1249 2028 1385 2063; x_wconf 90' lang='lat' dir='ltr'><strong>posterior</strong></span> <span class='ocrx_word' id='word_1_664' title='bbox 1407 2026 1441 2054; x_wconf 78' lang='lat' dir='ltr'><strong>ad</strong></span> <span class='ocrx_word' id='word_1_665' title='bbox 1461 2035 1539 2054; x_wconf 91' lang='lat' dir='ltr'><strong>usum</strong></span> <span class='ocrx_word' id='word_1_666' title='bbox 1565 2027 1756 2062; x_wconf 83' lang='lat' dir='ltr'><strong>actionemque</strong></span> 
     </span>
    </p>
   </div>
   <div class='ocr_carea' id='block_1_85' title="bbox 962 2073 1757 2109">
    <p class='ocr_par' dir='ltr' id='par_1_85' title="bbox 962 2073 1757 2109">
     <span class='ocr_line' id='line_1_85' title="bbox 962 2073 1757 2109; baseline -0.003 -7"><span class='ocrx_word' id='word_1_667' title='bbox 962 2073 1106 2102; x_wconf 86' lang='lat' dir='ltr'><strong>referatur.</strong></span> <span class='ocrx_word' id='word_1_668' title='bbox 1123 2073 1224 2102; x_wconf 89' lang='lat' dir='ltr'><strong>Eodem</strong></span> <span class='ocrx_word' id='word_1_669' title='bbox 1245 2073 1326 2100; x_wconf 89' lang='lat' dir='ltr'><strong>modo</strong></span> <span class='ocrx_word' id='word_1_670' title='bbox 1347 2078 1374 2101; x_wconf 90' lang='lat' dir='ltr'><strong>et</strong></span> <span class='ocrx_word' id='word_1_671' title='bbox 1397 2073 1425 2100; x_wconf 89' lang='lat' dir='ltr'><strong>in</strong></span> <span class='ocrx_word' id='word_1_672' title='bbox 1448 2073 1535 2101; x_wconf 87' lang='lat' dir='ltr'><strong>sacris</strong></span> <span class='ocrx_word' id='word_1_673' title='bbox 1558 2073 1669 2100; x_wconf 86' lang='lat' dir='ltr'><strong>Litteris</strong></span> <span class='ocrx_word' id='word_1_674' title='bbox 1691 2073 1757 2109; x_wconf 80' lang='lat' dir='ltr'><strong>legi-</strong></span> 
     </span>
    </p>
   </div>
   <div class='ocr_carea' id='block_1_86' title="bbox 962 2119 1755 2157">
    <p class='ocr_par' dir='ltr' id='par_1_86' title="bbox 962 2119 1755 2157">
     <span class='ocr_line' id='line_1_86' title="bbox 962 2119 1755 2157; baseline -0.003 -8"><span class='ocrx_word' id='word_1_675' title='bbox 962 2130 1044 2149; x_wconf 88' lang='lat' dir='ltr'><strong>mus:</strong></span> <span class='ocrx_word' id='word_1_676' title='bbox 1062 2121 1189 2157; x_wconf 74' lang='lat' dir='ltr'><strong>Cognovit</strong></span> <span class='ocrx_word' id='word_1_677' title='bbox 1210 2121 1338 2148; x_wconf 75' lang='lat' dir='ltr'><strong>Dominus</strong></span> <span class='ocrx_word' id='word_1_678' title='bbox 1356 2122 1400 2157; x_wconf 83' lang='lat' dir='ltr'><strong>qui</strong></span> <span class='ocrx_word' id='word_1_679' title='bbox 1417 2127 1476 2148; x_wconf 73' lang='lat' dir='ltr'><strong>sunt</strong></span> <span class='ocrx_word' id='word_1_680' title='bbox 1493 2120 1549 2156; x_wconf 80' lang='lat' dir='ltr'><strong>ejus</strong></span> <span class='ocrx_word' id='word_1_681' title='bbox 1560 2121 1582 2148; x_wconf 78' lang='lat'><strong>°.</strong></span> <span class='ocrx_word' id='word_1_682' title='bbox 1605 2119 1663 2147; x_wconf 88' lang='lat' dir='ltr'><strong>Non</strong></span> <span class='ocrx_word' id='word_1_683' title='bbox 1682 2120 1755 2154; x_wconf 86' lang='lat' dir='ltr'><strong>quod</strong></span> 
     </span>
    </p>
   </div>
   <div class='ocr_carea' id='block_1_87' title="bbox 962 2165 1755 2203">
    <p class='ocr_par' dir='ltr' id='par_1_87' title="bbox 962 2165 1755 2203">
     <span class='ocr_line' id='line_1_87' title="bbox 962 2165 1755 2203; baseline -0.005 -8"><span class='ocrx_word' id='word_1_684' title='bbox 962 2175 1010 2195; x_wconf 86' lang='lat' dir='ltr'><strong>eos</strong></span> <span class='ocrx_word' id='word_1_685' title='bbox 1024 2167 1139 2203; x_wconf 75' lang='lat' dir='ltr'><strong>ignoret,</strong></span> <span class='ocrx_word' id='word_1_686' title='bbox 1155 2167 1202 2202; x_wconf 88' lang='lat' dir='ltr'><strong>qui</strong></span> <span class='ocrx_word' id='word_1_687' title='bbox 1219 2167 1261 2194; x_wconf 88' lang='lat' dir='ltr'><strong>sui</strong></span> <span class='ocrx_word' id='word_1_688' title='bbox 1277 2175 1331 2193; x_wconf 92' lang='lat' dir='ltr'><strong>non</strong></span> <span class='ocrx_word' id='word_1_689' title='bbox 1347 2171 1422 2198; x_wconf 88' lang='lat' dir='ltr'><strong>sunt,</strong></span> <span class='ocrx_word' id='word_1_690' title='bbox 1438 2166 1485 2193; x_wconf 89' lang='lat' dir='ltr'><strong>sed</strong></span> <span class='ocrx_word' id='word_1_691' title='bbox 1503 2165 1603 2192; x_wconf 65' lang='lat' dir='ltr'><strong>divinm</strong></span> <span class='ocrx_word' id='word_1_692' title='bbox 1620 2165 1755 2200; x_wconf 81' lang='lat' dir='ltr'><strong>cognitio-</strong></span> 
     </span>
    </p>
   </div>
   <div class='ocr_carea' id='block_1_88' title="bbox 963 2211 1754 2247">
    <p class='ocr_par' dir='ltr' id='par_1_88' title="bbox 963 2211 1754 2247">
     <span class='ocr_line' id='line_1_88' title="bbox 963 2211 1754 2247; baseline -0.004 -7"><span class='ocrx_word' id='word_1_693' title='bbox 963 2212 1006 2240; x_wconf 87' lang='lat' dir='ltr'><strong>nis</strong></span> <span class='ocrx_word' id='word_1_694' title='bbox 1030 2220 1061 2239; x_wconf 88' lang='lat' dir='ltr'><strong>ac</strong></span> <span class='ocrx_word' id='word_1_695' title='bbox 1087 2212 1266 2247; x_wconf 71' lang='lat' dir='ltr'><strong>perfectionis</strong></span> <span class='ocrx_word' id='word_1_696' title='bbox 1291 2213 1332 2239; x_wconf 83' lang='lat' dir='ltr'><strong>vis</strong></span> <span class='ocrx_word' id='word_1_697' title='bbox 1356 2215 1383 2239; x_wconf 89' lang='lat' dir='ltr'><strong>et</strong></span> <span class='ocrx_word' id='word_1_698' title='bbox 1414 2211 1558 2239; x_wconf 78' lang='lat' dir='ltr'><strong>eliiracitas</strong></span> <span class='ocrx_word' id='word_1_699' title='bbox 1581 2211 1754 2246; x_wconf 80' lang='lat' dir='ltr'><strong>exprimitur.</strong></span> 
     </span>
    </p>
   </div>
   <div class='ocr_carea' id='block_1_89' title="bbox 119 2256 907 2297">
    <p class='ocr_par' dir='ltr' id='par_1_89' title="bbox 119 2260 907 2297">
     <span class='ocr_line' id='line_1_89' title="bbox 119 2260 907 2297; baseline -0.004 -8"><span class='ocrx_word' id='word_1_700' title='bbox 119 2262 272 2297; x_wconf 73' lang='grc' dir='ltr'>πρακτικὸν</span> <span class='ocrx_word' id='word_1_701' title='bbox 293 2263 340 2289; x_wconf 81' lang='grc' dir='ltr'><strong>ἀπ’</strong></span> <span class='ocrx_word' id='word_1_702' title='bbox 362 2261 454 2290; x_wconf 79' lang='grc' dir='ltr'>αὐτῶν</span> <span class='ocrx_word' id='word_1_703' title='bbox 470 2263 586 2297; x_wconf 86' lang='grc' dir='ltr'>ἀναιρεῖ.</span> <span class='ocrx_word' id='word_1_704' title='bbox 604 2262 659 2288; x_wconf 76' lang='grc' dir='ltr'><strong>Καὶ</strong></span> <span class='ocrx_word' id='word_1_705' title='bbox 673 2262 702 2288; x_wconf 81' lang='grc' dir='ltr'>ὲν</span> <span class='ocrx_word' id='word_1_706' title='bbox 718 2260 792 2295; x_wconf 76' lang='grc' dir='ltr'>ἄλλῳ</span> <span class='ocrx_word' id='word_1_707' title='bbox 811 2260 888 2295; x_wconf 81' lang='grc' dir='ltr'>τόπῳ</span> <span class='ocrx_word' id='word_1_708' title='bbox 901 2268 907 2276; x_wconf 93' lang='grc'>·</span> 
     </span>
    </p>
   </div>
   <div class='ocr_carea' id='block_1_90' title="bbox 959 2256 1756 2297">
    <p class='ocr_par' dir='ltr' id='par_1_90' title="bbox 963 2256 1756 2291">
     <span class='ocr_line' id='line_1_90' title="bbox 963 2256 1756 2291; baseline -0.003 -7"><span class='ocrx_word' id='word_1_709' title='bbox 963 2259 1028 2285; x_wconf 87' lang='lat' dir='ltr'><strong>Item</strong></span> <span class='ocrx_word' id='word_1_710' title='bbox 1054 2257 1122 2284; x_wconf 90' lang='lat' dir='ltr'><strong>illud</strong></span> <span class='ocrx_word' id='word_1_711' title='bbox 1140 2267 1146 2285; x_wconf 90' lang='lat'><strong>:</strong></span> <span class='ocrx_word' id='word_1_712' title='bbox 1164 2257 1297 2285; x_wconf 73' lang='lat' dir='ltr'><strong>Discedite</strong></span> <span class='ocrx_word' id='word_1_713' title='bbox 1322 2266 1339 2283; x_wconf 83' lang='grc' dir='ltr'><strong>ιι</strong></span> <span class='ocrx_word' id='word_1_714' title='bbox 1359 2265 1416 2289; x_wconf 85' lang='lat' dir='ltr'><strong>me,</strong></span> <span class='ocrx_word' id='word_1_715' title='bbox 1438 2256 1553 2291; x_wconf 74' lang='lat' dir='ltr'><strong>operarii</strong></span> <span class='ocrx_word' id='word_1_716' title='bbox 1580 2256 1727 2291; x_wconf 77' lang='lat' dir='ltr'><strong>iniquitatis</strong></span> <span class='ocrx_word' id='word_1_717' title='bbox 1746 2265 1756 2283; x_wconf 91' lang='lat'><strong><em>:</em></strong></span> 
     </span>
    </p>
   </div>
   <div class='ocr_carea' id='block_1_91' title="bbox 124 2305 910 2343">
    <p class='ocr_par' dir='ltr' id='par_1_91' title="bbox 124 2305 910 2343">
     <span class='ocr_line' id='line_1_91' title="bbox 124 2305 910 2343; baseline -0.004 -9"><span class='ocrx_word' id='word_1_718' title='bbox 124 2307 212 2343; x_wconf 79' lang='grc' dir='ltr'>Ὺμᾶς</span> <span class='ocrx_word' id='word_1_719' title='bbox 228 2308 325 2343; x_wconf 76' lang='grc' dir='ltr'>ἔγνων</span> <span class='ocrx_word' id='word_1_720' title='bbox 340 2307 374 2334; x_wconf 79' lang='grc' dir='ltr'><strong>ἐκ</strong></span> <span class='ocrx_word' id='word_1_721' title='bbox 391 2307 512 2336; x_wconf 79' lang='grc' dir='ltr'>πάντων·</span> <span class='ocrx_word' id='word_1_722' title='bbox 523 2306 629 2335; x_wconf 82' lang='grc' dir='ltr'>ἐθνῶν.</span> <span class='ocrx_word' id='word_1_723' title='bbox 647 2305 722 2342; x_wconf 74' lang='grc' dir='ltr'><strong>τΑρσ.</strong></span> <span class='ocrx_word' id='word_1_724' title='bbox 733 2306 788 2342; x_wconf 81' lang='grc' dir='ltr'>γὰρ</span> <span class='ocrx_word' id='word_1_725' title='bbox 799 2305 834 2332; x_wconf 79' lang='grc' dir='ltr'>τὰ</span> <span class='ocrx_word' id='word_1_726' title='bbox 846 2305 910 2340; x_wconf 73' lang='grc' dir='ltr'>ἔθνη</span> 
     </span>
    </p>
   </div>
   <div class='ocr_carea' id='block_1_92' title="bbox 119 2349 911 2388">
    <p class='ocr_par' dir='ltr' id='par_1_92' title="bbox 119 2349 911 2388">
     <span class='ocr_line' id='line_1_92' title="bbox 119 2349 911 2388; baseline -0.004 -9"><span class='ocrx_word' id='word_1_727' title='bbox 119 2353 210 2380; x_wconf 69' lang='grc' dir='ltr'>πάντα</span> <span class='ocrx_word' id='word_1_728' title='bbox 223 2372 230 2384; x_wconf 85' lang='grc'><strong>,</strong></span> <span class='ocrx_word' id='word_1_729' title='bbox 243 2353 291 2379; x_wconf 67' lang='grc' dir='ltr'>καὶ</span> <span class='ocrx_word' id='word_1_730' title='bbox 302 2353 317 2379; x_wconf 84' lang='grc' dir='ltr'><strong>ὀ</strong></span> <span class='ocrx_word' id='word_1_731' title='bbox 334 2352 451 2388; x_wconf 66' lang='grc' dir='ltr'>ἀριθμὺς</span> <span class='ocrx_word' id='word_1_732' title='bbox 467 2352 557 2387; x_wconf 75' lang='grc' dir='ltr'>πάσης</span> <span class='ocrx_word' id='word_1_733' title='bbox 572 2351 784 2387; x_wconf 81' lang='grc' dir='ltr'>ἀνθρωπότητος</span> <span class='ocrx_word' id='word_1_734' title='bbox 795 2349 849 2377; x_wconf 82' lang='grc' dir='ltr'><strong>ἀπὸ</strong></span> <span class='ocrx_word' id='word_1_735' title='bbox 858 2350 911 2385; x_wconf 83' lang='grc' dir='ltr'>τῆς</span> 
     </span>
    </p>
   </div>
   <div class='ocr_carea' id='block_1_93' title="bbox 119 2396 910 2435">
    <p class='ocr_par' dir='ltr' id='par_1_93' title="bbox 119 2396 910 2435">
     <span class='ocr_line' id='line_1_93' title="bbox 119 2396 910 2435; baseline -0.004 -10"><span class='ocrx_word' id='word_1_736' title='bbox 119 2398 203 2425; x_wconf 80' lang='grc' dir='ltr'>αὐτοῦ</span> <span class='ocrx_word' id='word_1_737' title='bbox 224 2397 352 2431; x_wconf 84' lang='grc' dir='ltr'>γνώσεως</span> <span class='ocrx_word' id='word_1_738' title='bbox 374 2398 604 2434; x_wconf 75' lang='grc' dir='ltr'>παραλέλειπταις</span> <span class='ocrx_word' id='word_1_739' title='bbox 620 2397 675 2424; x_wconf 80' lang='grc' dir='ltr'>Καὶ</span> <span class='ocrx_word' id='word_1_740' title='bbox 688 2397 749 2432; x_wconf 78' lang='grc' dir='ltr'><strong>οὐχὶ</strong></span> <span class='ocrx_word' id='word_1_741' title='bbox 762 2396 863 2435; x_wconf 79' lang='grc' dir='ltr'>μᾶλλον</span> <span class='ocrx_word' id='word_1_742' title='bbox 881 2396 910 2422; x_wconf 85' lang='grc' dir='ltr'>αἱ</span> 
     </span>
    </p>
   </div>
   <div class='ocr_carea' id='block_1_94' title="bbox 119 2441 912 2479">
    <p class='ocr_par' dir='ltr' id='par_1_94' title="bbox 119 2441 912 2479">
     <span class='ocr_line' id='line_1_94' title="bbox 119 2441 912 2479; baseline -0.001 -10"><span class='ocrx_word' id='word_1_743' title='bbox 119 2443 213 2478; x_wconf 85' lang='grc' dir='ltr'>τρίχες</span> <span class='ocrx_word' id='word_1_744' title='bbox 226 2442 346 2479; x_wconf 79' lang='grc' dir='ltr'>ἑκάστης</span> <span class='ocrx_word' id='word_1_745' title='bbox 357 2443 478 2478; x_wconf 77' lang='grc' dir='ltr'>κεφαλῆς</span> <span class='ocrx_word' id='word_1_746' title='bbox 490 2442 648 2478; x_wconf 69' lang='grc' dir='ltr'>ἀνθρώπου,</span> <span class='ocrx_word' id='word_1_747' title='bbox 658 2442 712 2469; x_wconf 84' lang='grc' dir='ltr'><strong>τῶν</strong></span> <span class='ocrx_word' id='word_1_748' title='bbox 727 2450 757 2469; x_wconf 87' lang='grc' dir='ltr'><strong>τε</strong></span> <span class='ocrx_word' id='word_1_749' title='bbox 769 2441 843 2477; x_wconf 85' lang='grc' dir='ltr'><strong>αὑτῷ</strong></span> <span class='ocrx_word' id='word_1_750' title='bbox 854 2442 912 2468; x_wconf 88' lang='grc' dir='ltr'>δου-</span> 
     </span>
    </p>
   </div>
   <div class='ocr_carea' id='block_1_95' title="bbox 119 2488 910 2525">
    <p class='ocr_par' dir='ltr' id='par_1_95' title="bbox 119 2488 910 2525">
     <span class='ocr_line' id='line_1_95' title="bbox 119 2488 910 2525; baseline 0 -10"><span class='ocrx_word' id='word_1_751' title='bbox 119 2489 253 2516; x_wconf 79' lang='grc' dir='ltr'>λευόντων</span> <span class='ocrx_word' id='word_1_752' title='bbox 265 2490 312 2516; x_wconf 68' lang='grc' dir='ltr'><strong>καὶ</strong></span> <span class='ocrx_word' id='word_1_753' title='bbox 323 2490 378 2516; x_wconf 84' lang='grc' dir='ltr'>τῶν</span> <span class='ocrx_word' id='word_1_754' title='bbox 393 2489 468 2525; x_wconf 84' lang='grc' dir='ltr'>αὐτῷ</span> <span class='ocrx_word' id='word_1_755' title='bbox 477 2489 661 2517; x_wconf 80' lang='grc' dir='ltr'>ἀπειθούντων</span> <span class='ocrx_word' id='word_1_756' title='bbox 671 2489 701 2515; x_wconf 79' lang='grc' dir='ltr'>οὐ</span> <span class='ocrx_word' id='word_1_757' title='bbox 713 2488 893 2524; x_wconf 86' lang='grc' dir='ltr'>γινώσκονται</span> <span class='ocrx_word' id='word_1_758' title='bbox 903 2497 910 2522; x_wconf 87' lang='grc'>;</span> 
     </span>
    </p>
   </div>
   <div class='ocr_carea' id='block_1_96' title="bbox 120 2532 912 2571">
    <p class='ocr_par' dir='ltr' id='par_1_96' title="bbox 120 2532 912 2571">
     <span class='ocr_line' id='line_1_96' title="bbox 120 2532 912 2571; baseline -0.003 -9"><span class='ocrx_word' id='word_1_759' title='bbox 120 2535 176 2562; x_wconf 69' lang='grc' dir='ltr'><strong>Καὶ</strong></span> <span class='ocrx_word' id='word_1_760' title='bbox 193 2535 283 2568; x_wconf 79' lang='grc' dir='ltr'>ὁδοὺς</span> <span class='ocrx_word' id='word_1_761' title='bbox 295 2535 349 2571; x_wconf 81' lang='grc' dir='ltr'>γὰρ</span> <span class='ocrx_word' id='word_1_762' title='bbox 364 2535 417 2568; x_wconf 89' lang='grc' dir='ltr'>τὰς</span> <span class='ocrx_word' id='word_1_763' title='bbox 436 2535 470 2562; x_wconf 77' lang='grc' dir='ltr'><strong><em>ἐκ</em></strong></span> <span class='ocrx_word' id='word_1_764' title='bbox 491 2534 599 2567; x_wconf 78' lang='grc' dir='ltr'>δεξιῶν</span> <span class='ocrx_word' id='word_1_765' title='bbox 617 2534 698 2561; x_wconf 78' lang='grc' dir='ltr'>οἶδεν</span> <span class='ocrx_word' id='word_1_766' title='bbox 712 2535 728 2561; x_wconf 83' lang='grc' dir='ltr'><em>ό</em></span> <span class='ocrx_word' id='word_1_767' title='bbox 744 2533 825 2566; x_wconf 84' lang='grc' dir='ltr'>Θεός.</span> <span class='ocrx_word' id='word_1_768' title='bbox 839 2532 912 2569; x_wconf 72' lang='grc' dir='ltr'><strong>τΑρα</strong></span> 
     </span>
    </p>
   </div>
   <div class='ocr_carea' id='block_1_97' title="bbox 120 2580 911 2618">
    <p class='ocr_par' dir='ltr' id='par_1_97' title="bbox 120 2580 911 2618">
     <span class='ocr_line' id='line_1_97' title="bbox 120 2580 911 2618; baseline -0.004 -9"><span class='ocrx_word' id='word_1_769' title='bbox 120 2582 176 2618; x_wconf 85' lang='grc' dir='ltr'><strong>γὰρ</strong></span> <span class='ocrx_word' id='word_1_770' title='bbox 193 2583 286 2616; x_wconf 79' lang='grc' dir='ltr'>ἀγνοεῖ</span> <span class='ocrx_word' id='word_1_771' title='bbox 308 2581 358 2613; x_wconf 84' lang='grc' dir='ltr'><strong>τὰς</strong></span> <span class='ocrx_word' id='word_1_772' title='bbox 377 2581 407 2614; x_wconf 74' lang='grc' dir='ltr'><strong>ἐξ</strong></span> <span class='ocrx_word' id='word_1_773' title='bbox 429 2581 602 2617; x_wconf 74' lang='grc' dir='ltr'>ἀριστερῶν;</span> <span class='ocrx_word' id='word_1_774' title='bbox 621 2581 675 2607; x_wconf 77' lang='grc' dir='ltr'><strong>Καὶ</strong></span> <span class='ocrx_word' id='word_1_775' title='bbox 693 2580 762 2607; x_wconf 83' lang='grc' dir='ltr'>πόσα</span> <span class='ocrx_word' id='word_1_776' title='bbox 782 2580 841 2607; x_wconf 77' lang='grc' dir='ltr'>ἐστὶ</span> <span class='ocrx_word' id='word_1_777' title='bbox 856 2589 911 2607; x_wconf 85' lang='grc' dir='ltr'>τοι-</span> 
     </span>
    </p>
   </div>
   <div class='ocr_carea' id='block_1_98' title="bbox 120 2625 749 2663">
    <p class='ocr_par' dir='ltr' id='par_1_98' title="bbox 120 2625 749 2663">
     <span class='ocr_line' id='line_1_98' title="bbox 120 2625 749 2663; baseline -0.006 -8"><span class='ocrx_word' id='word_1_778' title='bbox 120 2628 192 2655; x_wconf 81' lang='grc' dir='ltr'>αῦτα</span> <span class='ocrx_word' id='word_1_779' title='bbox 209 2629 294 2655; x_wconf 80' lang='grc' dir='ltr'>εἰπεῖν</span> <span class='ocrx_word' id='word_1_780' title='bbox 316 2627 380 2663; x_wconf 78' lang='grc' dir='ltr'>περὶ</span> <span class='ocrx_word' id='word_1_781' title='bbox 395 2627 525 2662; x_wconf 82' lang='grc' dir='ltr'>είδήσεως</span> <span class='ocrx_word' id='word_1_782' title='bbox 542 2626 588 2652; x_wconf 75' lang='grc' dir='ltr'>καὶ</span> <span class='ocrx_word' id='word_1_783' title='bbox 603 2625 749 2660; x_wconf 77' lang='grc' dir='ltr'>είδήσεως;</span> 
     </span>
    </p>
   </div>
   <div class='ocr_carea' id='block_1_99' title="bbox 964 2302 1757 2339">
    <p class='ocr_par' dir='ltr' id='par_1_99' title="bbox 964 2302 1757 2339">
     <span class='ocr_line' id='line_1_99' title="bbox 964 2302 1757 2339; baseline -0.001 -8"><span class='ocrx_word' id='word_1_784' title='bbox 964 2304 1051 2331; x_wconf 72' lang='lat' dir='ltr'><strong>nescio</strong></span> <span class='ocrx_word' id='word_1_785' title='bbox 1067 2312 1110 2330; x_wconf 70' lang='lat' dir='ltr'><strong>non</strong></span> <span class='ocrx_word' id='word_1_786' title='bbox 1123 2303 1156 2331; x_wconf 86' lang='grc'><strong>¹⁰.</strong></span> <span class='ocrx_word' id='word_1_787' title='bbox 1168 2303 1238 2330; x_wconf 84' lang='lat' dir='ltr'><strong>Num</strong></span> <span class='ocrx_word' id='word_1_788' title='bbox 1259 2303 1332 2335; x_wconf 90' lang='lat' dir='ltr'><strong>illos,</strong></span> <span class='ocrx_word' id='word_1_789' title='bbox 1347 2303 1419 2339; x_wconf 78' lang='lat' dir='ltr'><strong>quod</strong></span> <span class='ocrx_word' id='word_1_790' title='bbox 1439 2303 1473 2331; x_wconf 88' lang='lat' dir='ltr'><strong>ad</strong></span> <span class='ocrx_word' id='word_1_791' title='bbox 1484 2302 1668 2338; x_wconf 80' lang='lat' dir='ltr'><strong>cognitionem</strong></span> <span class='ocrx_word' id='word_1_792' title='bbox 1694 2304 1757 2330; x_wconf 44' lang='lat' dir='ltr'><strong>alti.</strong></span> 
     </span>
    </p>
   </div>
   <div class='ocr_carea' id='block_1_100' title="bbox 964 2347 1756 2385">
    <p class='ocr_par' dir='ltr' id='par_1_100' title="bbox 964 2347 1756 2385">
     <span class='ocr_line' id='line_1_100' title="bbox 964 2347 1756 2385; baseline -0.003 -8"><span class='ocrx_word' id='word_1_793' title='bbox 964 2352 1020 2381; x_wconf 85' lang='lat' dir='ltr'><strong>net,</strong></span> <span class='ocrx_word' id='word_1_794' title='bbox 1039 2349 1198 2377; x_wconf 86' lang='lat' dir='ltr'><strong>nesciebat?</strong></span> <span class='ocrx_word' id='word_1_795' title='bbox 1214 2348 1265 2376; x_wconf 88' lang='lat' dir='ltr'><strong>Sed</strong></span> <span class='ocrx_word' id='word_1_796' title='bbox 1286 2349 1428 2381; x_wconf 89' lang='lat' dir='ltr'><strong>nimirum,</strong></span> <span class='ocrx_word' id='word_1_797' title='bbox 1441 2348 1514 2385; x_wconf 88' lang='lat' dir='ltr'><strong>quod</strong></span> <span class='ocrx_word' id='word_1_798' title='bbox 1529 2348 1589 2384; x_wconf 89' lang='lat' dir='ltr'><strong>ipso</strong></span> <span class='ocrx_word' id='word_1_799' title='bbox 1610 2347 1684 2382; x_wconf 76' lang='lat' dir='ltr'><strong>digni</strong></span> <span class='ocrx_word' id='word_1_800' title='bbox 1702 2355 1756 2375; x_wconf 88' lang='lat' dir='ltr'><strong>non</strong></span> 
     </span>
    </p>
   </div>
   <div class='ocr_carea' id='block_1_101' title="bbox 963 2394 1752 2431">
    <p class='ocr_par' dir='ltr' id='par_1_101' title="bbox 963 2394 1752 2431">
     <span class='ocr_line' id='line_1_101' title="bbox 963 2394 1752 2431; baseline -0.001 -9"><span class='ocrx_word' id='word_1_801' title='bbox 963 2400 1052 2428; x_wconf 85' lang='lat' dir='ltr'><strong>erant,</strong></span> <span class='ocrx_word' id='word_1_802' title='bbox 1067 2395 1232 2431; x_wconf 81' lang='lat' dir='ltr'><strong>cognitionis</strong></span> <span class='ocrx_word' id='word_1_803' title='bbox 1245 2395 1318 2423; x_wconf 91' lang='lat' dir='ltr'><strong>illius</strong></span> <span class='ocrx_word' id='word_1_804' title='bbox 1329 2394 1503 2423; x_wconf 74' lang='lat' dir='ltr'><strong>efficientiam</strong></span> <span class='ocrx_word' id='word_1_805' title='bbox 1519 2401 1552 2422; x_wconf 92' lang='lat' dir='ltr'><strong>eo</strong></span> <span class='ocrx_word' id='word_1_806' title='bbox 1565 2394 1648 2421; x_wconf 80' lang='lat' dir='ltr'><strong>verbo</strong></span> <span class='ocrx_word' id='word_1_807' title='bbox 1664 2397 1752 2422; x_wconf 90' lang='lat' dir='ltr'><strong>sustu-</strong></span> 
     </span>
    </p>
   </div>
   <div class='ocr_carea' id='block_1_102' title="bbox 963 2441 1758 2477">
    <p class='ocr_par' dir='ltr' id='par_1_102' title="bbox 963 2441 1758 2477">
     <span class='ocr_line' id='line_1_102' title="bbox 963 2441 1758 2477; baseline -0.003 -8"><span class='ocrx_word' id='word_1_808' title='bbox 963 2442 1003 2470; x_wconf 89' lang='lat' dir='ltr'><strong>lit.</strong></span> <span class='ocrx_word' id='word_1_809' title='bbox 1024 2441 1065 2470; x_wconf 80' lang='lat' dir='ltr'><strong>Ad</strong></span> <span class='ocrx_word' id='word_1_810' title='bbox 1082 2442 1139 2470; x_wconf 69' lang='lat' dir='ltr'><strong>hzee</strong></span> <span class='ocrx_word' id='word_1_811' title='bbox 1157 2442 1183 2470; x_wconf 94' lang='lat' dir='ltr'><strong>in</strong></span> <span class='ocrx_word' id='word_1_812' title='bbox 1196 2442 1250 2469; x_wconf 90' lang='lat' dir='ltr'><strong>alio</strong></span> <span class='ocrx_word' id='word_1_813' title='bbox 1271 2443 1330 2470; x_wconf 89' lang='lat' dir='ltr'><strong>loco</strong></span> <span class='ocrx_word' id='word_1_814' title='bbox 1347 2451 1354 2470; x_wconf 89' lang='lat'><strong>:</strong></span> <span class='ocrx_word' id='word_1_815' title='bbox 1381 2442 1443 2475; x_wconf 76' lang='lat' dir='ltr'><strong>Vos,</strong></span> <span class='ocrx_word' id='word_1_816' title='bbox 1461 2442 1559 2477; x_wconf 84' lang='lat' dir='ltr'><strong>inquit,</strong></span> <span class='ocrx_word' id='word_1_817' title='bbox 1575 2441 1634 2468; x_wconf 81' lang='lat' dir='ltr'><strong>novi</strong></span> <span class='ocrx_word' id='word_1_818' title='bbox 1650 2448 1683 2468; x_wconf 73' lang='lat' dir='ltr'><strong>ex</strong></span> <span class='ocrx_word' id='word_1_819' title='bbox 1700 2449 1758 2467; x_wconf 80' lang='lat' dir='ltr'><strong>ont-</strong></span> 
     </span>
    </p>
   </div>
   <div class='ocr_carea' id='block_1_103' title="bbox 963 2487 1758 2524">
    <p class='ocr_par' dir='ltr' id='par_1_103' title="bbox 963 2487 1758 2524">
     <span class='ocr_line' id='line_1_103' title="bbox 963 2487 1758 2524; baseline -0.004 -9"><span class='ocrx_word' id='word_1_820' title='bbox 963 2488 1041 2515; x_wconf 79' lang='lat' dir='ltr'><strong>m&#39;bus</strong></span> <span class='ocrx_word' id='word_1_821' title='bbox 1062 2488 1221 2524; x_wconf 72' lang='lat' dir='ltr'><strong>gentibus“.</strong></span> <span class='ocrx_word' id='word_1_822' title='bbox 1245 2487 1318 2515; x_wconf 91' lang='lat' dir='ltr'><strong>Itane</strong></span> <span class='ocrx_word' id='word_1_823' title='bbox 1344 2488 1424 2516; x_wconf 89' lang='lat' dir='ltr'><strong>vero?</strong></span> <span class='ocrx_word' id='word_1_824' title='bbox 1448 2487 1579 2515; x_wconf 79' lang='lat' dir='ltr'><strong>Nationes</strong></span> <span class='ocrx_word' id='word_1_825' title='bbox 1603 2494 1699 2514; x_wconf 85' lang='lat' dir='ltr'><strong>omnes</strong></span> <span class='ocrx_word' id='word_1_826' title='bbox 1726 2494 1758 2513; x_wconf 82' lang='lat' dir='ltr'><strong>ac</strong></span> 
     </span>
    </p>
   </div>
   <div class='ocr_carea' id='block_1_104' title="bbox 962 2531 1756 2570">
    <p class='ocr_par' dir='ltr' id='par_1_104' title="bbox 962 2531 1756 2570">
     <span class='ocr_line' id='line_1_104' title="bbox 962 2531 1756 2570; baseline -0.004 -10"><span class='ocrx_word' id='word_1_827' title='bbox 962 2534 1047 2561; x_wconf 89' lang='lat' dir='ltr'><strong>totius</strong></span> <span class='ocrx_word' id='word_1_828' title='bbox 1069 2534 1180 2561; x_wconf 86' lang='lat' dir='ltr'><strong>humani</strong></span> <span class='ocrx_word' id='word_1_829' title='bbox 1209 2533 1317 2570; x_wconf 85' lang='lat' dir='ltr'><strong>generis</strong></span> <span class='ocrx_word' id='word_1_830' title='bbox 1342 2533 1486 2560; x_wconf 83' lang='lat' dir='ltr'><strong>multitudo</strong></span> <span class='ocrx_word' id='word_1_831' title='bbox 1509 2533 1582 2560; x_wconf 88' lang='lat' dir='ltr'><strong>illius</strong></span> <span class='ocrx_word' id='word_1_832' title='bbox 1607 2531 1756 2568; x_wconf 77' lang='lat' dir='ltr'><strong>cognitioni</strong></span> 
     </span>
    </p>
   </div>
   <div class='ocr_carea' id='block_1_105' title="bbox 962 2577 1755 2614">
    <p class='ocr_par' dir='ltr' id='par_1_105' title="bbox 962 2577 1755 2614">
     <span class='ocr_line' id='line_1_105' title="bbox 962 2577 1755 2614; baseline -0.006 -7"><span class='ocrx_word' id='word_1_833' title='bbox 962 2579 1157 2607; x_wconf 77' lang='lat' dir='ltr'><strong>subtrahetur?</strong></span> <span class='ocrx_word' id='word_1_834' title='bbox 1180 2579 1280 2607; x_wconf 85' lang='lat' dir='ltr'><strong>Annon</strong></span> <span class='ocrx_word' id='word_1_835' title='bbox 1299 2587 1314 2606; x_wconf 88' lang='lat' dir='ltr'><strong>e</strong></span> <span class='ocrx_word' id='word_1_836' title='bbox 1330 2580 1469 2607; x_wconf 84' lang='lat' dir='ltr'><strong>contrario</strong></span> <span class='ocrx_word' id='word_1_837' title='bbox 1487 2580 1532 2606; x_wconf 79' lang='lat' dir='ltr'><strong>vel</strong></span> <span class='ocrx_word' id='word_1_838' title='bbox 1543 2579 1645 2614; x_wconf 87' lang='lat' dir='ltr'><strong>capilli,</strong></span> <span class='ocrx_word' id='word_1_839' title='bbox 1665 2577 1711 2612; x_wconf 87' lang='lat' dir='ltr'><strong>qui</strong></span> <span class='ocrx_word' id='word_1_840' title='bbox 1728 2577 1755 2602; x_wconf 90' lang='lat' dir='ltr'><strong>in</strong></span> 
     </span>
    </p>
   </div>
   <div class='ocr_carea' id='block_1_106' title="bbox 961 2624 1756 2660">
    <p class='ocr_par' dir='ltr' id='par_1_106' title="bbox 961 2624 1756 2660">
     <span class='ocr_line' id='line_1_106' title="bbox 961 2624 1756 2660; baseline -0.003 -8"><span class='ocrx_word' id='word_1_841' title='bbox 961 2625 1094 2660; x_wconf 86' lang='lat' dir='ltr'><strong>cujusque</strong></span> <span class='ocrx_word' id='word_1_842' title='bbox 1116 2624 1235 2652; x_wconf 90' lang='lat' dir='ltr'><strong>hominis</strong></span> <span class='ocrx_word' id='word_1_843' title='bbox 1259 2625 1347 2660; x_wconf 79' lang='lat' dir='ltr'><strong>rapite</strong></span> <span class='ocrx_word' id='word_1_844' title='bbox 1376 2625 1480 2658; x_wconf 79' lang='lat' dir='ltr'><strong>sunt&quot;,</strong></span> <span class='ocrx_word' id='word_1_845' title='bbox 1511 2630 1565 2652; x_wconf 76' lang='lat' dir='ltr'><strong>tam</strong></span> <span class='ocrx_word' id='word_1_846' title='bbox 1595 2630 1690 2651; x_wconf 85' lang='lat' dir='ltr'><strong>eorum</strong></span> <span class='ocrx_word' id='word_1_847' title='bbox 1710 2624 1756 2656; x_wconf 92' lang='lat' dir='ltr'><strong>qui</strong></span> 
     </span>
    </p>
   </div>
   <div class='ocr_carea' id='block_1_107' title="bbox 121 2667 1755 2711">
    <p class='ocr_par' dir='ltr' id='par_1_107' title="bbox 121 2667 1755 2711">
     <span class='ocr_line' id='line_1_107' title="bbox 121 2667 1755 2711; baseline -0.006 -7"><span class='ocrx_word' id='word_1_848' title='bbox 121 2676 173 2711; x_wconf 87' lang='lat' dir='ltr'><strong>ipsi</strong></span> <span class='ocrx_word' id='word_1_849' title='bbox 186 2675 326 2706; x_wconf 84' lang='lat' dir='ltr'><strong>serviunt,</strong></span> <span class='ocrx_word' id='word_1_850' title='bbox 346 2681 428 2709; x_wconf 80' lang='lat' dir='ltr'><strong>quant</strong></span> <span class='ocrx_word' id='word_1_851' title='bbox 450 2673 496 2708; x_wconf 88' lang='lat' dir='ltr'><strong>qui</strong></span> <span class='ocrx_word' id='word_1_852' title='bbox 521 2672 665 2708; x_wconf 89' lang='lat' dir='ltr'><strong>imperium</strong></span> <span class='ocrx_word' id='word_1_853' title='bbox 695 2671 856 2705; x_wconf 85' lang='lat' dir='ltr'><strong>detrectant,</strong></span> <span class='ocrx_word' id='word_1_854' title='bbox 878 2672 912 2699; x_wconf 83' lang='lat' dir='ltr'><strong>ab</strong></span> <span class='ocrx_word' id='word_1_855' title='bbox 926 2672 1022 2700; x_wconf 84' lang='lat' dir='ltr'><strong>eodem</strong></span> <span class='ocrx_word' id='word_1_856' title='bbox 1049 2673 1096 2700; x_wconf 94' lang='lat' dir='ltr'><strong>illo</strong></span> <span class='ocrx_word' id='word_1_857' title='bbox 1123 2671 1291 2700; x_wconf 86' lang='lat' dir='ltr'><strong>noscuntur?</strong></span> <span class='ocrx_word' id='word_1_858' title='bbox 1326 2671 1411 2699; x_wconf 86' lang='lat' dir='ltr'><strong>item:</strong></span> <span class='ocrx_word' id='word_1_859' title='bbox 1441 2670 1503 2698; x_wconf 78' lang='lat' dir='ltr'><strong>Viris</strong></span> <span class='ocrx_word' id='word_1_860' title='bbox 1527 2677 1585 2705; x_wconf 71' lang='lat' dir='ltr'><strong>qum</strong></span> <span class='ocrx_word' id='word_1_861' title='bbox 1614 2677 1630 2695; x_wconf 90' lang='lat' dir='ltr'><strong>a</strong></span> <span class='ocrx_word' id='word_1_862' title='bbox 1653 2667 1755 2695; x_wconf 71' lang='lat' dir='ltr'><strong>dextris</strong></span> 
     </span>
    </p>
   </div>
   <div class='ocr_carea' id='block_1_108' title="bbox 120 2717 1752 2755">
    <p class='ocr_par' dir='ltr' id='par_1_108' title="bbox 120 2717 1752 2755">
     <span class='ocr_line' id='line_1_108' title="bbox 120 2717 1752 2755; baseline -0.005 -4"><span class='ocrx_word' id='word_1_863' title='bbox 120 2728 182 2751; x_wconf 72' lang='lat' dir='ltr'><strong>sunt</strong></span> <span class='ocrx_word' id='word_1_864' title='bbox 210 2722 280 2749; x_wconf 83' lang='lat' dir='ltr'><strong>novit</strong></span> <span class='ocrx_word' id='word_1_865' title='bbox 306 2722 373 2749; x_wconf 83' lang='lat' dir='ltr'><strong>Deus</strong></span> <span class='ocrx_word' id='word_1_866' title='bbox 391 2722 422 2749; x_wconf 78' lang='lat'><strong>“.</strong></span> <span class='ocrx_word' id='word_1_867' title='bbox 443 2721 513 2748; x_wconf 81' lang='lat' dir='ltr'><strong>Num</strong></span> <span class='ocrx_word' id='word_1_868' title='bbox 539 2720 809 2755; x_wconf 66' lang='lat' dir='ltr'><strong>sinistrasignorat?</strong></span> <span class='ocrx_word' id='word_1_869' title='bbox 833 2719 919 2752; x_wconf 81' lang='lat' dir='ltr'><strong>Quam</strong></span> <span class='ocrx_word' id='word_1_870' title='bbox 936 2720 1021 2747; x_wconf 88' lang='lat' dir='ltr'><strong>multa</strong></span> <span class='ocrx_word' id='word_1_871' title='bbox 1038 2719 1064 2747; x_wconf 89' lang='lat' dir='ltr'><strong>id</strong></span> <span class='ocrx_word' id='word_1_872' title='bbox 1078 2727 1164 2754; x_wconf 79' lang='lat' dir='ltr'><strong>genus</strong></span> <span class='ocrx_word' id='word_1_873' title='bbox 1179 2719 1212 2747; x_wconf 89' lang='lat' dir='ltr'><strong>de</strong></span> <span class='ocrx_word' id='word_1_874' title='bbox 1229 2719 1417 2754; x_wconf 81' lang='lat' dir='ltr'><strong>cognitionum</strong></span> <span class='ocrx_word' id='word_1_875' title='bbox 1445 2717 1604 2745; x_wconf 81' lang='lat' dir='ltr'><strong>discrimine</strong></span> <span class='ocrx_word' id='word_1_876' title='bbox 1631 2722 1752 2743; x_wconf 80' lang='lat' dir='ltr'><strong>commc-</strong></span> 
     </span>
    </p>
   </div>
   <div class='ocr_carea' id='block_1_109' title="bbox 121 2768 373 2803">
    <p class='ocr_par' dir='ltr' id='par_1_109' title="bbox 121 2768 373 2803">
     <span class='ocr_line' id='line_1_109' title="bbox 121 2768 373 2803; baseline -0.008 -7"><span class='ocrx_word' id='word_1_877' title='bbox 121 2768 225 2796; x_wconf 72' lang='lat' dir='ltr'><strong>morari</strong></span> <span class='ocrx_word' id='word_1_878' title='bbox 242 2768 373 2803; x_wconf 83' lang='lat' dir='ltr'><strong>possunt?</strong></span> 
     </span>
    </p>
   </div>
   <div class='ocr_carea' id='block_1_110' title="bbox 160 2845 914 2880">
    <p class='ocr_par' dir='ltr' id='par_1_110' title="bbox 160 2845 914 2880">
     <span class='ocr_line' id='line_1_110' title="bbox 160 2845 914 2880; baseline -0.007 -5"><span class='ocrx_word' id='word_1_879' title='bbox 160 2849 167 2864; x_wconf 87' lang='lat'>&#39;</span> <span class='ocrx_word' id='word_1_880' title='bbox 183 2848 215 2875; x_wconf 86' lang='lat' dir='ltr'><strong>F.</strong></span> <span class='ocrx_word' id='word_1_881' title='bbox 231 2848 330 2875; x_wconf 78' lang='grc' dir='ltr'>τοίνυν.</span> <span class='ocrx_word' id='word_1_882' title='bbox 370 2848 379 2863; x_wconf 82' lang='grc'><strong>¹</strong></span> <span class='ocrx_word' id='word_1_883' title='bbox 398 2847 462 2875; x_wconf 89' lang='lat' dir='ltr'><strong>Cor.</strong></span> <span class='ocrx_word' id='word_1_884' title='bbox 481 2847 593 2880; x_wconf 71' lang='grc' dir='ltr'>ἑννοίας.</span> <span class='ocrx_word' id='word_1_885' title='bbox 634 2847 644 2862; x_wconf 85' lang='grc'>³</span> <span class='ocrx_word' id='word_1_886' title='bbox 661 2845 724 2873; x_wconf 81' lang='lat' dir='ltr'><strong>Cor.</strong></span> <span class='ocrx_word' id='word_1_887' title='bbox 745 2845 914 2880; x_wconf 56' lang='grc' dir='ltr'>ἀγνοοῦντος,</span> 
     </span>
    </p>
   </div>
   <div class='ocr_carea' id='block_1_111' title="bbox 124 2884 263 2919">
    <p class='ocr_par' dir='ltr' id='par_1_111' title="bbox 124 2884 263 2919">
     <span class='ocr_line' id='line_1_111' title="bbox 124 2884 263 2919; baseline -0.014 -7"><span class='ocrx_word' id='word_1_888' title='bbox 124 2893 145 2915; x_wconf 85' lang='grc' dir='ltr'>ι.</span> <span class='ocrx_word' id='word_1_889' title='bbox 164 2884 181 2911; x_wconf 72' lang='grc'>2</span> <span class='ocrx_word' id='word_1_890' title='bbox 203 2892 263 2919; x_wconf 81' lang='lat' dir='ltr'><strong>sqq.</strong></span> 
     </span>
    </p>
   </div>
   <div class='ocr_carea' id='block_1_112' title="bbox 121 2918 482 2954">
    <p class='ocr_par' dir='ltr' id='par_1_112' title="bbox 121 2918 482 2954">
     <span class='ocr_line' id='line_1_112' title="bbox 121 2918 482 2954; baseline -0.011 -6"><span class='ocrx_word' id='word_1_891' title='bbox 121 2927 172 2954; x_wconf 71' lang='lat' dir='ltr'><strong>sit,</strong></span> <span class='ocrx_word' id='word_1_892' title='bbox 187 2920 212 2948; x_wconf 91' lang='grc'><strong>¹1.</strong></span> <span class='ocrx_word' id='word_1_893' title='bbox 228 2918 233 2919; x_wconf 57' lang='grc'><strong><em>⁷</em></strong></span> <span class='ocrx_word' id='word_1_894' title='bbox 253 2919 274 2935; x_wconf 76' lang='grc'><strong>⁸³</strong></span> <span class='ocrx_word' id='word_1_895' title='bbox 295 2918 373 2947; x_wconf 87' lang='lat' dir='ltr'><strong>Prov.</strong></span> <span class='ocrx_word' id='word_1_896' title='bbox 390 2927 426 2951; x_wconf 86' lang='lat' dir='ltr'><strong>iv,</strong></span> <span class='ocrx_word' id='word_1_897' title='bbox 438 2918 482 2945; x_wconf 70' lang='grc' dir='ltr'>Ἡ.</span> 
     </span>
    </p>
   </div>
   <div class='ocr_carea' id='block_1_113' title="bbox 954 2844 1142 2871">
    <p class='ocr_par' dir='ltr' id='par_1_113' title="bbox 954 2844 1142 2871">
     <span class='ocr_line' id='line_1_113' title="bbox 954 2844 1142 2871; baseline -0.005 -1"><span class='ocrx_word' id='word_1_898' title='bbox 954 2844 963 2859; x_wconf 71' lang='grc'><strong><em>⁵</em></strong></span> <span class='ocrx_word' id='word_1_899' title='bbox 977 2844 1044 2871; x_wconf 79' lang='lat' dir='ltr'><strong>Gen.</strong></span> <span class='ocrx_word' id='word_1_900' title='bbox 1058 2852 1087 2871; x_wconf 85' lang='grc' dir='ltr'>ιι.</span> <span class='ocrx_word' id='word_1_901' title='bbox 1098 2844 1142 2870; x_wconf 73' lang='grc' dir='ltr'>ίὶὸ.</span> 
     </span>
    </p>
   </div>
   <div class='ocr_carea' id='block_1_114' title="bbox 302 2879 1108 2914">
    <p class='ocr_par' dir='ltr' id='par_1_114' title="bbox 302 2879 1108 2914">
     <span class='ocr_line' id='line_1_114' title="bbox 302 2879 1108 2914; baseline -0.006 -4"><span class='ocrx_word' id='word_1_902' title='bbox 302 2883 313 2897; x_wconf 81' lang='grc'><em>⁸</em></span> <span class='ocrx_word' id='word_1_903' title='bbox 328 2883 396 2910; x_wconf 85' lang='lat' dir='ltr'><strong>Gen.</strong></span> <span class='ocrx_word' id='word_1_904' title='bbox 412 2891 486 2914; x_wconf 77' lang='lat' dir='ltr'><strong>xxix.</strong></span> <span class='ocrx_word' id='word_1_905' title='bbox 499 2883 542 2911; x_wconf 77' lang='grc'><strong>51.</strong></span> <span class='ocrx_word' id='word_1_906' title='bbox 575 2879 590 2898; x_wconf 74' lang='lat'><strong>‘</strong></span> <span class='ocrx_word' id='word_1_907' title='bbox 606 2881 627 2909; x_wconf 88' lang='lat' dir='ltr'><strong>ll</strong></span> <span class='ocrx_word' id='word_1_908' title='bbox 643 2881 714 2908; x_wconf 88' lang='lat' dir='ltr'><strong>Tim.</strong></span> <span class='ocrx_word' id='word_1_909' title='bbox 734 2889 763 2913; x_wconf 89' lang='lat' dir='ltr'><strong>ll,</strong></span> <span class='ocrx_word' id='word_1_910' title='bbox 780 2881 820 2908; x_wconf 76' lang='grc' dir='ltr'><strong>ιο.</strong></span> <span class='ocrx_word' id='word_1_911' title='bbox 859 2881 880 2896; x_wconf 86' lang='grc'><strong>¹⁰</strong></span> <span class='ocrx_word' id='word_1_912' title='bbox 901 2879 966 2907; x_wconf 83' lang='lat' dir='ltr'><strong>Luc.</strong></span> <span class='ocrx_word' id='word_1_913' title='bbox 989 2887 1047 2910; x_wconf 78' lang='lat' dir='ltr'><strong>xui,</strong></span> <span class='ocrx_word' id='word_1_914' title='bbox 1063 2879 1108 2906; x_wconf 68' lang='lat'><strong>27.</strong></span> 
     </span>
    </p>
   </div>
   <div class='ocr_carea' id='block_1_115' title="bbox 1180 2837 1756 2872">
    <p class='ocr_par' dir='ltr' id='par_1_115' title="bbox 1180 2837 1756 2872">
     <span class='ocr_line' id='line_1_115' title="bbox 1180 2837 1756 2872; baseline -0.009 -3"><span class='ocrx_word' id='word_1_915' title='bbox 1180 2845 1190 2859; x_wconf 70' lang='grc' dir='ltr'><strong>θ</strong></span> <span class='ocrx_word' id='word_1_916' title='bbox 1211 2843 1277 2869; x_wconf 51' lang='lat' dir='ltr'><strong>Gen.</strong></span> <span class='ocrx_word' id='word_1_917' title='bbox 1292 2850 1331 2872; x_wconf 90' lang='grc' dir='ltr'>ιιι,</span> <span class='ocrx_word' id='word_1_918' title='bbox 1351 2842 1367 2867; x_wconf 85' lang='grc' dir='ltr'>ϐ</span> <span class='ocrx_word' id='word_1_919' title='bbox 1401 2840 1488 2867; x_wconf 77' lang='lat' dir='ltr'><strong>&quot;Cen.</strong></span> <span class='ocrx_word' id='word_1_920' title='bbox 1508 2847 1544 2871; x_wconf 85' lang='lat' dir='ltr'><strong>iv,</strong></span> <span class='ocrx_word' id='word_1_921' title='bbox 1565 2839 1587 2866; x_wconf 82' lang='lat' dir='ltr'><strong>l.</strong></span> <span class='ocrx_word' id='word_1_922' title='bbox 1615 2839 1624 2854; x_wconf 86' lang='lat'>&#39;</span> <span class='ocrx_word' id='word_1_923' title='bbox 1642 2838 1672 2865; x_wconf 86' lang='lat' dir='ltr'><strong>Ill</strong></span> <span class='ocrx_word' id='word_1_924' title='bbox 1691 2837 1756 2872; x_wconf 77' lang='lat' dir='ltr'><strong>Reg.</strong></span> 
     </span>
    </p>
   </div>
   <div class='ocr_carea' id='block_1_116' title="bbox 1150 2873 1757 2909">
    <p class='ocr_par' dir='ltr' id='par_1_116' title="bbox 1150 2873 1757 2909">
     <span class='ocr_line' id='line_1_116' title="bbox 1150 2873 1757 2909; baseline -0.008 -4"><span class='ocrx_word' id='word_1_925' title='bbox 1150 2880 1167 2894; x_wconf 91' lang='grc'><strong>¹¹</strong></span> <span class='ocrx_word' id='word_1_926' title='bbox 1189 2878 1256 2905; x_wconf 78' lang='lat' dir='ltr'><strong>Deut</strong></span> <span class='ocrx_word' id='word_1_927' title='bbox 1285 2885 1338 2909; x_wconf 72' lang='lat' dir='ltr'><strong>xw,</strong></span> <span class='ocrx_word' id='word_1_928' title='bbox 1355 2877 1382 2903; x_wconf 75' lang='lat'><strong>:2.</strong></span> <span class='ocrx_word' id='word_1_929' title='bbox 1422 2876 1441 2891; x_wconf 83' lang='lat'>”</span> <span class='ocrx_word' id='word_1_930' title='bbox 1459 2875 1552 2902; x_wconf 81' lang='lat' dir='ltr'><strong>Matth.</strong></span> <span class='ocrx_word' id='word_1_931' title='bbox 1575 2882 1602 2907; x_wconf 85' lang='grc' dir='ltr'><strong>ιι,</strong></span> <span class='ocrx_word' id='word_1_932' title='bbox 1618 2874 1669 2907; x_wconf 80' lang='grc'><strong>50;</strong></span> <span class='ocrx_word' id='word_1_933' title='bbox 1689 2873 1757 2900; x_wconf 83' lang='lat' dir='ltr'><strong>an.</strong></span> 
     </span>
    </p>
   </div>
  </div>
