1929 3039
210 143 261 169 979

904 157 932 186 S.
953 158 1123 188 EPIPHAMI

1782 169 1832 198 280

209 209 263 235 que
280 201 383 229 dictum
401 205 480 240 772
496 206 592 235 alTerre
605 209 702 237 solent.
719 213 798 245 Quod
820 220 911 243 autem
923 225 976 244 ven

210 251 232 259 η.
535 253 552 259 Α.
575 257 579 259 _
737 258 740 259 ,

1029 236 1034 247 ι
1048 219 1256 255 ἁλληγοροῦσιν.
1272 220 1360 253 Εὐθὺς
1377 223 1431 257 γὰρ
1446 222 1620 258 ἀναπηδῶσιν
1631 223 1684 251 ἀπὸ
1695 225 1742 251 τοῦ
1757 226 1831 259 ἁγίου

208 251 235 274 et
253 247 414 282 simpliciter
425 253 629 285 pronuntiatum
642 260 694 288 est.
707 258 787 285 aliam
800 259 833 287 ad
849 268 994 296 personam

208 300 257 327 per
273 294 429 329 allegoriam
446 298 566 325 trahunt.-
577 299 628 328 Ilic
640 302 712 329 enim
726 310 874 333 accurrunt
889 308 992 340 statim,

207 342 234 364 et
251 347 283 365 ex
301 340 368 367 Isaia
388 345 550 372 sententiam
566 346 702 381 ejusmodi
723 351 875 385 proferunl,
896 354 924 380 in
939 362 992 390 qua

206 384 246 410 sic
261 384 342 412 Pater
356 387 469 422 loquens
482 390 685 422 introducitur:
703 395 768 423 Ecce
784 397 911 434 intelliget
928 384 993 434 piter

205 437 277 456 meus
294 430 417 463 dilectus,
434 434 461 460 in
473 443 523 469 quo
539 437 604 464 milii
614 439 716 472 placui,
737 450 812 476 quem
828 430 916 479 diligit
928 430 992 472 Iani-

203 484 247 502 ma
267 485 324 503 mea
338 479 357 504 ¹.
387 478 453 511 Qua:
468 481 576 515 quidem
592 491 624 510 ex
644 484 732 514 Patris
757 495 872 522 persona
894 490 992 518 dicun-

203 518 317 551 Iur',‘nec
330 522 363 549 de
373 531 404 550 ea
417 533 446 552 re
459 525 638 555 dubitandum
656 534 707 557 est.
722 518 793 564 Quid
810 533 907 568 igitur?
920 535 989 563 Num

201 567 281 593 etiam
296 566 377 596 Pater
391 571 510 598 animam
531 576 673 609 suscepit?
690 576 929 612 Respondentibus
942 590 989 610 no-

200 611 253 643 bis,
276 613 388 642 minime
411 615 436 642 id
453 618 574 652 quidem.
603 620 708 656 Ecquid
733 611 827 658 igitur,
848 626 987 661 inquiunt,

200 658 273 684 aliud
290 663 341 691 est,
356 661 409 688 nisi
426 663 500 697 quod
524 666 628 700 tropice
642 667 695 694 ista
707 668 856 699 dicuntur?
873 658 989 701 Perinde

201 704 292 738 itaque
307 709 334 732 et
355 713 369 732 a
390 706 458 735 Filio
475 710 580 744 tropice
595 717 659 739 sunt
678 713 723 740 illa
743 715 826 742 dicta.
843 717 880 743 Ita
893 725 924 745 ex
938 719 988 746 hu-

195 748 244 784 jus
260 751 406 780 oreasione
420 753 472 781 loci
488 763 616 791 magnum
633 765 663 785 se
677 764 772 787 contra
785 762 925 790 veritatem
941 772 986 791 ar-

198 800 358 829 gumentum
383 803 478 827 nactos
505 802 694 831 arbitrantur:
709 805 783 840 quod
806 806 873 841 ipsis
895 812 985 836 tamen

198 847 369 876 nequaquam
384 842 521 873 dabimus.
537 846 643 882 Quippe
657 850 757 877 veritas
771 850 826 878 l'uci
838 859 870 879 ac
883 853 985 881 lenoci-

197 884 234 910 uii
256 887 344 914 omnis
360 895 457 923 expers
474 897 521 924 per
537 892 656 926 seipsam
670 899 739 928 stat;
762 903 850 932 neque
873 905 920 925 aut
935 908 983 927 su-
1000 886 1021 913 Β

196 932 286 965 perari
304 937 405 966 potest,
430 939 477 962 aut
494 938 664 972 exquisitum
687 942 832 975 quemdam
855 949 982 973 ornatum

196 974 345 1004 desiderat.
367 977 515 1008 Videamus
539 990 622 1016 porro
638 974 703 1019 qua;
723 985 758 1013 sit
781 988 925 1017 amborum
942 991 983 1018 vis

195 1028 228 1047 ac
248 1026 380 1055 potestas.
402 1022 472 1052 Nam
495 1026 517 1053 si
534 1027 617 1055 Pater
631 1029 666 1056 ad
681 1037 783 1066 corpus
797 1032 981 1068 descenderit,

194 1072 221 1094 et
232 1075 342 1096 carnem
355 1070 484 1103 induerit,
496 1077 578 1108 atque
588 1075 724 1109 ejusmodi
734 1085 888 1108 sermonem
902 1089 982 1110 usur-

193 1114 275 1147 parit,
293 1122 387 1143 revera
408 1117 490 1145 etiam
517 1120 635 1148 animam
663 1121 768 1151 habuit.
797 1125 845 1152 Sin
870 1133 980 1155 carnem

192 1157 264 1185 haud
282 1162 446 1196 susceperit,
469 1167 496 1191 et
518 1164 698 1194 nihilominus
713 1168 765 1196 hoc
780 1169 898 1198 dixerit:
914 1173 979 1200 Ani-

191 1211 237 1229 ma
253 1213 321 1236 mea,
339 1210 405 1240 etc.,
421 1209 525 1243 tropice
540 1210 574 1237 de
588 1209 644 1238 Deo
655 1212 707 1239 ista
723 1215 865 1248 przedicari
883 1223 980 1252 putan-

190 1249 255 1276 dum
271 1255 323 1282 est,
342 1256 371 1278 ut
390 1255 609 1289 germanitatem,
626 1265 687 1292 qum
702 1259 773 1287 inter
789 1268 817 1288 sc
834 1269 867 1290 ac
880 1262 978 1291 Filium

191 1295 387 1330 intercedebat,
403 1307 434 1326 ea
450 1301 556 1329 ratione
572 1302 702 1331 ﬁrmaret.
716 1305 757 1332 Ad
774 1306 870 1334 Filium
888 1315 978 1337 autem

189 1342 283 1369 eadem
301 1343 345 1369 illa
365 1346 511 1373 convenire
532 1353 682 1382 nequeunt.
706 1350 813 1387 Quippe
833 1353 915 1382 Pater
929 1357 978 1383 mi-

189 1387 262 1414 nime
278 1396 388 1416 carnem
405 1392 521 1425 accepit,
541 1401 624 1427 quam
639 1394 725 1423 Filius
743 1397 848 1433 induit;
863 1401 908 1427 ille
924 1410 977 1430 non

187 1436 230 1458 est
247 1432 335 1460 lactus
348 1434 446 1462 homo:
465 1435 552 1465 Filius
573 1438 654 1466 homo
670 1440 760 1470 factus
773 1448 825 1471 est.
841 1432 879 1473 Ac
895 1447 977 1475 simili

188 1477 268 1512 plane
292 1479 399 1507 ratione
422 1481 551 1514 quiddam
582 1483 636 1510 alio
661 1484 721 1512 Ioco
743 1485 817 1514 Patri
833 1489 975 1519 tribuitur.

1052 264 1161 292 Ἡσαΐου
1177 266 1304 300 φέροντες
1315 267 1403 302 ῥῆσιν,
1416 268 1456 294 ὃτι
1467 268 1498 294 ἐκ
1510 270 1654 304 προσώπου
1667 271 1715 297 τοῦ
1728 272 1832 307 Πατρδς

1052 311 1169 346 εἴρηται,
1185 312 1226 338 ὅτι
1247 312 1323 339 Ἰδοὺ
1345 313 1474 347 συνήσει
1489 316 1505 341 ὁ
1529 315 1600 348 παῖς
1611 325 1670 350 μου
1685 318 1701 343 o‘
1720 317 1829 351 ἀγαπη-

1044 357 1106 391 τὸς,
1122 358 1158 391 ἐφ
1167 358 1173 369 ‘
1185 358 1220 385 ὃν
1234 359 1398 393 εὐδόκησα.
1414 359 1450 386 ὃν
1463 360 1622 395 ἠγάπησεν
1635 362 1653 396 ή
1666 361 1752 396 ψυχή
1762 372 1829 396 μιν.

1052 402 1096 433 Ὠς
1111 402 1158 429 τοῦ
1176 403 1284 438 Πατρὸς
1304 401 1373 430 εἶναι
1395 404 1497 441 ταύτην
1520 403 1571 440 ἑὴν
1599 406 1687 439 λέξιν·
1700 408 1748 433 καὶ
1775 407 1828 443 γὰρ

1041 448 1150 482 ἀληθές.
1165 448 1227 480 Πῶς
1237 447 1283 475 οὖν
1300 450 1346 476 καὶ
1361 451 1375 476 ό
1388 451 1492 486 Πατὴρ,
1508 452 1584 486 φησὶ,
1599 452 1688 487 ψυχὴν
1701 452 1829 487 εἴ).ηφεν;

1048 493 1111 520 Ἐὰν
1130 493 1158 520 δὲ
1181 494 1313 529 εἴπωμεν,
1329 495 1369 522 ὃτι
1396 496 1433 532 μὴ
1453 496 1572 530 γένοιτοί
1598 497 1630 523 Τί
1652 496 1709 529 οὖν,
1734 499 1829 533 φησὶν,

1040 538 1097 564 ἀλλ’
1114 539 1154 565 ὅτι
1168 540 1371 576 τροπικὼτερον
1388 541 1512 577 εἴρηται;
1532 543 1601 578 Ἀρα
1620 540 1678 576 οὖν,
1692 544 1770 578 φασὶ,
1785 544 1832 570 καὶ

1039 584 1070 610 τὸ
1086 585 1140 611 ἀπὸ
1163 585 1209 612 τοῦ
1228 586 1293 613 Υίοῦ
1313 587 1458 623 εἰρημένον
1482 588 1683 625 τροπικώτερον
1711 590 1829 625 εῐρηται.

1039 628 1094 654 Καὶ
1104 629 1257 664 νομίζουσιν
1272 632 1300 657 ὲν
1309 631 1395 667 τούτῳ
1408 633 1478 659 κατὰ
1489 633 1538 668 τῆς
1549 633 1679 669 ἀληθείας
1690 635 1831 670 εὑρίσκειν

1039 673 1176 709 θηρᾶσθαι
1209 677 1364 712 πρόφασιν⁸
1395 678 1464 713 ὅπερ
1499 679 1592 710 αὐτοῖς
1621 680 1652 706 οὐ
1674 680 1828 715 δοθήσεται.

1045 719 1264 754 Ἀκαλλὼπιστος
1286 723 1341 759 γὰρ
1365 722 1433 750 οὖσα
1452 725 1468 758 ἠ
1493 724 1624 760 ἀλήθεια,
1648 725 1709 752 καθ’
1730 726 1830 762 ἑαυτὴν

1037 764 1150 800 ἔστηκε.
1171 767 1240 802 μήτε
1254 768 1410 804 ἡττωμένη,
1427 771 1495 804 μήτε
1512 770 1706 807 καλλωπισμοῦ
1723 772 1829 799 ἐπιδεο-

1039 810 1116 847 μένη.
1135 811 1249 847 Ἴδωμεν
1262 813 1317 847 γὰρ
1335 813 1390 839 τῶν
1407 814 1569 850 ἀμφοτέρων
1585 816 1633 851 τὴν
1651 816 1778 852 δύναμιν.
1797 819 1828 845 Ei

1038 856 1088 891 μὲν
1102 858 1155 893 γὰρ
1175 859 1190 884 ὁ
1204 859 1299 894 Πατὴρ
1310 857 1391 894 ἦλθεν
1404 860 1444 891 εἰς
1462 859 1551 895 σῶμα,
1569 862 1616 888 καὶ
1631 863 1723 898 σάρκα
1735 864 1827 890 ἐνεδύ-

1036 910 1112 934 σατο,
1133 904 1179 930 καὶ
1190 904 1286 939 εἴρηκε
1306 905 1352 931 τὸν
1371 905 1449 940 λόγον
1464 906 1569 938 τοῦτον,
1588 907 1722 942 ἀληθινῶς
1737 909 1828 945 ψυχήν

1034 947 1125 982 ἔσχεν·
1143 949 1167 973 εἰ
1187 948 1215 974 δὲ
1238 949 1328 984 σάρκα
1346 951 1360 976 ό
1378 950 1473 985 Πατὴρ
1492 951 1541 978 οὐκ
1560 952 1712 984 ἐνεδύσατο,
1730 954 1827 989 εἴρηκε

1032 993 1071 1024 δὲ,
1087 993 1127 1020 ὄτι
1147 994 1183 1021 Ἠ
1193 994 1279 1029 ψυχή
1297 1005 1367 1030 μου,
1383 997 1522 1032 τροπικῶς
1533 997 1611 1024 τοῦτο
1624 999 1688 1034 περὶ
1700 999 1746 1026 τὸν
1759 1000 1826 1027 Θεὸν

1032 1039 1135 1075 ᾅδεται,
1153 1041 1196 1066 ἵνα
1213 1041 1427 1076 ὲνασφαλίσηται
1447 1043 1476 1069 τὸ
1488 1044 1610 1078 γνήσιον,
1629 1045 1675 1070 καὶ
1689 1045 1765 1082 δείξῃ
1775 1046 1826 1081 τὴν

1032 1085 1101 1120 πρὸς
1125 1086 1171 1113 τὸν
1197 1087 1261 1114 Υίὸν
1281 1088 1456 1124 γνησιότητα.
1485 1089 1555 1116 Ἀλλ’
1578 1090 1669 1117 οὐκέτι
1688 1091 1752 1126 περὶ
1778 1093 1826 1118 τὸν

1032 1130 1097 1158 Υίὸν
1112 1131 1148 1158 τὰ
1169 1132 1240 1159 αὐτά
1262 1134 1336 1160 ἐστιν
1358 1134 1387 1160 ὲν
1409 1134 1496 1169 τούτῳ
1515 1135 1614 1170 λέγειν.
1642 1136 1671 1162 '0
1701 1137 1750 1171 μὲν
1770 1138 1825 1174 γὰρ

1031 1176 1126 1211 Πατὴρ
1138 1177 1188 1204 οὐκ
1200 1177 1279 1204 ἔλαϐε
1293 1178 1383 1214 σάρκα
1394 1187 1400 1194 ·
1414 1180 1427 1205 ὁ
1444 1179 1472 1206 δὲ
1484 1180 1547 1211 Υἱὸς
1557 1180 1702 1208 ἐνεδύσατο
1718 1183 1821 1217 σάρκα.

1037 1223 1065 1250 Ὁ
1085 1223 1179 1260 Πατὴρ
1198 1224 1341 1260 ἄνθρωπος
1358 1226 1388 1252 οὺ
1409 1226 1520 1260 γέγονεν
1531 1234 1538 1241 ’
1556 1227 1570 1253 ὁ
1582 1227 1693 1269 δὲΙΥἱδς
1709 1230 1823 1264 γέγονεν

1029 1268 1182 1305 ἄνθρωπος.
1199 1269 1235 1296 Τὸ
1249 1270 1342 1306 ὅμοιον
1355 1271 1409 1306 γὰρ
1424 1273 1469 1299 ἐπὶ
1485 1272 1524 1308 τῷ
1541 1268 1628 1308 Πατρῖ
1649 1275 1754 1309 ῥητέον.
1776 1276 1822 1307 Ὠς

1029 1315 1083 1350 γὰρ
1099 1315 1217 1342 ἐνταῦθα
1244 1316 1331 1350 λέγει·
1340 1317 1512 1351 Ἠγάπησεν
1518 1319 1613 1346 αὑτὸν
1621 1320 1636 1352 ἡ
1645 1319 1730 1352 ψυχή
1737 1324 1801 1353 μὀυ
1812 1329 1817 1335 ·

1029 1360 1117 1393 οὕτως
1130 1361 1218 1395 λέγει·
1233 1360 1332 1396 Εὗρον
1346 1362 1434 1389 Δαὸὶδ
1444 1362 1497 1389 τὸν
1509 1362 1563 1389 τοῦ
1584 1362 1707 1393 Ἰεσσαὶ,
1723 1363 1785 1394 ili-CL
1799 1372 1819 1389 ιι

1030 1407 1105 1433 κατὰ
1118 1406 1175 1440 τὴν
1185 1407 1311 1441 καρδίαν
1322 1417 1381 1443 μου
1390 1416 1396 1422 ·
1410 1409 1467 1439 καὶ,
1483 1409 1513 1435 Ἠ
1525 1408 1632 1442 καρδία
1644 1417 1704 1443 μου
1719 1409 1819 1443 πάπρω

1028 1445 1133 1486 ἀπέχὲι
1147 1451 1197 1478 ἀπ’
1212 1452 1322 1479 αὐτῶν.
1340 1453 1372 1479 Εἰ
1391 1453 1489 1486 τοίνυν,
1505 1452 1549 1479 διὰ
1565 1453 1594 1480 τὸ
1613 1454 1818 1489 τροπικώτερου

1027 1496 1164 1531 εἰρῆσθαι,
1188 1497 1228 1524 ὅτι
1253 1497 1426 1531 Ἠγνάπησεν
1442 1499 1460 1532 ἠ
1486 1497 1570 1532 ψυχή
1587 1508 1657 1533 μου,
1681 1499 1818 1534 δεχόμεθα

185 1522 255 1551 Nam
271 1529 300 1552 ut
315 1524 358 1551 hic
376 1526 411 1552 ita
425 1526 547 1561 loquitur
563 1537 569 1555 :
585 1527 685 1556 Dilezit
701 1531 778 1558 illum
797 1534 887 1561 anima
905 1544 976 1572 mea;

187 1567 226 1580 ..ιιι
244 1569 305 1580 Alit:
322 1579 327 1580 γ
348 1569 383 1580 1...
399 1571 433 1580 ,,,9
454 1571 471 1580 n
511 1573 534 1580 -ι
560 1574 595 1580 ρι-
671 1575 681 1580 υ
793 1578 798 1580 Α
889 1576 894 1580 .

1261 1522 1321 1531 vi"
1445 1522 1459 1532 -ι
1489 1522 1568 1532 rm
1587 1522 1657 1533 ,τυ-υ
1684 1522 1816 1534 "An—"—

1029 1522 1061 1568 zz;
1074 1522 1138 1578 περὶ
1155 1522 1256 1577 ίξιυχῆς,
1274 1543 1327 1578 ἄρα
1343 1542 1407 1576 γοῦν
1422 1544 1468 1571 καὶ
1484 1544 1514 1570 τὸ
1536 1545 1600 1580 περὶ
1620 1545 1733 1580 καρδίας
1752 1554 1816 1580 τρο-

186 1567 227 1596 sic
242 1569 306 1595 alibi
322 1579 327 1596 :
343 1569 433 1598 lnrem‘
450 1571 534 1599 David
554 1574 641 1608 [illum
664 1575 749 1609 Jesse,
775 1578 859 1604 virum
881 1576 974 1607 secun-

184 1611 248 1638 dum
268 1621 313 1639 cor
330 1616 445 1642 meum’.
466 1616 531 1643 Item
550 1627 556 1644 :
575 1618 628 1646 Cor
650 1628 733 1647 meum
755 1621 830 1657 longe
851 1623 924 1652 abest
941 1626 974 1652 ab

183 1654 240 1681 illis
252 1655 271 1681 ³.
286 1655 376 1688 Quare
393 1659 415 1685 si
431 1665 575 1695 propterea
591 1663 663 1697 quod
681 1665 787 1700 tropice
800 1654 906 1695 dictum
920 1674 972 1703 est,

142 1727 149 1731 ί
182 1708 257 1739 quem
274 1702 367 1729 dllEIll
384 1705 475 1732 anima
499 1715 568 1740 mea,
595 1709 621 1735 id
643 1709 676 1737 de
699 1711 788 1739 anima
805 1721 972 1758 verumesse

186 1755 190 1758 .
203 1755 211 1758 .
220 1756 225 1758 μ
240 1748 264 1758 η.
274 1757 279 1758 γ
731 1757 735 1758 7

183 1748 356 1782 ionlitemur,
373 1758 548 1787 consequens
564 1759 616 1788 est,
633 1760 662 1782 ut
685 1757 780 1785 eodem
802 1761 882 1788 modo
897 1752 971 1796 quod

181 1793 216 1821 de
231 1795 313 1822 corde
336 1796 448 1830 dicitur,
473 1800 577 1834 tropice
597 1801 700 1829 dictum
724 1804 856 1833 videatur.
878 1793 970 1844 Neque

181 1843 270 1873 potest
288 1841 321 1866 ab
341 1841 451 1869 homine
476 1844 610 1877 prudente
625 1853 656 1873 ea
672 1847 705 1874 de
723 1856 752 1875 re
772 1851 813 1877 vel
833 1841 969 1882 levissime

181 1883 312 1911 dubitari.
328 1885 398 1920 Ergo
419 1887 441 1915 si
457 1887 490 1915 de
507 1890 596 1917 anima
616 1893 719 1927 tropice
736 1894 811 1922 Pater
845 1897 974 1934 loquitur,

1026 1585 1177 1622 πικώτερον
1191 1586 1309 1623 εἴρηται.
1323 1588 1377 1614 Καὶ
1389 1589 1477 1624 δῆλον,
1493 1589 1534 1617 ὅτι
1550 1591 1596 1617 καὶ
1609 1590 1689 1617 παντὶ
1702 1590 1740 1625 τῷ
1751 1591 1816 1618 σύν-

1025 1640 1084 1658 εσιν
1106 1633 1267 1668 κεκτημένῳ
1289 1633 1373 1668 σαφὲς
1391 1634 1444 1670 εἴη.
1465 1635 1496 1662 ΕΞ
1514 1636 1603 1662 τοίνυν
1615 1636 1753 1671 τροπικῶς
1770 1636 1816 1663 λέ-

1024 1684 1068 1711 γει
1084 1678 1148 1713 περὶ
1164 1678 1252 1714 ψυχῆς
1268 1679 1281 1705 ὁ
1301 1679 1406 1715 Πατὴρ,
1424 1680 1471 1707 καὶ
1494 1681 1557 1715 περὶ
1571 1681 1697 1716 καρδίας,
1715 1679 1748 1716 ἧς
1764 1682 1814 1708 οὑκ

1025 1722 1135 1750 ἐλαϐεν·
1148 1723 1178 1750 οὑ
1192 1724 1246 1760 γὰρ
1261 1725 1374 1761 ὲφόρεσε
1387 1725 1476 1760 σάρκα
1485 1735 1492 1741 ·
1504 1726 1704 1762 τροπικώτερον
1718 1728 1757 1758 si;
1767 1727 1813 1753 τὸν

1024 1768 1133 1804 Πατέρα
1153 1769 1187 1796 τὰ
1209 1770 1322 1797 τοιαῦτα
1343 1771 1525 1805 ἀναλογεῖται.
1546 1772 1642 1799 Οὐκέτι
1667 1772 1694 1798 δὲ
1713 1772 1812 1798 ταυτὸν

1023 1814 1088 1848 περὶ
1112 1814 1158 1840 τὸν
1178 1815 1242 1842 Υίὸν
1263 1816 1398 1851 ἡγητέον·
1416 1817 1430 1843 ὁ
1448 1817 1512 1848 Υἱὸς
1533 1817 1587 1853 γὰρ
1615 1817 1693 1843 ἔλαϐε
1712 1817 1812 1853 σάρκα,

1024 1858 1071 1884 καὶ
1084 1859 1174 1886 πᾶσαν
1199 1860 1249 1895 τὴν
1262 1861 1435 1897 ἀνθρωπείαν
1453 1861 1536 1889 θέσιν.

993 1902 1027 1930 de
1052 1905 1145 1936 corde.
1167 1906 1239 1940 quod
1263 1906 1375 1935 minime
1398 1908 1529 1943 suscepit,
1556 1915 1645 1943 neque
1659 1908 1731 1935 enim
1748 1915 1809 1935 car-

180 1938 243 1956 nem
256 1934 415 1966 assumpsit,
427 1942 540 1963 necesse
550 1941 592 1964 est
603 1938 738 1973 ejusmodi
752 1944 844 1970 omnia
865 1953 914 1979 per
934 1951 1040 1983 tropum
1066 1953 1212 1986 quemdam
1234 1953 1268 1980 ad
1293 1954 1398 1982 Patrem
1422 1955 1631 1983 accommodari.
1653 1954 1711 1982 Non
1741 1955 1809 1982 idem

181 1979 274 2003 tamen
291 1981 319 2004 et

179 2023 314 2061 suscepit.

217 2069 260 2097 LI.
279 2071 346 2099 Nam
365 2073 410 2107 qui
427 2074 460 2102 de
479 2074 548 2104 Filio
568 2078 673 2113 tropice
687 2081 816 2114 quiddam
835 2083 970 2118 ejusmodi

180 2115 316 2146 ultirmare
347 2121 457 2154 audeat,
486 2125 596 2152 tametsi
623 2126 650 2153 in
679 2135 733 2154 una
759 2129 893 2159 duntaxat
918 2133 969 2159 ali-

178 2171 233 2202 qua
257 2170 335 2199 parte
365 2168 437 2195 istud
464 2172 591 2205 usurpari
615 2173 689 2205 velit,
719 2175 899 2206 nihilominus
915 2179 966 2207 hoc

179 2209 216 2237 illi
229 2210 287 2245 ipse
300 2213 468 2243 contrarium
491 2215 570 2253 773
587 2225 648 2246 esse
663 2219 857 2250 animadvertet
869 2244 876 2256 ,
894 2225 966 2259 quod

177 2257 211 2284 de
235 2261 290 2284 tota
307 2259 406 2288 divina:
427 2268 550 2295 personze
569 2264 758 2294 incarnatione
774 2270 966 2299 constituerit:

178 2304 249 2336 quod
275 2305 402 2333 nimirum
418 2315 480 2335 vere
495 2308 613 2338 hominis
635 2317 760 2339 naturam
777 2317 965 2351 assumpserit.

177 2348 283 2376 Etenim
311 2355 340 2376 ut
369 2351 433 2379 illud
467 2353 585 2387 demus,
619 2358 692 2392 quod
724 2348 880 2388 de‘anima
905 2362 966 2390 Filii

177 2394 309 2428 scriptum
335 2401 378 2423 est
407 2398 440 2425 ad
468 2400 623 2435 allegoriam
641 2408 785 2438 spectare,
813 2414 845 2433 ac
862 2408 965 2442 tropice

176 2439 242 2468 illud
259 2448 339 2468 omne
356 2442 590 2478 interpretandum
604 2455 665 2476 esse
680 2469 686 2479 .
704 2447 827 2484 supei‘est
845 2457 873 2478 ut
892 2453 963 2481 idem

176 2493 286 2520 quoque
297 2487 329 2513 de
343 2489 425 2516 corde
442 2488 623 2524 suspicemur.
639 2494 725 2529 Atque
740 2504 773 2523 eo
794 2497 902 2525 tandem
921 2507 964 2527 res

176 2531 297 2565 recidat,
318 2532 386 2560 nihil
408 2538 435 2561 ut
462 2536 590 2569 veritate,
614 2539 742 2573 opinione
763 2547 854 2569 autem
872 2545 964 2571 omnia

152 2606 160 2611 _
173 2582 301 2605 constare
318 2578 469 2608 videantur.
489 2581 582 2617 Itaque
598 2585 631 2611 de
649 2593 732 2614 carne
749 2596 808 2622 qua:
823 2589 962 2623 dicuntur,

173 2630 220 2658 per
235 2627 343 2658 tropum
359 2633 492 2661 usurpare
508 2627 635 2656 dicentur
647 2651 653 2661 ,
668 2631 689 2658 si
706 2633 770 2667 quid
784 2634 961 2670 vitilitigatori

173 2669 236 2695 huic
251 2670 314 2697 Aria
329 2671 476 2700 credimus.
494 2673 572 2701 Unde
582 2683 670 2710 neque
686 2684 734 2703 cor
748 2697 754 2709 ,
769 2686 856 2714 neque
869 2681 958 2715 jecur,

172 2721 260 2749 neque
279 2724 378 2744 carnes
390 2737 397 2749 ,
427 2726 515 2754 neque
542 2720 670 2748 intestina
684 2744 690 2755 ,
712 2731 799 2758 neque
816 2733 893 2758 ossa,
909 2735 959 2755 nec

173 2759 253 2786 ullam
274 2760 390 2796 denique
405 2763 559 2792 istiusmodi
582 2772 685 2801 partem
700 2768 821 2797 divinum
838 2770 956 2799 Verbum

207 2849 280 2877 'lsa.
297 2859 360 2885 λιιι,
379 2854 400 2881 I.
441 2857 449 2870 '
464 2855 472 2882 I
486 2855 549 2891 lh'g.
573 2866 631 2892 xm,
649 2859 691 2887 Η.
731 2861 740 2875 ³
758 2861 808 2888 Isa.
825 2870 898 2896 un“,
920 2863 958 2891 l3.

346 1979 379 2006 de
404 1979 473 2008 Filio
490 1983 661 2011 scnlicndum
676 1991 729 2018 est.
745 1988 790 2022 qui
823 1990 931 2024 quidem
960 1979 1082 2023 caruch
1101 2005 1163 2025 cum
1197 2000 1271 2027 omni
1293 2000 1471 2028 humanarum
1493 2001 1609 2036 partium
1631 2001 1810 2036 dispositione.

1059 2087 1122 2116 NA’.
1140 2089 1234 2117 Ἔσται
1253 2090 1307 2126 γὰρ
1324 2090 1403 2117 τοῦτο
1423 2091 1542 2118 ἐναντίον
1553 2091 1591 2127 τῷ
1606 2092 1651 2118 ἐπὶ
1664 2091 1729 2119 Υίοῦ
1746 2101 1810 2127 τρο-

1023 2133 1174 2170 πικώτερον
1196 2135 1300 2169 λέγοντι
1321 2136 1384 2171 περὶ
1400 2137 1449 2171 τῆς
1462 2137 1494 2163 ὲκ
1509 2137 1653 2171 προσώπου
1674 2137 1809 2173 ὲνανθρω-

1021 2180 1139 2215 πήσεως,
1156 2180 1207 2209 κᾶν
1226 2181 1254 2208 ἐν
1273 2190 1325 2209 τινι
1346 2182 1424 2217 μέρει
1444 2182 1523 2216 λόγου
1543 2183 1691 2218 γενομένης
1709 2184 1810 2212 ὑποθέ-

1018 2233 1087 2257 σεως
1103 2226 1146 2253 διὰ
1165 2227 1211 2254 τοῦ
1225 2226 1358 2262 ἀληθινῶς
1372 2228 1588 2264 ὲνανθρωπῆσαι.
1608 2229 1639 2255 Ei
1652 2229 1705 2264 γὰρ
1725 2230 1809 2265 ἀλλη-

1017 2273 1138 2307 γορεῖται
1151 2271 1182 2298 τὸ
1194 2273 1257 2307 περ).
1267 2272 1355 2308 ψυχῆς
1370 2273 1446 2304 Υἱοῦ,
1466 2274 1513 2301 καὶ
1529 2274 1729 2310 τροπικὼτερον
1746 2276 1808 2310 περὶ

1016 2317 1101 2352 αὐτῆς
1115 2318 1296 2353 ὑποληπτέον,
1312 2319 1366 2354 ἄρα
1386 2320 1432 2345 καὶ
1445 2320 1508 2355 περὶ
1523 2319 1635 2355 καρδίας
1649 2321 1683 2346 τὰ
1696 2321 1808 2348 τοιαῦτα

1014 2363 1133 2398 λελέχθω
1144 2371 1150 2378 ·
1171 2365 1217 2390 καὶ
1233 2363 1355 2399 δώσομεν
1378 2365 1470 2391 λοιπὸν
1492 2365 1628 2393 τάκπάντα
1646 2366 1757 2400 δόκησιν
1770 2365 1807 2393 εἷ-

1015 2417 1070 2439 ναι,
1090 2408 1137 2435 καὶ
1152 2409 1201 2435 οὐκ
1224 2409 1360 2445 ἀλήθειαν.
1381 2410 1526 2446 Τροπικῶς
1547 2411 1652 2446 εἴρηται
1673 2412 1720 2438 καὶ
1744 2413 1807 2448 περὶ

1013 2453 1123 2489 σαρκὸς,
1137 2454 1208 2481 κατὰ
1221 2455 1266 2481 τὸν
1279 2455 1430 2489 φιλονείκου
1453 2456 1557 2491 Ἀρείου
1572 2457 1658 2491 λόγον.
1672 2458 1732 2498 Καλή
1743 2458 1806 2485 οὐκ-

1012 2500 1052 2527 έτι
1072 2500 1184 2536 καρδίαν
1200 2501 1278 2536 ἔσχεν
1297 2501 1382 2528 ἐλθὼν
1404 2503 1417 2528 ὁ
1433 2502 1528 2536 Λόγος,
1551 2502 1612 2529 οὔτε
1635 2501 1722 2539 ἧπαρ,
1744 2504 1805 2531 εὖτε

1013 2546 1110 2581 σάρκα.
1124 2546 1185 2573 οὕτε
1203 2546 1314 2581 ἔγκατα,
1334 2547 1394 2573 οὔτε
1413 2548 1504 2578 ὀστέα,
1524 2548 1588 2574 οὔτε
1607 2558 1632 2574 τι
1645 2549 1699 2575 τῶν
1713 2550 1805 2577 τοιού-

1011 2599 1074 2618 των·
1088 2592 1156 2618 ἀλλὰ
1168 2593 1256 2620 πάντα
1267 2593 1358 2620 λοιπὸν
1371 2593 1572 2629 ἀλληγορεῖται,
1583 2593 1629 2620 καὶ
1640 2595 1805 2630 τροπικώτε-

1013 2647 1058 2673 ρον
1087 2638 1206 2673 λέγεται⁸
1222 2639 1239 2674 ἢ
1258 2640 1297 2665 ὅτι
1319 2639 1386 2671 ὅλως
1401 2640 1500 2675 φυρτὺν
1516 2640 1594 2667 ἔλαϐε
1614 2641 1703 2676 σῶμα,
1721 2642 1804 2676 μηδὲν

1011 2684 1064 2710 τῶν
1076 2685 1218 2711 ὲντοσθίων
1233 2685 1302 2720 ἔχον.
1319 2686 1381 2717 Πῶς
1392 2684 1438 2712 οὖν
1451 2686 1539 2721 ἦσθιε,
1556 2687 1603 2712 καὶ
1617 2687 1725 2720 ἔπινεν;
1746 2687 1797 2714 ’Λλι

1010 2729 1044 2755 λὰ
1061 2729 1168 2764 ἄπαγεε
1186 2731 1216 2757 Εἰ
1232 2731 1260 2757 δὲ
1282 2733 1296 2758 ό
1309 2732 1403 2767 Πατὴρ
1423 2732 1496 2765 λέγει
1514 2733 1627 2768 καρδίαν
1641 2734 1688 2759 καὶ
1702 2733 1803 2768 ψυχὴν,

1010 2774 1121 2802 δύναται
1147 2776 1175 2803 δὲ
1202 2777 1242 2808 εἰς
1265 2778 1345 2805 αὐτὸν
1364 2777 1583 2813 ἁλληγορεῖσθαι,
1604 2779 1650 2805 καὶ
1666 2779 1802 2814 τροπικῶς
