1929 3039
50 163 107 190 231

51 217 195 253 λέγεσθαι,
209 220 256 246 καὶ
268 219 308 252 εἰς
323 219 368 247 τὸν
379 221 443 249 Υἱὺν
453 225 602 260 τροπικῶς,
617 226 661 253 διὰ
673 227 704 253 τὸ
716 226 857 262 ἀρνεῖσθαι

51 264 138 291 αὐτὸν
150 265 293 300 εἰληφέναι
308 266 408 302 ψυχήν.
425 269 472 301 Εἰς
491 270 519 297 δὲ
541 271 572 298 τὸ
586 273 651 308 περὶ
667 273 780 309 καρδίας
795 282 855 300 πιεη

51 310 177 346 ξάμενος,
202 313 234 339 οὐ
254 313 380 341 δύνανται
405 315 587 352 ἀρνήσασθαι,
604 319 648 346 διὰ
669 320 700 346 τὸ
715 321 856 355 ὁμολογεῖ-

53 357 119 384 σθαι
138 359 205 394 παρ’
223 359 315 386 αὐτῶν
330 362 421 388 πᾶσαν
442 363 492 398 τὴν
510 363 585 391 θέσιν
597 365 644 392 τοῦ
665 365 793 401 σώματος
808 366 856 393 τοῦ

52 404 159 439 Κυρίου
175 404 329 440 εἰληφέναι.
344 407 398 434 ἀπὸ
411 408 458 435 τοῦ
476 410 589 445 καρδίαν
606 411 654 438 καὶ⁸
668 412 792 448 καρδίαν,
806 413 856 448 τὴν

54 449 107 483 μὲν
129 449 266 485 ἀληθινῶς
285 452 516 489 ὁμολογουμένην,
537 455 586 490 τήν
605 456 633 482 δὲ
650 457 856 493 ἀλληγορουμέ-

52 503 115 530 νην.
133 494 214 522 Οὕτω
228 497 276 524 καὶ
292 497 356 534 περὶ
372 498 462 534 ψυχῆς
476 501 491 527 ὁ
505 501 583 535 λόγος
603 502 706 537 ἀληθὴς
727 503 854 539 ὑπάρχει,

52 542 103 567 καὶ
117 541 168 569 οὐκ
180 542 384 578 ἀλληγορεῖται,
399 545 461 572 οὔτε
474 547 612 582 τροπικῶς
627 548 746 582 λέγεται.
764 549 856 584 Οὔσης

53 586 84 614 δὲ
96 587 147 622 τῆς
158 588 206 614 τοῦ
222 590 342 625 Χριστοῦ
357 591 590 628 ἑνανθρωπήσεως
606 595 634 622 ἐν
647 595 727 622 παντὶ
742 595 856 623 τελειου-

54 633 140 668 μένης
157 633 277 670 σώματι,
289 637 335 663 καὶ
349 637 432 674 ψυχῇ,
448 640 558 676 καὶ’νῷ,
572 641 619 668 καὶ
632 641 740 678 καρδίᾳ,
752 643 798 669 καὶ
816 643 855 675 είς

53 679 146 707 πάντα
164 681 216 708 ὅσα
231 682 306 708 ἐστὶν
320 683 463 720 ἄνθρωπος
484 687 569 722 χωρὶς
590 687 739 723 ἁμαρτίας
758 689 854 724 γέγονε

51 725 82 752 δὲ
101 726 177 761 αὐτῷ
196 727 231 754 τὰ
254 728 412 764 ἀνθρώπινα
433 732 551 766 εὐλόγως
565 733 743 768 πράττεσθαι,
761 735 808 762 καὶ
825 736 854 763 ἐν

53 771 161 808 θεότητι
185 775 297 808 τελείως
316 778 345 804 ὲν
368 779 491 815 σωτηρίᾳ
510 780 704 815 ἐπιτελεῖσθαι,
720 783 811 810 οὐκέτι
836 784 853 819 ή

52 819 138 846 αὑτοῦ
150 821 248 857 θεότης
266 822 390 859 ἀδοξήσει
406 825 481 861 παρὰ
500 826 550 862 τὴν
568 827 613 854 τοῦ
631 829 737 864 [Ἰατρὸς
751 829 852 856 τελειό-

53 873 134 900 τητα·
152 867 221 894 ἀλλὰ
243 867 288 894 διὰ
306 869 355 905 τὴν
372 869 504 906 ἔνσαρκον
524 873 742 910 ὲνανθρώπησιν,
758 875 806 902 καὶ
822 875 853 902 τὺ

53 910 178 946 διψήσω,
195 913 243 939 καὶ
262 913 293 940 τὸ
309 915 445 950 πεινῆσαι,
460 918 506 944 καὶ
521 917 552 944 τὸ
574 905 657 951 πιεῖν,
677 905 724 946 καὶ
740 919 851 952 ἐσθίειν,
868 905 889 933 Β

53 957 101 982 καὶ
112 957 144 984 τὸ
154 958 269 991 ὑπνοῦν,
283 961 329 986 καὶ
342 961 486 997 ἀδημονεῖν
498 963 717 1001 πληρωθήσεται,
730 967 854 1000 ἀπαθοῦς

53 1001 137 1038 οὖσης
151 1003 202 1038 τῆς
217 1005 300 1032 αὑτοῦ
315 1006 451 1043 θεότητος.
477 1009 532 1036 Καὶ
550 1010 674 1038 διέπεσεν
691 1012 781 1040 αὐτῶν
805 1015 854 1042 πά-

53 1046 94 1095 λιν
107 1048 122 1074 ὁ
137 1049 203 1084 περὶ
218 1050 313 1077 τούτου
325 1051 412 1087 λόγος·
425 1055 519 1092 ἐπειδὴ
532 1054 615 1092 ἦλθεν
631 1057 670 1090 εἰς
685 1059 774 1095 σάρκα
787 1060 854 1093 Θεὸς

53 1092 102 1121 ὧν.

433 166 619 197 ADVERSUS
638 169 810 198 llA-ZliESES
829 169 850 196 L

914 169 947 199 ll.
968 171 1049 201 TOM.
1072 173 1149 201 IL—
1169 173 1306 203 ΠᾸΞΒΕΞ.
1323 175 1415 203 LXIX.

1648 176 1703 205 282

871 229 895 258 Α
910 227 955 255 illa
980 229 1006 256 in
1028 230 1217 259 incarnatione
1234 233 1398 267 susceperit,
1419 232 1466 259 sed
1487 231 1519 260 ad
1543 232 1701 268 allegoriam

909 280 936 303 ct
953 281 1062 312 tropum
1083 279 1210 308 universa
1223 279 1389 307 traducenda
1405 283 1482 312 sunt,
1496 283 1543 307 aut
1554 280 1701 308 confusum

907 323 1044 358 quoddam
1058 332 1159 359 corpus
1180 326 1299 353 induerit
1327 331 1434 362 oportet
1447 346 1454 358 ,
1473 327 1544 362 quod
1563 324 1702 356 intestinis

908 370 1018 404 penitus
1033 375 1136 398 careat.
1154 370 1232 404 Quod
1254 372 1277 398 si
1305 372 1341 398 ita
1356 376 1418 404 est,
1438 373 1511 400 vesci
1536 378 1584 400 aut
1610 374 1702 402 bibere

907 416 1046 450 quomodo
1073 417 1184 452 potuit?
1206 418 1298 453 Apage
1327 423 1381 445 tam
1400 419 1530 446 absurda.
1559 419 1619 446 Jam
1637 428 1703 447 vero

907 468 969 488 cum
985 461 1066 488 Pater
1082 469 1130 489 cor
1143 466 1170 490 et
1187 463 1307 490 animam
1330 463 1382 491 sibi
1406 464 1518 497 tribuat,
1541 465 1621 499 idque
1634 465 1701 492 alle-

906 508 999 542 gorice
1013 529 1020 541 ,
1035 515 1067 535 ac
1082 516 1129 543 per
1150 513 1259 543 tropum
1279 508 1313 536 de
1338 509 1397 544 ipso
1415 510 1587 545 interpretari
1613 511 1702 545 possi-

908 562 984 586 mus;
1002 562 1032 582 ac
1045 554 1079 582 de
1095 554 1164 582 Filio
1180 563 1300 591 quoque,
1318 556 1391 590 quod
1410 557 1442 583 ad
1458 557 1576 584 animam
1593 557 1699 588 attinet,

905 607 987 634 quam
1003 600 1037 627 ab
1061 600 1107 627 illo
1133 605 1290 636 susceptam
1317 601 1411 628 Ariani
1427 606 1527 637 negant
1541 622 1548 633 ,
1564 606 1702 637 utcunque

906 646 988 672 etiam
1006 645 1110 680 tropice
1135 641 1239 673 dictum
1258 645 1343 672 videri
1363 646 1466 680 possit:
1488 650 1561 673 certe
1578 653 1640 672 cum
1653 654 1702 673 cor

905 692 960 719 illis
977 692 1124 727 opponitur
1140 711 1147 724 ,
1179 699 1279 727 negare
1306 693 1418 719 omnino
1445 700 1497 719 non
1514 697 1630 726 possunt
1642 712 1650 724 ,
1668 701 1701 720 eo

906 738 978 773 quod
1010 741 1095 764 totam
1126 737 1240 764 humani
1270 737 1394 773 corporis
1420 737 1625 772 dispositionem
1653 745 1700 764 as-

904 787 1040 818 sumptam
1068 791 1083 810 a
1111 783 1227 810 Domino
1252 783 1337 811 fuisse
1364 783 1437 810 ultro
1457 783 1507 818 ipsi
1523 783 1700 812 conﬁtentur.

905 829 1078 865 Proindeque
1095 829 1325 864 quemadmodum
1348 837 1396 856 cor
1422 829 1530 857 duobus
1549 829 1638 857 modis
1653 837 1700 856 ac-

904 878 957 913 cipi
975 885 1030 904 non
1042 881 1153 912 negant,
1173 877 1281 911 proprie
1301 877 1409 904 scilicet
1423 884 1455 904 ac
1468 884 1542 908 vere,
1554 880 1582 903 et
1598 877 1700 912 allego-

904 924 960 950 rice
970 943 978 956 ,
993 923 1029 949 ita
1043 927 1070 950 et
1088 923 1121 950 dc
1134 922 1225 949 anima
1244 922 1369 956 judicare
1383 922 1512 949 convertit
1525 942 1532 954 ,
1548 925 1576 948 ut
1589 929 1620 949 ea
1637 929 1700 950 vere

904 969 993 1002 Filio,
1021 977 1075 996 non
1101 968 1264 1003 allegorice,
1293 975 1383 1003 neque
1415 968 1519 1003 tropice
1551 968 1697 995 tribuatur.

905 1015 1041 1049 Quocirca
1067 1023 1129 1042 cum
1154 1018 1281 1049 suscepta
1307 1014 1427 1042 hominis
1443 1021 1458 1040 a
1477 1014 1587 1041 Christo
1601 1018 1699 1041 natura

904 1061 964 1089 suis
980 1060 1109 1088 omnibus
1135 1060 1260 1087 numeris
1283 1059 1408 1086 absoluto
1437 1067 1554 1094 corpore
1580 1063 1698 1093 constet,

902 1114 1009 1135 necnon
1032 1109 1059 1134 et
1079 1106 1187 1138 anima,
1216 1110 1306 1132 mente
1320 1124 1326 1136 ,
1350 1105 1433 1132 corde
1456 1105 1618 1140 ueterisque
1636 1112 1698 1140 quae

54 1140 158 1171 homini
194 1145 301 1180 insunt,
317 1152 415 1183 praeter
430 1155 586 1185 peccatum;
607 1159 724 1188 cumque
755 1154 882 1183 humana:
901 1155 1073 1186 functiones,
1091 1161 1139 1188 pro
1158 1159 1190 1180 80
1215 1160 1247 1179 ac
1268 1153 1367 1180 τηιὶοηῖ
1392 1156 1609 1180 εοηεϐιιιεηειιῐη
1624 1155 1695 1184 erat.

55 1195 107 1215 una
123 1197 186 1217 cum
206 1191 326 1226 perfecta
342 1194 485 1223 divinitate
504 1196 538 1224 ad
557 1197 652 1226 salutis
670 1199 935 1229 administrationem
949 1201 984 1227 ab
1002 1200 1049 1227 illo
1072 1199 1154 1227 obita:
1183 1199 1365 1233 prmslitzeque
1395 1197 1512 1230 fuerint,
1542 1198 1598 1232 jam
1628 1198 1694 1225 illud

54 1235 183 1270 explicari
208 1239 352 1267 commode
377 1245 486 1276 potest,
516 1244 744 1279 quemadmodum
772 1247 846 1275 illius
865 1247 995 1275 divinitas
1023 1253 1077 1273 non
1105 1245 1151 1277 sit,
1168 1243 1239 1279 quod
1270 1243 1304 1270 ad
1334 1243 1494 1278 dignitatem
1512 1243 1620 1276 attinet,
1636 1251 1699 1278 per-

57 1280 176 1310 fectione
195 1282 287 1311 Patris
311 1284 445 1320 inferior;
473 1288 508 1315 ob
527 1296 642 1324 eamque
668 1299 750 1326 quam
787 1293 931 1328 usurpavit
947 1292 1039 1319 carnis
1057 1292 1183 1318 humana:
1213 1289 1397 1317 conditionem
1424 1290 1556 1324 praeclare
1583 1289 1608 1316 id
1637 1298 1699 1318 esse

56 1328 206 1373 perfectum
230 1329 430 1368 intelligemus,
455 1335 528 1369 quod
559 1340 586 1364 et
603 1337 677 1366 sitim
691 1359 698 1370 .
714 1343 740 1367 et
764 1339 862 1368 famem
881 1341 994 1373 tulisse,
1021 1343 1048 1367 et
1073 1339 1192 1370 bibisse,
1209 1342 1236 1365 et
1259 1338 1428 1370 comedisse,
1444 1342 1471 1365 et
1493 1345 1620 1366 somnum
1654 1345 1700 1364 ce:

57 1372 150 1422 pisse,
163 1379 192 1402 et
219 1375 331 1404 tristitia
348 1385 380 1405 ac
398 1386 515 1409 maerore
534 1386 693 1412 contractus
709 1384 794 1413 fuisse
809 1386 917 1422 legitur,
931 1394 993 1413 cum
1026 1385 1138 1412 interim
1170 1384 1230 1419 ejus
1254 1383 1387 1411 divinitas
1401 1383 1436 1410 ab
1464 1384 1537 1410 omni
1562 1377 1698 1418 ejusmodi

56 1418 200 1469 allectione
224 1427 297 1450 esset
315 1423 455 1453 immunis.
472 1426 511 1454 Ita
534 1429 627 1458 nullus
646 1431 697 1459 hac
716 1431 744 1460 in
768 1418 848 1468 parte
862 1433 972 1461 illorum
988 1432 1112 1469 opinioni
1139 1432 1216 1459 locus
1235 1435 1288 1464 est,
1315 1431 1445 1466 quoniam
1477 1430 1587 1466 quidem
1625 1429 1698 1456 Deus

57 1466 88 1493 ad
101 1475 214 1496 carnem
232 1469 383 1500 descendit.

89 1513 154 1541 NB’.
174 1515 317 1549 Λεγόντων
349 1518 439 1545 αὐτῶν
455 1520 474 1553 ³,
496 1522 537 1549 ὅτι
561 1524 595 1551 Εἰ
616 1521 650 1560 ἦν
674 1525 707 1551 ὲκ
729 1525 777 1552 τοῦ
797 1527 856 1554 Πα-

55 1561 129 1608 τρρς,
144 1564 204 1595 πῶς
222 1565 262 1596 είς
284 1565 374 1601 σάρκα
385 1564 451 1602 ἦλθε
465 1576 472 1601 ;
488 1569 602 1605 Φήσειεν
623 1571 655 1598 ἄν
671 1580 712 1604 τις
728 1573 795 1608 πρὸς
808 1573 856 1599 αὺ-

55 1607 128 1654 τούς
145 1609 215 1644 Περὶ
228 1609 283 1636 τῶν
294 1611 417 1645 ἀγγέλων
429 1613 455 1639 τί
470 1622 555 1648 φατες
575 1615 661 1643 Παντὶ
677 1607 757 1644 τοῦτο
771 1618 850 1654 δῆλόν

55 1653 141 1687 ἐστιν,
153 1655 194 1681 ὄτι
209 1655 370 1691 ὁμολογοῦσι
380 1658 443 1690 τοὺς
456 1660 588 1694 ἀγγέλους
600 1662 652 1688 ὑπὸ
666 1663 713 1689 τοῦ
725 1653 852 1699 Υιοῦγγεο

55 1699 174 1733 γονέναι.
189 1701 244 1728 Καὶ
257 1702 312 1738 γὰρ
329 1704 376 1730 καὶ
396 1705 461 1740 περὶ
480 1705 527 1732 τοῦ
548 1707 707 1743 Πνεύματος
730 1709 852 1746 βλασφη-

57 1746 149 1780 μοῦσι,
165 1748 214 1774 καὶ
229 1748 349 1784 τολμῶσι
368 1750 457 1786 λέγειν
483 1753 625 1781 κεκτίσθαι
641 1755 693 1781 ὑπὸ
709 1756 756 1782 τοῦ
773 1756 850 1783 Υἰοῠ·

55 1791 125 1827 ὅπερ
141 1792 215 1819 ἐστὶν
227 1793 364 1827 ἄκτιστον,
374 1795 408 1822 ἐκ
417 1797 533 1831 Πατρός
545 1799 793 1835 ἐκπορευόμενον,
802 1802 851 1829 καὶ

56 1837 109 1864 τοῦ
131 1838 201 1865 Υἱοῦ
215 1840 380 1874 λαμϐάνον.
397 1842 428 1868 Ei
439 1840 487 1869 οὖν
501 1845 541 1876 είς
555 1845 585 1871 τὺ
598 1845 710 1881 Πνεῦμα
727 1847 757 1874 τὸ
775 1847 852 1882 ἅγιον

56 1882 176 1918 τολμῶσι
186 1884 265 1911 τοῦτο
274 1885 373 1920 λέγειν,
386 1887 461 1923 πόσῳ
477 1897 510 1923 γε
521 1890 621 1925 μᾶλλον
634 1892 698 1928 περὶ
706 1892 760 1919 τῶν
774 1894 853 1928 ἀγγέ-

56 1928 109 1956 λων
124 1930 155 1956 οὺ
169 1930 328 1966 δυνήσονται
342 1933 571 1969 ἀρνήσασθαι,ὅτι
581 1938 612 1964 ὲκ
625 1938 672 1964 τοῦ
684 1939 853 1974 Μονογενοῦς

57 1975 191 2010 ἐσχήκασι
205 1977 236 2003 τὸ
249 1976 318 2005 εἶναι
333 1980 486 2015 ὲκτισμένοι
499 1984 659 2017 γεγονότες;
678 1984 708 2011 Εἰ
723 1986 812 2012 τοίνυν
827 1986 853 2012 οἱ

57 2020 103 2046 ὑπ’
117 2021 201 2048 αὑτοῦ
212 2024 354 2057 γεγονότες
367 2025 477 2059 ἄγγελοι
488 2027 536 2062 μὲν
551 2031 731 2064 πνευματικοὶ
744 2031 854 2065 γεγονό-

56 2074 112 2099 τες,
136 2067 205 2103 πλὴν
233 2068 371 2104 κτίσματα
387 2071 470 2097 αὑτοῦ
486 2072 571 2104 ὄντες,
589 2074 636 2100 καὶ
652 2075 853 2111 ὑποϐεϐηκότες

57 2112 125 2139 πολὺ
138 2113 261 2149 ἀπείρως
270 2115 319 2150 τῆς
328 2116 410 2143 αὐτοῦ
419 2117 523 2150 οὐσίας,
535 2119 572 2151 ὡς
583 2119 664 2155 ἔργον
673 2121 756 2148 αὐτοῦ
766 2121 851 2156 ὅντες,

56 2159 133 2194 ὅμως
148 2160 236 2196 σάρκα
251 2161 288 2197 μὴ
303 2162 453 2198 εἰληφότες,
471 2165 497 2191 τί
512 2165 642 2201 ἐροῦμενς
658 2164 730 2202 Ἀρα
746 2168 854 2202 μείζους

56 2206 110 2232 εἶσὶ
122 2206 171 2233 τοῦ
189 2207 253 2233 Υἰοῦ
267 2209 312 2235 ὑπ’
325 2210 408 2236 αὐτοῦ
423 2211 590 2245 κτισθέντες,
610 2213 626 2248 ἢ
640 2213 686 2240 καὶ
695 2213 726 2240 τὸ
741 2214 854 2250 Πνεῦμα

56 2252 85 2278 τὸ
98 2252 194 2286 ἇγιον;
212 2253 262 2280 Διὰ
272 2253 298 2280 τί
319 2255 356 2290 μὴ
370 2256 410 2287 είς
426 2256 516 2291 σάρκα
525 2255 603 2292 ἦλθε,
618 2258 664 2285 καὶ
681 2259 770 2294 σάρκα
790 2259 853 2293 ἐφό-

57 2308 131 2334 ρεσε,
148 2300 196 2327 καὶ
213 2301 433 2337 ὲνηνθρώτιιησεν,
455 2304 470 2339 ἢ
487 2304 517 2330 τὸ
538 2304 650 2340 Πνεῦμα
672 2305 703 2332 τὸ
714 2306 791 2340 ἆγιον
802 2305 850 2333 τοῦ

55 2345 133 2376 Θεοῦ,
154 2346 170 2380 ἦ
193 2355 235 2378 τις
255 2347 309 2373 τῶν
326 2348 466 2382 ἁγγέλων;
483 2349 520 2376 Οὐ
546 2350 599 2386 γὰρ
623 2350 732 2382 πάντως
756 2350 800 2377 διὰ
820 2351 851 2378 τὺ

55 2391 229 2425 ἠλαττῶσϐαι
245 2393 290 2420 τὸν
306 2394 369 2432 Tib};
386 2395 462 2430 παρὰ
475 2395 521 2422 τὸν
530 2396 651 2432 Πατέρα,
660 2397 754 2423 τούτου
769 2397 850 2424 ἕνεκα

56 2438 146 2472 σάρκα
170 2438 328 2466 ἐνεδύσατο·
351 2431 412 2467 ἐπεὶ
432 2440 464 2468 ἂν
486 2441 601 2476 ὤφειλον
628 2443 676 2469 καὶ
695 2444 720 2470 οἱ
739 2443 850 2478 ἄγγελοι

56 2482 165 2514 πάντως
182 2483 271 2518 σάρκα
292 2484 462 2517 ἐνδύσασθαι,
479 2485 494 2521 ἢ
519 2487 566 2513 καὶ
585 2488 615 2514 τὸ
632 2487 754 2523 Πνεῦμα.
779 2488 850 2514 Ἀλλ’

55 2529 149 2564 ἐπειδὴ
167 2530 183 2564 ἠ
198 2530 278 2564 σοφία
292 2530 328 2557 ὢν
343 2531 389 2557 τοῦ
405 2532 519 2567 Πατρὸς,
534 2533 581 2560 καὶ
594 2533 718 2570 δύναμις,
737 2535 784 2561 καὶ
797 2535 850 2562 Λό-

55 2583 111 2608 γος,
136 2575 218 2607 αὐτὸς
239 2576 274 2602 τὰ
293 2577 381 2604 πάντα
402 2578 602 2615 ἐδημιούργησε
623 2581 671 2606 σὺν
691 2581 779 2616 Πατρὶ
805 2581 852 2608 καὶ

55 2621 123 2656 ἁγίῳ
150 2621 300 2656 Πνεύματι.
324 2623 367 2649 ἵνα
389 2623 474 2660 δείξῃ,
504 2626 545 2651 ὅτι
569 2626 599 2652 τὺ
625 2625 710 2652 αἰτιον
735 2627 784 2661 τῆς
803 2627 850 2653 τοῦ

61 2667 147 2701 Ἀδὰμ
168 2666 351 2702 παραϐάσεως
375 2669 426 2695 οὐκ
450 2670 504 2697 ἀπὸ
525 2670 572 2697 τοῦ
595 2671 773 2704 πεπλακέναι,
791 2672 850 2698 οὐδὲ

56 2713 108 2739 ἀπὸ
120 2712 168 2739 τοῦ
188 2714 368 2748 πεποιηκέναι
384 2715 414 2741 τὸ
430 2716 553 2752 ἁμαρτὲς
569 2717 585 2752 ἢ
600 2717 630 2743 τὸ
645 2718 694 2752 τῆς
708 2718 850 2753 παρακοῆς

57 2758 142 2793 ἔσχεν,
162 2758 219 2784 ἀλλ’
240 2759 295 2785 ἀπὸ
311 2760 379 2790 ἰδίας
398 2762 593 2797 προαιρέσεως,
613 2762 655 2788 ἵνα
678 2763 728 2798 τὴν
745 2763 850 2789 δικαίαν

58 2805 143 2839 κρίσιν
155 2806 195 2836 εἰς
210 2805 285 2837 τέλος
300 2805 465 2841 διεξαγάγοι,
480 2807 517 2839 ὡς
532 2806 608 2834 εἶπεν
621 2810 634 2834 ὁ
655 2809 784 2841 Ὶίσαῖας·
798 2808 851 2836 Iid-

91 2882 98 2898 ‘
113 2882 144 2910 Ε.
164 2882 302 2910 λεγόντων
317 2883 345 2911 δὲ
359 2884 459 2913 αὐτῶν.
500 2886 508 2902 ¹
523 2885 603 2914 Joan.
620 2895 663 2919 xv,
680 2887 725 2913 ‘26.
765 2880 855 2914 JJoau

944 1523 998 1551 Lll.
1015 1522 1095 1556 Quod
1107 1526 1198 1550 autem
1213 1522 1264 1549 hoc
1276 1522 1311 1549 ab
1328 1521 1438 1549 Arianis
1455 1522 1604 1554 obiicitur:
1623 1521 1651 1550 Si
1667 1529 1700 1550 ex

869 1581 891 1610 ε
907 1571 991 1597 Patre
1005 1573 1064 1596 erat
1076 1588 1083 1600 ,
1099 1568 1210 1603 quinam
1226 1567 1259 1594 ad
1276 1575 1386 1595 carnem
1404 1567 1569 1595 descendit?
1589 1568 1627 1595 Ita
1646 1568 1700 1595 illis

902 1626 918 1645 e
928 1615 1066 1644 contrario
1081 1618 1171 1649 potest
1184 1614 1294 1641 occurri
1307 1623 1314 1641 :
1328 1614 1366 1641 De
1390 1614 1494 1648 angelis
1509 1614 1574 1649 quid
1591 1614 1700 1642 tandem

901 1661 1090 1691 existimatis?
1107 1660 1214 1688 Nemini
1238 1659 1321 1695 774
1345 1660 1448 1695 quippe
1463 1660 1576 1687 dubium
1593 1665 1635 1688 est
1650 1668 1700 1688 an-

903 1708 978 1744 gelos
998 1715 1013 1734 a
1035 1706 1105 1734 Filio
1128 1714 1160 1733 ex
1177 1706 1286 1733 illorum
1302 1712 1364 1732 esse
1382 1705 1519 1732 sententia
1536 1706 1698 1740 productos.

902 1753 1057 1781 Praesertim
1075 1759 1136 1779 cum
1153 1751 1187 1778 de
1202 1751 1306 1786 Spiritu
1329 1754 1426 1778 sancto
1443 1758 1491 1786 per
1509 1758 1646 1779 summam
1671 1752 1699 1778 in

904 1799 994 1835 ipsum
1015 1797 1210 1825 contumeliam
1228 1796 1321 1824 dicere
1339 1796 1476 1828 audeant,
1504 1804 1518 1823 a
1534 1796 1603 1824 Filio
1625 1797 1699 1824 hunc

904 1853 966 1873 esse
982 1847 1180 1879 procreatum:
1196 1843 1242 1877 qui
1268 1846 1359 1869 tamen
1379 1843 1530 1870 creationis
1546 1843 1635 1870 omnis
1650 1851 1698 1870 ex—

905 1899 1009 1927 pers.'a
1031 1890 1108 1917 Patre
1120 1889 1258 1924 procedit‘
1277 1893 1301 1915 et
1327 1897 1343 1915 ιι
1365 1887 1437 1915 Filio
1452 1889 1547 1923 accipit
1563 1889 1584 1916 ³.
1605 1888 1657 1916 Sed
1675 1888 1698 1916 si

903 1937 937 1964 dc
959 1935 1065 1970 Spiritu
1092 1938 1189 1963 sancto
1211 1933 1347 1968 ejusmodi
1366 1933 1496 1968 quiddam
1521 1933 1700 1968 pronuntiare

904 1990 958 2009 non
975 1981 1112 2014 dubitant,
1125 1985 1229 2016 quanto
1243 1980 1337 2007 minus
1348 1979 1420 2007 idem
1436 1979 1470 2007 de
1481 1980 1585 2014 angelis
1599 1987 1699 2015 negare

903 2031 1056 2063 poterunt;
1074 2034 1125 2054 nec
1140 2026 1266 2053 dubitare
1279 2046 1286 2058 ,
1307 2033 1369 2053 cum
1384 2026 1469 2053 creati
1485 2025 1522 2052 illi
1541 2025 1596 2053 sint
1610 2046 1616 2058 ,
1632 2026 1698 2060 quin

904 2081 919 2100 a
942 2072 1011 2100 Filio
1027 2076 1056 2100 ut
1072 2076 1166 2099 essent
1181 2072 1358 2106 acceperint?
1377 2071 1469 2106 Itaque
1487 2079 1548 2098 cum
1573 2072 1698 2106 producti

905 2119 939 2146 ab
953 2119 1048 2146 eodem
1066 2118 1154 2153 angeli
1172 2118 1218 2152 qui
1246 2117 1355 2144 tametsi
1381 2117 1496 2152 spiritus
1520 2117 1594 2149 sint,
1625 2117 1698 2144 illius

905 2168 995 2191 tamen
1011 2169 1146 2191 creaturae
1162 2167 1226 2191 sunt
1236 2183 1244 2195 ,
1259 2167 1286 2190 et
1300 2163 1335 2190 ab
1349 2163 1409 2197 ejus
1423 2169 1527 2191 naturae
1542 2164 1698 2197 pnestantia

906 2210 1019 2237 inﬁnitis
1045 2209 1170 2245 partibus
1186 2209 1307 2241 absunt,
1333 2213 1428 2244 utpote
1451 2216 1514 2235 cum
1540 2209 1613 2236 illius
1629 2217 1699 2244 opus

869 2252 890 2280 Ι)
905 2256 973 2289 sint;
991 2256 1037 2284 sed
1054 2263 1116 2282 eum
1135 2254 1223 2290 angeli
1239 2262 1350 2282 carnem
1366 2263 1420 2282 non
1436 2255 1618 2290 susceperint,
1631 2255 1697 2290 quid

905 2302 1014 2330 tandem
1040 2301 1221 2336 putabimus?
1242 2300 1325 2328 Estne
1348 2305 1377 2327 ut
1397 2299 1465 2328 Filio
1490 2301 1698 2339 excellentiores

904 2348 966 2376 illos
984 2347 1159 2378 arbitremur,
1176 2355 1191 2373 ιι
1205 2354 1260 2381 quo
1281 2347 1367 2374 creati
1381 2346 1464 2374 sunt?
1480 2347 1521 2373 An
1544 2347 1614 2374 idem
1629 2355 1699 2382 quo-

904 2401 958 2430 que
971 2394 1051 2421 nobis
1069 2393 1103 2421 dc
1120 2392 1223 2428 Spiritu
1248 2397 1345 2420 sancto
1366 2393 1615 2428 persuadebimus?
1631 2394 1698 2428 Cur,

905 2440 1033 2475 inquam,
1053 2447 1141 2474 neque
1152 2439 1199 2466 hic
1212 2459 1219 2471 ,
1238 2446 1289 2466 nec
1305 2439 1465 2474 angelorum
1486 2439 1557 2466 ullus
1577 2440 1610 2466 ad
1635 2447 1699 2466 car-

905 2493 967 2512 ncm
983 2483 1125 2512 descendit
1139 2504 1146 2516 ,
1163 2491 1211 2510 nec
1227 2491 1287 2510 eam
1306 2484 1424 2519 gestavit
1440 2488 1488 2511 aut
1502 2489 1627 2511 naturam
1648 2485 1697 2511 ho—

905 2531 987 2559 minis
1004 2531 1172 2566 assumpsit?
1193 2530 1337 2558 Enimvero
1365 2538 1420 2558 non
1442 2531 1503 2558 ideo
1529 2531 1601 2566 quod
1619 2531 1698 2559 Patre

906 2577 995 2604 minor
1011 2577 1046 2604 sit
1070 2575 1167 2608 Filius,
1186 2581 1330 2611 propterea
1346 2585 1457 2604 carnem
1474 2577 1572 2604 induit.
1588 2578 1697 2615 Alioqui

906 2628 959 2650 tam
978 2623 1066 2658 angeli
1082 2642 1090 2655 ,
1106 2631 1188 2658 quam
1208 2622 1328 2658 Spiritus
1350 2627 1463 2650 sanctus
1482 2631 1563 2650 carne
1588 2631 1696 2657 quoque

904 2670 996 2696 vestiri
1015 2669 1177 2696 debuerant.
1197 2668 1250 2696 Sed
1265 2669 1394 2703 quoniam
1413 2669 1482 2696 idem
1502 2669 1569 2703 ipse,
1586 2668 1631 2702 qui
1654 2671 1697 2695 est

905 2715 1037 2750 sapientia
1063 2715 1162 2747 Patris,
1178 2719 1205 2742 et
1222 2716 1318 2747 virtus,
1333 2723 1366 2742 ac
1379 2714 1509 2745 Verbum,
1526 2713 1616 2741 omnia
1631 2721 1694 2740 eum
1734 2719 1735 2722 ‘

905 2761 985 2788 Patre
1005 2766 1032 2789 et
1055 2761 1158 2796 Spiritu
1183 2766 1279 2788 saneto
1294 2761 1437 2792 condidit,
1455 2765 1482 2787 ut
1499 2760 1550 2786 hoc
1568 2759 1695 2787 videlicet

905 2808 1120 2841 demonstraret,
1139 2809 1242 2844 peccati
1257 2808 1332 2836 illius
1343 2828 1350 2842 ,
1366 2807 1438 2842 quod
1452 2807 1486 2834 ab
1500 2806 1605 2834 Adamo
1619 2813 1696 2833 eom-

884 2893 940 2920 xvt,
959 2886 1000 2919 ιι,
1022 2886 1062 2914 15.
