1929 3039
243 180 294 206 BS7

941 180 969 207 δ.
992 173 1161 208 [ιιιριιᾹΝιι

1817 180 1874 210 988

245 241 453 269 substantialcm
469 250 498 269 se
512 250 573 270 esse
594 241 663 269 Patri
677 242 818 278 discipulis
832 241 889 268 suis
901 241 1027 268 ostende-

1086 242 1131 276 ιῆς
1150 241 1217 276 πρὸς
1237 241 1282 269 τὸν
1303 241 1413 278 Πατέρα
1433 241 1516 269 αὐτοῦ
1527 241 1744 278 όμοουσιότητος,
1760 241 1871 276 ἔλεγεν·

246 292 303 314 ret:
326 287 356 314 Si
380 288 437 322 quis
449 307 455 318 ,
475 288 582 322 inquit,
601 289 734 322 aperuerit
751 288 834 320 mihi,
859 288 970 323 ingressi
985 296 1031 321 ego

245 338 269 359 ct
286 333 366 360 l’ater
379 334 540 360 mansionem
561 334 630 368 apud
649 334 724 361 illum
744 335 899 369 faciemns‘.
917 333 975 360 Non
990 334 1032 360 tli-

247 381 298 405 xit:
316 376 406 405 Mittar
427 386 442 405 a
469 379 551 407 Patre
570 388 651 412 meo;
673 381 736 412 sed,
752 380 806 416 Ego
820 385 845 407 et
860 379 941 406 Pater
963 379 1031 414 apud

246 423 321 449 illum
346 424 525 457 manebimus,
542 425 609 452 adeo
633 429 662 452 ut
677 426 804 460 pulsante
817 425 900 458 Filio,
918 434 979 453 cum
998 433 1032 454 eo

245 467 325 494 Pater
352 468 543 503 ingrediatur;
573 470 698 505 idemque
722 478 784 498 cum
805 470 874 498 Filio
901 475 1032 506 perpetuo

245 513 291 542 sit.
311 521 360 540 nec
380 522 499 548 unquam
514 515 611 542 abillo
630 519 783 550 separetur,
802 515 842 542 uti
862 522 938 543 neca
951 515 1032 543 Patre

245 557 342 585 Filius.
358 559 434 586 Unde
449 560 475 586 iu
490 560 544 586 alio
560 561 633 588 loco:
653 560 706 595 Ego
726 569 806 592 sum,
818 560 922 595 inquit,
936 561 989 593 via,
1005 566 1030 588 et

243 612 290 638 per
306 613 345 631 me
358 605 535 640 ingredientnr
550 606 584 632 ad
599 600 709 632 Patrem
722 607 742 634 ¹.
765 606 805 633 Ac
822 614 856 633 uc
869 606 930 641 quis
944 606 1033 633 mino-

245 658 301 677 rem
317 650 377 678 ideo
393 658 454 678 esse
473 650 553 678 Patre
573 651 717 683 crederet,
733 650 806 686 quod
831 658 879 686 per
894 651 982 686 ipsum
998 651 1031 678 ad

244 695 351 722 Patrem
373 696 464 723 aditus
484 701 607 730 pateret,
624 696 665 724 sic
691 697 745 724 alio
759 697 819 724 loco
838 696 927 724 dixit:
949 696 1032 724 Nemo

244 739 327 765 veniet
339 739 372 766 ad
390 748 430 767 me
441 761 448 772 ,
464 741 516 767 nisi
541 739 624 768 Pater
645 749 717 769 meus
733 742 844 769 calcatis
866 742 979 768 traxerit
998 742 1032 769 il-

245 786 301 811 lum
314 786 335 812 ³.
353 786 437 821 Igitur
453 791 479 813 et
493 785 573 814 Pater
588 787 622 814 ad
642 786 740 815 Filium
758 787 845 819 ducit.
860 792 887 815 ct
900 787 984 816 Filius
998 788 1032 815 ad

245 829 352 858 Patrem
365 851 372 862 ,
387 835 414 858 et
429 835 544 866 uterque
560 839 608 866 per
620 832 751 867 Spiritum
768 837 892 860 sanctqu
908 833 1032 861 introdu-

245 876 292 903 cit.
310 875 378 902 Nam
403 876 523 904 Trinitas
548 877 576 904 in
599 885 654 905 una
680 878 867 913 singularique
890 879 1033 908 divinitate

245 926 378 956 perpetuo
393 923 537 953 consistit.
556 927 585 950 ut
613 923 664 950 tria
690 923 809 959 perfecta
833 925 907 956 sint,
924 933 1032 960 unaque

246 967 385 995 divinitas.
411 967 500 1003 Atque
526 969 577 996 hoc
597 969 678 996 modo
698 969 886 997 haereticorum
916 971 1031 998 istorum

246 1013 341 1048 opinio
357 1014 495 1042 cohaerere
512 1022 565 1042 non
589 1019 689 1050 potest.

282 1058 336 1086 LV.
364 1058 417 1087 Sed
440 1059 508 1086 illud
530 1060 684 1096 objiciunt:
705 1060 762 1089 Cur
786 1061 869 1096 igitur
890 1061 1033 1097 discipulis

245 1106 304 1132 suis
325 1098 453 1133 Christus
481 1106 628 1142 aliquando
654 1107 743 1134 dixit:
775 1107 850 1134 Vada
870 1107 904 1134 ad
925 1107 1033 1135 Patrem

245 1160 341 1183 nteant,
366 1156 390 1179 et
418 1151 527 1179 Patrem
550 1157 677 1184 vestrum,
693 1152 778 1180 Deum
802 1161 888 1180 meum
911 1158 936 1180 et
948 1153 1033 1180 Deum

245 1198 398 1224 vestrum‘?
412 1197 479 1225 Nam
503 1199 526 1227 si
551 1198 637 1226 Deum
663 1206 744 1226 suum
768 1198 879 1231 fatetur,
896 1199 1034 1234 quotnodo

245 1243 309 1271 huic
331 1243 443 1278 aequalis
465 1251 526 1272 csse
549 1246 660 1279 poterit,
681 1245 723 1272 vel
740 1245 776 1272 ab
791 1252 823 1272 eo
838 1245 961 1281 germani
986 1245 1033 1272 lilii

245 1297 322 1316 more
335 1289 463 1324 genitus?
478 1290 567 1324 Atque
580 1290 630 1318 hac
651 1290 762 1326 quidem
784 1290 908 1318 oratione
926 1298 1033 1318 summa

246 1341 277 1361 se
287 1334 313 1360 iu
328 1334 455 1362 omnibus
467 1334 513 1362 Dei
529 1336 682 1370 ignorantia
697 1336 822 1364 laborare
833 1336 1033 1368 demonstrant,

245 1387 297 1408 nec
318 1388 351 1408 ex
366 1381 421 1408 ulla
438 1386 515 1416 parte
539 1381 676 1418 Evangelii
697 1381 843 1417 splendore
866 1382 1033 1410 collustrari.

245 1427 351 1454 Etenim
373 1428 496 1463 quisquis
514 1427 693 1463 perscrutari,
716 1433 743 1455 et
766 1435 781 1454 a
806 1427 916 1460 saeculo,
935 1435 968 1455 ac
987 1435 1036 1463 per

245 1473 437 1507 generationes
453 1473 584 1509 indagare
598 1473 725 1505 voluerit,
743 1480 804 1508 quae
815 1473 851 1501 sit
868 1473 991 1501 veritatis
1007 1474 1034 1501 in

247 1518 397 1546 Salvatoris
423 1519 510 1546 nostri
537 1518 656 1554 perfecta
680 1519 806 1552 scientia,
833 1519 948 1554 ejusque
971 1527 1034 1546 cum

246 1563 327 1591 Patre
348 1564 512 1599 aequalitatis
533 1564 575 1592 vis
593 1564 737 1600 intelliget.
756 1565 803 1592 Isti
828 1572 893 1592 vero
913 1564 1034 1592 Judairis

1089 286 1156 313 Ἐάν
1168 295 1210 319 τις
1225 287 1333 320 ἀνοίξῃ
1349 295 1409 320 μοι,
1429 287 1584 319 εἰσελθὼν,
1603 286 1660 321 ἐγὼ
1672 285 1721 312 καὶ
1736 287 1754 313 ὀ
1770 286 1874 320 Πατήρ

1079 340 1139 367 μου
1151 331 1252 366 μονὴν
1269 333 1336 365 παρ’
1360 331 1441 364 αὐτῷ
1456 331 1632 366 ποιήσομεν.
1648 330 1702 357 Καὶ
1720 331 1814 357 οὐκέτι,
1835 329 1874 357 εἶ-

1083 387 1143 411 πεν,
1162 379 1398 413 ’Δποιπαλήσομαι
1413 378 1466 404 ὑπὸ
1476 377 1523 404 τοῦ
1534 378 1639 413 Πατρός
1653 385 1715 413 μου’
1734 377 1810 412 Ἐγὼ
1823 378 1873 404 καὶ

1082 426 1100 452 ὀ
1114 424 1214 459 Πατὴρ
1228 424 1394 459 παράὺτῷ,
1410 425 1448 457 ὡς
1457 424 1599 460 κρούοντος
1609 424 1656 450 τοῦ
1672 423 1750 455 Υιοῦ,
1764 424 1812 450 καὶ
1825 423 1874 449 τοῦ

1083 470 1188 504 Πατρδς
1217 470 1265 496 σὺν
1289 469 1363 504 αὐτῷ
1381 469 1583 505 εἰσερχομένου·
1603 469 1641 500 ὡς
1656 469 1700 495 ἀεὶ
1719 467 1801 501 εἶναι,
1827 468 1875 495 καὶ

1084 515 1218 550 μηδέποτε
1236 515 1370 541 διαλιπεῖν
1385 515 1494 550 Πατέρα
1509 515 1563 541 ἀπὸ
1579 514 1655 546 Υἱοῦ,
1673 514 1719 540 καὶ
1737 513 1802 540 Υῑὸν
1820 513 1874 540 ἀπὸ

1082 561 1129 587 τοῦ
1158 559 1221 586 ἰδίου
1248 560 1366 596 Πατρός.
1393 560 1439 586 Διὸ
1467 560 1515 586 καὶ
1532 560 1562 585 ὲν
1587 559 1672 594 ἑτέρῳ
1695 559 1772 594 τόπῳ
1785 559 1872 593 λέγει·

1088 606 1162 641 Ἐγώ
1187 607 1245 641 sila
1270 606 1290 638 ἠ
1308 605 1388 638 ὁδὸς,
1415 606 1465 632 καὶ
1491 605 1528 632 δι’
1543 604 1616 640 ἐμοῦ
1642 598 1874 632 εἰσελεύσονται

1083 652 1159 686 πρὸς
1179 652 1232 679 τὸν
1250 651 1375 686 Πατέρα.
1400 651 1455 678 Καὶ
1482 652 1526 679 ἵνα
1543 652 1579 687 μή
1596 660 1668 683 τινες
1681 651 1784 686 ἥσσονα
1805 651 1874 686 ny);

1083 698 1128 725 τὸν
1157 698 1268 734 Πατέρα
1292 699 1434 734 νομίσωσι,
1465 698 1509 725 διὰ
1535 698 1566 724 τὸ
1591 697 1624 724 δι’
1639 696 1720 724 αὐτοῦ
1744 696 1816 733 πρὸς
1830 697 1874 722 τὸν

1083 743 1192 778 Πατέρα
1220 744 1343 775 εἰσιέναι,
1375 744 1466 779 φησίν·
1491 743 1596 776 Οὐδεὶς
1620 743 1776 769 ἐλεύσεται
1800 743 1876 776 πρὸς

1080 788 1131 823 μὲ,
1151 789 1205 816 ἐὰν
1218 789 1261 824 μὴ
1279 791 1295 817 ὁ
1310 789 1411 824 Πατήρ
1424 798 1483 824 μου
1498 790 1515 816 d
1531 789 1668 822 οὐράνιος
1681 788 1800 820 ἐλκύσῃ
1822 789 1874 814 αὐ-

1083 836 1147 863 τόν.
1169 836 1199 862 '0
1213 835 1306 871 Πατὴρ
1321 834 1368 863 οὖν
1389 836 1468 871 φέρει
1486 835 1554 871 πρὸς
1567 835 1613 861 τὸν
1630 834 1702 865 Υῑδν,
1716 834 1764 860 καὶ
1779 834 1794 859 6
1813 833 1875 864 Υἱὸς

1084 880 1162 916 φέρει
1187 881 1256 916 πρὸς
1279 881 1325 907 τὸν
1348 880 1469 916 Πατέρα,
1494 879 1613 915 εἰσφέρει
1636 879 1665 905 δὲ
1685 879 1714 905 ἑν
1733 878 1873 913 Πνεύματι

1048 913 1070 942 Β
1084 913 1165 962 άγίῳ.
1184 913 1240 952 ’Ᾰεὶ
1256 925 1310 962 γὰρ
1330 913 1446 952 πάντοτε
1461 925 1477 960 ἡ
1492 913 1580 960 Τριὰς
1593 925 1622 951 ὲν
1637 925 1685 959 μιᾷ
1698 923 1806 959 ὲνότητι
1819 923 1874 950 θεό-

1083 980 1173 1007 τητος·
1190 972 1254 1008 τρία
1267 972 1366 1005 τέλεια,
1389 971 1437 1008 μία
1451 971 1555 1007 θεότης.
1574 971 1629 998 Καὶ
1643 969 1768 1009 διέπεσεν
1783 971 1800 996 6
1814 969 1875 995 τοὺ-

1087 1026 1142 1044 των
1157 1018 1244 1052 λόγος.

1119 1064 1182 1090 ΝΕ’.
1198 1063 1282 1091 Πάλιν
1293 1063 1317 1090 δὲ
1329 1064 1479 1099 φάσκουσι·
1493 1063 1551 1090 Τίνι
1567 1063 1656 1089 τοίνυν
1663 1062 1702 1097 τῷ
1715 1061 1789 1097 λόγῳ
1804 1062 1876 1097 εἴρη-

1084 1118 1132 1136 κεν
1147 1110 1282 1146 όΧριστὸς
1296 1111 1352 1141 τοῖς
1365 1109 1462 1136 ἑαυτοῦ
1481 1109 1624 1145 μαθηταῖς,
1641 1108 1682 1135 ὅτι
1701 1107 1875 1142 Ἄπέρχομαι

1084 1157 1158 1191 πρὸς
1169 1157 1222 1184 τὸν
1232 1156 1347 1190 Πατέρα
1354 1165 1424 1191 μου,
1441 1155 1490 1182 καὶ
1505 1154 1619 1189 Πατέρα
1632 1154 1722 1188 ὑμῶν,
1735 1153 1786 1180 καὶ
1804 1154 1876 1180 Θεόν

1081 1212 1151 1238 μου,
1170 1203 1218 1230 καὶ
1237 1203 1311 1230 Θεὸν
1326 1202 1427 1236 ὐμῶν;
1448 1201 1479 1228 Εί
1497 1201 1587 1228 τοίνυν
1600 1201 1666 1227 Θεὸν
1678 1200 1760 1227 αὐτοῦ
1783 1201 1876 1236 ὁμολο-

1084 1247 1209 1286 γεῖηπῶς
1225 1247 1265 1274 ἔτι
1294 1247 1370 1275 ἔσται
1389 1247 1446 1279 ἴσος
1457 1246 1542 1281 αὐτῷ,
1559 1246 1576 1282 ἢ
1598 1246 1643 1272 ὑπ’
1658 1245 1740 1272 αὐτοῦ
1756 1246 1876 1280 γνησίως

1085 1294 1282 1329 γεγεννημένος
1293 1303 1300 1326 ;
1316 1293 1374 1320 Ἵνα
1394 1293 1516 1326 δείξωσιν
1526 1293 1555 1319 ἐν
1567 1292 1649 1318 πᾶσιν
1661 1291 1801 1325 ἀγνωσίαν
1810 1290 1876 1317 Θεοῦ

1085 1340 1183 1371 αὐτοὺς
1202 1340 1284 1375 ἔχειν,
1296 1339 1373 1366 καὶη
1387 1340 1416 1366 ὲν
1438 1338 1532 1374 μηδενί
1549 1339 1601 1365 εισι
1615 1337 1746 1373 φωτισμῷ
1767 1337 1816 1364 τοῦ
1830 1338 1877 1364 Εὐ-

1085 1386 1212 1421 αγγελίου
1229 1385 1458 1421 κατηυγασμένοι.
1487 1385 1658 1420 Ψηλαφήσας
1684 1383 1738 1418 γάρ
1761 1391 1807 1415 τις
1833 1383 1876 1409 καὶ

1086 1433 1268 1468 ἀνερευνήσας
1285 1431 1339 1458 ἀπὸ
1356 1431 1403 1458 τοῦ
1416 1430 1524 1462 αἰῶνος,
1536 1431 1583 1457 καὶ
1598 1429 1669 1457 κατὰ
1684 1429 1795 1464 γενεὰν,
1811 1429 1876 1456 εἴσε-

1085 1486 1131 1504 ται
1140 1477 1189 1513 τῆς
1202 1476 1331 1512 ἀληθείας
1342 1476 1392 1511 τῆς
1405 1476 1451 1502 τοῦ
1463 1476 1589 1511 Σωτῆρος
1604 1474 1682 1510 ἡμῶν
1693 1474 1802 1506 τελείας
1813 1474 1877 1509 γνώ-

1087 1531 1156 1554 σεως
1171 1521 1301 1557 καὶπρὸς
1327 1521 1372 1549 τὸν
1397 1521 1507 1557 Πατέρα
1534 1521 1654 1556 ἰσότητος
1676 1521 1726 1557 τὴν
1750 1521 1874 1557 δύναμιν.

1087 1568 1230 1600 Κνίζονται
1242 1567 1270 1594 δὲ
1296 1565 1369 1595 οὗτοι
1388 1567 1526 1602 Ἰουδαῖκῷ
1542 1568 1696 1603 φρονήματι
1714 1568 1875 1603 περιϐεϐλη-

246 1596 421 1644 opinionilius
443 1609 565 1645 impediti
579 1596 712 1637 adversus
728 1609 773 1636 Dei
787 1609 886 1637 Filium
900 1609 1034 1638 exstimuo

1088 1596 1173 1649 μένοι,
1189 1613 1236 1640 καὶ
1252 1612 1437 1647 ἀγανακτοῦσι
1459 1612 1500 1648 τῷ
1587 1596 1638 1639 τοῦ
1654 1612 1732 1643 Θεοῦ,
1751 1596 1876 1647 ναοάπείρ

245 1655 346 1683 lantur.
365 1655 483 1684 Perinde
499 1659 580 1691 atque
606 1656 644 1683 illi
670 1655 782 1683 Christo
796 1656 924 1682 dicebant
940 1665 947 1682 :
965 1654 1036 1682 Nui-

205 1696 211 1700 ’
246 1701 301 1728 lum
314 1702 345 1728 ob
369 1701 443 1728 aliud
470 1702 554 1729 scelus
573 1706 597 1729 te
620 1701 780 1736 lapidatum,
806 1701 890 1736 778
907 1701 952 1729 sed
966 1701 1035 1736 quod

245 1749 322 1776 homo
337 1757 396 1776 cum
411 1749 460 1781 sit,
475 1748 498 1775 F
499 1749 576 1776 ilium
592 1749 642 1776 Dei
653 1749 763 1783 teipsum
778 1749 898 1776 nantium
912 1753 936 1775 et
949 1755 1036 1783 aequm

246 1794 297 1821 lem
317 1794 370 1821 Deo
388 1799 413 1821 te
429 1795 496 1829 facis
510 1795 531 1821 '.
547 1794 603 1822 Hac
618 1795 656 1822 illi
670 1794 870 1822 Pharisaeorum
886 1801 918 1821 ac
929 1789 1037 1821 Judzeo-

245 1848 306 1867 rum
322 1840 349 1867 in
362 1840 502 1868 Christum
518 1841 659 1868 iracundia
675 1841 772 1875 perciti
790 1840 933 1874 feruntur;
948 1847 1037 1874 neque

246 1885 346 1912 Filium
365 1885 496 1920 aequalem
517 1886 633 1920 genitori
653 1885 777 1913 conﬁteri
801 1886 905 1913 volunt.
927 1885 987 1918 Qua
1008 1886 1036 1912 in

247 1938 277 1958 re
305 1938 445 1957 sacrarunt
471 1929 635 1958 Litterarum
651 1935 807 1958 accuratam
823 1931 990 1966 diligentiam
1009 1931 1036 1958 in

248 1977 346 2012 primis
368 1976 513 2004 considera
535 1986 542 2004 :
565 1983 627 2012 qua:
649 1981 713 2004 ante
733 1977 948 2004 incarnationem
969 1976 1037 2004 nihil

247 2021 383 2056 ejusmodi
397 2021 431 2049 de
444 2021 554 2049 Christo
570 2023 790 2057 pronuntiarunt,
808 2021 856 2048 sed
871 2021 951 2048 Pater
969 2022 1038 2049 Filio

247 2067 351 2095 dixisse
367 2067 484 2103 legitur:
500 2067 644 2094 Faciamus
661 2067 792 2094 hominem
804 2068 824 2101 ‘,
842 2072 871 2095 ut.
884 2068 1037 2096 communis

248 2113 348 2149 opiﬁcii
367 2118 505 2141 auctorem
521 2113 623 2148 pariter
644 2113 744 2140 Filium
767 2114 883 2149 appellet
902 2118 929 2141 et
944 2122 1037 2149 mqua-

247 2161 324 2188 litate
339 2168 498 2196 germanum
516 2159 663 2196 signiﬁcet.
685 2159 776 2194 Neque
796 2167 861 2187 vero
879 2164 936 2186 tum
952 2159 1038 2188 Filius

247 2208 331 2235 Deum
345 2216 441 2240 meum,
454 2212 480 2234 et
495 2206 581 2234 Deum
595 2212 708 2234 vestrum
720 2206 826 2241 uspiam
842 2207 1043 2238 vocavitJtem.

1085 1658 1182 1685 ἐκεῖνοι
1202 1657 1304 1692 ελεγον,
1329 1658 1370 1684 δτι
1392 1657 1432 1684 Δι’
1447 1657 1538 1685 οὐδὲν
1566 1659 1701 1692 πονηρόν
1713 1665 1750 1685 σε
1765 1650 1876 1687 limiti?-

1083 1712 1150 1738 μεν,
1170 1703 1239 1730 ἀλλ’
1259 1703 1314 1736 ὅτι,
1343 1702 1497 1737 ἄνθρωπος
1513 1702 1566 1736 ὢν,
1602 1702 1672 1729 Υίὸν
1691 1702 1766 1729 Θεοῦ
1787 1702 1875 1729 αὑτὸν·

1086 1747 1246 1783 ὀνομάζεις,
1258 1748 1329 1775 ἴσον
1346 1748 1386 1780 τῷ
1398 1746 1459 1780 Θεῷ
1475 1746 1568 1774 ποιῶν
1581 1747 1722 1774 σεαυτόν,
1738 1747 1820 1774 Οὕτω
1835 1747 1875 1772 καὶ

1085 1789 1170 1825 οὗτοι,
1189 1793 1229 1828 τῷ
1243 1793 1318 1828 αὐτῷ
1334 1792 1415 1820 πάθει
1430 1793 1485 1819 τῶν
1498 1792 1652 1828 Φαρισαίων
1678 1793 1725 1819 καὶ
1744 1793 1875 1819 Ἰουδαίων

1087 1839 1292 1874 περιπεσόντες,
1323 1837 1517 1872 ἀγανακτοῦσι,
1537 1837 1574 1874 μὴ
1595 1837 1716 1869 θέλοντες
1731 1837 1823 1872 λέγειν
1836 1838 1875 1863 τόν

1087 1885 1151 1911 Υξὺν
1163 1885 1219 1912 [σον
1229 1884 1267 1920 τῷ
1277 1884 1463 1920 γεγεννηκότι.
1480 1885 1550 1920 Ὅρα
1563 1884 1618 1920 γάρ
1632 1892 1679 1919 μοι
1687 1884 1738 1919 τὴν
1747 1885 1803 1910 τῶν
1812 1884 1876 1918 Γρα-

1087 1931 1146 1966 φῶν
1167 1931 1319 1967 ἀκρίϐειαν,
1337 1930 1378 1957 ὅτι
1404 1930 1522 1966 οὐδαμοῦ
1535 1930 1646 1966 εἴρηκεν
1665 1930 1682 1965 ἡ
1703 1929 1763 1956 θεία
1784 1929 1874 1964 Γρασὴ

1088 1976 1132 2003 τὸν
1145 1976 1223 2010 λόγον
1237 1975 1331 2002 τοῦτον
1347 1976 1400 2011 πρὸ
1413 1975 1463 2010 τῆς
1486 1975 1616 2011 ὲνσάρκου
1631 1975 1783 2010 παρουσίας
1794 1983 1800 1989 ·
1818 1975 1871 2002 ἀλλ’

1087 2022 1102 2048 ό
1126 2021 1221 2057 Πατὴρ
1239 2021 1278 2057 τῷ
1304 2021 1378 2056 Υἱῷ,
1406 2020 1582 2055 Ποιήσωμεν
1603 2020 1771 2054 ἄνθρωπον,
1796 2020 1874 2053 λέγει,

1089 2067 1302 2104 συνδημιουργὺν
1317 2067 1408 2094 καλῶν
1432 2067 1478 2093 τὸν
1492 2066 1566 2099 Υίὸν,
1585 2067 1632 2093 καὶ
1651 2060 1762 2101 γνήσιον
1775 2065 1874 2096 δεικνὺς

1088 2116 1149 2142 κατ’
1173 2114 1292 2150 ἰσότητα.
1321 2114 1376 2140 Καὶ
1405 2112 1524 2149 οὐδαμοῦ
1540 2113 1650 2148 εἴρηκεν
1674 2113 1688 2138 6
1714 2112 1790 2144 Υἱὸς,
1807 2111 1875 2138 Θεὸν

1087 2170 1155 2196 μου,
1178 2159 1227 2187 καί
1242 2159 1316 2186 Θεὸν
1333 2158 1432 2194 ὑμῶν·
1461 2158 1518 2188 καὶ.
1537 2158 1689 2185 Ἤκουσεν
1718 2157 1811 2192 Ἀδὰμ
1826 2155 1874 2189 τῆς

1089 2206 1192 2242 φωνῆς
1206 2206 1259 2233 τοῦ
1282 2205 1356 2233 Θεοῦ
1376 2204 1611 2239 περιπατοῦντος
1628 2204 1664 2230 ἐν
1678 2202 1718 2235 τῷ
1742 2202 1874 2238 παραδει-

243 2253 363 2280 Adamn:
398 2253 446 2280 Dei
470 2261 556 2282 vocem
579 2253 699 2280 exaudiit
726 2252 887 2280 ambulanti:
908 2253 936 2279 in
956 2261 1035 2286 para-

1090 2261 1151 2286 σῳ·
1178 2251 1235 2283 καὶ,
1260 2251 1394 2285 Ποίησον
1429 2249 1548 2282 σεαυτῷ
1571 2249 1695 2277 κιϐωτὸν
1721 2249 1756 2276 ἐκ
1782 2250 1875 2282 ξύλων

245 2300 305 2326 diso
315 2300 336 2327 ".
355 2298 424 2326 Tum
437 2309 444 2327 :
463 2299 520 2326 Fac
532 2299 580 2326 tibi
593 2308 684 2326 arcam
702 2299 734 2326 de
749 2299 827 2335 lignis
842 2299 1002 2333 incorruptis
1015 2299 1036 2326 ⁸.

246 2345 280 2372 Ει
308 2355 314 2372 :
338 2345 412 2372 Pluit
431 2345 562 2373 Dominus
588 2355 604 2373 a
634 2346 748 2373 Domino
764 2346 786 2373 ’.
811 2345 878 2373 Item
906 2345 1039 2373 Dotninus

246 2389 333 2425 Moysi
348 2400 355 2416 ε
371 2389 426 2425 Ego
441 2399 500 2417 sum
518 2390 588 2418 Deus
613 2391 760 2425 Abraham,
783 2396 808 2419 et
823 2391 891 2419 Deus
907 2391 998 2423 Isaac,
1014 2396 1040 2418 et

247 2435 317 2462 Deus
328 2435 412 2462 ,Ιαεοῦ
423 2436 455 2462 ¹⁹.
471 2436 625 2470 Quinetiam
638 2437 722 2465 David
738 2450 743 2466 ;
757 2438 833 2465 Dixit
846 2437 976 2465 Dominus
986 2437 1039 2464 Do-

246 2481 318 2507 mino
335 2489 412 2508 meo:
428 2481 494 2510 Sede
508 2491 525 2509 a
538 2482 638 2511 dextris
655 2485 719 2512 meis
736 2485 767 2511 ¹¹.
782 2482 837 2510 Nec
851 2483 926 2510 ullibi
946 2483 1040 2510 Domi-

247 2534 299 2554 nus
317 2527 399 2554 Denm
415 2536 512 2559 meum.
527 2534 552 2556 et
568 2529 650 2557 Deum
674 2534 789 2556 vestrum
803 2530 964 2556 nominavit.
980 2529 1040 2556 Ca}-

246 2577 335 2600 terum
358 2574 402 2600 ubi
421 2570 537 2610 corpore
554 2579 648 2603 nostro
661 2579 800 2609 suscepto,
832 2573 864 2601 In
881 2579 951 2602 terra
968 2575 1039 2603 visus

244 2624 283 2646 est
294 2624 320 2646 et
339 2628 398 2646 cum
418 2620 568 2648 hominibus
582 2620 790 2651 conversatus“,
805 2623 885 2655 atque
901 2621 972 2648 inter
989 2628 1040 2648 nos

246 2671 407 2694 numeratus
434 2671 495 2699 est;
523 2671 590 2694 tunc
611 2666 763 2700 discipulus
797 2674 861 2694 suos
885 2667 1038 2702 alloquens,

243 2712 408 2745 quibuscum
418 2711 557 2746 adaequari
567 2710 677 2745 pouitus
685 2709 743 2735 solo
752 2712 866 2741 excepto
874 2712 984 2741 peccato
991 2714 1039 2735 ue-

244 2758 314 2790 buit,
329 2758 412 2784 Deum
425 2765 511 2784 meum
528 2755 608 2788 dixit,
621 2759 645 2781 et
659 2753 742 2780 Deum
756 2758 882 2786 vestrum,
892 2757 917 2779 et
928 2752 1037 2780 Patrem

286 2853 294 2868 ‘
314 2852 392 2880 .luan.
410 2862 465 2885 xlv.
481 2853 526 2881 25.
549 2854 558 2869 '
575 2853 640 2881 ibid.
657 2853 683 2880 6.
707 2853 717 2869 ³
731 2853 809 2880 Joan.
823 2861 859 2881 vt.
873 2854 915 2881 Η.
955 2855 964 2870 ⁵
978 2855 1057 2882 Joau.
1074 2864 1119 2887 xx,
1136 2856 1178 2883 l7.
1217 2857 1226 2871 ⁵
1238 2855 1316 2883 Joan.
1328 2863 1354 2887 x,
1371 2855 1416 2882 55.

1089 2298 1252 2332 ἁσήπτων·
1282 2297 1342 2330 καὶ,
1358 2296 1483 2331 Ἐὅρεξε
1511 2297 1619 2331 Κύριος
1642 2295 1723 2330 παρὰ
1752 2296 1873 2330 Κιψίου·

1088 2345 1145 2375 καὶ,
1157 2341 1232 2371 Eius
1248 2343 1356 2378 Κύριος
1369 2342 1444 2377 πρὸς
1457 2342 1590 2377 Μωῦσῆν
1598 2351 1605 2357 ·
1631 2341 1706 2377 Ἐγώ
1715 2343 1773 2376 εἰμι
1784 2344 1800 2369 ὀ
1809 2340 1874 2373 Θεὸς

1095 2389 1228 2424 Ἀϐραὰμ,
1247 2389 1297 2416 καὶ
1318 2390 1335 2416 ὀ
1351 2388 1424 2422 Θεὸς
1442 2388 1558 2425 Ἰσαὰκι
1583 2388 1632 2415 καὶ
1646 2389 1663 2415 ὁ
1679 2388 1751 2421 Θεὸς
1775 2386 1871 2416 Ἰακώϐ.

1088 2437 1144 2463 Καὶ
1154 2435 1236 2462 Δαδὶδ
1249 2435 1324 2469 λέγει
1335 2443 1342 2450 ·
1369 2432 1463 2462 Εἶπεν
1476 2435 1492 2461 ό
1519 2435 1627 2468 Κύριος
1646 2433 1687 2466 τῷ
1697 2427 1795 2467 Κιφίῳ
1805 2438 1871 2466 μου·

1088 2482 1188 2509 Κάθου
1200 2481 1234 2508 ἐκ
1247 2480 1354 2513 δεξιῶν
1362 2488 1433 2514 μου.
1445 2479 1501 2506 Καὶ
1521 2478 1639 2514 οὐδαμοῦ
1652 2476 1729 2504 εἶπεν
1741 2479 1756 2505 ό
1771 2478 1872 2512 Κύριος,

1089 2528 1164 2554 Θεόν
1173 2535 1234 2561 μου
1254 2526 1303 2552 καὶ
1322 2525 1397 2552 Θεὸν
1408 2524 1502 2559 ὐμῶν.
1517 2524 1581 2551 Ὅτε
1598 2523 1627 2550 δὲ
1641 2523 1721 2550 ἔλαϐε
1742 2524 1773 2550 τὸ
1783 2523 1872 2558 ἡμέτε-

1090 2581 1135 2608 ρον
1148 2572 1238 2608 σῶμα,
1256 2572 1303 2599 καὶ
1319 2572 1385 2599 Ἐπὶ
1398 2572 1453 2606 τῆς
1467 2571 1524 2607 γῆς
1533 2572 1627 2606 ὤφθη,
1641 2571 1690 2598 καὶ
1707 2572 1769 2605 τοῖς
1777 2567 1872 2604 ἀνί]μῦ-

1088 2626 1156 2652 non;
1167 2617 1414 2653 συνανεστράφη,
1426 2618 1474 2644 καὶ
1491 2619 1520 2644 ὲν
1533 2619 1598 2653 ἡμῖν
1610 2617 1788 2652 κατελογίσθη
1797 2625 1804 2631 '
1819 2614 1871 2641 τῶι

1088 2664 1156 2701 πρὸς
1180 2664 1244 2696 τοὺς
1260 2663 1342 2691 αὑτοῦ
1373 2663 1508 2699 μαθητὰς,
1533 2664 1601 2699 πρὸς
1624 2663 1672 2695 οὓς
1696 2663 1793 2698 ὤφειλε
1810 2658 1871 2687 κατὰ

1088 2711 1178 2739 πάντα
1191 2710 1357 2746 ὁμοιωθῆναι
1367 2710 1453 2746 χωρὶς
1470 2710 1616 2747 ἁμαρτίας,
1630 2711 1705 2738 Θεόν
1710 2719 1781 2744 μου,
1793 2709 1869 2740 ἔλεγε,

1088 2757 1137 2784 καὶ
1154 2757 1229 2784 Θεὸν
1239 2756 1332 2791 ὑμῶν,
1348 2757 1396 2784 καὶ
1406 2757 1521 2791 Πατέρα
1531 2766 1591 2792 μου
1605 2756 1652 2784 καὶ
1663 2756 1779 2790 Πατέρα
1788 2752 1869 2789 ὑμῶν·

1455 2855 1465 2870 ε
1478 2853 1545 2882 Gen.
1568 2862 1588 2886 ι,
1605 2854 1650 2880 ‘26.
1688 2854 1698 2869 ⁷
1713 2852 1781 2881 Gen.
1801 2849 1868 2883 111,8.

249 2888 259 2903 '
276 2888 343 2917 Gcn.
359 2897 395 2923 vt,
415 2890 455 2917 lt.
493 2890 504 2906 ’
517 2888 584 2918 Gen.
607 2897 644 2922 ιι,
659 2889 704 2916 24.
745 2889 766 2904 ¹⁰
780 2888 864 2916 Exod.
879 2897 918 2923 ιιι,
936 2889 962 2917 ti.
1002 2891 1020 2906 ¹¹

1089 2891 1106 2918 Ιι
1119 2899 1174 2921 cu.
1194 2891 1218 2919 1.
1259 2891 1279 2906 ¹¹
1300 2890 1404 2918 Baruch
1419 2898 1460 2922 ιιι,
1477 2890 1521 2918 58.
1563 2889 1584 2906 ³³
1602 2889 1632 2916 Ι⁶’.
1650 2889 1690 2916 ὃτι
1703 2889 1742 2915 ἐν.
