1929 3039
40 87 103 116 289

425 87 609 116 ADVERSUS
627 88 800 117 IIASRESES
820 89 883 117 LIB.
905 90 936 118 ll.
959 89 1040 118 TOIlI.
1063 90 1094 118 ll.
1112 107 1148 112 —
1167 92 1304 122 H/ERES.
1322 92 1415 121 LXIX.

1638 97 1693 126 290

41 145 163 181 Πατέρα
182 153 234 180 μου
262 145 323 180 μὲν,
345 145 417 172 κατὰ
433 144 515 180 φύσιν
545 146 620 182 ὲντῇ
651 145 769 183 θεότητι,
803 147 849 174 καὶ

903 157 998 181 meum,
1027 155 1052 176 et
1070 150 1177 177 Patrem
1192 155 1316 178 vestrum.
1336 150 1445 179 Patrem
1463 158 1565 186 meum,
1595 158 1691 182 natura

40 192 164 228 Πατέρα
193 191 282 227 ὑμῶν,
310 191 355 218 διὰ
376 192 456 227 χάριν
480 192 513 218 δι’
536 192 586 228 ἐμὲ
603 193 632 218 ὲν
659 194 692 229 τῇ
708 192 846 228 υἱοθεσία·

42 239 127 264 Θεόν
138 246 201 272 μου
218 238 258 269 δὲ,
273 238 314 264 ὅτι
335 238 366 263 τὸ
390 238 523 274 ὑμέτερον
538 238 650 273 σαρκίον
674 238 783 273 εἴληφα,
801 239 849 266 καὶ

42 283 127 309 Θεὸν
141 282 239 317 ὑμῶν,
267 282 339 309 κατὰ
351 283 433 317 φύσιν
457 283 505 310 καὶ
537 282 676 318 ἀλήθειαν.
700 283 755 310 Καὶ
777 283 848 310 οὕτω

43 329 140 355 πάντα
158 329 218 355 ἐστὶ
235 329 309 364 σαφῆ
323 329 390 366 ’καὶ
410 328 520 363 διαυγῆ,
547 329 596 355 καὶ
620 328 697 356 οὐδὲν
716 329 846 362 ἐναντίον,

45 376 109 402 οὐδὲ
125 375 245 402 θανάτου
260 374 443 410 παραπλοκῆς
458 374 519 410 ἔχον
534 372 603 407 εἶδος
620 375 648 401 ὲν
658 376 692 411 τῇ
707 375 766 410 θείᾳ
781 376 849 412 Γρα-

44 423 98 456 φῇ,
111 421 151 453 ὡς
160 418 233 447 οὗτοι
242 421 465 456 προφασίζονται,
477 420 582 456 πονηρὶ
594 421 700 452 ἑαυτοῖς
714 421 851 448 ἐπινοοῦν-

42 474 103 498 τες.
117 465 234 500 Νομίζω
261 465 289 491 δὲ
316 465 396 491 πάλιν
412 465 459 491 καὶ
487 465 555 499 πρὸς
571 464 649 491 τοῦτο
663 464 763 496 ἱκανῶς
775 465 848 500 ἔχειν

42 512 98 546 τὴν
119 511 223 546 φράσιν
234 519 240 526 ·
255 511 302 537 ἐπὶ
316 511 344 537 δὲ
359 510 394 537 τὰ
407 510 475 537 ἄλλα
489 510 582 536 λοιπὸν
594 510 785 545 ἐπελεύσομαι.

901 195 1005 222 scilicet
1021 203 1053 223 ac
1066 197 1228 230 divinitate;
1243 197 1351 225 Patrem
1366 202 1499 231 vestrum.
1519 200 1606 234 gratia
1621 201 1692 229 dun-

900 243 991 272 taxat,
1020 248 1068 276 per
1097 249 1159 274 me,
1193 243 1404 279 adoptionisque
1437 245 1580 274 beneﬁcio.
1606 248 1692 275 Deum

900 292 997 317 meum,
1022 286 1152 320 quoniam
1179 293 1297 315 vestram
1325 296 1435 317 carnem
1454 291 1580 327 suscepi;
1608 292 1693 320 Deum

901 334 1026 362 vestrum,
1054 333 1205 360 secundum
1229 337 1369 368 naturam,
1397 338 1424 363 et
1450 343 1483 364 ex
1507 337 1546 364 rei
1567 339 1702 367 veritate.~

900 374 959 408 Qua
983 376 1088 404 ratione
1110 378 1256 406 manifesta
1275 380 1366 407 omnia
1393 387 1425 407 ac
1448 382 1596 418 perspictta
1615 388 1692 415 sunt.

901 428 989 456 neque
1015 423 1163 458 quidquam
1188 425 1356 453 contrarium
1382 432 1434 459 est,
1462 436 1494 455 ac
1516 436 1692 464 repugnans;

901 475 952 494 nec
967 469 1039 496 ullus
1055 469 1081 496 in
1098 469 1240 505 Scriptura
1257 471 1333 498 locus
1348 472 1518 500 mortiferqu
1529 474 1691 510 quidquam,

902 518 930 540 et
955 514 1101 542 exitiosum
1139 516 1221 544 habet
1246 517 1404 550 admistuln,
1422 523 1453 546 ut
1478 519 1524 546 isti
1551 521 1692 555 captanda:

44 559 210 586 occasionis
224 558 311 594 gratia
330 558 415 585 videri
432 558 537 589 volunt.
552 558 598 594 qui
614 558 664 586 sibi
679 559 747 593 ipsis
764 560 917 594 perniciosa
931 562 1054 597 quaedam
1071 564 1228 600 excogitare
1241 565 1340 593 solent.
1357 565 1410 594 Sed
1426 573 1488 594 cum
1503 567 1646 600 hactenus,
1661 572 1693 595 ut

52 607 169 642 opinor.
183 606 218 634 de
234 606 277 634 his
294 605 403 633 abunde
421 606 458 633 sit
472 606 585 637 dictum.
603 613 676 633 nunc
695 606 730 633 ad
743 607 796 634 alia
815 609 1003 638 transibimus.

83 652 159 686 Nq’.
176 651 215 678 Τὸ
233 651 309 684 ἆγιον
324 651 379 687 γὰρ
393 650 507 686 Πνεῦμα
519 650 621 686 κτίσμα
634 651 714 678 πάλιν
729 652 846 688 κτίσμα-

44 698 94 730 τός
109 707 195 733 φασιν
207 696 288 732 εἶναι,
316 697 360 725 διὰ
373 698 414 731 τὸ,
440 697 485 724 διὰ
499 696 546 724 τοῦ
570 697 634 724 Υἱοῦ
649 698 684 724 τὰ
700 697 788 725 πάντα
801 706 847 732 γε-

46 745 196 780 γενῆσθαι,
226 744 264 776 ὡς
279 742 355 771 εἶπεν
369 745 386 780 ὴ
406 744 512 780 Γραφὴ,
531 744 667 776 ἀσυνέτως
681 744 758 776 τινὰς
770 744 847 780 διαρ-

47 790 199 823 πάζοντες,
214 790 245 816 οὗ
263 789 354 822 καθὼς
375 790 481 826 εἴρηται
505 790 535 817 τὸ
551 790 631 825 ῥητὸν
647 789 763 825 ἔχοντες.
782 790 849 818 ἀλλὰ

48 837 144 868 κακῶς
159 835 347 867 ὑπονοοῦντες,
362 835 408 862 καὶ
422 835 476 862 ἀπὸ
492 835 574 871 ῥητοῦ
589 836 619 862 τὸ
631 836 722 868 καλῶς
738 836 849 872 είρημέ-

48 891 96 909 νον
112 882 186 909 κατὰ
204 882 254 918 τὴν
273 881 360 918 κακὴν
376 882 466 909 αὐτῶν
477 882 604 909 ὑπόνοιαν
622 883 848 918 παρερμηνεύον-

48 937 107 960 τες.
121 928 158 955 Οὐ
173 928 229 964 γὰρ
245 928 275 954 τὸ
301 927 372 955 θεῖον
388 927 552 963 Εὑαγγέλιον
568 929 634 964 περὶ
653 928 701 955 τοῦ
720 928 847 964 Πνεῦμα-

49 983 98 1006 to;
118 974 184 1010 ἔφη,
202 974 271 1001 ἀλλά
286 974 349 1010 περὶ
365 974 473 1001 πάντων
488 974 739 1010 τῶν,ὲκτισμένων,
754 975 796 1001 ὅτι
814 975 849 1002 Εἴ

49 1029 79 1047 τι
93 1021 214 1052 κτιστὺν,
242 1021 286 1047 διὰ
308 1019 355 1047 τοῦ
371 1021 459 1056 Λόγου
476 1021 622 1055 γεγένηται
651 1021 698 1047 καὶ
718 1021 770 1048 ὑπὸ
800 1021 848 1048 τοῦ

50 1066 153 1100 Λόγου.
172 1066 211 1093 Τὰ
224 1066 280 1101 γὰρ
302 1066 401 1094 πάντα
416 1065 454 1092 δι’
468 1066 562 1094 αὑτοῦ
574 1065 706 1102 ἐγένετο·
730 1066 779 1093 καὶ
792 1076 849 1102 χω-

49 1112 99 1146 ρὶς
112 1111 208 1139 αὑτοῦ
230 1111 348 1147 ἐγένετο
366 1111 437 1139 οὐδὲ
467 1111 510 1139 ἓν.
529 1112 779 1148 Παρεκτεινομένης
798 1112 848 1147 τῆς

51 1157 247 1192 ἀναγνώσεως,
269 1157 325 1193 ἔχει
345 1158 364 1189 ί,
382 1157 396 1184 ὃ
423 1156 550 1192 γέγονεν·
578 1158 621 1185 Eva
632 1157 704 1185 οὕτω
727 1157 846 1194 γνωσθῇ,

51 1204 95 1230 ὅτι
111 1204 201 1231 πάντα
216 1204 249 1230 δι’
261 1203 344 1231 αὐτοῦ
356 1204 474 1238 ἐγένετο,
490 1204 538 1242 καὶ
550 1203 635 1239 χωρὶς
647 1203 730 1231 αὑτοῦ
740 1204 848 1239 ἐγένετο

52 1249 116 1276 οὒδδ
131 1250 161 1277 ἐν
171 1258 178 1266 ·
203 1247 262 1276 εἶτα
277 1249 358 1276 πάλιν
368 1258 377 1266 ο
397 1250 448 1277 Ἐν
460 1249 541 1283 αὐτῷ
555 1249 611 1284 ζωὴ
627 1247 677 1285 ἦν.
698 1250 773 1277 Ἔδει
794 1249 847 1286 γὰρ

54 1295 103 1322 καὶ
124 1295 155 1321 ὲν
172 1294 260 1330 τούτῳ
274 1294 452 1331 πληρωθῆναι
476 1295 526 1331 τὴν
550 1294 598 1321 τοῦ
623 1294 702 1329 ἁγίου
723 1294 846 1321 Ἰωάννου

55 1340 227 1374 ἀκολουθίαν,
241 1341 270 1367 ὲν
282 1340 320 1377 τῷ
336 1341 393 1368 ὄντι
413 1340 447 1368 τὰ
459 1340 525 1368 ὄντα
536 1341 547 1356 ¹
574 1340 790 1376 πεπληρωμένος
803 1339 847 1366 ἀεὶ

55 1386 271 1422 ὁμολογούμενα.
303 1387 354 1414 Ἐν
367 1385 447 1421 ἀρχῇ
475 1386 529 1422 γὰρ
544 1384 584 1421 ἦν
608 1387 625 1413 ὀ
641 1386 745 1421 Λόγος,
762 1385 810 1412 καὶ
830 1387 848 1413 ὁ

935 653 1003 681 LVI.
1035 654 1166 690 Spiritum
1195 657 1287 692 itaque
1313 663 1438 686 sanctum
1471 664 1603 688 creatum
1630 668 1692 689 esse

901 705 1054 728 creaturam
1070 706 1198 729 asserunt
1215 712 1221 729 ε
1239 703 1310 738 quod
1325 711 1373 738 per
1387 703 1486 732 Filium
1511 706 1603 733 omnia
1618 706 1691 734 facta

864 759 885 787 Β
900 745 965 773 sint.
979 749 1009 772 ut
1026 745 1167 782 Scriptura
1187 751 1303 775 testatur
1318 749 1338 775 ⁸.
1357 749 1386 776 In
1401 758 1456 784 quo
1472 751 1556 778 stulte
1570 752 1691 778 nonnul-

901 791 942 819 los
956 791 983 818 in
1009 800 1130 820 errorem
1146 793 1296 826 abducunt,
1319 794 1384 822 dum
1409 794 1558 831 Scriptura:
1583 800 1692 825 senten-

900 837 977 869 tiam,
990 845 1044 865 non
1057 843 1088 865 ut
1100 843 1233 874 concepta
1248 843 1301 870 est,
1319 840 1473 875 proferunt.
1489 842 1536 870 sed
1549 848 1691 877 perperam

899 881 1093 917 intelligentcs,
1119 883 1191 919 quod
1218 884 1347 919 praeclare
1372 891 1535 922 conceptum
1562 889 1604 914 est
1622 887 1692 914 male

900 928 1060 963 accipiendo
1098 929 1357 967 interpretandoque
1396 931 1556 967 depravant.
1596 931 1692 966 Neque

899 974 972 1001 enim
993 973 1170 1010 Evangelium
1185 976 1220 1004 de
1236 977 1339 1012 Spiritu
1358 977 1488 1012 loquitur.
1504 976 1551 1005 sed
1566 977 1600 1004 de
1613 984 1692 1004 crea-

898 1020 934 1048 tis
956 1021 1038 1048 rebus
1065 1022 1210 1056 omnibus;
1240 1022 1322 1057 idque
1343 1031 1426 1050 unum
1452 1023 1573 1050 declarat
1588 1031 1594 1049 :
1610 1022 1691 1057 quid-

898 1064 964 1099 quid
983 1069 1105 1092 creatum
1129 1071 1181 1098 est,
1200 1074 1248 1101 per
1265 1066 1382 1094 Verbum
1404 1067 1487 1102 779
1505 1070 1533 1094 et
1559 1074 1575 1094 a
1600 1066 1691 1094 Verbo

898 1109 985 1138 fuisse
1008 1111 1182 1145 productum.
1211 1112 1307 1139 Omnia
1344 1112 1413 1139 enim
1436 1120 1482 1147 per
1506 1112 1592 1146 ipsum
1617 1112 1691 1146 farta

897 1159 970 1187 sunt,
985 1160 1010 1182 et
1026 1156 1083 1183 sine
1106 1157 1163 1191 ipso
1177 1156 1278 1191 factum
1297 1162 1336 1184 est
1356 1156 1422 1184 nihil
1439 1157 1460 1183 '.
1481 1156 1531 1184 Ubi
1555 1157 1690 1184 sententia

898 1199 932 1226 ad
949 1200 1006 1227 haec
1031 1208 1118 1236 usque
1138 1203 1232 1233 verba.
1248 1201 1316 1237 quod
1338 1202 1441 1237 factum
1458 1206 1508 1234 eu,
1530 1194 1688 1230 continuari

897 1245 994 1278 debet,
1022 1251 1052 1274 ut
1078 1247 1115 1274 ita
1138 1247 1288 1279 discamus,
1314 1249 1405 1276 omnia
1436 1255 1485 1283 per
1508 1248 1597 1283 ipsum
1629 1255 1691 1276 esse

898 1291 979 1324 facta,
996 1295 1024 1320 et
1041 1294 1100 1320 sine
1127 1293 1187 1328 ipso
1209 1293 1309 1321 factum
1332 1294 1409 1321 nihil.
1437 1293 1539 1321 Deinde
1557 1303 1563 1321 :
1580 1293 1613 1320 In
1633 1294 1690 1329 ipso

897 1339 952 1366 rita
969 1339 1058 1366 erat‘.
1078 1339 1186 1374 Quipr
1200 1340 1227 1367 in
1247 1340 1299 1367 hoc
1322 1340 1454 1367 instituta:
1473 1347 1489 1366 a
1508 1338 1613 1367 Joanne
1626 1347 1692 1367 ora-

899 1384 981 1412 tionis
1001 1386 1224 1420 consequentiam
1241 1385 1347 1420 impleri
1357 1386 1490 1420 oportuit,
1506 1389 1536 1412 ut
1552 1386 1579 1412 in
1597 1385 1690 1412 Verbo

57 1433 153 1466 Λόγος
168 1431 208 1467 ἦν
229 1432 306 1467 πρὸς
326 1431 380 1459 τὸν
394 1432 478 1463 Θεὸν.
505 1432 553 1459 καὶ
572 1431 644 1465 Θεὸς
657 1430 697 1467 ἦν
715 1433 732 1459 ὁ
744 1432 848 1467 Λόγος.

903 1430 974 1465 quod
990 1434 1043 1462 est,
1056 1438 1116 1466 qum
1129 1435 1193 1458 sunt
1208 1431 1299 1458 omnia
1312 1431 1433 1466 perfecte
1448 1431 1539 1459 inesse
1550 1431 1691 1458 communi

64 1476 173 1512 Ἐπειδὴ
191 1475 241 1511 ἦν,
267 1477 314 1505 καὶ
334 1475 381 1512 ἦν,
407 1477 455 1504 καὶ
469 1474 527 1512 ἦν·
546 1477 592 1504 καὶ
613 1476 647 1503 τὰ
661 1476 689 1503 ὲν
702 1476 776 1512 αὐτῷ
793 1476 848 1511 ζ’ωή

57 1520 106 1557 ἦν,
133 1523 183 1549 καὶ
197 1520 237 1558 ἦν
251 1523 284 1550 τὸ
314 1522 377 1558 φῶς
392 1522 426 1550 τὸ
450 1523 606 1556 ἀληθινὸν,
634 1523 681 1551 καί
707 1522 740 1550 τὸ
756 1523 792 1550 ὲν
811 1522 851 1556 τῷ
877 1523 882 1526 ”

57 1569 162 1603 κόσμῳ
178 1566 227 1604 ἦν,
255 1568 302 1595 καὶ
323 1569 373 1596 ὅσα
391 1569 455 1604 περὶ
467 1568 562 1595 τούτου
582 1566 627 1604 ἦν,
647 1569 680 1596 ὲκ
692 1568 851 1604 Πνεύματος

57 1613 138 1648 ἁγίου
156 1613 299 1650 σαφηνίζει
320 1614 334 1641 ό
357 1614 492 1650 μακάριος
508 1614 645 1650 Ἰωάννης,
672 1613 703 1640 τὸ
715 1614 804 1641 πάντα
817 1613 851 1641 δι’

57 1659 141 1686 αὑτοῦ
158 1660 266 1694 ἐγένετο
276 1660 310 1687 τὰ
320 1660 464 1695 γενόμενα.
486 1660 622 1697 Ἀνώτερα
636 1661 647 1676 ³
668 1661 696 1687 δὲ
705 1660 760 1687 τῶν
775 1669 852 1695 γενο-

61 1705 152 1739 μένων
178 1705 259 1737 αὐτὸς
272 1706 287 1732 ὁ
300 1705 336 1732 τὰ
353 1706 442 1733 πάντα
467 1707 593 1742 ποιήσας.
609 1706 690 1740 Λέγει
704 1706 762 1741 δὲ’ὴ
780 1706 852 1741 Γρα-

59 1751 95 1786 φὴ
127 1751 162 1777 δι’
189 1750 270 1778 αὐτοῦ
297 1751 386 1779 πάντα
415 1752 572 1786 γεγονέναι·
602 1751 652 1778 οὐκ
674 1751 799 1786 ὠνόμασε
823 1751 852 1778 δὲ

59 1797 124 1824 ποῖά
135 1797 193 1824 ἐστι
206 1797 239 1824 τὰ
252 1798 392 1832 γεγονότα.
420 1798 546 1825 ’Υπόνοια
559 1797 613 1833 γὰρ
627 1797 745 1832 οὐδαμοῦ
754 1795 788 1832 ἦν
805 1805 853 1823 πο-

58 1843 167 1878 νηρίας,
188 1843 232 1869 ἶνα
256 1844 293 1879 μή
318 1852 392 1876 τινες
419 1843 589 1879 ὑπονοήσωσι
602 1843 636 1870 τὰ
661 1843 698 1878 μὴ
716 1843 791 1875 ὄντα,
805 1842 853 1869 καὶ

61 1888 279 1925 βλασφημήσωσι
308 1889 339 1916 τὸ
360 1889 494 1925 ἄτρεπτον
521 1889 568 1916 καὶ
581 1889 757 1916 ἀναλλοίωτον
776 1889 853 1923 ἅγιον

60 1933 126 1960 Θεοῦ
149 1933 270 1969 Πνεῦμα.
296 1933 334 1960 Δι’
360 1934 458 1966 αὐτοὺς
475 1935 529 1970 γάρ
555 1943 638 1970 φησιν
657 1935 671 1961 6
684 1934 795 1970 Κύριος,
813 1934 853 1960 ὅτι

66 1979 139 2007 Ἐάν
156 1989 202 2013 τις
215 1980 285 2015 εἴπῃ
296 1981 389 2016 λόγον
402 1982 445 2014 εἰς
460 1981 514 2008 τὸν
534 1981 602 2008 Υίὸν
618 1980 672 2008 τοῦ
685 1979 853 2014 ἀνθρώπου.

60 2024 244 2060 ἀφεθήσεται
260 2025 349 2058 αὐτῷ.
370 2025 487 2061 Ἐὰν-δέ
506 2034 534 2052 τι
563 2026 641 2052 εἴποι
655 2027 698 2059 εὶς
714 2025 748 2052 τὸ
769 2025 855 2060 ἄτιον

61 2071 193 2106 Πνεῦμα,
213 2072 268 2098 οὐκ
289 2071 471 2106 ἀφεθήσεται
497 2071 588 2104 αὐτῷ,
607 2071 677 2098 οὐδὲ
696 2069 764 2103 ὧδε,
782 2070 853 2098 οὐδὲ

902 1475 1076 1504 confessione
1092 1480 1241 1504 constaret.
1269 1477 1302 1504 In
1321 1477 1440 1512 principe
1459 1477 1531 1505 enim
1550 1482 1608 1505 erat
1629 1476 1692 1504 Ver-

902 1521 974 1555 bum,
987 1527 1012 1550 ει
1034 1522 1144 1550 Verbum
1159 1528 1217 1550 erat
1231 1523 1301 1558 apud
1315 1523 1411 1555 Deum,
1425 1528 1450 1551 et
1469 1523 1538 1550 Deus
1554 1528 1610 1551 erat
1629 1523 1692 1550 Ver-

901 1568 995 1596 bum".
1023 1568 1248 1604 Quandoquidem
1271 1574 1338 1602 erat,
1372 1573 1399 1597 et
1421 1574 1488 1602 erat,
1517 1573 1544 1597 et
1569 1575 1648 1597 erat:
1664 1573 1692 1597 et

900 1615 954 1642 vita
966 1620 1053 1647 erant,
1069 1623 1129 1650 qua
1141 1616 1167 1642 in
1184 1615 1243 1650 ipso
1260 1619 1324 1643 sunt
1339 1624 1346 1643 :
1363 1619 1390 1643 et
1406 1622 1464 1643 erat
1478 1616 1524 1642 tua:
1539 1624 1600 1643 vera
1620 1617 1642 1649 ⁸,
1662 1621 1689 1644 et

901 1660 928 1686 in
951 1660 1050 1687 mundo
1078 1662 1166 1692 erat’,
1188 1668 1219 1687 ac
1235 1668 1295 1695 qua:
1312 1661 1345 1688 ad
1363 1661 1414 1688 hoc
1438 1661 1526 1696 ipsum
1541 1662 1693 1689 attinebant

902 1707 990 1734 sancti
1025 1705 1144 1741 Spiritus
1169 1706 1259 1733 aﬂiatu
1292 1706 1387 1733 beatus
1413 1706 1532 1734 Joannes
1559 1708 1691 1736 declarat.

902 1750 1011 1782 Omnia,
1029 1751 1127 1785 inquit,
1155 1758 1202 1786 per
1229 1751 1319 1786 ipsum
1346 1750 1416 1777 facta
1443 1755 1517 1782 sunt,
1534 1759 1594 1786 qum
1620 1751 1692 1778 facta

903 1799 978 1824 sunt.
996 1795 1082 1823 Porro
1103 1804 1185 1831 supra
1202 1803 1233 1824 ea
1251 1804 1311 1831 qua:
1327 1795 1396 1823 facta
1419 1801 1482 1825 sunt
1499 1798 1544 1824 ille
1558 1797 1693 1825 constitu-

903 1845 949 1869 tus
962 1845 1015 1873 est,
1029 1849 1044 1868 a
1059 1849 1113 1876 quo
1127 1841 1196 1868 facta
1215 1845 1279 1869 sunt
1300 1842 1403 1868 omnia.
1419 1842 1496 1875 Quod
1510 1847 1599 1869 autem
1618 1842 1693 1870 Scri—

903 1891 982 1923 ptura
1002 1895 1064 1915 cum
1088 1887 1204 1915 dixisset
1229 1887 1301 1913 facta
1322 1894 1382 1915 esse
1406 1895 1453 1922 per
1473 1888 1561 1922 ipsum
1582 1889 1691 1922 omnia;

904 1941 1028 1968 quaenam
1038 1933 1082 1960 illa
1094 1932 1181 1960 forent
1193 1933 1354 1960 nominatim
1369 1931 1692 1969 baud‘expresseritmmc

904 1986 965 2006 esse
979 1986 1063 2006 causa
1083 1979 1201 2012 videtur,
1217 1979 1288 2014 quod
1306 1979 1380 2006 nulla
1401 1983 1457 2006 tum
1473 1983 1546 2007 esset
1558 1980 1692 2015 ejusmodi

905 2025 1088 2060 improbitatis
1119 2025 1251 2060 suspicio,
1270 2029 1300 2052 ut
1330 2026 1451 2053 nonnulli
1475 2025 1541 2053 falsa
1569 2026 1693 2060 quautam

906 2071 958 2098 sibi
976 2071 1105 2106 opinione
1130 2071 1262 2108 ﬁngentes
1290 2072 1420 2099 adversus
1448 2072 1643 2098 immutabilem
1661 2080 1693 2099 ac

60 2117 92 2143 ὲν
106 2099 148 2149 td;
157 2099 407 2151 ﬂuminum.
426 2116 541 2143 Ἦλίθιον
626 2116 720 2143 ὲστιτὺ
738 2099 791 2143 παν
805 2115 849 2143 τοῦ

907 2121 1032 2145 sanctum
1051 2117 1097 2145 Dei
1113 2117 1244 2153 Spiritum
1260 2117 1465 2146 contumeliosis
1478 2118 1592 2145 vocibus
1607 2118 1692 2144 audc-

61 2161 142 2189 αὑτοῦ
160 2162 251 2197 λόγου.
277 2161 358 2189 Κατὰ
383 2162 411 2188 δὲ
425 2162 474 2197 τὴν
499 2161 658 2197 βλάσφημον
681 2161 770 2188 αὐτῶν
788 2161 855 2187 151:6-

62 2217 134 2235 νοιαν
163 2208 310 2242 ἀντιλέξειὲ
328 2217 371 2240 τις
386 2208 487 2240 αὐτοῖς,
510 2207 557 2234 καὶ
576 2208 648 2234 εἴποι
660 2215 667 2222 ⁸
689 2205 726 2234 Ὠ
737 2208 854 2242 γενναῖοι

63 2253 199 2288 σοφισταὶ,
214 2254 260 2279 καὶ
285 2253 339 2279 τῶν
365 2253 451 2287 λόγων
467 2252 651 2288 διαστροφεῖςί
679 2252 704 2278 οἱ
727 2251 856 2286 βουλόμε-

63 2309 99 2327 νοι
123 2300 173 2326 σὺν
197 2299 253 2330 τοῖς
277 2299 416 2333 γεγονόσιν
436 2298 563 2334 ἀριθμεῖν
590 2298 620 2324 τὸ
639 2298 716 2332 ἀγιον
743 2296 854 2332 Πνεῦμα

61 2345 107 2373 τοῦ
132 2345 213 2377 Θεοῦ,
230 2344 273 2371 διὰ
299 2344 328 2370 τὸ
352 2344 432 2380 ῥητὸν
457 2344 497 2377 τὸ,
519 2344 559 2370 Δι’
580 2344 672 2371 αὐτοῦ
694 2343 731 2370 τὰ
753 2342 852 2370 πάντα

62 2389 193 2425 ἐγένετο,
217 2389 270 2416 ἀπὸ
298 2388 344 2415 τοῦ
364 2389 461 2420 εἰπεῖν,
476 2389 516 2415 ὃτι
541 2387 647 2420 πάντα,
661 2387 787 2424 μηδαμοῦ
806 2387 851 2414 ἤν-

63 2444 106 2468 τος
132 2435 182 2461 σὺν
203 2435 285 2461 πᾶσιν
299 2433 499 2470 ἀριθμουμένου
524 2432 571 2460 τοῦ
589 2433 666 2467 ἁγίου
684 2433 852 2468 Πνεύματος.

65 2482 135 2517 ῗΑρα
157 2481 223 2515 γοῦν
249 2481 296 2507 καὶ
315 2480 487 2515 διανοηθῆναι
507 2479 626 2514 ὀφείλετε
640 2499 648 2511 ,
667 2479 684 2515 ἢ
705 2479 753 2506 ναὶ
775 2479 854 2511 ἄλλος

64 2537 102 2561 τις
130 2529 229 2565 χείρων
247 2528 324 2563 ὑμῶν
350 2528 454 2564 ἔτερος,
480 2526 586 2554 καὶτὸν
601 2526 711 2562 Πατέρα
733 2525 777 2552 διὰ
806 2524 854 2552 τοῦ

65 2574 128 2601 Υἱοῦ
153 2573 305 2608 γεγονέναι,
328 2573 399 2600 κατὰ
428 2573 477 2610 τὴν
501 2573 659 2608 βλάσφημον
683 2571 760 2608 ὑμῶν
786 2571 853 2598 ὑπό-

66 2629 147 2647 νοιαν.
174 2618 258 2655 Ἑμοῧ
288 2619 341 2656 γὰρ
369 2619 620 2655 συμπεριληπτικός
644 2619 716 2645 ἐστιν
736 2619 750 2644 ό
776 2618 854 2652 λόγος

65 2668 176 2702 eisrva
196 2668 231 2694 τὰ
245 2667 333 2694 πάντα
349 2667 382 2694 δι’
394 2666 476 2693 αὑτοῦ
506 2665 656 2701 γεγονέναι.
682 2666 714 2692 Εἰ
729 2665 756 2692 δὲ
775 2665 855 2700 βλάσ-

99 2756 108 2773 ¹
123 2755 153 2782 F.
181 2755 288 2791 μέχρις.

344 2756 355 2771 ί
372 2754 402 2782 F.
413 2755 501 2790 πεπλη
507 2753 645 2790 ρωμένως.

256 2763 288 2787 ις.
344 2756 355 2771 ¹
372 2753 645 2788 [πεπληρωμένας.
700 2753 709 2768 ³
728 2752 759 2780 F.
775 2752 915 2788 ἀνωτέρω.

64 2789 73 2804 ⁸
86 2791 151 2819 ibid.
168 2787 195 2819 9.
218 2787 245 2807 Ἴ
257 2789 325 2818 ibid.
342 2791 383 2818 to.
424 2791 445 2806 ¹⁶
462 2787 556 2817 Μιίὶιιιζ
577 2797 626 2824 xu,
642 2789 673 2817 3i
690 2797 697 2820 ;
715 2788 797 2816 Marc.
820 2787 921 2821 "1.28.

904 2166 966 2190 rent
992 2161 1144 2196 insurgere.
1169 2161 1206 2188 De
1225 2162 1280 2189 illis
1305 2162 1378 2189 enim
1405 2161 1561 2196 accipienda
1584 2166 1625 2189 est
1648 2162 1693 2189 illa

905 2207 1012 2234 Domini
1029 2207 1181 2234 sententia:
1198 2206 1228 2234 Si
1242 2207 1300 2242 quis
1324 2206 1421 2234 diIerit
1432 2207 1535 2233 uerbum
1550 2207 1576 2233 in
1593 2206 1693 2233 Filium

905 2253 1030 2286 hominis,
1051 2253 1198 2279 remittetur
1213 2254 1273 2287 ipsi.
1290 2252 1337 2280 Sin
1359 2257 1447 2280 autem
1468 2253 1563 2280 dixerit
1585 2254 1611 2280 in
1632 2254 1694 2288 Spi-

905 2298 986 2324 ritum
1002 2302 1134 2329 sanciunt,
1156 2306 1207 2324 non
1227 2298 1375 2324 remittetur
1393 2298 1456 2333 ipsi.
1481 2306 1562 2332 neque
1576 2299 1628 2332 hic,
1649 2308 1695 2327 ne—

899 2352 948 2379 que
965 2344 991 2370 in
1007 2343 1097 2377 futuro
1117 2343 1214 2370 δινευίο
1229 2344 1261 2372 ¹⁰.
1287 2343 1320 2370 Ει
1333 2351 1398 2371 vero
1416 2344 1591 2372 stolidissima
1607 2351 1649 2372 est
1661 2346 1696 2373 ξι.

903 2390 992 2417 lorum
1019 2389 1099 2416 ratio.
1117 2389 1173 2416 lmo
1195 2397 1261 2417 vero
1279 2398 1312 2417 ex
1328 2390 1380 2417 hac
1405 2390 1526 2425 ipsorum
1552 2392 1693 2427 opinione.

906 2442 967 2471 qua:
983 2442 1045 2463 cum
1069 2442 1177 2462 summa
1204 2435 1232 2462 in
1254 2434 1338 2463 Deum
1358 2435 1524 2466 contumelia
1547 2437 1694 2471 conjuncta

907 2488 959 2515 est,
975 2483 1015 2510 sic
1029 2489 1078 2510 eos
1092 2489 1259 2517 oppugnare,
1275 2486 1302 2509 et
1329 2481 1362 2508 ad
1377 2489 1438 2509 eum
1456 2481 1566 2509 modum
1591 2482 1696 2510 instare

908 2529 971 2556 licet
984 2537 991 2556 :
1007 2527 1029 2556 0
1041 2528 1165 2564 praeclari
1181 2527 1309 2563 sophistae
1321 2535 1353 2554 ac
1368 2528 1617 2563 detorquendorum
1636 2536 1696 2556 ver-

907 2574 1003 2601 borum
1020 2574 1149 2606 artiﬁces,
1160 2573 1260 2609 quibus
1274 2578 1417 2609 propterea
1430 2578 1554 2601 sanctum
1571 2574 1616 2601 Dei
1634 2574 1695 2608 Spi-

907 2621 990 2647 ritum
1007 2620 1041 2648 iis
1056 2620 1137 2648 rebus
1152 2628 1211 2655 qua:
1226 2619 1304 2647 factae
1327 2625 1391 2647 sunt
1418 2621 1592 2648 annumerari
1618 2620 1693 2650 libet.

908 2666 979 2701 quod
997 2665 1033 2692 ita
1051 2666 1181 2701 scriptum
1197 2665 1250 2693 sit:
1265 2664 1317 2692 Per
1331 2665 1417 2699 ipsum
1431 2665 1521 2692 omnia
1534 2665 1607 2700 facta
1622 2670 1693 2691 stult.

960 2753 971 2769 ⁸
985 2752 1064 2781 Joan.
1081 2760 1100 2786 ι,
1116 2753 1142 2781 3.
1199 2753 1209 2769 ⁵
1223 2752 1288 2781 ibid.
1309 2753 1336 2780 ι.
1385 2754 1395 2770 ⁶
1419 2752 1486 2792 ibid.
1551 2751 1561 2767 '
1581 2751 1649 2780 ibid.
1667 2751 1693 2779 1.
