1929 3039
206 105 260 131 995

889 100 918 126 S.
939 99 1108 127 El’lPllANli

1780 95 1842 124 296

205 170 295 190 sermo
310 162 500 189 demonsuare
516 159 613 192 voluit,
628 160 703 187 nulla
724 167 902 195 personarum
917 168 994 188 acce-

1061 161 1148 196 ἱυρίου
1164 160 1211 194 μὲν
1225 160 1278 195 γάρ
1296 159 1354 185 ἐστι
1365 159 1396 185 τὺ
1407 157 1538 193 παρέχειν
1546 165 1552 171 “
1563 156 1677 191 παρέχει
1687 155 1716 181 ἑὲ
1727 155 1844 189 ἑκάστῳ

207 210 308 243 ptione,
321 207 368 235 sed
380 215 412 234 ex
425 207 559 241 cujusque
570 207 666 234 merito
678 214 734 234 rem
753 214 860 234 omnem
871 206 994 241 transigi.

208 254 314 280 Domini
331 253 403 281 enim
427 258 469 280 est
491 252 634 285 conferre;
657 252 763 280 confert
784 256 873 279 autem
891 253 998 279 unicui-

208 307 262 334 que
290 307 338 334 pro
365 299 496 333 dignitate
523 299 693 325 meritorum.
709 297 903 332 Unusquisque
924 297 997 325 enim

208 345 255 379 qui
273 344 345 379 quod
362 345 466 378 justmn
481 349 524 371 est
545 344 683 377 praestitit,
702 351 751 378 pro
773 343 875 370 laboris
898 343 939 370 sui
959 350 1000 370 ra-

209 392 283 417 tione
305 389 456 416 mercedem
478 389 595 424 accipit;
621 397 670 416 nec
686 389 764 416 alteri
786 389 904 416 tribuere
927 389 998 420 licet,

211 440 391 471 prmterquam
413 436 437 462 ei
458 436 505 470 qui
531 443 562 463 se
588 435 699 470 dignum
728 435 887 463 reddiderit.
907 434 1000 462 Dicam

210 482 282 508 enim
305 482 455 508 audacter:
473 481 511 508 Ne
533 481 620 516 ipsius
644 481 754 516 quidem
778 488 849 513 esse,
878 480 930 508 nisi
950 480 1002 507 hoe

211 525 302 557 modo,
316 525 391 557 dare,
411 532 568 560 quanquam
584 526 636 553 hoe
650 525 678 552 in
697 525 757 559 ejus
773 529 905 560 potestate
918 524 1000 551 situm

211 575 264 601 est,
281 570 328 597 sed
346 570 418 604 quod
434 578 606 605 nequaquam
627 570 653 597 id
669 571 743 598 velit.
765 569 821 597 lmo
842 577 892 597 nec
912 569 1001 604 Spiri-

211 620 256 643 tus
270 624 331 643 esse
350 616 448 647 sancti,
463 616 590 651 quamvis
605 620 632 644 et
646 616 704 650 ipse
718 615 840 643 tribuere
856 616 954 650 possit,
971 619 1002 641 ut

212 670 244 687 ex
269 661 320 688 hue
339 660 487 696 Scriptura:
507 661 566 688 loco
586 661 761 688 manifestum
777 665 839 688 est:
860 661 928 687 ltuit:
943 660 1004 695 qui-

214 707 273 734 dem
291 707 371 734 datur
386 707 514 741 sapientia
531 714 577 741 per
594 706 722 741 Spiritum
735 715 744 738 ;
759 707 820 733 huic
836 714 894 733 vero
909 713 1005 740 genera

215 753 364 787 linguarum
380 753 406 778 in
422 752 512 779 eodem
524 751 643 785 Spiritu;
660 752 738 779 alteri
758 752 940 786 interpretatio
951 751 1004 777 lin-

212 806 343 832 guarum;
361 798 421 824 ltuit:
433 798 527 829 virtus,
542 798 604 824 huic
619 797 752 824 doctrina.
776 797 849 824 Unus
865 801 904 824 est
917 802 1005 823 autent

1047 205 1106 232 κατ’
1121 204 1210 237 ἀξίαν,
1226 204 1361 235 ’Ἕκαστος
1385 203 1430 235 δὲ,
1450 202 1637 238 ἐργασάμενος
1659 201 1689 227 τὸ
1711 201 1820 227 δίκαιον
1833 219 1842 232 ,

1047 251 1178 286 λαμϐάνει
1189 249 1259 277 κατὰ
1270 249 1316 276 τὸν
1329 249 1393 275 ἴδιον
1405 249 1488 275 κόπον
1497 254 1504 262 ⁸
1520 248 1566 274 καὶ
1573 247 1663 274 οὐκέτι
1678 245 1752 281 αὐτῷ
1763 245 1845 280 μόνῳ

1048 297 1106 324 ἐστὶ
1115 297 1145 323 τὸ
1158 296 1260 328 δοῦναι,
1269 295 1336 322 ἀλλὰ
1349 295 1387 330 τῷ
1400 295 1495 322 ἐαυτδν
1506 294 1579 326 ἄξιον
1591 293 1761 328 ποποιηκότι.
1770 291 1846 318 Τόλ-

1050 342 1093 376 μῶ
1104 343 1158 377 γὰρ
1170 341 1269 375 λέγειν,
1278 341 1319 367 ὅτι
1332 339 1394 366 οὔτε
1405 340 1487 366 αὐτοῦ
1498 341 1566 371 ἐστι,
1575 339 1676 373 καίπερ
1688 337 1844 372 δυναμένου

1049 387 1151 418 δοῦναι,
1169 386 1205 421 μὴ
1218 385 1378 420 βουλομένου
1393 384 1421 411 δέ
1432 392 1439 399 ·
1452 383 1513 410 οὔτε
1524 383 1570 410 τοῦ
1589 382 1667 416 ἁγίου
1680 381 1847 416 Πνεύματος

1050 431 1150 466 καίπερ
1163 430 1313 465 δυναμένου
1327 429 1374 456 τοῦ
1389 428 1468 463 ἁγίου
1483 427 1640 463 Πνεύματος
1655 426 1747 453 δοῦναι
1767 426 1847 452 κατὰ

1050 477 1080 504 τὸ
1097 476 1258 513 εἰρημένον,
1271 476 1312 502 ὅτι
1336 472 1373 510 *ρ
1388 475 1446 509 μὲν
1468 474 1582 501 δίδοται
1601 472 1695 507 σοφία
1716 471 1764 498 διὰ
1787 471 1848 497 τοῦ

1052 523 1234 557 [Ir-aduncae,
1256 521 1296 554 τῷ
1320 521 1354 547 δὲ
1371 521 1442 555 γένη
1461 518 1611 554 γλωσσῶν
1637 519 1672 546 ἐν
1694 518 1736 550 τῷ
1760 516 1849 549 αὐτῷ

1051 569 1210 603 Πνεὺματι,
1224 567 1263 600 τῷ
1273 566 1307 593 δὲ
1317 566 1457 601 ἑρμηνεία
1471 564 1629 600 γλωσσῶν,
1648 563 1688 597 τῷ
1702 563 1737 590 δὲ
1749 563 1850 590 δύνα-

1050 623 1101 649 μις
1113 633 1120 646 ,
1144 613 1184 644 τῷ
1200 612 1235 639 δὲ
1256 611 1446 639 διδασκαλία.
1466 611 1520 637 Ἓν
1535 609 1569 636 δέ
1583 609 1647 636 ἐστι
1668 609 1702 634 τὸ
1721 607 1851 641 Πνεῦμα

1053 660 1086 688 τὸ
1105 659 1240 694 διαιροῦν
1261 658 1377 689 ἑκάστῳ
1392 657 1433 690 ὡς
1448 657 1603 689 βούλεται.
1617 656 1672 682 Καὶ
1695 655 1745 682 οὐκ
1769 653 1850 686 εἷπε,

1054 705 1145 737 καθὼς
1159 704 1370 740 προσ-τάσσεται,
1388 702 1467 734 ἀλλὰ,
1485 701 1577 734 καθὼς
1596 701 1730 736 βούλεται.
1753 701 1813 727 Καὶ
1835 702 1853 727 ὁ

1059 752 1125 784 Υἱὸς
1135 750 1171 778 ὂν
1185 750 1264 778 θέλει
1281 748 1424 783 ζωογονεῖ,
1441 747 1490 774 καὶ
1506 749 1522 774 ὀ
1534 747 1633 781 Πατὴρ
1654 747 1741 774 καλεῖ
1750 747 1788 772 ὃν
1802 746 1854 773 θέ-

1055 799 1102 824 λει
1116 795 1191 830 πρὸς
1201 795 1255 822 τὸν
1276 787 1344 822 Υἶόν
1355 803 1362 809 ·
1378 794 1425 821 καὶ
1441 793 1532 821 πάλιν·
1546 793 1613 821 οὕτε
1632 794 1646 820 6
1663 793 1755 828 Πατὴρ
1772 792 1823 819 καὶ
1839 793 1854 819 6

214 842 340 877 Spiritus,
353 843 397 876 qui
412 843 504 869 dividit
517 843 655 877 unicuique
664 847 742 877 prout
755 841 809 869 vult
823 843 843 868 ι.
854 841 913 869 Non
924 841 1004 873 dixit,

1061 843 1130 874 Υἱὸς,
1140 842 1201 868 οὒτε
1216 841 1292 876 ἁγιον
1303 840 1416 876 Πνεῦμα
1429 840 1500 867 κατὰ
1520 838 1750 875 προσωποληψίαν
1757 838 1852 870 καλεῖ,

214 890 296 921 prout
312 886 435 920 jubetur,
452 888 500 914 sed
521 891 655 921 quatenus
675 887 742 914 vult.
762 886 805 913 Ad
825 887 893 919 haec,
917 885 1005 914 Filius

215 940 290 966 quem
307 931 360 957 vult
376 932 489 966 virificat
500 933 521 964 ³,
533 937 558 959 et
574 932 657 960 Pater
669 937 744 960 vacat
757 941 831 968 quem
843 933 898 960 vult
912 933 946 959 ad
958 931 1006 960 Fi-

217 977 281 1003 lium
291 977 310 1002 ³.
325 976 457 1004 Praeterea
472 985 560 1013 neque
569 977 658 1010 Pater,
675 982 721 1006 aut
733 977 829 1010 Filius,
844 986 932 1014 neque
943 977 1005 1014 Spir-

216 1027 286 1050 rttus
303 1027 416 1050 sanctus
433 1031 612 1058 personarum
630 1024 658 1051 in
675 1025 798 1052 vocando
820 1024 954 1057 dandove,
972 1032 1005 1052 ac

217 1068 366 1103 largiendo,
377 1069 416 1096 vel
427 1069 561 1104 cujusque
572 1070 677 1098 meritis
693 1071 904 1105 compensandis
921 1071 1004 1097 ratio-

1057 887 1074 923 ἢ
1087 887 1205 919 δίδωσιν,
1219 886 1236 921 ἢ
1255 886 1379 922 παρέχει,
1394 886 1410 920 ἢ
1432 884 1510 917 ἀξίαν
1525 885 1647 912 δίδωσιν·
1666 883 1735 910 ἀλλὰ
1755 883 1855 914 καθὼς

1058 931 1154 959 ἑαυτὸν
1162 932 1235 964 ἄξιον
1243 931 1357 963 Exacto;
1366 931 1529 967 εὐτρεπίζει·
1541 931 1688 962 τουτέστιν,
1694 931 1755 956 οὐκ
1762 930 1854 956 ἔστιν

1056 978 1130 1013 ἐμὸν
1141 977 1264 1004 δοῦναι·
1280 976 1349 1004 ἀλλὰ
1365 977 1412 1003 ἐὰν
1423 977 1541 1012 κάμητε,
1554 976 1630 1002 ἔσται
1650 976 1712 1010 ὑμῖν
1730 976 1853 1010 ἡτοιμα-

1058 1022 1155 1058 σμένον
1168 1021 1244 1058 παρὰ
1258 1021 1304 1048 τοῦ
1321 1022 1428 1057 Πατρός
1441 1028 1501 1057 μου.
1517 1021 1552 1048 Τὸ
1568 1021 1600 1048 δὲ
1609 1020 1720 1052 τέλειον,
1733 1020 1777 1046 ὃτι
1794 1019 1855 1055 ἐγώ

1056 1070 1114 1104 ειμι
1126 1069 1145 1102 ἡ
1166 1067 1232 1102 ζωή.
1248 1068 1303 1095 Καὶ
1318 1067 1359 1094 ἐτι
1380 1067 1570 1103 ὑπερϐήσομαι
1586 1067 1625 1098 εις
1635 1068 1669 1094 τὰ
1683 1067 1775 1102 ἕτερα,

219 1121 280 1142 nem
299 1115 393 1149 habet;
410 1117 457 1144 sed
471 1116 522 1144 hoc
537 1116 648 1144 omnino
657 1122 805 1152 spectatur,
818 1117 1048 1152 quemadmodum
1062 1124 1091 1144 se
1102 1116 1219 1151 quisque
1236 1114 1363 1142 idoneum
1379 1114 1546 1150 dignumque
1560 1117 1709 1148 comparet.
1727 1112 1854 1147 Denique

219 1161 265 1188 hic
278 1169 375 1189 sensus
388 1165 440 1194 est,
461 1161 488 1188 Ν
492 1170 525 1188 an
538 1166 577 1189 est
592 1171 677 1190 meum
691 1163 766 1193 dare.
779 1162 826 1190 sed
842 1163 864 1190 si
883 1162 1082 1194 laboraveritis,
1101 1164 1227 1197 paratum
1241 1160 1293 1188 erit
1309 1160 1386 1188 vobis
1397 1167 1412 1186 ιι
1425 1159 1506 1188 Patre
1518 1167 1588 1188 meo.
1601 1159 1742 1186 Summum
1757 1162 1854 1184 autem

218 1213 249 1232 ac
265 1205 412 1240 perfectum
427 1210 480 1238 est.
494 1207 623 1241 quoniam
637 1215 683 1242 ego
696 1215 755 1234 sum
769 1207 823 1234 vita
830 1206 851 1233 ⁸.
867 1206 946 1235 Nunc
960 1207 994 1234 ad
1012 1207 1065 1234 alia
1083 1206 1301 1242 progrediamur.

253 1260 320 1288 LIX.
341 1260 481 1296 Ohjieiuut
505 1261 591 1288 illud:
609 1260 725 1294 Quinam
744 1261 822 1288 illum
839 1269 871 1289 ex
883 1261 1002 1297 perfecta

219 1306 364 1334 divinitate
379 1306 426 1334 Dei
442 1306 577 1341 prodiisse
591 1307 700 1335 dicitis?
715 1307 786 1335 Ecce
799 1309 872 1336 enim
885 1308 1005 1343 Aposto-

219 1351 263 1378 lus
280 1350 320 1378 sie
332 1350 366 1377 de
380 1350 427 1378 illo
444 1351 541 1378 scribit
554 1360 561 1378 :
576 1351 646 1378 Deus
657 1352 794 1379 suscitauit
809 1353 886 1380 illum
902 1361 919 1379 a
932 1360 1006 1379 mor-

221 1396 304 1424 Iuis'.
317 1396 356 1423 Ex
367 1404 421 1432 quo
435 1401 509 1432 patet
524 1396 571 1425 Dei
585 1397 660 1424 illum
676 1399 788 1430 auxilio,
804 1399 850 1434 qui
861 1406 891 1426 se
905 1406 920 1426 a
934 1405 1008 1426 mor-

1090 1260 1153 1288 ΝΘ.
1169 1259 1238 1296 Φησὶ
1261 1259 1291 1286 δέ
1303 1267 1310 1274 ·
1330 1259 1392 1291 Πῶς
1410 1259 1504 1293 λέγετε
1526 1257 1607 1286 αὐτὸν
1625 1258 1658 1284 ἐκ
1672 1257 1721 1293 τῆς
1741 1258 1856 1291 τελείας

1055 1306 1104 1333 τοῦ
1122 1305 1190 1333 Θεοῦ
1210 1305 1354 1341 θεότητος;
1375 1304 1441 1331 Ἰδοὺ
1464 1304 1518 1340 γὰρ
1541 1304 1615 1338 λέγει
1642 1305 1706 1339 περὶ
1734 1304 1824 1331 αὐτοῦ
1840 1307 1854 1331 ό

1066 1351 1237 1383 Ἀπόστολος,
1255 1351 1297 1378 ὃτι
1312 1351 1339 1377 Ὁ
1353 1350 1426 1383 Θεὸς
1439 1350 1557 1385 ἤγειρεν
1569 1349 1662 1376 αὑτὸν
1674 1350 1708 1377 ὲκ
1723 1350 1854 1385 νεκρῶν.

1065 1398 1094 1425 '0
1107 1399 1137 1425 δὲ
1145 1397 1298 1433 ὲπιδεηθεὶς
1313 1397 1440 1433 βοηθείας
1446 1397 1494 1424 τοῦ
1510 1396 1578 1423 Θεοῦ
1591 1396 1638 1423 τοῦ
1651 1397 1758 1432 ἐγεῖραι
1768 1397 1856 1424 αὑτὸν

221 1442 277 1469 tuis
288 1442 421 1470 excitaret
444 1450 514 1478 opus
528 1443 666 1470 habuisse.
684 1443 858 1479 Proindeque
875 1444 945 1471 alius
965 1448 1007 1472 est

1061 1445 1092 1471 ὲκ
1104 1443 1217 1479 νεκρῶν.
1231 1444 1301 1480 Ἄρα
1316 1443 1408 1479 ἕτερός
1423 1443 1496 1469 ἐστιν
1511 1443 1527 1470 α
1541 1443 1654 1478 ἐγείρων
1671 1444 1703 1478 τῇ
1724 1443 1854 1479 δυνάμει,

221 1488 268 1523 qui
289 1493 385 1523 suapte
402 1477 478 1516 illum
499 1490 525 1516 vi
545 1490 671 1522 suseitat,
689 1490 760 1518 alius
779 1477 924 1518 etieodem
940 1490 1007 1518 infe-

1062 1477 1193 1525 ἕτερος-δὲ
1208 1477 1386 1524 ὑποόεὸηκῶς
1404 1490 1418 1516 6
1432 1477 1605 1524 ἐγειρόμενος
1617 1488 1660 1515 διὰ
1676 1477 1725 1524 ei};
1740 1477 1856 1516 τοῦήδυ-

221 1535 289 1566 rior,
303 1534 350 1569 qui
366 1535 541 1570 prmpotentis
563 1536 638 1563 illius
649 1536 750 1564 virtute
764 1536 923 1564 suscitatur.
939 1536 1009 1569 Quid

222 1580 341 1615 amplius
355 1580 492 1615 perfrictae
511 1580 611 1608 frontis
629 1581 770 1609 hominum
786 1580 941 1622 refellendis
956 1590 1009 1608 nu—

222 1625 263 1660 gis
283 1632 315 1652 ac
340 1626 454 1653 somniis
478 1626 674 1654 immorantur?
696 1626 763 1660 Quis
783 1626 916 1654 Lazarum
928 1626 1009 1662 783

222 1671 349 1698 excitavit
363 1670 396 1697 ad
408 1671 528 1698 vitam“?
540 1671 607 1704 Quis
626 1672 714 1700 viduae
731 1672 758 1699 in
768 1672 869 1708 oppido
883 1672 961 1700 Naim
977 1673 1010 1700 ii-

223 1716 287 1743 lium
305 1717 366 1743 vita:
380 1717 536 1744 restituit"?
548 1717 615 1750 Quis
636 1718 787 1753 Synagogaa
803 1718 935 1753 principis
950 1719 1012 1746 ﬁlim

158 1776 167 1781 ς
222 1761 291 1787 dixit
307 1770 313 1788 :
328 1761 414 1793 Cumi,
441 1761 546 1794 talitlta,
564 1761 616 1789 hoc
629 1766 680 1794 est,
697 1761 790 1796 Surge,
811 1761 868 1796 filia
879 1761 909 1788 εἳ
923 1761 1011 1797 Cujus

223 1806 349 1834 invocato
363 1807 396 1833 ab
410 1807 542 1841 apostolis
559 1807 668 1835 nomine
684 1808 783 1834 mortui
799 1812 864 1835 sunt
879 1808 912 1835 ad
928 1808 1011 1835 vitam

223 1851 362 1878 revocati?
380 1851 416 1877 At
430 1851 485 1884 isti.
508 1852 637 1886 quoniam
660 1852 773 1886 apostoli
789 1857 885 1879 contra
905 1851 1011 1879 Iudaeos

223 1896 405 1930 disputantes,
421 1903 483 1922 eum
497 1903 658 1930 persuasum
683 1897 751 1931 ipsis
771 1901 854 1929 esset,
874 1897 1012 1935 apostolos

224 1941 259 1967 ab
284 1941 351 1976 legis
380 1941 434 1969 Deo
456 1941 636 1969 defectionem
664 1942 825 1977 praedicare,
855 1950 961 1970 necnon
986 1947 1013 1970 et

225 1986 297 2021 quod
310 1985 427 2021 Spiritus
441 1990 555 2014 sanctus
573 1987 732 2021 praevideret
745 1988 878 2022 ejusmodi
895 1984 1013 2016 ham-ses

226 2031 342 2063 futuras,
356 2039 417 2066 quae
433 2039 448 2058 a
465 2035 579 2066 paterna
599 2033 739 2060 voluntate
755 2033 893 2061 Christum
911 2034 1014 2062 abalie-

225 2083 293 2103 nare
315 2083 348 2103 ac
370 2084 498 2111 separare
523 2077 688 2105 studerent:
705 2086 779 2112 cum,
798 2079 920 2114 inquam.
951 2088 1015 2115 pro-

226 2126 316 2157 pterea
338 2122 371 2149 ad
387 2130 467 2149 unam
482 2123 652 2151 divinitatem
669 2125 760 2152 omnia
773 2130 934 2153 revocarent
947 2134 1013 2162 apo-

225 2168 299 2199 stoli,
314 2168 533 2203 quandoquidem
549 2177 600 2204 pro
616 2178 649 2197 eo
666 2178 698 2198 ac
710 2170 783 2198 Patri
803 2171 892 2199 visum
912 2175 965 2204 est,
981 2173 1015 2200 de

225 2212 286 2241 Filii
299 2214 448 2245 voluntate.
463 2222 496 2242 ac
512 2216 702 2250 consentiente
717 2216 818 2252 Spiritu
831 2216 938 2250 sancto',
953 2226 1013 2246 om-

226 2259 270 2286 nia
292 2259 403 2287 condita
428 2265 501 2293 sunt,
532 2261 663 2293 lucretici,
687 2263 809 2298 inquam,
829 2264 873 2291 isti
907 2264 949 2292 his
974 2265 1013 2292 lo-

226 2305 327 2340 quendi
350 2305 439 2333 modis
460 2306 615 2335 inferiorem
641 2308 788 2343 quamdam
816 2309 1011 2343 conditionem,

227 2354 274 2376 aut
298 2350 524 2384 imbecillitatem,
546 2356 593 2379 aut
619 2353 705 2380 divini
725 2353 808 2381 Verbi
833 2354 866 2381 ab
893 2355 1012 2382 essentia

228 2394 316 2421 Patris
332 2395 522 2423 alienationem
535 2398 682 2433 signiﬁcari
696 2403 802 2434 putant.
815 2399 916 2427 Verum
932 2401 1012 2436 longe

228 2439 306 2466 aliter
317 2447 346 2466 se
362 2447 406 2467 res
421 2441 510 2468 habet.
525 2441 558 2468 Et
575 2447 603 2469 ut
617 2443 681 2470 illud
699 2444 845 2480 intelligas,
856 2452 905 2480 age
919 2453 1012 2472 exem-

1062 1535 1142 1562 νατοῦ
1157 1535 1308 1571 δυνάμεως.
1317 1535 1372 1563 Καὶ
1383 1536 1435 1568 ἕως
1448 1536 1512 1562 πότε
1529 1536 1726 1572 κατατρίὸομαι
1739 1536 1810 1572 περὶ
1822 1536 1856 1562 τὰ

1063 1582 1170 1618 ληρώδη
1183 1583 1306 1618 νοήματα
1321 1582 1375 1609 τῶν
1393 1582 1486 1614 κακῶς
1503 1583 1732 1619 παρατριψὰντων
1747 1584 1856 1610 ἑαυτῶν

1063 1627 1093 1653 τὸ
1107 1627 1249 1662 μὲτωπον;
1266 1627 1314 1658 Τίς
1328 1625 1374 1654 οὖν
1382 1627 1477 1663 ἤγειρε
1488 1627 1533 1654 τὸν
1545 1627 1684 1663 Δάζαρον;
1700 1628 1748 1659 Τίς
1756 1629 1855 1664 ἤγειρε

1063 1672 1108 1699 τὸν
1120 1671 1177 1698 υῑδν
1191 1672 1242 1708 τῆς
1256 1673 1343 1708 χήρας
1358 1673 1409 1708 τῆς
1425 1673 1454 1699 ὲν
1467 1673 1552 1706 Ναῗνς
1567 1673 1615 1705 Τίς
1627 1672 1687 1699 εἷπε
1695 1675 1727 1709 τῇ
1736 1673 1857 1709 Θυγατρὶ

1064 1717 1111 1744 τοῦ
1117 1718 1469 1754 ἀρχισυναγώγου-Κούμι,
1483 1719 1599 1750 ταλιθὰ.
1610 1719 1759 1749 τουτέστιν.
1768 1720 1856 1747 Ἀνά-

1064 1765 1170 1797 στηθι,
1199 1764 1218 1797 ἡ
1241 1764 1329 1797 miq;
1352 1764 1431 1795 Τίνος
1456 1764 1487 1790 τὸ
1513 1764 1600 1800 ὄνομα
1620 1764 1807 1792 ἐπεκαλοῦντο
1832 1766 1856 1791 el.

1065 1808 1225 1841 ἀπόστολοι,
1250 1809 1297 1835 καὶ
1313 1808 1337 1834 οἱ
1352 1809 1444 1844 νεκροὶ
1464 1809 1624 1844 ἡγείροντο;
1644 1809 1797 1844 Νομίζουσι
1816 1809 1854 1841 δὲ,

1065 1855 1156 1890 ἐπειδὴ
1171 1855 1195 1881 oi.
1206 1854 1358 1888 ἀπόστολοι,
1380 1855 1516 1886 Ἰουδαίοις
1532 1856 1802 1891 προσδιαλεγόμενοι,
1814 1856 1855 1882 διὰ

1065 1901 1096 1927 τὸ
1116 1901 1236 1936 νομίζειν
1252 1902 1421 1929 ἀποστασίαν
1438 1901 1586 1937 κηρύσσειν
1607 1902 1670 1934 τοὺς
1688 1902 1855 1934 ἀποστόλους

1066 1946 1120 1972 ἀπὸ
1134 1946 1180 1973 τοῦ
1200 1946 1267 1974 Θεοῦ
1279 1947 1326 1974 τοῦ
1345 1948 1439 1984 νόμου,
1448 1948 1495 1975 καὶ
1510 1948 1554 1975 διὰ
1569 1948 1597 1974 τὸ
1609 1948 1677 1983 πρὸς
1690 1947 1720 1974 τὸ
1733 1948 1854 1981 γνωστὸν

1066 1991 1113 2018 τοῦ
1130 1993 1207 2027 ἁγίου
1219 1993 1391 2028 Πνεύματος,
1413 1994 1459 2020 τοῦ
1474 1993 1663 2028 γινώσκοντος,
1684 1993 1724 2020 ὅτι
1737 1993 1855 2028 ἤμελλον

1067 2037 1187 2073 αἱρέσεις
1203 2037 1363 2073 ὰφηνιὰζειν
1380 2038 1425 2065 τὸν
1443 2039 1560 2074 Χριστὸν
1581 2038 1635 2065 ἀπὸ
1659 2037 1706 2064 τοῦ
1726 2038 1853 2074 πατρῴου

1068 2081 1236 2118 θελήματος·
1256 2083 1351 2110 τούτου
1374 2084 1456 2110 ἕνεκα
1473 2085 1513 2115 είς
1531 2084 1579 2119 τὴν
1604 2083 1667 2119 μίαν
1690 2083 1807 2119 θεότητα
1823 2083 1853 2109 τὰ

1069 2129 1158 2155 πάντα
1170 2129 1351 2164 ἀναφέροντες
1366 2130 1391 2156 οἱ
1408 2130 1485 2157 αὐτοὶ
1500 2131 1662 2163 ἀπόστολοι,
1685 2131 1726 2157 ὅτι
1746 2129 1852 2165 autS-cxi;

1068 2174 1145 2209 παρὰ
1159 2174 1265 2211 Πατρὸς
1284 2175 1407 2210 ἐγένοντο
1423 2176 1457 2202 τὰ
1468 2176 1555 2203 πάντα
1574 2176 1698 2212 βουλήσει
1718 2176 1765 2203 τοῦ
1778 2176 1853 2207 Υἱοϋ,

1068 2220 1227 2256 συνευδοκίᾳ
1245 2221 1403 2256 Πνεύματος
1414 2222 1503 2257 ἁγίου,
1520 2222 1556 2258 μὴ
1574 2223 1627 2258 ἄρα
1644 2223 1714 2249 κατὰ
1735 2223 1852 2249 ἐλάττω-

1059 2273 1120 2296 ,σιν,
1135 2265 1151 2300 ἢ
1171 2265 1242 2293 κατὰ
1259 2266 1412 2299 ἀσθένειαν,
1434 2267 1450 2303 ἢ
1467 2268 1643 2303 ἀλλοτρίωσιν
1661 2268 1709 2303 τῆς
1724 2268 1772 2294 τοῦ
1787 2267 1851 2294 Θεοῦ

1066 2310 1152 2344 Λόγου
1172 2312 1248 2347 παρὰ
1262 2312 1307 2339 τοῦ
1322 2313 1429 2348 Πατρὺς
1451 2314 1544 2341 οὐσίαν
1567 2315 1646 2341 τοῦτο
1665 2315 1783 2350 εἴρηται.
1801 2314 1851 2341 Καὶ

1065 2356 1113 2391 οὐχ
1126 2356 1222 2389 οὕτως.
1238 2358 1308 2394 Ὅρα
1322 2359 1376 2394 γὰρ
1392 2360 1425 2386 τὰ
1437 2360 1612 2395 πρωτότυπα,
1628 2361 1685 2393 πῶς
1697 2360 1851 2396 amet-4w

1065 2401 1179 2436 ἄγγελος
1197 2403 1309 2438 φάσκων
1322 2406 1382 2436 ταῖς
1398 2406 1462 2441 περὶ
1475 2407 1598 2442 Μαρίαν·
1619 2407 1649 2434 Τί
1671 2406 1781 2441 ζητεῖτε
1802 2406 1851 2432 τὸν

1063 2446 1156 2476 ζῶντα
1166 2449 1242 2483 μετὰ
1254 2448 1312 2475 τῶν
1321 2450 1452 2483 ruptor;

230 2486 314 2520 plaria
329 2484 386 2521 ipse
401 2493 541 2517 eontuere.
555 2489 624 2523 Quid
653 2492 766 2527 angelus
794 2491 897 2524 Mari-ai,
925 2493 1041 2529 ejusque
1065 2495 1148 2523 sociis
1167 2497 1330 2525 mulieribus
1352 2497 1474 2525 dixerit:
1493 2498 1564 2531 Quid
1587 2499 1706 2534 qurcritis
1731 2499 1852 2526 viventem

228 2540 287 2558 cum
300 2534 409 2561 mortuis
420 2534 448 2561 ’?

269 2580 348 2607 Vides
367 2585 397 2607 ut
411 2583 504 2610 vivens
522 2583 566 2610 ille
584 2591 708 2612 cumsua
724 2584 867 2614 divinitate
884 2591 911 2614 et
933 2594 1016 2614 carne

229 2627 389 2654 surrexerit.
407 2626 499 2663 Neque
517 2636 582 2656 vero
594 2629 664 2657 inter
675 2634 799 2659 mortuos
811 2631 929 2667 amplius
941 2632 1016 2667 jace-

269 2745 295 2772 ll
311 2746 375 2773 (lor.
390 2754 438 2778 xu,
457 2747 473 2776 8
486 2756 550 2783 sqq.
601 2750 611 2765 ²
630 2749 707 2777 Joan.
724 2759 749 2780 ν.
767 2751 811 2777 21.

863 2751 873 2766 ³
888 2750 966 2778 Joan.
984 2759 1021 2783 vI,
1039 2753 1081 2778 u.

1110 2587 1202 2623 Ὀρᾷς,
1221 2588 1236 2614 6
1256 2587 1311 2620 ζῶν
1326 2589 1355 2614 ὲν
1374 2588 1426 2625 ἰδίᾳ
1447 2589 1553 2625 θεότητι
1575 2591 1622 2617 καὶ
1646 2591 1728 2626 σαρκὶ
1744 2592 1850 2624 ἀνέστη.

1070 2633 1127 2660 Οὐκ
1138 2631 1172 2668 ἦν
1187 2632 1216 2660 δὲ
1239 2633 1309 2669 μετὰ
1320 2634 1374 2661 τῶν
1391 2635 1504 2671 νεκρῶν.
1519 2637 1573 2664 Καὶ
1593 2636 1620 2663 τί
1640 2645 1722 2673 φησιν
1741 2638 1849 2668 αὑταῖς·

1135 2751 1238 2790 ’λοιπὴ
1257 2762 1313 2790 μιν,
1334 2754 1359 2780 6.
1412 2754 1421 2770 '
1440 2754 1517 2783 lttmi.
1533 2764 1567 2788 tv,
1582 2756 1616 2784 ‘24
1629 2764 1636 2788 ;
1651 2756 1660 2782 1
1674 2757 1736 2785 Cor.
1756 2765 1800 2790 xv,
1814 2755 1850 2783 lii-

232 2779 242 2795 ‘
254 2779 334 2808 Joan.
352 2789 388 2810 ιι.
403 2783 447 2810 45.
485 2784 493 2798 ⁷
510 2779 575 2811 Luc.
593 2793 639 2816 vn,
656 2787 696 2812 It.
735 2779 749 2802 '7
763 2786 857 2813 Matth.
874 2795 910 2819 tv,
922 2787 972 2820 "2.);
992 2786 1007 2812 L

1073 2794 1131 2819 Vlll,
1146 2787 1189 2815 54.
1228 2790 1238 2804 ⁸
1254 2779 1320 2816 ιιιιέ.
1345 2798 1422 2822 utv,
