  <div class='ocr_page' id='page_1' title='image "/cluster/home/n/w/nwhite01/storage/ocr_20150623/42/njp.32101077772588/157.png"; bbox 0 0 1929 3039; ppageno 0'>
   <div class='ocr_carea' id='block_1_1' title="bbox 205 141 256 169">
    <p class='ocr_par' dir='ltr' id='par_1_1' title="bbox 205 141 256 169">
     <span class='ocr_line' id='line_1_1' title="bbox 205 141 256 169; baseline 0 -1"><span class='ocrx_word' id='word_1_1' title='bbox 205 141 256 169; x_wconf 68' lang='lat' dir='ltr'><strong>eoa</strong></span> 
     </span>
    </p>
   </div>
   <div class='ocr_carea' id='block_1_2' title="bbox 891 131 1113 160">
    <p class='ocr_par' dir='ltr' id='par_1_2' title="bbox 891 131 1113 160">
     <span class='ocr_line' id='line_1_2' title="bbox 891 131 1113 160; baseline -0.014 0"><span class='ocrx_word' id='word_1_2' title='bbox 891 133 919 160; x_wconf 89' lang='lat' dir='ltr'><strong>S.</strong></span> <span class='ocrx_word' id='word_1_3' title='bbox 941 131 1113 160; x_wconf 60' lang='lat' dir='ltr'><strong>EPIPHANH</strong></span> 
     </span>
    </p>
   </div>
   <div class='ocr_carea' id='block_1_3' title="bbox 1785 129 1837 156">
    <p class='ocr_par' dir='ltr' id='par_1_3' title="bbox 1785 129 1837 156">
     <span class='ocr_line' id='line_1_3' title="bbox 1785 129 1837 156; baseline 0.019 -1"><span class='ocrx_word' id='word_1_4' title='bbox 1785 129 1837 156; x_wconf 52' lang='lat' dir='ltr'><strong>Truc</strong></span> 
     </span>
    </p>
   </div>
   <div class='ocr_carea' id='block_1_4' title="bbox 205 190 997 233">
    <p class='ocr_par' dir='ltr' id='par_1_4' title="bbox 205 194 995 233">
     <span class='ocr_line' id='line_1_4' title="bbox 205 194 995 233; baseline -0.008 -7"><span class='ocrx_word' id='word_1_5' title='bbox 205 204 315 233; x_wconf 86' lang='lat' dir='ltr'><strong>paterna</strong></span> <span class='ocrx_word' id='word_1_6' title='bbox 327 198 462 225; x_wconf 88' lang='lat' dir='ltr'><strong>diversam</strong></span> <span class='ocrx_word' id='word_1_7' title='bbox 481 203 540 223; x_wconf 83' lang='lat' dir='ltr'><strong>esse</strong></span> <span class='ocrx_word' id='word_1_8' title='bbox 552 195 630 228; x_wconf 70' lang='lat' dir='ltr'><strong>dixit,</strong></span> <span class='ocrx_word' id='word_1_9' title='bbox 649 203 711 222; x_wconf 76' lang='lat' dir='ltr'><strong>(um</strong></span> <span class='ocrx_word' id='word_1_10' title='bbox 728 195 779 222; x_wconf 90' lang='lat' dir='ltr'><strong>hoc</strong></span> <span class='ocrx_word' id='word_1_11' title='bbox 791 194 922 229; x_wconf 84' lang='lat' dir='ltr'><strong>apostolis</strong></span> <span class='ocrx_word' id='word_1_12' title='bbox 938 195 995 228; x_wconf 82' lang='lat' dir='ltr'><strong>ipse</strong></span> 
     </span>
    </p>
   </div>
   <div class='ocr_carea' id='block_1_5' title="bbox 1050 190 1831 233">
    <p class='ocr_par' dir='ltr' id='par_1_5' title="bbox 1050 190 1831 227">
     <span class='ocr_line' id='line_1_5' title="bbox 1050 190 1831 227; baseline -0.003 -9"><span class='ocrx_word' id='word_1_13' title='bbox 1050 192 1176 227; x_wconf 78' lang='grc' dir='ltr'><strong>σημαίνει</strong></span> <span class='ocrx_word' id='word_1_14' title='bbox 1201 190 1268 227; x_wconf 71' lang='grc' dir='ltr'>πρὺς</span> <span class='ocrx_word' id='word_1_15' title='bbox 1295 191 1357 221; x_wconf 74' lang='grc' dir='ltr'>τοὺς</span> <span class='ocrx_word' id='word_1_16' title='bbox 1383 190 1520 225; x_wconf 69' lang='grc' dir='ltr'>μαθητὰς,</span> <span class='ocrx_word' id='word_1_17' title='bbox 1548 190 1589 216; x_wconf 77' lang='grc' dir='ltr'>ὅτι</span> <span class='ocrx_word' id='word_1_18' title='bbox 1616 190 1790 223; x_wconf 65' lang='grc' dir='ltr'>Τετάρακται</span> <span class='ocrx_word' id='word_1_19' title='bbox 1813 191 1831 223; x_wconf 84' lang='grc' dir='ltr'><em>ἡ</em></span> 
     </span>
    </p>
   </div>
   <div class='ocr_carea' id='block_1_6' title="bbox 204 239 994 276">
    <p class='ocr_par' dir='ltr' id='par_1_6' title="bbox 204 239 994 276">
     <span class='ocr_line' id='line_1_6' title="bbox 204 239 994 276; baseline -0.006 -5"><span class='ocrx_word' id='word_1_20' title='bbox 204 242 383 272; x_wconf 83' lang='lat' dir='ltr'><strong>declaraverit</strong></span> <span class='ocrx_word' id='word_1_21' title='bbox 399 242 539 270; x_wconf 76' lang='lat' dir='ltr'><strong>:Turbata</strong></span> <span class='ocrx_word' id='word_1_22' title='bbox 561 246 611 273; x_wconf 84' lang='lat' dir='ltr'><strong>est,</strong></span> <span class='ocrx_word' id='word_1_23' title='bbox 637 241 735 276; x_wconf 83' lang='lat' dir='ltr'><strong>inquit,</strong></span> <span class='ocrx_word' id='word_1_24' title='bbox 756 241 846 268; x_wconf 86' lang='lat' dir='ltr'><strong>anima</strong></span> <span class='ocrx_word' id='word_1_25' title='bbox 871 249 938 267; x_wconf 77' lang='lat' dir='ltr'><strong>mea.</strong></span> <span class='ocrx_word' id='word_1_26' title='bbox 959 239 994 266; x_wconf 81' lang='lat' dir='ltr'><strong>Et</strong></span> 
     </span>
    </p>
   </div>
   <div class='ocr_carea' id='block_1_7' title="bbox 203 286 994 323">
    <p class='ocr_par' dir='ltr' id='par_1_7' title="bbox 203 286 994 323">
     <span class='ocr_line' id='line_1_7' title="bbox 203 286 994 323; baseline -0.004 -7"><span class='ocrx_word' id='word_1_27' title='bbox 203 289 265 323; x_wconf 81' lang='lat' dir='ltr'><strong>quid</strong></span> <span class='ocrx_word' id='word_1_28' title='bbox 285 289 493 321; x_wconf 77' lang='lat' dir='ltr'><strong>dicunt.Paler?</strong></span> <span class='ocrx_word' id='word_1_29' title='bbox 511 288 592 316; x_wconf 83' lang='lat' dir='ltr'><strong>Salva</strong></span> <span class='ocrx_word' id='word_1_30' title='bbox 616 297 656 315; x_wconf 82' lang='lat' dir='ltr'><strong>me</strong></span> <span class='ocrx_word' id='word_1_31' title='bbox 673 296 704 315; x_wconf 73' lang='lat' dir='ltr'><strong>ex</strong></span> <span class='ocrx_word' id='word_1_32' title='bbox 724 288 773 314; x_wconf 82' lang='lat' dir='ltr'><strong>hac</strong></span> <span class='ocrx_word' id='word_1_33' title='bbox 789 288 854 314; x_wconf 83' lang='lat' dir='ltr'><strong>hora</strong></span> <span class='ocrx_word' id='word_1_34' title='bbox 867 287 875 303; x_wconf 78' lang='grc' dir='ltr'>ί</span> <span class='ocrx_word' id='word_1_35' title='bbox 891 296 898 314; x_wconf 86' lang='lat'><strong>:</strong></span> <span class='ocrx_word' id='word_1_36' title='bbox 921 286 994 322; x_wconf 89' lang='lat' dir='ltr'><strong>quod</strong></span> 
     </span>
    </p>
   </div>
   <div class='ocr_carea' id='block_1_8' title="bbox 206 333 991 369">
    <p class='ocr_par' dir='ltr' id='par_1_8' title="bbox 206 333 991 369">
     <span class='ocr_line' id='line_1_8' title="bbox 206 333 991 369; baseline -0.003 -9"><span class='ocrx_word' id='word_1_37' title='bbox 206 335 277 361; x_wconf 85' lang='lat' dir='ltr'><strong>velut</strong></span> <span class='ocrx_word' id='word_1_38' title='bbox 295 334 466 369; x_wconf 78' lang='lat' dir='ltr'><strong>przeparandi</strong></span> <span class='ocrx_word' id='word_1_39' title='bbox 492 334 579 369; x_wconf 81' lang='lat' dir='ltr'><strong>gratia</strong></span> <span class='ocrx_word' id='word_1_40' title='bbox 606 333 733 368; x_wconf 79' lang='lat' dir='ltr'><strong>ambigue</strong></span> <span class='ocrx_word' id='word_1_41' title='bbox 752 337 915 366; x_wconf 85' lang='lat' dir='ltr'><strong>conceptum</strong></span> <span class='ocrx_word' id='word_1_42' title='bbox 931 336 970 359; x_wconf 84' lang='lat' dir='ltr'><strong>est</strong></span> <span class='ocrx_word' id='word_1_43' title='bbox 986 339 991 357; x_wconf 94' lang='lat'>:</span> 
     </span>
    </p>
   </div>
   <div class='ocr_carea' id='block_1_9' title="bbox 205 378 995 414">
    <p class='ocr_par' dir='ltr' id='par_1_9' title="bbox 205 378 995 414">
     <span class='ocr_line' id='line_1_9' title="bbox 205 378 995 414; baseline 0 -8"><span class='ocrx_word' id='word_1_44' title='bbox 205 379 275 412; x_wconf 81' lang='lat' dir='ltr'><strong>Quid</strong></span> <span class='ocrx_word' id='word_1_45' title='bbox 288 380 386 411; x_wconf 76' lang='lat' dir='ltr'><strong>(licam,</strong></span> <span class='ocrx_word' id='word_1_46' title='bbox 407 380 504 414; x_wconf 84' lang='lat' dir='ltr'><strong>inquit,</strong></span> <span class='ocrx_word' id='word_1_47' title='bbox 524 379 627 406; x_wconf 80' lang='lat' dir='ltr'><strong>Pater?</strong></span> <span class='ocrx_word' id='word_1_48' title='bbox 645 379 725 406; x_wconf 82' lang='lat' dir='ltr'><strong>Salva</strong></span> <span class='ocrx_word' id='word_1_49' title='bbox 739 387 779 405; x_wconf 83' lang='lat' dir='ltr'><strong>me</strong></span> <span class='ocrx_word' id='word_1_50' title='bbox 796 386 828 405; x_wconf 68' lang='lat' dir='ltr'><strong>ex</strong></span> <span class='ocrx_word' id='word_1_51' title='bbox 845 379 894 404; x_wconf 82' lang='lat' dir='ltr'><strong>hac</strong></span> <span class='ocrx_word' id='word_1_52' title='bbox 910 378 995 406; x_wconf 79' lang='lat' dir='ltr'><strong>Imra?</strong></span> 
     </span>
    </p>
   </div>
   <div class='ocr_carea' id='block_1_10' title="bbox 207 424 994 461">
    <p class='ocr_par' dir='ltr' id='par_1_10' title="bbox 207 424 994 461">
     <span class='ocr_line' id='line_1_10' title="bbox 207 424 994 461; baseline -0.003 -8"><span class='ocrx_word' id='word_1_53' title='bbox 207 426 274 457; x_wconf 88' lang='lat' dir='ltr'><strong>lloc,</strong></span> <span class='ocrx_word' id='word_1_54' title='bbox 292 426 391 461; x_wconf 86' lang='lat' dir='ltr'><strong>inquit,</strong></span> <span class='ocrx_word' id='word_1_55' title='bbox 408 426 497 453; x_wconf 89' lang='lat' dir='ltr'><strong>dicam</strong></span> <span class='ocrx_word' id='word_1_56' title='bbox 515 435 521 452; x_wconf 88' lang='lat'>:</span> <span class='ocrx_word' id='word_1_57' title='bbox 540 425 591 453; x_wconf 82' lang='lat' dir='ltr'><strong>Sed</strong></span> <span class='ocrx_word' id='word_1_58' title='bbox 600 430 740 459; x_wconf 74' lang='lat' dir='ltr'><strong>propterea</strong></span> <span class='ocrx_word' id='word_1_59' title='bbox 757 425 812 452; x_wconf 82' lang='lat' dir='ltr'><strong>ueni</strong></span> <span class='ocrx_word' id='word_1_60' title='bbox 826 425 853 451; x_wconf 82' lang='lat' dir='ltr'><strong>in</strong></span> <span class='ocrx_word' id='word_1_61' title='bbox 865 427 932 451; x_wconf 78' lang='lat' dir='ltr'><strong>hanc</strong></span> <span class='ocrx_word' id='word_1_62' title='bbox 947 424 994 451; x_wconf 84' lang='lat' dir='ltr'><strong>ho-</strong></span> 
     </span>
    </p>
   </div>
   <div class='ocr_carea' id='block_1_11' title="bbox 203 470 994 507">
    <p class='ocr_par' dir='ltr' id='par_1_11' title="bbox 203 470 994 507">
     <span class='ocr_line' id='line_1_11' title="bbox 203 470 994 507; baseline -0.001 -9"><span class='ocrx_word' id='word_1_63' title='bbox 203 481 273 500; x_wconf 84' lang='lat' dir='ltr'><strong>ram.</strong></span> <span class='ocrx_word' id='word_1_64' title='bbox 298 471 402 507; x_wconf 87' lang='lat' dir='ltr'><strong>Sponte</strong></span> <span class='ocrx_word' id='word_1_65' title='bbox 426 479 522 507; x_wconf 89' lang='lat' dir='ltr'><strong>porro,</strong></span> <span class='ocrx_word' id='word_1_66' title='bbox 543 479 597 499; x_wconf 90' lang='lat' dir='ltr'><strong>non</strong></span> <span class='ocrx_word' id='word_1_67' title='bbox 619 471 721 498; x_wconf 87' lang='lat' dir='ltr'><strong>invitus</strong></span> <span class='ocrx_word' id='word_1_68' title='bbox 745 470 881 504; x_wconf 85' lang='lat' dir='ltr'><strong>accessit;</strong></span> <span class='ocrx_word' id='word_1_69' title='bbox 912 478 994 504; x_wconf 82' lang='lat' dir='ltr'><strong>supra</strong></span> 
     </span>
    </p>
   </div>
   <div class='ocr_carea' id='block_1_12' title="bbox 203 516 994 552">
    <p class='ocr_par' dir='ltr' id='par_1_12' title="bbox 203 516 994 552">
     <span class='ocr_line' id='line_1_12' title="bbox 203 516 994 552; baseline -0.004 -7"><span class='ocrx_word' id='word_1_70' title='bbox 203 519 276 546; x_wconf 87' lang='lat' dir='ltr'><strong>cnim</strong></span> <span class='ocrx_word' id='word_1_71' title='bbox 302 519 410 545; x_wconf 75' lang='lat' dir='ltr'><strong>dixerat</strong></span> <span class='ocrx_word' id='word_1_72' title='bbox 427 527 432 545; x_wconf 92' lang='lat'><strong><em>:</em></strong></span> <span class='ocrx_word' id='word_1_73' title='bbox 449 518 568 545; x_wconf 81' lang='lat' dir='ltr'><strong>Calicem</strong></span> <span class='ocrx_word' id='word_1_74' title='bbox 592 517 674 544; x_wconf 77' lang='lat' dir='ltr'><strong>habeo</strong></span> <span class='ocrx_word' id='word_1_75' title='bbox 700 516 851 544; x_wconf 82' lang='lat' dir='ltr'><strong>bibendum.</strong></span> <span class='ocrx_word' id='word_1_76' title='bbox 878 517 912 543; x_wconf 87' lang='lat' dir='ltr'><strong>Et</strong></span> <span class='ocrx_word' id='word_1_77' title='bbox 932 517 994 552; x_wconf 81' lang='lat' dir='ltr'><strong>quid</strong></span> 
     </span>
    </p>
   </div>
   <div class='ocr_carea' id='block_1_13' title="bbox 204 563 994 598">
    <p class='ocr_par' dir='ltr' id='par_1_13' title="bbox 204 563 994 598">
     <span class='ocr_line' id='line_1_13' title="bbox 204 563 994 598; baseline -0.003 -7"><span class='ocrx_word' id='word_1_78' title='bbox 204 564 300 598; x_wconf 73' lang='lat' dir='ltr'><strong>festino</strong></span> <span class='ocrx_word' id='word_1_79' title='bbox 315 564 398 591; x_wconf 76' lang='lat' dir='ltr'><strong>donec</strong></span> <span class='ocrx_word' id='word_1_80' title='bbox 409 564 495 590; x_wconf 81' lang='lat' dir='ltr'><strong>bibam</strong></span> <span class='ocrx_word' id='word_1_81' title='bbox 513 564 601 590; x_wconf 83' lang='lat' dir='ltr'><strong>illum.</strong></span> <span class='ocrx_word' id='word_1_82' title='bbox 621 563 655 590; x_wconf 85' lang='lat' dir='ltr'><strong>Et</strong></span> <span class='ocrx_word' id='word_1_83' title='bbox 674 564 803 598; x_wconf 81' lang='lat' dir='ltr'><strong>baptismo</strong></span> <span class='ocrx_word' id='word_1_84' title='bbox 818 563 994 598; x_wconf 71' lang='lat' dir='ltr'><strong>baptizandus</strong></span> 
     </span>
    </p>
   </div>
   <div class='ocr_carea' id='block_1_14' title="bbox 203 608 995 644">
    <p class='ocr_par' dir='ltr' id='par_1_14' title="bbox 203 608 995 644">
     <span class='ocr_line' id='line_1_14' title="bbox 203 608 995 644; baseline -0.003 -8"><span class='ocrx_word' id='word_1_85' title='bbox 203 619 273 642; x_wconf 70' lang='lat' dir='ltr'><strong>sunt,</strong></span> <span class='ocrx_word' id='word_1_86' title='bbox 289 615 312 637; x_wconf 86' lang='lat' dir='ltr'><strong>el</strong></span> <span class='ocrx_word' id='word_1_87' title='bbox 331 609 393 644; x_wconf 80' lang='lat' dir='ltr'><strong>quid</strong></span> <span class='ocrx_word' id='word_1_88' title='bbox 409 609 465 636; x_wconf 82' lang='lat' dir='ltr'><strong>volo</strong></span> <span class='ocrx_word' id='word_1_89' title='bbox 482 610 534 637; x_wconf 77' lang='lat' dir='ltr'><strong>nisi</strong></span> <span class='ocrx_word' id='word_1_90' title='bbox 550 614 577 636; x_wconf 81' lang='lat' dir='ltr'><strong>ut</strong></span> <span class='ocrx_word' id='word_1_91' title='bbox 588 609 648 644; x_wconf 87' lang='lat' dir='ltr'><strong>jam</strong></span> <span class='ocrx_word' id='word_1_92' title='bbox 659 609 775 643; x_wconf 73' lang='lat' dir='ltr'><strong>baptizer</strong></span> <span class='ocrx_word' id='word_1_93' title='bbox 787 609 819 635; x_wconf 70' lang='grc' dir='ltr'><strong>’ἲ</strong></span> <span class='ocrx_word' id='word_1_94' title='bbox 833 608 922 641; x_wconf 77' lang='lat' dir='ltr'><strong>Quare</strong></span> <span class='ocrx_word' id='word_1_95' title='bbox 933 609 955 636; x_wconf 89' lang='lat' dir='ltr'><strong>si</strong></span> <span class='ocrx_word' id='word_1_96' title='bbox 969 613 995 635; x_wconf 81' lang='lat' dir='ltr'><strong>et</strong></span> 
     </span>
    </p>
   </div>
   <div class='ocr_carea' id='block_1_15' title="bbox 204 650 996 688">
    <p class='ocr_par' dir='ltr' id='par_1_15' title="bbox 204 650 996 688">
     <span class='ocr_line' id='line_1_15' title="bbox 204 650 996 688; baseline -0.006 -6"><span class='ocrx_word' id='word_1_97' title='bbox 204 655 271 688; x_wconf 82' lang='lat' dir='ltr'><strong>vult,</strong></span> <span class='ocrx_word' id='word_1_98' title='bbox 293 658 319 682; x_wconf 85' lang='lat' dir='ltr'><strong>ct</strong></span> <span class='ocrx_word' id='word_1_99' title='bbox 335 655 458 686; x_wconf 75' lang='lat' dir='ltr'><strong>festinat,</strong></span> <span class='ocrx_word' id='word_1_100' title='bbox 483 658 510 681; x_wconf 88' lang='lat' dir='ltr'><strong>et</strong></span> <span class='ocrx_word' id='word_1_101' title='bbox 529 653 612 688; x_wconf 79' lang='lat' dir='ltr'><strong>hujus</strong></span> <span class='ocrx_word' id='word_1_102' title='bbox 631 653 773 687; x_wconf 65' lang='lat' dir='ltr'><strong>rei‘gratia</strong></span> <span class='ocrx_word' id='word_1_103' title='bbox 785 652 894 679; x_wconf 83' lang='lat' dir='ltr'><strong>venisse</strong></span> <span class='ocrx_word' id='word_1_104' title='bbox 909 658 938 678; x_wconf 90' lang='lat' dir='ltr'><strong>se</strong></span> <span class='ocrx_word' id='word_1_105' title='bbox 952 650 996 677; x_wconf 84' lang='lat' dir='ltr'><strong>di-</strong></span> 
     </span>
    </p>
   </div>
   <div class='ocr_carea' id='block_1_16' title="bbox 203 697 995 736">
    <p class='ocr_par' dir='ltr' id='par_1_16' title="bbox 203 697 995 736">
     <span class='ocr_line' id='line_1_16' title="bbox 203 697 995 736; baseline -0.008 -7"><span class='ocrx_word' id='word_1_106' title='bbox 203 702 251 735; x_wconf 85' lang='lat' dir='ltr'><strong>cit,</strong></span> <span class='ocrx_word' id='word_1_107' title='bbox 270 701 381 736; x_wconf 84' lang='lat' dir='ltr'><strong>quinam</strong></span> <span class='ocrx_word' id='word_1_108' title='bbox 404 701 485 727; x_wconf 90' lang='lat' dir='ltr'><strong>aliam</strong></span> <span class='ocrx_word' id='word_1_109' title='bbox 502 708 591 732; x_wconf 88' lang='lat' dir='ltr'><strong>suam,</strong></span> <span class='ocrx_word' id='word_1_110' title='bbox 616 699 696 726; x_wconf 84' lang='lat' dir='ltr'><strong>aliam</strong></span> <span class='ocrx_word' id='word_1_111' title='bbox 717 698 806 726; x_wconf 80' lang='lat' dir='ltr'><strong>Patris</strong></span> <span class='ocrx_word' id='word_1_112' title='bbox 827 697 995 724; x_wconf 89' lang='lat' dir='ltr'><strong>voluntatem</strong></span> 
     </span>
    </p>
   </div>
   <div class='ocr_carea' id='block_1_17' title="bbox 203 743 995 780">
    <p class='ocr_par' dir='ltr' id='par_1_17' title="bbox 203 743 995 780">
     <span class='ocr_line' id='line_1_17' title="bbox 203 743 995 780; baseline -0.009 -5"><span class='ocrx_word' id='word_1_113' title='bbox 203 755 263 775; x_wconf 88' lang='lat' dir='ltr'><strong>esse</strong></span> <span class='ocrx_word' id='word_1_114' title='bbox 294 746 481 774; x_wconf 79' lang='lat' dir='ltr'><strong>demonstrat?</strong></span> <span class='ocrx_word' id='word_1_115' title='bbox 507 745 560 773; x_wconf 89' lang='lat' dir='ltr'><strong>Sed</strong></span> <span class='ocrx_word' id='word_1_116' title='bbox 585 745 715 780; x_wconf 88' lang='lat' dir='ltr'><strong>quoniam</strong></span> <span class='ocrx_word' id='word_1_117' title='bbox 743 752 790 780; x_wconf 86' lang='lat' dir='ltr'><strong>per</strong></span> <span class='ocrx_word' id='word_1_118' title='bbox 819 743 995 772; x_wconf 84' lang='lat' dir='ltr'><strong>Israeliticam</strong></span> 
     </span>
    </p>
   </div>
   <div class='ocr_carea' id='block_1_18' title="bbox 203 788 996 828">
    <p class='ocr_par' dir='ltr' id='par_1_18' title="bbox 203 788 996 828">
     <span class='ocr_line' id='line_1_18' title="bbox 203 788 996 828; baseline -0.006 -8"><span class='ocrx_word' id='word_1_119' title='bbox 203 797 309 828; x_wconf 75' lang='lat' dir='ltr'><strong>gentem</strong></span> <span class='ocrx_word' id='word_1_120' title='bbox 335 792 484 820; x_wconf 78' lang='lat' dir='ltr'><strong>tradendus</strong></span> <span class='ocrx_word' id='word_1_121' title='bbox 499 791 581 827; x_wconf 77' lang='lat'><strong>785</strong></span> <span class='ocrx_word' id='word_1_122' title='bbox 601 794 671 822; x_wconf 78' lang='lat' dir='ltr'><strong>erat,</strong></span> <span class='ocrx_word' id='word_1_123' title='bbox 693 798 756 817; x_wconf 87' lang='lat' dir='ltr'><strong>cum</strong></span> <span class='ocrx_word' id='word_1_124' title='bbox 779 788 996 816; x_wconf 85' lang='lat' dir='ltr'><strong>humanissimus</strong></span> 
     </span>
    </p>
   </div>
   <div class='ocr_carea' id='block_1_19' title="bbox 203 835 995 872">
    <p class='ocr_par' dir='ltr' id='par_1_19' title="bbox 203 835 995 872">
     <span class='ocr_line' id='line_1_19' title="bbox 203 835 995 872; baseline -0.006 -6"><span class='ocrx_word' id='word_1_125' title='bbox 203 844 287 870; x_wconf 82' lang='lat' dir='ltr'><strong>esset,</strong></span> <span class='ocrx_word' id='word_1_126' title='bbox 312 842 339 866; x_wconf 87' lang='lat' dir='ltr'><strong>et</strong></span> <span class='ocrx_word' id='word_1_127' title='bbox 363 838 513 865; x_wconf 87' lang='lat' dir='ltr'><strong>Abrahami</strong></span> <span class='ocrx_word' id='word_1_128' title='bbox 535 839 614 872; x_wconf 81' lang='lat' dir='ltr'><strong>stirpi</strong></span> <span class='ocrx_word' id='word_1_129' title='bbox 645 836 790 864; x_wconf 82' lang='lat' dir='ltr'><strong>consulere</strong></span> <span class='ocrx_word' id='word_1_130' title='bbox 816 836 908 865; x_wconf 77' lang='lat' dir='ltr'><strong>vellet.</strong></span> <span class='ocrx_word' id='word_1_131' title='bbox 934 835 995 868; x_wconf 83' lang='lat' dir='ltr'><strong>ejus</strong></span> 
     </span>
    </p>
   </div>
   <div class='ocr_carea' id='block_1_20' title="bbox 1045 235 1838 273">
    <p class='ocr_par' dir='ltr' id='par_1_20' title="bbox 1045 235 1838 273">
     <span class='ocr_line' id='line_1_20' title="bbox 1045 235 1838 273; baseline -0.005 -8"><span class='ocrx_word' id='word_1_132' title='bbox 1045 237 1131 273; x_wconf 70' lang='grc' dir='ltr'><strong>ψυχή</strong></span> <span class='ocrx_word' id='word_1_133' title='bbox 1142 246 1211 272; x_wconf 82' lang='grc' dir='ltr'>μου.</span> <span class='ocrx_word' id='word_1_134' title='bbox 1232 237 1288 263; x_wconf 79' lang='grc' dir='ltr'><strong>Καὶ</strong></span> <span class='ocrx_word' id='word_1_135' title='bbox 1305 237 1333 262; x_wconf 83' lang='grc' dir='ltr'><strong>τί</strong></span> <span class='ocrx_word' id='word_1_136' title='bbox 1346 236 1430 268; x_wconf 82' lang='grc' dir='ltr'><strong>εἴπω,</strong></span> <span class='ocrx_word' id='word_1_137' title='bbox 1448 235 1561 269; x_wconf 73' lang='grc' dir='ltr'><strong>Πάτερ;</strong></span> <span class='ocrx_word' id='word_1_138' title='bbox 1577 235 1681 262; x_wconf 79' lang='grc' dir='ltr'><strong>Σῶσόν</strong></span> <span class='ocrx_word' id='word_1_139' title='bbox 1691 244 1729 270; x_wconf 83' lang='grc' dir='ltr'><strong>με</strong></span> <span class='ocrx_word' id='word_1_140' title='bbox 1740 235 1774 262; x_wconf 78' lang='grc' dir='ltr'>ἑκ</span> <span class='ocrx_word' id='word_1_141' title='bbox 1782 235 1838 269; x_wconf 80' lang='grc' dir='ltr'><strong>τῆς</strong></span> 
     </span>
    </p>
   </div>
   <div class='ocr_carea' id='block_1_21' title="bbox 1045 280 1837 317">
    <p class='ocr_par' dir='ltr' id='par_1_21' title="bbox 1045 280 1837 317">
     <span class='ocr_line' id='line_1_21' title="bbox 1045 280 1837 317; baseline -0.003 -9"><span class='ocrx_word' id='word_1_142' title='bbox 1045 283 1119 317; x_wconf 59' lang='grc' dir='ltr'>ὥρας</span> <span class='ocrx_word' id='word_1_143' title='bbox 1138 283 1266 316; x_wconf 74' lang='grc' dir='ltr'><strong>ταύτης·</strong></span> <span class='ocrx_word' id='word_1_144' title='bbox 1296 281 1333 312; x_wconf 79' lang='grc' dir='ltr'><strong>ὡς</strong></span> <span class='ocrx_word' id='word_1_145' title='bbox 1360 280 1674 316; x_wconf 69' lang='grc' dir='ltr'>προκατασκευαστικῶς</span> <span class='ocrx_word' id='word_1_146' title='bbox 1697 281 1727 307; x_wconf 78' lang='grc' dir='ltr'><strong>’τὺ</strong></span> <span class='ocrx_word' id='word_1_147' title='bbox 1755 281 1837 316; x_wconf 73' lang='grc' dir='ltr'>ῥητὸν</span> 
     </span>
    </p>
   </div>
   <div class='ocr_carea' id='block_1_22' title="bbox 1045 327 1836 364">
    <p class='ocr_par' dir='ltr' id='par_1_22' title="bbox 1045 327 1836 364">
     <span class='ocr_line' id='line_1_22' title="bbox 1045 327 1836 364; baseline -0.001 -10"><span class='ocrx_word' id='word_1_148' title='bbox 1045 328 1234 364; x_wconf 73' lang='grc' dir='ltr'>διηγούμενος,</span> <span class='ocrx_word' id='word_1_149' title='bbox 1253 328 1299 354; x_wconf 78' lang='grc' dir='ltr'><strong>καὶ</strong></span> <span class='ocrx_word' id='word_1_150' title='bbox 1312 327 1508 362; x_wconf 72' lang='grc' dir='ltr'>ἐπαμιριϐόλως</span> <span class='ocrx_word' id='word_1_151' title='bbox 1523 328 1553 362; x_wconf 74' lang='grc' dir='ltr'>τῇ</span> <span class='ocrx_word' id='word_1_152' title='bbox 1566 327 1636 359; x_wconf 72' lang='grc' dir='ltr'>λέξει</span> <span class='ocrx_word' id='word_1_153' title='bbox 1651 327 1836 363; x_wconf 75' lang='grc' dir='ltr'><strong>κεχρημένος⁸</strong></span> 
     </span>
    </p>
   </div>
   <div class='ocr_carea' id='block_1_23' title="bbox 1048 372 1837 407">
    <p class='ocr_par' dir='ltr' id='par_1_23' title="bbox 1048 372 1837 407">
     <span class='ocr_line' id='line_1_23' title="bbox 1048 372 1837 407; baseline 0.001 -8"><span class='ocrx_word' id='word_1_154' title='bbox 1048 373 1082 399; x_wconf 86' lang='grc' dir='ltr'>Ὅ</span> <span class='ocrx_word' id='word_1_155' title='bbox 1092 382 1117 399; x_wconf 84' lang='grc' dir='ltr'>τι</span> <span class='ocrx_word' id='word_1_156' title='bbox 1128 373 1137 388; x_wconf 63' lang='grc'>³</span> <span class='ocrx_word' id='word_1_157' title='bbox 1148 373 1231 405; x_wconf 73' lang='grc' dir='ltr'><strong>εἴπω,</strong></span> <span class='ocrx_word' id='word_1_158' title='bbox 1239 372 1351 406; x_wconf 77' lang='grc' dir='ltr'><strong>Πάτερ;</strong></span> <span class='ocrx_word' id='word_1_159' title='bbox 1364 372 1511 407; x_wconf 70' lang='grc' dir='ltr'><strong>Σῶσόνμε</strong></span> <span class='ocrx_word' id='word_1_160' title='bbox 1521 373 1555 398; x_wconf 72' lang='grc' dir='ltr'>ἐκ</span> <span class='ocrx_word' id='word_1_161' title='bbox 1567 373 1621 406; x_wconf 76' lang='grc' dir='ltr'><strong>τῆς</strong></span> <span class='ocrx_word' id='word_1_162' title='bbox 1629 372 1706 406; x_wconf 73' lang='grc' dir='ltr'>ὧρας</span> <span class='ocrx_word' id='word_1_163' title='bbox 1712 374 1837 407; x_wconf 63' lang='lat' dir='ltr'><strong>eadem);</strong></span> 
     </span>
    </p>
   </div>
   <div class='ocr_carea' id='block_1_24' title="bbox 1046 416 1838 456">
    <p class='ocr_par' dir='ltr' id='par_1_24' title="bbox 1046 416 1838 456">
     <span class='ocr_line' id='line_1_24' title="bbox 1046 416 1838 456; baseline 0.001 -11"><span class='ocrx_word' id='word_1_164' title='bbox 1046 419 1140 450; x_wconf 80' lang='grc' dir='ltr'>Τοῦτο,</span> <span class='ocrx_word' id='word_1_165' title='bbox 1149 428 1185 454; x_wconf 77' lang='grc' dir='ltr'>φη</span> <span class='ocrx_word' id='word_1_166' title='bbox 1191 419 1242 452; x_wconf 69' lang='grc' dir='ltr'>σὶν,</span> <span class='ocrx_word' id='word_1_167' title='bbox 1253 418 1322 445; x_wconf 83' lang='grc' dir='ltr'><strong>εἴπω</strong></span> <span class='ocrx_word' id='word_1_168' title='bbox 1332 427 1338 432; x_wconf 94' lang='grc'>·</span> <span class='ocrx_word' id='word_1_169' title='bbox 1355 418 1446 445; x_wconf 79' lang='grc' dir='ltr'><em>Ἀλλὰ</em></span> <span class='ocrx_word' id='word_1_170' title='bbox 1459 418 1508 445; x_wconf 76' lang='grc' dir='ltr'>διὰ</span> <span class='ocrx_word' id='word_1_171' title='bbox 1523 418 1611 456; x_wconf 65' lang='grc' dir='ltr'>τοῦτο</span> <span class='ocrx_word' id='word_1_172' title='bbox 1621 416 1715 453; x_wconf 77' lang='grc' dir='ltr'><strong>ἦλθον</strong></span> <span class='ocrx_word' id='word_1_173' title='bbox 1727 420 1772 452; x_wconf 75' lang='grc' dir='ltr'><strong>εἰς</strong></span> <span class='ocrx_word' id='word_1_174' title='bbox 1780 419 1838 453; x_wconf 76' lang='grc' dir='ltr'><strong>τὴν</strong></span> 
     </span>
    </p>
   </div>
   <div class='ocr_carea' id='block_1_25' title="bbox 1045 463 1838 499">
    <p class='ocr_par' dir='ltr' id='par_1_25' title="bbox 1045 463 1838 499">
     <span class='ocr_line' id='line_1_25' title="bbox 1045 463 1838 499; baseline 0.001 -8"><span class='ocrx_word' id='word_1_175' title='bbox 1045 464 1125 499; x_wconf 78' lang='grc' dir='ltr'><strong>ὥρην</strong></span> <span class='ocrx_word' id='word_1_176' title='bbox 1138 466 1261 498; x_wconf 77' lang='grc' dir='ltr'><strong>ταύτην.</strong></span> <span class='ocrx_word' id='word_1_177' title='bbox 1277 463 1363 491; x_wconf 58' lang='grc' dir='ltr'>*Ηλθε</span> <span class='ocrx_word' id='word_1_178' title='bbox 1388 464 1416 490; x_wconf 78' lang='grc' dir='ltr'>δὲ</span> <span class='ocrx_word' id='word_1_179' title='bbox 1431 465 1481 491; x_wconf 67' lang='grc' dir='ltr'>οὐκ</span> <span class='ocrx_word' id='word_1_180' title='bbox 1492 465 1576 497; x_wconf 78' lang='grc' dir='ltr'>ἄκων,</span> <span class='ocrx_word' id='word_1_181' title='bbox 1593 465 1650 492; x_wconf 82' lang='grc' dir='ltr'>ἀλλ’</span> <span class='ocrx_word' id='word_1_182' title='bbox 1665 464 1736 492; x_wconf 77' lang='grc' dir='ltr'>ἑκών</span> <span class='ocrx_word' id='word_1_183' title='bbox 1747 474 1754 480; x_wconf 87' lang='grc'><strong>·</strong></span> <span class='ocrx_word' id='word_1_184' title='bbox 1768 466 1838 492; x_wconf 84' lang='grc' dir='ltr'>ἀνω-</span> 
     </span>
    </p>
   </div>
   <div class='ocr_carea' id='block_1_26' title="bbox 1045 510 1838 546">
    <p class='ocr_par' dir='ltr' id='par_1_26' title="bbox 1045 510 1838 546">
     <span class='ocr_line' id='line_1_26' title="bbox 1045 510 1838 546; baseline 0.001 -9"><span class='ocrx_word' id='word_1_185' title='bbox 1045 511 1117 546; x_wconf 80' lang='grc' dir='ltr'>τέρω</span> <span class='ocrx_word' id='word_1_186' title='bbox 1137 511 1191 546; x_wconf 74' lang='grc' dir='ltr'><strong>γὰρ</strong></span> <span class='ocrx_word' id='word_1_187' title='bbox 1208 511 1292 545; x_wconf 78' lang='grc' dir='ltr'>λέγει,</span> <span class='ocrx_word' id='word_1_188' title='bbox 1323 511 1363 537; x_wconf 83' lang='grc' dir='ltr'><strong>ὅτι</strong></span> <span class='ocrx_word' id='word_1_189' title='bbox 1380 510 1527 544; x_wconf 71' lang='grc' dir='ltr'>Ποῖ-ἠρίον</span> <span class='ocrx_word' id='word_1_190' title='bbox 1550 511 1608 545; x_wconf 74' lang='grc' dir='ltr'><strong>ἔχω</strong></span> <span class='ocrx_word' id='word_1_191' title='bbox 1629 511 1718 538; x_wconf 78' lang='grc' dir='ltr'><strong>πιεῖν.</strong></span> <span class='ocrx_word' id='word_1_192' title='bbox 1737 511 1791 538; x_wconf 78' lang='grc' dir='ltr'><strong>Καὶ</strong></span> <span class='ocrx_word' id='word_1_193' title='bbox 1808 512 1838 538; x_wconf 82' lang='grc' dir='ltr'>τι</span> 
     </span>
    </p>
   </div>
   <div class='ocr_carea' id='block_1_27' title="bbox 1046 554 1838 592">
    <p class='ocr_par' dir='ltr' id='par_1_27' title="bbox 1046 554 1838 592">
     <span class='ocr_line' id='line_1_27' title="bbox 1046 554 1838 592; baseline -0.001 -8"><span class='ocrx_word' id='word_1_194' title='bbox 1046 557 1167 584; x_wconf 74' lang='grc' dir='ltr'>σπεύδω</span> <span class='ocrx_word' id='word_1_195' title='bbox 1191 557 1247 590; x_wconf 79' lang='grc' dir='ltr'><strong>ἕως</strong></span> <span class='ocrx_word' id='word_1_196' title='bbox 1271 554 1307 585; x_wconf 77' lang='grc' dir='ltr'>οὗ</span> <span class='ocrx_word' id='word_1_197' title='bbox 1327 557 1384 583; x_wconf 82' lang='grc' dir='ltr'><strong>πίω</strong></span> <span class='ocrx_word' id='word_1_198' title='bbox 1406 558 1496 589; x_wconf 71' lang='grc' dir='ltr'>αὑτός</span> <span class='ocrx_word' id='word_1_199' title='bbox 1521 558 1574 583; x_wconf 76' lang='grc' dir='ltr'><strong>Καὶ</strong></span> <span class='ocrx_word' id='word_1_200' title='bbox 1598 557 1756 591; x_wconf 74' lang='grc' dir='ltr'>,ϐάπτισμα</span> <span class='ocrx_word' id='word_1_201' title='bbox 1778 558 1838 592; x_wconf 80' lang='grc' dir='ltr'><strong>ἔχω</strong></span> 
     </span>
    </p>
   </div>
   <div class='ocr_carea' id='block_1_28' title="bbox 1043 602 1837 638">
    <p class='ocr_par' dir='ltr' id='par_1_28' title="bbox 1043 602 1837 638">
     <span class='ocr_line' id='line_1_28' title="bbox 1043 602 1837 638; baseline 0 -8"><span class='ocrx_word' id='word_1_202' title='bbox 1043 602 1264 637; x_wconf 71' lang='grc' dir='ltr'>,βαπτισθῆναι-</span> <span class='ocrx_word' id='word_1_203' title='bbox 1289 603 1338 630; x_wconf 69' lang='lat' dir='ltr'><strong>xui.</strong></span> <span class='ocrx_word' id='word_1_204' title='bbox 1358 603 1387 629; x_wconf 76' lang='grc' dir='ltr'><strong><em>τί</em></strong></span> <span class='ocrx_word' id='word_1_205' title='bbox 1409 602 1486 630; x_wconf 80' lang='grc' dir='ltr'><em>θέλω</em></span> <span class='ocrx_word' id='word_1_206' title='bbox 1507 605 1532 630; x_wconf 76' lang='grc' dir='ltr'>εἰ</span> <span class='ocrx_word' id='word_1_207' title='bbox 1555 603 1613 638; x_wconf 81' lang='grc' dir='ltr'><strong>ἤδη</strong></span> <span class='ocrx_word' id='word_1_208' title='bbox 1632 604 1837 638; x_wconf 74' lang='grc' dir='ltr'><strong>ἐϐαπτίσθην;</strong></span> 
     </span>
    </p>
   </div>
   <div class='ocr_carea' id='block_1_29' title="bbox 1047 648 1839 683">
    <p class='ocr_par' dir='ltr' id='par_1_29' title="bbox 1047 648 1839 683">
     <span class='ocr_line' id='line_1_29' title="bbox 1047 648 1839 683; baseline 0.001 -8"><span class='ocrx_word' id='word_1_209' title='bbox 1047 649 1078 675; x_wconf 85' lang='grc' dir='ltr'>Εἰ</span> <span class='ocrx_word' id='word_1_210' title='bbox 1093 649 1181 676; x_wconf 83' lang='grc' dir='ltr'>τοίνυν</span> <span class='ocrx_word' id='word_1_211' title='bbox 1207 648 1279 675; x_wconf 80' lang='grc' dir='ltr'>Οέλει</span> <span class='ocrx_word' id='word_1_212' title='bbox 1302 649 1351 675; x_wconf 75' lang='grc' dir='ltr'><strong>καὶ</strong></span> <span class='ocrx_word' id='word_1_213' title='bbox 1377 650 1497 680; x_wconf 71' lang='grc' dir='ltr'>σπεύδει,</span> <span class='ocrx_word' id='word_1_214' title='bbox 1520 650 1567 675; x_wconf 76' lang='grc' dir='ltr'><strong>καὶ</strong></span> <span class='ocrx_word' id='word_1_215' title='bbox 1591 649 1667 683; x_wconf 80' lang='grc' dir='ltr'>λέγει</span> <span class='ocrx_word' id='word_1_216' title='bbox 1692 651 1731 681; x_wconf 74' lang='grc' dir='ltr'>εἰς</span> <span class='ocrx_word' id='word_1_217' title='bbox 1758 649 1839 676; x_wconf 75' lang='grc' dir='ltr'>τοῦτο</span> 
     </span>
    </p>
   </div>
   <div class='ocr_carea' id='block_1_30' title="bbox 1047 693 1840 729">
    <p class='ocr_par' dir='ltr' id='par_1_30' title="bbox 1047 693 1840 729">
     <span class='ocr_line' id='line_1_30' title="bbox 1047 693 1840 729; baseline 0 -10"><span class='ocrx_word' id='word_1_218' title='bbox 1047 694 1135 728; x_wconf 72' lang='grc' dir='ltr'>ἥκειν,</span> <span class='ocrx_word' id='word_1_219' title='bbox 1156 693 1215 725; x_wconf 80' lang='grc' dir='ltr'><strong>πῶς</strong></span> <span class='ocrx_word' id='word_1_220' title='bbox 1234 693 1297 720; x_wconf 79' lang='grc' dir='ltr'>ἄλλο</span> <span class='ocrx_word' id='word_1_221' title='bbox 1322 693 1445 729; x_wconf 78' lang='grc' dir='ltr'>βούλημα</span> <span class='ocrx_word' id='word_1_222' title='bbox 1466 694 1495 720; x_wconf 79' lang='grc' dir='ltr'><strong>τὸ</strong></span> <span class='ocrx_word' id='word_1_223' title='bbox 1516 693 1597 721; x_wconf 73' lang='grc' dir='ltr'>αὑτοῦ</span> <span class='ocrx_word' id='word_1_224' title='bbox 1618 694 1774 728; x_wconf 67' lang='grc' dir='ltr'>ὑποφαίνει,</span> <span class='ocrx_word' id='word_1_225' title='bbox 1792 694 1840 720; x_wconf 75' lang='grc' dir='ltr'><strong>καὶ</strong></span> 
     </span>
    </p>
   </div>
   <div class='ocr_carea' id='block_1_31' title="bbox 1047 738 1840 775">
    <p class='ocr_par' dir='ltr' id='par_1_31' title="bbox 1047 738 1840 775">
     <span class='ocr_line' id='line_1_31' title="bbox 1047 738 1840 775; baseline 0.001 -11"><span class='ocrx_word' id='word_1_226' title='bbox 1047 738 1110 765; x_wconf 82' lang='grc' dir='ltr'>ἄλλο</span> <span class='ocrx_word' id='word_1_227' title='bbox 1121 739 1167 765; x_wconf 75' lang='grc' dir='ltr'>τοῦ</span> <span class='ocrx_word' id='word_1_228' title='bbox 1177 739 1298 774; x_wconf 51' lang='grc' dir='ltr'>Πατρός</span> <span class='ocrx_word' id='word_1_229' title='bbox 1313 738 1482 774; x_wconf 56' lang='grc' dir='ltr'>Ἀλὶὶὲπειδὴ</span> <span class='ocrx_word' id='word_1_230' title='bbox 1499 739 1598 774; x_wconf 66' lang='grc' dir='ltr'>ἤμελλε</span> <span class='ocrx_word' id='word_1_231' title='bbox 1608 739 1650 765; x_wconf 74' lang='grc' dir='ltr'><strong>διὰ</strong></span> <span class='ocrx_word' id='word_1_232' title='bbox 1664 739 1710 765; x_wconf 74' lang='grc' dir='ltr'>τοῦ</span> <span class='ocrx_word' id='word_1_233' title='bbox 1731 738 1840 775; x_wconf 74' lang='grc' dir='ltr'>Ἰσραὴλ</span> 
     </span>
    </p>
   </div>
   <div class='ocr_carea' id='block_1_32' title="bbox 1047 785 1837 822">
    <p class='ocr_par' dir='ltr' id='par_1_32' title="bbox 1047 785 1837 822">
     <span class='ocr_line' id='line_1_32' title="bbox 1047 785 1837 822; baseline 0 -11"><span class='ocrx_word' id='word_1_234' title='bbox 1047 785 1251 820; x_wconf 72' lang='grc' dir='ltr'>παραδίδοσθαι,</span> <span class='ocrx_word' id='word_1_235' title='bbox 1275 786 1466 822; x_wconf 75' lang='grc' dir='ltr'>φιλάνθρωπος</span> <span class='ocrx_word' id='word_1_236' title='bbox 1481 786 1519 812; x_wconf 82' lang='grc' dir='ltr'><strong>ὢν</strong></span> <span class='ocrx_word' id='word_1_237' title='bbox 1541 785 1589 812; x_wconf 68' lang='grc' dir='ltr'>καὶ</span> <span class='ocrx_word' id='word_1_238' title='bbox 1609 786 1767 821; x_wconf 73' lang='grc' dir='ltr'>φείδομενος</span> <span class='ocrx_word' id='word_1_239' title='bbox 1788 785 1837 812; x_wconf 69' lang='grc' dir='ltr'>το]</span> 
     </span>
    </p>
   </div>
   <div class='ocr_carea' id='block_1_33' title="bbox 1049 830 1838 866">
    <p class='ocr_par' dir='ltr' id='par_1_33' title="bbox 1049 830 1838 866">
     <span class='ocr_line' id='line_1_33' title="bbox 1049 830 1838 866; baseline 0.001 -9"><span class='ocrx_word' id='word_1_240' title='bbox 1049 831 1206 866; x_wconf 77' lang='grc' dir='ltr'>σπέρματος</span> <span class='ocrx_word' id='word_1_241' title='bbox 1233 831 1369 866; x_wconf 73' lang='grc' dir='ltr'>Ἀϐραὰμ,</span> <span class='ocrx_word' id='word_1_242' title='bbox 1388 832 1505 857; x_wconf 77' lang='grc' dir='ltr'>ἐποιεῖτο</span> <span class='ocrx_word' id='word_1_243' title='bbox 1519 831 1589 866; x_wconf 80' lang='grc' dir='ltr'>ὑπὲρ</span> <span class='ocrx_word' id='word_1_244' title='bbox 1600 831 1647 856; x_wconf 82' lang='grc' dir='ltr'>τοῦ</span> <span class='ocrx_word' id='word_1_245' title='bbox 1671 830 1736 857; x_wconf 69' lang='grc' dir='ltr'>λαοῦ</span> <span class='ocrx_word' id='word_1_246' title='bbox 1748 831 1838 865; x_wconf 76' lang='grc' dir='ltr'>λόγον.</span> 
     </span>
    </p>
   </div>
   <div class='ocr_carea' id='block_1_34' title="bbox 204 875 997 921">
    <p class='ocr_par' dir='ltr' id='par_1_34' title="bbox 204 880 996 921">
     <span class='ocr_line' id='line_1_34' title="bbox 204 880 996 921; baseline -0.008 -9"><span class='ocrx_word' id='word_1_247' title='bbox 204 886 292 921; x_wconf 71' lang='lat' dir='ltr'><strong>gratia</strong></span> <span class='ocrx_word' id='word_1_248' title='bbox 310 884 347 911; x_wconf 87' lang='lat' dir='ltr'><strong>ita</strong></span> <span class='ocrx_word' id='word_1_249' title='bbox 363 884 472 911; x_wconf 90' lang='lat' dir='ltr'><strong>loeutus</strong></span> <span class='ocrx_word' id='word_1_250' title='bbox 497 886 550 910; x_wconf 89' lang='lat' dir='ltr'><strong>est.</strong></span> <span class='ocrx_word' id='word_1_251' title='bbox 566 881 654 908; x_wconf 86' lang='lat' dir='ltr'><strong>Porro</strong></span> <span class='ocrx_word' id='word_1_252' title='bbox 680 882 737 908; x_wconf 67' lang='lat' dir='ltr'><strong>haec</strong></span> <span class='ocrx_word' id='word_1_253' title='bbox 756 885 815 908; x_wconf 85' lang='lat' dir='ltr'><strong>erat</strong></span> <span class='ocrx_word' id='word_1_254' title='bbox 835 880 925 908; x_wconf 77' lang='lat' dir='ltr'><strong>Patris</strong></span> <span class='ocrx_word' id='word_1_255' title='bbox 948 887 996 906; x_wconf 91' lang='lat' dir='ltr'><strong>vo-</strong></span> 
     </span>
    </p>
   </div>
   <div class='ocr_carea' id='block_1_35' title="bbox 1050 875 1840 921">
    <p class='ocr_par' dir='ltr' id='par_1_35' title="bbox 1050 875 1840 913">
     <span class='ocr_line' id='line_1_35' title="bbox 1050 875 1840 913; baseline 0 -11"><span class='ocrx_word' id='word_1_256' title='bbox 1050 876 1084 902; x_wconf 80' lang='grc' dir='ltr'><strong>Τὸ</strong></span> <span class='ocrx_word' id='word_1_257' title='bbox 1107 876 1135 904; x_wconf 75' lang='grc' dir='ltr'><strong>δὲ</strong></span> <span class='ocrx_word' id='word_1_258' title='bbox 1156 876 1279 912; x_wconf 68' lang='grc' dir='ltr'>βούλημα</span> <span class='ocrx_word' id='word_1_259' title='bbox 1299 875 1333 913; x_wconf 79' lang='grc' dir='ltr'>ἦν</span> <span class='ocrx_word' id='word_1_260' title='bbox 1354 877 1399 903; x_wconf 76' lang='grc' dir='ltr'>τοῦ</span> <span class='ocrx_word' id='word_1_261' title='bbox 1422 876 1540 912; x_wconf 83' lang='grc' dir='ltr'>Πατρὺς,</span> <span class='ocrx_word' id='word_1_262' title='bbox 1564 876 1593 903; x_wconf 72' lang='grc' dir='ltr'>τὸ</span> <span class='ocrx_word' id='word_1_263' title='bbox 1610 877 1659 912; x_wconf 78' lang='grc' dir='ltr'><strong>τὴν</strong></span> <span class='ocrx_word' id='word_1_264' title='bbox 1683 877 1840 912; x_wconf 78' lang='grc' dir='ltr'>οἰκονομίαν</span> 
     </span>
    </p>
   </div>
   <div class='ocr_carea' id='block_1_36' title="bbox 205 925 995 960">
    <p class='ocr_par' dir='ltr' id='par_1_36' title="bbox 205 925 995 960">
     <span class='ocr_line' id='line_1_36' title="bbox 205 925 995 960; baseline -0.004 -6"><span class='ocrx_word' id='word_1_265' title='bbox 205 929 307 960; x_wconf 89' lang='lat' dir='ltr'><strong>luntas,</strong></span> <span class='ocrx_word' id='word_1_266' title='bbox 326 931 355 954; x_wconf 93' lang='lat' dir='ltr'><strong>ut</strong></span> <span class='ocrx_word' id='word_1_267' title='bbox 370 927 422 954; x_wconf 90' lang='lat' dir='ltr'><strong>hoc</strong></span> <span class='ocrx_word' id='word_1_268' title='bbox 442 926 523 953; x_wconf 92' lang='lat' dir='ltr'><strong>modo</strong></span> <span class='ocrx_word' id='word_1_269' title='bbox 536 926 797 953; x_wconf 80' lang='lat' dir='ltr'><strong>administrarentur</strong></span> <span class='ocrx_word' id='word_1_270' title='bbox 812 925 914 955; x_wconf 76' lang='lat' dir='ltr'><strong>omnia.</strong></span> <span class='ocrx_word' id='word_1_271' title='bbox 933 932 995 951; x_wconf 94' lang='lat' dir='ltr'><strong>cum</strong></span> 
     </span>
    </p>
   </div>
   <div class='ocr_carea' id='block_1_37' title="bbox 206 970 995 1008">
    <p class='ocr_par' dir='ltr' id='par_1_37' title="bbox 206 970 995 1008">
     <span class='ocr_line' id='line_1_37' title="bbox 206 970 995 1008; baseline -0.004 -8"><span class='ocrx_word' id='word_1_272' title='bbox 206 972 370 1008; x_wconf 79' lang='lat' dir='ltr'><strong>proditionis</strong></span> <span class='ocrx_word' id='word_1_273' title='bbox 383 971 445 998; x_wconf 86' lang='lat' dir='ltr'><strong>Filii</strong></span> <span class='ocrx_word' id='word_1_274' title='bbox 461 979 543 999; x_wconf 85' lang='lat' dir='ltr'><strong>causa</strong></span> <span class='ocrx_word' id='word_1_275' title='bbox 560 971 738 1005; x_wconf 82' lang='lat' dir='ltr'><strong>sibimetipsis</strong></span> <span class='ocrx_word' id='word_1_276' title='bbox 753 970 881 998; x_wconf 67' lang='lat' dir='ltr'><strong>Israelita:</strong></span> <span class='ocrx_word' id='word_1_277' title='bbox 896 970 995 1002; x_wconf 78' lang='lat' dir='ltr'><strong>forent,</strong></span> 
     </span>
    </p>
   </div>
   <div class='ocr_carea' id='block_1_38' title="bbox 205 1016 997 1055">
    <p class='ocr_par' dir='ltr' id='par_1_38' title="bbox 205 1016 997 1055">
     <span class='ocr_line' id='line_1_38' title="bbox 205 1016 997 1055; baseline -0.004 -9"><span class='ocrx_word' id='word_1_278' title='bbox 205 1027 292 1055; x_wconf 82' lang='lat' dir='ltr'><strong>neque</strong></span> <span class='ocrx_word' id='word_1_279' title='bbox 313 1027 328 1046; x_wconf 89' lang='lat' dir='ltr'><strong>a</strong></span> <span class='ocrx_word' id='word_1_280' title='bbox 348 1018 403 1046; x_wconf 83' lang='lat' dir='ltr'><strong>Deo</strong></span> <span class='ocrx_word' id='word_1_281' title='bbox 425 1022 599 1053; x_wconf 78' lang='lat' dir='ltr'><strong>cogerentur.</strong></span> <span class='ocrx_word' id='word_1_282' title='bbox 619 1024 668 1044; x_wconf 89' lang='lat' dir='ltr'><strong>nec</strong></span> <span class='ocrx_word' id='word_1_283' title='bbox 684 1016 745 1043; x_wconf 84' lang='lat' dir='ltr'><strong>Filii</strong></span> <span class='ocrx_word' id='word_1_284' title='bbox 758 1017 883 1044; x_wconf 82' lang='lat' dir='ltr'><strong>voluntas</strong></span> <span class='ocrx_word' id='word_1_285' title='bbox 907 1021 965 1044; x_wconf 88' lang='lat' dir='ltr'><strong>erat</strong></span> <span class='ocrx_word' id='word_1_286' title='bbox 982 1024 997 1043; x_wconf 89' lang='lat' dir='ltr'><strong>a</strong></span> 
     </span>
    </p>
   </div>
   <div class='ocr_carea' id='block_1_39' title="bbox 206 1061 997 1100">
    <p class='ocr_par' dir='ltr' id='par_1_39' title="bbox 206 1061 997 1100">
     <span class='ocr_line' id='line_1_39' title="bbox 206 1061 997 1100; baseline -0.004 -9"><span class='ocrx_word' id='word_1_287' title='bbox 206 1069 319 1100; x_wconf 88' lang='lat' dir='ltr'><strong>paterna</strong></span> <span class='ocrx_word' id='word_1_288' title='bbox 332 1063 451 1091; x_wconf 84' lang='lat' dir='ltr'><strong>diversa.</strong></span> <span class='ocrx_word' id='word_1_289' title='bbox 474 1062 527 1089; x_wconf 86' lang='lat' dir='ltr'><strong>Sed</strong></span> <span class='ocrx_word' id='word_1_290' title='bbox 545 1063 572 1089; x_wconf 87' lang='lat' dir='ltr'><strong>in</strong></span> <span class='ocrx_word' id='word_1_291' title='bbox 588 1062 639 1089; x_wconf 90' lang='lat' dir='ltr'><strong>hoc</strong></span> <span class='ocrx_word' id='word_1_292' title='bbox 660 1061 874 1090; x_wconf 82' lang='lat' dir='ltr'><strong>demonstranda</strong></span> <span class='ocrx_word' id='word_1_293' title='bbox 890 1062 925 1089; x_wconf 89' lang='lat' dir='ltr'><strong>ab</strong></span> <span class='ocrx_word' id='word_1_294' title='bbox 938 1062 997 1097; x_wconf 92' lang='lat' dir='ltr'><strong>ipso</strong></span> 
     </span>
    </p>
   </div>
   <div class='ocr_carea' id='block_1_40' title="bbox 206 1106 997 1144">
    <p class='ocr_par' dir='ltr' id='par_1_40' title="bbox 206 1106 997 1144">
     <span class='ocr_line' id='line_1_40' title="bbox 206 1106 997 1144; baseline -0.004 -7"><span class='ocrx_word' id='word_1_295' title='bbox 206 1112 250 1138; x_wconf 76' lang='lat' dir='ltr'><strong>illa</strong></span> <span class='ocrx_word' id='word_1_296' title='bbox 268 1111 388 1142; x_wconf 75' lang='lat' dir='ltr'><strong>filerunt,</strong></span> <span class='ocrx_word' id='word_1_297' title='bbox 407 1113 438 1136; x_wconf 93' lang='lat' dir='ltr'><strong>ut</strong></span> <span class='ocrx_word' id='word_1_298' title='bbox 465 1109 685 1144; x_wconf 80' lang='lat' dir='ltr'><strong>singularitatem</strong></span> <span class='ocrx_word' id='word_1_299' title='bbox 702 1115 811 1135; x_wconf 89' lang='lat' dir='ltr'><strong>omnem</strong></span> <span class='ocrx_word' id='word_1_300' title='bbox 834 1108 867 1135; x_wconf 91' lang='lat' dir='ltr'><strong>ad</strong></span> <span class='ocrx_word' id='word_1_301' title='bbox 888 1106 997 1135; x_wconf 83' lang='lat' dir='ltr'><strong>Patrem</strong></span> 
     </span>
    </p>
   </div>
   <div class='ocr_carea' id='block_1_41' title="bbox 207 1153 997 1191">
    <p class='ocr_par' dir='ltr' id='par_1_41' title="bbox 207 1153 997 1191">
     <span class='ocr_line' id='line_1_41' title="bbox 207 1153 997 1191; baseline -0.006 -7"><span class='ocrx_word' id='word_1_302' title='bbox 207 1158 279 1185; x_wconf 82' lang='lat' dir='ltr'><strong>velut</strong></span> <span class='ocrx_word' id='word_1_303' title='bbox 299 1157 332 1183; x_wconf 89' lang='lat' dir='ltr'><strong>ad</strong></span> <span class='ocrx_word' id='word_1_304' title='bbox 346 1155 510 1191; x_wconf 83' lang='lat' dir='ltr'><strong>principium</strong></span> <span class='ocrx_word' id='word_1_305' title='bbox 531 1154 658 1188; x_wconf 80' lang='lat' dir='ltr'><strong>referret,</strong></span> <span class='ocrx_word' id='word_1_306' title='bbox 675 1162 709 1181; x_wconf 91' lang='lat' dir='ltr'><strong>ne</strong></span> <span class='ocrx_word' id='word_1_307' title='bbox 725 1155 815 1181; x_wconf 90' lang='lat' dir='ltr'><strong>unitas</strong></span> <span class='ocrx_word' id='word_1_308' title='bbox 837 1154 893 1187; x_wconf 88' lang='lat' dir='ltr'><strong>illa,</strong></span> <span class='ocrx_word' id='word_1_309' title='bbox 910 1158 936 1180; x_wconf 83' lang='lat' dir='ltr'><strong>et</strong></span> <span class='ocrx_word' id='word_1_310' title='bbox 949 1153 997 1180; x_wconf 81' lang='lat' dir='ltr'><strong>atl-</strong></span> 
     </span>
    </p>
   </div>
   <div class='ocr_carea' id='block_1_42' title="bbox 208 1200 820 1237">
    <p class='ocr_par' dir='ltr' id='par_1_42' title="bbox 208 1200 820 1237">
     <span class='ocr_line' id='line_1_42' title="bbox 208 1200 820 1237; baseline -0.007 -7"><span class='ocrx_word' id='word_1_311' title='bbox 208 1203 373 1230; x_wconf 83' lang='lat' dir='ltr'><strong>ministralio</strong></span> <span class='ocrx_word' id='word_1_312' title='bbox 389 1203 481 1237; x_wconf 86' lang='lat' dir='ltr'><strong>aliqua</strong></span> <span class='ocrx_word' id='word_1_313' title='bbox 497 1209 530 1229; x_wconf 84' lang='lat' dir='ltr'><strong>ex</strong></span> <span class='ocrx_word' id='word_1_314' title='bbox 551 1205 626 1236; x_wconf 86' lang='lat' dir='ltr'><strong>parte</strong></span> <span class='ocrx_word' id='word_1_315' title='bbox 642 1200 820 1227; x_wconf 85' lang='lat' dir='ltr'><strong>divideretur.</strong></span> 
     </span>
    </p>
   </div>
   <div class='ocr_carea' id='block_1_43' title="bbox 240 1245 996 1280">
    <p class='ocr_par' dir='ltr' id='par_1_43' title="bbox 240 1245 996 1280">
     <span class='ocr_line' id='line_1_43' title="bbox 240 1245 996 1280; baseline -0.007 -4"><span class='ocrx_word' id='word_1_316' title='bbox 240 1248 309 1276; x_wconf 71' lang='lat' dir='ltr'><strong>LIX.</strong></span> <span class='ocrx_word' id='word_1_317' title='bbox 330 1249 432 1276; x_wconf 72' lang='lat' dir='ltr'><strong>Prmter</strong></span> <span class='ocrx_word' id='word_1_318' title='bbox 455 1248 522 1279; x_wconf 66' lang='lat' dir='ltr'><strong>hinc,</strong></span> <span class='ocrx_word' id='word_1_319' title='bbox 542 1247 606 1274; x_wconf 87' lang='lat' dir='ltr'><strong>illttd</strong></span> <span class='ocrx_word' id='word_1_320' title='bbox 629 1247 712 1273; x_wconf 87' lang='lat' dir='ltr'><strong>etiam</strong></span> <span class='ocrx_word' id='word_1_321' title='bbox 730 1246 824 1280; x_wconf 84' lang='lat' dir='ltr'><strong>objicit</strong></span> <span class='ocrx_word' id='word_1_322' title='bbox 842 1245 996 1276; x_wconf 79' lang='lat' dir='ltr'><strong>haereticus,</strong></span> 
     </span>
    </p>
   </div>
   <div class='ocr_carea' id='block_1_44' title="bbox 205 1290 996 1329">
    <p class='ocr_par' dir='ltr' id='par_1_44' title="bbox 205 1290 996 1329">
     <span class='ocr_line' id='line_1_44' title="bbox 205 1290 996 1329; baseline -0.006 -9"><span class='ocrx_word' id='word_1_323' title='bbox 205 1293 278 1329; x_wconf 78' lang='lat' dir='ltr'><strong>quod</strong></span> <span class='ocrx_word' id='word_1_324' title='bbox 300 1294 327 1320; x_wconf 90' lang='lat' dir='ltr'><strong>iu</strong></span> <span class='ocrx_word' id='word_1_325' title='bbox 345 1293 493 1328; x_wconf 83' lang='lat' dir='ltr'><strong>Evangelio</strong></span> <span class='ocrx_word' id='word_1_326' title='bbox 517 1292 596 1318; x_wconf 74' lang='lat' dir='ltr'><strong>Luem</strong></span> <span class='ocrx_word' id='word_1_327' title='bbox 619 1291 752 1326; x_wconf 89' lang='lat' dir='ltr'><strong>scriptum</strong></span> <span class='ocrx_word' id='word_1_328' title='bbox 774 1295 827 1322; x_wconf 86' lang='lat' dir='ltr'><strong>est,</strong></span> <span class='ocrx_word' id='word_1_329' title='bbox 850 1290 996 1321; x_wconf 88' lang='lat' dir='ltr'><strong>nimirum,</strong></span> 
     </span>
    </p>
   </div>
   <div class='ocr_carea' id='block_1_45' title="bbox 206 1336 995 1372">
    <p class='ocr_par' dir='ltr' id='par_1_45' title="bbox 206 1336 995 1372">
     <span class='ocr_line' id='line_1_45' title="bbox 206 1336 995 1372; baseline -0.005 -6"><span class='ocrx_word' id='word_1_330' title='bbox 206 1341 270 1366; x_wconf 82' lang='lat' dir='ltr'><strong>dum</strong></span> <span class='ocrx_word' id='word_1_331' title='bbox 287 1342 377 1366; x_wconf 86' lang='lat' dir='ltr'><strong>oraret</strong></span> <span class='ocrx_word' id='word_1_332' title='bbox 390 1338 515 1365; x_wconf 82' lang='lat' dir='ltr'><strong>Christus</strong></span> <span class='ocrx_word' id='word_1_333' title='bbox 525 1342 553 1365; x_wconf 89' lang='lat' dir='ltr'><strong>et</strong></span> <span class='ocrx_word' id='word_1_334' title='bbox 573 1338 599 1364; x_wconf 93' lang='lat' dir='ltr'><strong>iu</strong></span> <span class='ocrx_word' id='word_1_335' title='bbox 613 1337 711 1372; x_wconf 86' lang='lat' dir='ltr'><strong>agonia</strong></span> <span class='ocrx_word' id='word_1_336' title='bbox 730 1336 897 1363; x_wconf 88' lang='lat' dir='ltr'><strong>constitutus</strong></span> <span class='ocrx_word' id='word_1_337' title='bbox 912 1339 995 1366; x_wconf 80' lang='lat' dir='ltr'><strong>esset.</strong></span> 
     </span>
    </p>
   </div>
   <div class='ocr_carea' id='block_1_46' title="bbox 206 1381 997 1419">
    <p class='ocr_par' dir='ltr' id='par_1_46' title="bbox 206 1381 997 1419">
     <span class='ocr_line' id='line_1_46' title="bbox 206 1381 997 1419; baseline -0.009 -6"><span class='ocrx_word' id='word_1_338' title='bbox 206 1386 330 1413; x_wconf 84' lang='lat' dir='ltr'><strong>sudasse.</strong></span> <span class='ocrx_word' id='word_1_339' title='bbox 348 1384 381 1411; x_wconf 84' lang='lat' dir='ltr'><strong>Et</strong></span> <span class='ocrx_word' id='word_1_340' title='bbox 396 1384 482 1419; x_wconf 78' lang='lat' dir='ltr'><strong>factus</strong></span> <span class='ocrx_word' id='word_1_341' title='bbox 502 1387 552 1415; x_wconf 83' lang='lat' dir='ltr'><strong>est,</strong></span> <span class='ocrx_word' id='word_1_342' title='bbox 569 1383 668 1418; x_wconf 87' lang='lat' dir='ltr'><strong>inquit,</strong></span> <span class='ocrx_word' id='word_1_343' title='bbox 687 1382 767 1409; x_wconf 79' lang='lat' dir='ltr'><strong>sudor</strong></span> <span class='ocrx_word' id='word_1_344' title='bbox 781 1381 848 1416; x_wconf 81' lang='lat' dir='ltr'><strong>ejus,</strong></span> <span class='ocrx_word' id='word_1_345' title='bbox 872 1385 997 1415; x_wconf 82' lang='lat' dir='ltr'><strong>tanquam</strong></span> 
     </span>
    </p>
   </div>
   <div class='ocr_carea' id='block_1_47' title="bbox 206 1426 997 1467">
    <p class='ocr_par' dir='ltr' id='par_1_47' title="bbox 206 1426 997 1467">
     <span class='ocr_line' id='line_1_47' title="bbox 206 1426 997 1467; baseline -0.009 -8"><span class='ocrx_word' id='word_1_346' title='bbox 206 1437 287 1467; x_wconf 77' lang='lat' dir='ltr'><strong>gutta:</strong></span> <span class='ocrx_word' id='word_1_347' title='bbox 315 1431 452 1466; x_wconf 77' lang='lat' dir='ltr'><strong>sanguinis</strong></span> <span class='ocrx_word' id='word_1_348' title='bbox 477 1429 624 1456; x_wconf 79' lang='lat' dir='ltr'><strong>decidentes</strong></span> <span class='ocrx_word' id='word_1_349' title='bbox 642 1428 670 1455; x_wconf 79' lang='lat' dir='ltr'><strong>in</strong></span> <span class='ocrx_word' id='word_1_350' title='bbox 693 1433 803 1455; x_wconf 85' lang='lat' dir='ltr'><strong>terram.</strong></span> <span class='ocrx_word' id='word_1_351' title='bbox 822 1426 856 1454; x_wconf 90' lang='lat' dir='ltr'><strong>Et</strong></span> <span class='ocrx_word' id='word_1_352' title='bbox 873 1427 997 1461; x_wconf 80' lang='lat' dir='ltr'><strong>apparuit</strong></span> 
     </span>
    </p>
   </div>
   <div class='ocr_carea' id='block_1_48' title="bbox 206 1472 997 1514">
    <p class='ocr_par' dir='ltr' id='par_1_48' title="bbox 206 1472 997 1514">
     <span class='ocr_line' id='line_1_48' title="bbox 206 1472 997 1514; baseline -0.01 -8"><span class='ocrx_word' id='word_1_353' title='bbox 206 1478 314 1514; x_wconf 70' lang='lat' dir='ltr'><strong>angelus</strong></span> <span class='ocrx_word' id='word_1_354' title='bbox 331 1477 438 1504; x_wconf 79' lang='lat' dir='ltr'><strong>Domini</strong></span> <span class='ocrx_word' id='word_1_355' title='bbox 459 1475 612 1510; x_wconf 75' lang='lat' dir='ltr'><strong>confortans</strong></span> <span class='ocrx_word' id='word_1_356' title='bbox 630 1475 715 1509; x_wconf 80' lang='lat' dir='ltr'><strong>ipsum</strong></span> <span class='ocrx_word' id='word_1_357' title='bbox 729 1474 749 1500; x_wconf 90' lang='grc'><strong>³.</strong></span> <span class='ocrx_word' id='word_1_358' title='bbox 767 1473 805 1500; x_wconf 85' lang='lat' dir='ltr'><strong>Ex</strong></span> <span class='ocrx_word' id='word_1_359' title='bbox 817 1480 872 1508; x_wconf 91' lang='lat' dir='ltr'><strong>quo</strong></span> <span class='ocrx_word' id='word_1_360' title='bbox 887 1472 997 1499; x_wconf 74' lang='lat' dir='ltr'><strong>vocula-</strong></span> 
     </span>
    </p>
   </div>
   <div class='ocr_carea' id='block_1_49' title="bbox 206 1517 997 1557">
    <p class='ocr_par' dir='ltr' id='par_1_49' title="bbox 206 1517 997 1557">
     <span class='ocr_line' id='line_1_49' title="bbox 206 1517 997 1557; baseline -0.009 -6"><span class='ocrx_word' id='word_1_361' title='bbox 206 1531 268 1551; x_wconf 88' lang='lat' dir='ltr'><strong>rum</strong></span> <span class='ocrx_word' id='word_1_362' title='bbox 282 1523 326 1551; x_wconf 93' lang='lat' dir='ltr'><strong>isti</strong></span> <span class='ocrx_word' id='word_1_363' title='bbox 345 1525 509 1557; x_wconf 81' lang='lat' dir='ltr'><strong>captatores,</strong></span> <span class='ocrx_word' id='word_1_364' title='bbox 526 1521 600 1548; x_wconf 87' lang='lat' dir='ltr'><strong>velut</strong></span> <span class='ocrx_word' id='word_1_365' title='bbox 618 1519 790 1547; x_wconf 87' lang='lat' dir='ltr'><strong>occasionem</strong></span> <span class='ocrx_word' id='word_1_366' title='bbox 802 1517 932 1545; x_wconf 74' lang='lat' dir='ltr'><strong>adversus</strong></span> <span class='ocrx_word' id='word_1_367' title='bbox 944 1517 997 1544; x_wconf 93' lang='lat' dir='ltr'><strong>ini-</strong></span> 
     </span>
    </p>
   </div>
   <div class='ocr_carea' id='block_1_50' title="bbox 207 1557 1033 1602">
    <p class='ocr_par' dir='ltr' id='par_1_50' title="bbox 207 1557 1033 1602">
     <span class='ocr_line' id='line_1_50' title="bbox 207 1557 1033 1602; baseline -0.012 -4"><span class='ocrx_word' id='word_1_368' title='bbox 207 1570 309 1597; x_wconf 79' lang='lat' dir='ltr'><strong>micum</strong></span> <span class='ocrx_word' id='word_1_369' title='bbox 328 1568 417 1601; x_wconf 87' lang='lat' dir='ltr'><strong>nacti,</strong></span> <span class='ocrx_word' id='word_1_370' title='bbox 435 1575 467 1594; x_wconf 87' lang='lat' dir='ltr'><strong>ac</strong></span> <span class='ocrx_word' id='word_1_371' title='bbox 484 1567 632 1602; x_wconf 75' lang='lat' dir='ltr'><strong>gestientes</strong></span> <span class='ocrx_word' id='word_1_372' title='bbox 649 1569 676 1592; x_wconf 93' lang='lat' dir='ltr'><strong>et</strong></span> <span class='ocrx_word' id='word_1_373' title='bbox 698 1564 869 1592; x_wconf 83' lang='lat' dir='ltr'><strong>exsultantes</strong></span> <span class='ocrx_word' id='word_1_374' title='bbox 887 1563 924 1589; x_wconf 87' lang='lat' dir='ltr'><strong>ita</strong></span> <span class='ocrx_word' id='word_1_375' title='bbox 947 1570 998 1590; x_wconf 91' lang='lat' dir='ltr'><strong>nos</strong></span> <span class='ocrx_word' id='word_1_376' title='bbox 1012 1557 1033 1587; x_wconf 88' lang='lat' dir='ltr'><strong><em>C</em></strong></span> 
     </span>
    </p>
   </div>
   <div class='ocr_carea' id='block_1_51' title="bbox 207 1607 1000 1650">
    <p class='ocr_par' dir='ltr' id='par_1_51' title="bbox 207 1607 1000 1650">
     <span class='ocr_line' id='line_1_51' title="bbox 207 1607 1000 1650; baseline -0.01 -9"><span class='ocrx_word' id='word_1_377' title='bbox 207 1617 366 1650; x_wconf 77' lang='lat' dir='ltr'><strong>oppugnant</strong></span> <span class='ocrx_word' id='word_1_378' title='bbox 383 1622 389 1640; x_wconf 91' lang='lat'><strong>:</strong></span> <span class='ocrx_word' id='word_1_379' title='bbox 408 1611 526 1639; x_wconf 87' lang='lat' dir='ltr'><strong>Videsne</strong></span> <span class='ocrx_word' id='word_1_380' title='bbox 551 1611 631 1638; x_wconf 87' lang='lat' dir='ltr'><strong>etiam</strong></span> <span class='ocrx_word' id='word_1_381' title='bbox 655 1617 724 1644; x_wconf 87' lang='lat' dir='ltr'><strong>opus</strong></span> <span class='ocrx_word' id='word_1_382' title='bbox 750 1609 787 1635; x_wconf 93' lang='lat' dir='ltr'><strong>illi</strong></span> <span class='ocrx_word' id='word_1_383' title='bbox 812 1607 896 1635; x_wconf 85' lang='lat' dir='ltr'><strong>fuisse</strong></span> <span class='ocrx_word' id='word_1_384' title='bbox 919 1611 948 1634; x_wconf 91' lang='lat' dir='ltr'><strong>ut</strong></span> <span class='ocrx_word' id='word_1_385' title='bbox 965 1607 1000 1634; x_wconf 88' lang='lat' dir='ltr'><strong>ab</strong></span> 
     </span>
    </p>
   </div>
   <div class='ocr_carea' id='block_1_52' title="bbox 207 1654 998 1696">
    <p class='ocr_par' dir='ltr' id='par_1_52' title="bbox 207 1654 998 1696">
     <span class='ocr_line' id='line_1_52' title="bbox 207 1654 998 1696; baseline -0.011 -8"><span class='ocrx_word' id='word_1_386' title='bbox 207 1661 311 1696; x_wconf 81' lang='lat' dir='ltr'><strong>angelis</strong></span> <span class='ocrx_word' id='word_1_387' title='bbox 334 1657 581 1687; x_wconf 87' lang='lat' dir='ltr'><strong>corroboraretur?</strong></span> <span class='ocrx_word' id='word_1_388' title='bbox 603 1655 797 1683; x_wconf 70' lang='lat' dir='ltr'><strong>Cor-roboravit</strong></span> <span class='ocrx_word' id='word_1_389' title='bbox 821 1654 893 1682; x_wconf 92' lang='lat' dir='ltr'><strong>enim</strong></span> <span class='ocrx_word' id='word_1_390' title='bbox 923 1654 998 1680; x_wconf 89' lang='lat' dir='ltr'><strong>illum</strong></span> 
     </span>
    </p>
   </div>
   <div class='ocr_carea' id='block_1_53' title="bbox 207 1698 1000 1742">
    <p class='ocr_par' dir='ltr' id='par_1_53' title="bbox 207 1698 1000 1742">
     <span class='ocr_line' id='line_1_53' title="bbox 207 1698 1000 1742; baseline -0.011 -8"><span class='ocrx_word' id='word_1_391' title='bbox 207 1707 330 1742; x_wconf 80' lang='lat' dir='ltr'><strong>angelus,</strong></span> <span class='ocrx_word' id='word_1_392' title='bbox 357 1713 420 1732; x_wconf 89' lang='lat' dir='ltr'><strong>cum</strong></span> <span class='ocrx_word' id='word_1_393' title='bbox 445 1704 472 1731; x_wconf 95' lang='lat' dir='ltr'><strong>in</strong></span> <span class='ocrx_word' id='word_1_394' title='bbox 489 1703 626 1731; x_wconf 74' lang='lat' dir='ltr'><strong>anxietate</strong></span> <span class='ocrx_word' id='word_1_395' title='bbox 650 1702 696 1728; x_wconf 94' lang='lat' dir='ltr'><strong>illa</strong></span> <span class='ocrx_word' id='word_1_396' title='bbox 720 1705 885 1728; x_wconf 82' lang='lat' dir='ltr'><strong>versaretur.</strong></span> <span class='ocrx_word' id='word_1_397' title='bbox 907 1698 1000 1734; x_wconf 83' lang='lat' dir='ltr'><strong>Neque</strong></span> 
     </span>
    </p>
   </div>
   <div class='ocr_carea' id='block_1_54' title="bbox 208 1745 999 1784">
    <p class='ocr_par' dir='ltr' id='par_1_54' title="bbox 208 1745 999 1784">
     <span class='ocr_line' id='line_1_54' title="bbox 208 1745 999 1784; baseline -0.011 -4"><span class='ocrx_word' id='word_1_398' title='bbox 208 1753 310 1784; x_wconf 84' lang='lat' dir='ltr'><strong>vident,</strong></span> <span class='ocrx_word' id='word_1_399' title='bbox 328 1751 382 1779; x_wconf 84' lang='lat' dir='ltr'><strong>nisi</strong></span> <span class='ocrx_word' id='word_1_400' title='bbox 399 1751 457 1778; x_wconf 65' lang='lat' dir='ltr'><strong>haec</strong></span> <span class='ocrx_word' id='word_1_401' title='bbox 471 1750 563 1777; x_wconf 91' lang='lat' dir='ltr'><strong>omnia</strong></span> <span class='ocrx_word' id='word_1_402' title='bbox 589 1748 717 1776; x_wconf 87' lang='lat' dir='ltr'><strong>Christus</strong></span> <span class='ocrx_word' id='word_1_403' title='bbox 743 1746 924 1781; x_wconf 85' lang='lat' dir='ltr'><strong>suscepisset,</strong></span> <span class='ocrx_word' id='word_1_404' title='bbox 947 1745 999 1772; x_wconf 86' lang='lat' dir='ltr'><strong>nisi</strong></span> 
     </span>
    </p>
   </div>
   <div class='ocr_carea' id='block_1_55' title="bbox 208 1792 1000 1833">
    <p class='ocr_par' dir='ltr' id='par_1_55' title="bbox 208 1792 1000 1833">
     <span class='ocr_line' id='line_1_55' title="bbox 208 1792 1000 1833; baseline -0.011 -7"><span class='ocrx_word' id='word_1_405' title='bbox 208 1801 264 1826; x_wconf 71' lang='lat' dir='ltr'><strong>[uec</strong></span> <span class='ocrx_word' id='word_1_406' title='bbox 281 1799 341 1833; x_wconf 87' lang='lat' dir='ltr'><strong>ipsa</strong></span> <span class='ocrx_word' id='word_1_407' title='bbox 357 1797 438 1825; x_wconf 77' lang='lat' dir='ltr'><strong>ver-ba</strong></span> <span class='ocrx_word' id='word_1_408' title='bbox 451 1816 458 1829; x_wconf 92' lang='lat'><strong>,</strong></span> <span class='ocrx_word' id='word_1_409' title='bbox 479 1795 542 1822; x_wconf 81' lang='lat' dir='ltr'><strong>Non</strong></span> <span class='ocrx_word' id='word_1_410' title='bbox 554 1803 611 1821; x_wconf 81' lang='lat' dir='ltr'><strong>mea</strong></span> <span class='ocrx_word' id='word_1_411' title='bbox 635 1795 767 1824; x_wconf 82' lang='lat' dir='ltr'><strong>voluntas,</strong></span> <span class='ocrx_word' id='word_1_412' title='bbox 784 1792 828 1820; x_wconf 80' lang='lat' dir='ltr'><strong>sed</strong></span> <span class='ocrx_word' id='word_1_413' title='bbox 844 1797 901 1824; x_wconf 84' lang='lat' dir='ltr'><strong>tua,</strong></span> <span class='ocrx_word' id='word_1_414' title='bbox 925 1799 1000 1818; x_wconf 90' lang='lat' dir='ltr'><strong>usur-</strong></span> 
     </span>
    </p>
   </div>
   <div class='ocr_carea' id='block_1_56' title="bbox 209 1835 1000 1878">
    <p class='ocr_par' dir='ltr' id='par_1_56' title="bbox 209 1835 1000 1878">
     <span class='ocr_line' id='line_1_56' title="bbox 209 1835 1000 1878; baseline -0.01 -8"><span class='ocrx_word' id='word_1_415' title='bbox 209 1847 318 1878; x_wconf 82' lang='lat' dir='ltr'><strong>passet;</strong></span> <span class='ocrx_word' id='word_1_416' title='bbox 336 1841 389 1869; x_wconf 88' lang='lat' dir='ltr'><strong>nisi</strong></span> <span class='ocrx_word' id='word_1_417' title='bbox 406 1847 535 1876; x_wconf 78' lang='lat' dir='ltr'><strong>angorem</strong></span> <span class='ocrx_word' id='word_1_418' title='bbox 551 1840 627 1866; x_wconf 91' lang='lat' dir='ltr'><strong>illum</strong></span> <span class='ocrx_word' id='word_1_419' title='bbox 643 1838 727 1865; x_wconf 89' lang='lat' dir='ltr'><strong>animi</strong></span> <span class='ocrx_word' id='word_1_420' title='bbox 739 1837 882 1866; x_wconf 83' lang='lat' dir='ltr'><strong>subiisset,</strong></span> <span class='ocrx_word' id='word_1_421' title='bbox 899 1843 930 1862; x_wconf 91' lang='lat' dir='ltr'><strong>ac</strong></span> <span class='ocrx_word' id='word_1_422' title='bbox 947 1835 1000 1862; x_wconf 86' lang='lat' dir='ltr'><strong>nisi</strong></span> 
     </span>
    </p>
   </div>
   <div class='ocr_carea' id='block_1_57' title="bbox 208 1880 1000 1922">
    <p class='ocr_par' dir='ltr' id='par_1_57' title="bbox 208 1880 1000 1922">
     <span class='ocr_line' id='line_1_57' title="bbox 208 1880 1000 1922; baseline -0.011 -7"><span class='ocrx_word' id='word_1_423' title='bbox 208 1889 326 1922; x_wconf 89' lang='lat' dir='ltr'><strong>denique</strong></span> <span class='ocrx_word' id='word_1_424' title='bbox 343 1886 471 1914; x_wconf 82' lang='lat' dir='ltr'><strong>sudorem</strong></span> <span class='ocrx_word' id='word_1_425' title='bbox 485 1893 500 1912; x_wconf 86' lang='lat' dir='ltr'><strong>e</strong></span> <span class='ocrx_word' id='word_1_426' title='bbox 513 1891 628 1919; x_wconf 88' lang='lat' dir='ltr'><strong>corpore</strong></span> <span class='ocrx_word' id='word_1_427' title='bbox 644 1883 815 1913; x_wconf 84' lang='lat' dir='ltr'><strong>distillasset,</strong></span> <span class='ocrx_word' id='word_1_428' title='bbox 832 1885 917 1908; x_wconf 91' lang='lat' dir='ltr'><strong>totum</strong></span> <span class='ocrx_word' id='word_1_429' title='bbox 934 1880 1000 1907; x_wconf 93' lang='lat' dir='ltr'><strong>illud</strong></span> 
     </span>
    </p>
   </div>
   <div class='ocr_carea' id='block_1_58' title="bbox 209 1926 1000 1967">
    <p class='ocr_par' dir='ltr' id='par_1_58' title="bbox 209 1926 1000 1967">
     <span class='ocr_line' id='line_1_58' title="bbox 209 1926 1000 1967; baseline -0.01 -8"><span class='ocrx_word' id='word_1_430' title='bbox 209 1935 358 1966; x_wconf 76' lang='lat' dir='ltr'><strong>assumpta:</strong></span> <span class='ocrx_word' id='word_1_431' title='bbox 371 1930 463 1958; x_wconf 82' lang='lat' dir='ltr'><strong>carnis</strong></span> <span class='ocrx_word' id='word_1_432' title='bbox 479 1928 638 1967; x_wconf 76' lang='lat' dir='ltr'><strong>mysterium</strong></span> <span class='ocrx_word' id='word_1_433' title='bbox 653 1927 720 1954; x_wconf 90' lang='lat' dir='ltr'><strong>nihil</strong></span> <span class='ocrx_word' id='word_1_434' title='bbox 733 1932 832 1962; x_wconf 65' lang='lat' dir='ltr'><strong>praeter</strong></span> <span class='ocrx_word' id='word_1_435' title='bbox 844 1926 1000 1961; x_wconf 90' lang='lat' dir='ltr'><strong>opinionem</strong></span> 
     </span>
    </p>
   </div>
   <div class='ocr_carea' id='block_1_59' title="bbox 208 1971 1002 2012">
    <p class='ocr_par' dir='ltr' id='par_1_59' title="bbox 208 1971 1002 2012">
     <span class='ocr_line' id='line_1_59' title="bbox 208 1971 1002 2012; baseline -0.009 -8"><span class='ocrx_word' id='word_1_436' title='bbox 208 1984 239 2004; x_wconf 78' lang='lat' dir='ltr'><strong>ac</strong></span> <span class='ocrx_word' id='word_1_437' title='bbox 266 1975 384 2012; x_wconf 72' lang='lat' dir='ltr'><strong>speciem</strong></span> <span class='ocrx_word' id='word_1_438' title='bbox 401 1975 560 2002; x_wconf 89' lang='lat' dir='ltr'><strong>habiturum</strong></span> <span class='ocrx_word' id='word_1_439' title='bbox 580 1973 681 2006; x_wconf 81' lang='lat' dir='ltr'><strong>fuisse;</strong></span> <span class='ocrx_word' id='word_1_440' title='bbox 699 1972 821 2007; x_wconf 87' lang='lat' dir='ltr'><strong>adeoque</strong></span> <span class='ocrx_word' id='word_1_441' title='bbox 836 1971 1002 1999; x_wconf 56' lang='lat' dir='ltr'><strong>Manichac-</strong></span> 
     </span>
    </p>
   </div>
   <div class='ocr_carea' id='block_1_60' title="bbox 210 2018 1002 2051">
    <p class='ocr_par' dir='ltr' id='par_1_60' title="bbox 210 2018 1002 2051">
     <span class='ocr_line' id='line_1_60' title="bbox 210 2018 1002 2051; baseline -0.01 0"><span class='ocrx_word' id='word_1_442' title='bbox 210 2031 270 2051; x_wconf 93' lang='lat' dir='ltr'><strong>rum</strong></span> <span class='ocrx_word' id='word_1_443' title='bbox 287 2027 315 2050; x_wconf 91' lang='lat' dir='ltr'><strong>et</strong></span> <span class='ocrx_word' id='word_1_444' title='bbox 333 2021 570 2049; x_wconf 84' lang='lat' dir='ltr'><strong>Marcionistarum</strong></span> <span class='ocrx_word' id='word_1_445' title='bbox 591 2020 692 2046; x_wconf 88' lang='lat' dir='ltr'><strong>larvam</strong></span> <span class='ocrx_word' id='word_1_446' title='bbox 717 2019 790 2044; x_wconf 90' lang='lat' dir='ltr'><strong>illam</strong></span> <span class='ocrx_word' id='word_1_447' title='bbox 805 2023 832 2045; x_wconf 90' lang='lat' dir='ltr'><strong>et</strong></span> <span class='ocrx_word' id='word_1_448' title='bbox 854 2018 1002 2045; x_wconf 86' lang='lat' dir='ltr'><strong>adumbra-</strong></span> 
     </span>
    </p>
   </div>
   <div class='ocr_carea' id='block_1_61' title="bbox 210 2063 999 2103">
    <p class='ocr_par' dir='ltr' id='par_1_61' title="bbox 210 2063 999 2103">
     <span class='ocr_line' id='line_1_61' title="bbox 210 2063 999 2103; baseline -0.009 -7"><span class='ocrx_word' id='word_1_449' title='bbox 210 2074 265 2096; x_wconf 91' lang='lat' dir='ltr'><strong>tam</strong></span> <span class='ocrx_word' id='word_1_450' title='bbox 287 2068 444 2103; x_wconf 81' lang='lat' dir='ltr'><strong>imaginem,</strong></span> <span class='ocrx_word' id='word_1_451' title='bbox 467 2073 549 2101; x_wconf 90' lang='lat' dir='ltr'><strong>quam</strong></span> <span class='ocrx_word' id='word_1_452' title='bbox 573 2065 607 2092; x_wconf 89' lang='lat' dir='ltr'><strong>de</strong></span> <span class='ocrx_word' id='word_1_453' title='bbox 625 2064 814 2092; x_wconf 79' lang='lat' dir='ltr'><strong>incarnatione</strong></span> <span class='ocrx_word' id='word_1_454' title='bbox 838 2063 999 2099; x_wconf 58' lang='lat' dir='ltr'><strong>pradicant,</strong></span> 
     </span>
    </p>
   </div>
   <div class='ocr_carea' id='block_1_62' title="bbox 210 2109 1001 2146">
    <p class='ocr_par' dir='ltr' id='par_1_62' title="bbox 210 2109 1001 2146">
     <span class='ocr_line' id='line_1_62' title="bbox 210 2109 1001 2146; baseline -0.01 -3"><span class='ocrx_word' id='word_1_455' title='bbox 210 2116 283 2143; x_wconf 86' lang='lat' dir='ltr'><strong>haud</strong></span> <span class='ocrx_word' id='word_1_456' title='bbox 300 2113 449 2142; x_wconf 84' lang='lat' dir='ltr'><strong>absurdam</strong></span> <span class='ocrx_word' id='word_1_457' title='bbox 467 2113 604 2145; x_wconf 79' lang='lat' dir='ltr'><strong>futuram;</strong></span> <span class='ocrx_word' id='word_1_458' title='bbox 630 2117 719 2146; x_wconf 88' lang='lat' dir='ltr'><strong>neque</strong></span> <span class='ocrx_word' id='word_1_459' title='bbox 739 2110 887 2145; x_wconf 85' lang='lat' dir='ltr'><strong>quidquam</strong></span> <span class='ocrx_word' id='word_1_460' title='bbox 907 2109 935 2136; x_wconf 89' lang='lat' dir='ltr'><strong>in</strong></span> <span class='ocrx_word' id='word_1_461' title='bbox 957 2109 1001 2136; x_wconf 87' lang='lat' dir='ltr'><strong>iu-</strong></span> 
     </span>
    </p>
   </div>
   <div class='ocr_carea' id='block_1_63' title="bbox 210 2155 998 2196">
    <p class='ocr_par' dir='ltr' id='par_1_63' title="bbox 210 2155 998 2196">
     <span class='ocr_line' id='line_1_63' title="bbox 210 2155 998 2196; baseline -0.011 -6"><span class='ocrx_word' id='word_1_462' title='bbox 210 2162 369 2190; x_wconf 82' lang='lat' dir='ltr'><strong>carnatione</strong></span> <span class='ocrx_word' id='word_1_463' title='bbox 383 2161 442 2196; x_wconf 88' lang='lat' dir='ltr'><strong>ipsa</strong></span> <span class='ocrx_word' id='word_1_464' title='bbox 462 2160 551 2187; x_wconf 84' lang='lat' dir='ltr'><strong>visum</strong></span> <span class='ocrx_word' id='word_1_465' title='bbox 571 2158 606 2185; x_wconf 90' lang='lat' dir='ltr'><strong>iri</strong></span> <span class='ocrx_word' id='word_1_466' title='bbox 626 2165 659 2185; x_wconf 77' lang='lat' dir='ltr'><strong>ex</strong></span> <span class='ocrx_word' id='word_1_467' title='bbox 680 2156 719 2184; x_wconf 91' lang='lat' dir='ltr'><strong>rei</strong></span> <span class='ocrx_word' id='word_1_468' title='bbox 741 2155 856 2184; x_wconf 82' lang='lat' dir='ltr'><strong>veritate</strong></span> <span class='ocrx_word' id='word_1_469' title='bbox 882 2158 998 2190; x_wconf 88' lang='lat' dir='ltr'><strong>gestum.</strong></span> 
     </span>
    </p>
   </div>
   <div class='ocr_carea' id='block_1_64' title="bbox 210 2201 1000 2241">
    <p class='ocr_par' dir='ltr' id='par_1_64' title="bbox 210 2201 1000 2241">
     <span class='ocr_line' id='line_1_64' title="bbox 210 2201 1000 2241; baseline -0.011 -6"><span class='ocrx_word' id='word_1_470' title='bbox 210 2207 394 2241; x_wconf 84' lang='lat' dir='ltr'><strong>Quamobrem</strong></span> <span class='ocrx_word' id='word_1_471' title='bbox 419 2205 547 2232; x_wconf 87' lang='lat' dir='ltr'><strong>Christus</strong></span> <span class='ocrx_word' id='word_1_472' title='bbox 562 2203 706 2236; x_wconf 86' lang='lat' dir='ltr'><strong>Dominus,</strong></span> <span class='ocrx_word' id='word_1_473' title='bbox 724 2205 755 2229; x_wconf 90' lang='lat' dir='ltr'><strong>ut</strong></span> <span class='ocrx_word' id='word_1_474' title='bbox 769 2201 853 2228; x_wconf 82' lang='lat' dir='ltr'><strong>vitam</strong></span> <span class='ocrx_word' id='word_1_475' title='bbox 878 2204 1000 2228; x_wconf 87' lang='lat' dir='ltr'><strong>nostram</strong></span> 
     </span>
    </p>
   </div>
   <div class='ocr_carea' id='block_1_65' title="bbox 210 2247 999 2284">
    <p class='ocr_par' dir='ltr' id='par_1_65' title="bbox 210 2247 999 2284">
     <span class='ocr_line' id='line_1_65' title="bbox 210 2247 999 2284; baseline -0.01 -3"><span class='ocrx_word' id='word_1_476' title='bbox 210 2261 242 2281; x_wconf 89' lang='lat' dir='ltr'><strong>ac</strong></span> <span class='ocrx_word' id='word_1_477' title='bbox 254 2254 370 2281; x_wconf 85' lang='lat' dir='ltr'><strong>salutem</strong></span> <span class='ocrx_word' id='word_1_478' title='bbox 385 2251 514 2283; x_wconf 83' lang='lat' dir='ltr'><strong>muniret,</strong></span> <span class='ocrx_word' id='word_1_479' title='bbox 530 2250 622 2277; x_wconf 85' lang='lat' dir='ltr'><strong>omnia</strong></span> <span class='ocrx_word' id='word_1_480' title='bbox 641 2249 687 2276; x_wconf 86' lang='lat' dir='ltr'><strong>illa</strong></span> <span class='ocrx_word' id='word_1_481' title='bbox 703 2248 835 2284; x_wconf 81' lang='lat' dir='ltr'><strong>singulari</strong></span> <span class='ocrx_word' id='word_1_482' title='bbox 853 2247 999 2282; x_wconf 84' lang='lat' dir='ltr'><strong>providen-</strong></span> 
     </span>
    </p>
   </div>
   <div class='ocr_carea' id='block_1_66' title="bbox 209 2292 1000 2335">
    <p class='ocr_par' dir='ltr' id='par_1_66' title="bbox 209 2292 1000 2335">
     <span class='ocr_line' id='line_1_66' title="bbox 209 2292 1000 2335; baseline -0.009 -9"><span class='ocrx_word' id='word_1_483' title='bbox 209 2300 255 2326; x_wconf 63' lang='lat' dir='ltr'><strong>tia:</strong></span> <span class='ocrx_word' id='word_1_484' title='bbox 270 2307 327 2327; x_wconf 66' lang='lat' dir='ltr'><strong>suae</strong></span> <span class='ocrx_word' id='word_1_485' title='bbox 337 2297 534 2335; x_wconf 80' lang='lat' dir='ltr'><strong>gubernatione</strong></span> <span class='ocrx_word' id='word_1_486' title='bbox 549 2295 680 2330; x_wconf 87' lang='lat' dir='ltr'><strong>suscepit,</strong></span> <span class='ocrx_word' id='word_1_487' title='bbox 690 2299 716 2322; x_wconf 87' lang='lat' dir='ltr'><strong>et</strong></span> <span class='ocrx_word' id='word_1_488' title='bbox 725 2302 758 2322; x_wconf 81' lang='lat' dir='ltr'><strong>ex</strong></span> <span class='ocrx_word' id='word_1_489' title='bbox 769 2294 889 2321; x_wconf 88' lang='lat' dir='ltr'><strong>humano</strong></span> <span class='ocrx_word' id='word_1_490' title='bbox 902 2292 1000 2320; x_wconf 66' lang='lat' dir='ltr'><strong>affectu</strong></span> 
     </span>
    </p>
   </div>
   <div class='ocr_carea' id='block_1_67' title="bbox 211 2338 1000 2375">
    <p class='ocr_par' dir='ltr' id='par_1_67' title="bbox 211 2338 1000 2375">
     <span class='ocr_line' id='line_1_67' title="bbox 211 2338 1000 2375; baseline -0.01 -3"><span class='ocrx_word' id='word_1_491' title='bbox 211 2352 266 2372; x_wconf 90' lang='lat' dir='ltr'><strong>non</strong></span> <span class='ocrx_word' id='word_1_492' title='bbox 282 2344 419 2375; x_wconf 79' lang='lat' dir='ltr'><strong>simulate,</strong></span> <span class='ocrx_word' id='word_1_493' title='bbox 437 2342 485 2370; x_wconf 87' lang='lat' dir='ltr'><strong>sed</strong></span> <span class='ocrx_word' id='word_1_494' title='bbox 499 2342 571 2369; x_wconf 87' lang='lat' dir='ltr'><strong>bona</strong></span> <span class='ocrx_word' id='word_1_495' title='bbox 588 2340 640 2368; x_wconf 84' lang='lat' dir='ltr'><strong>[ide</strong></span> <span class='ocrx_word' id='word_1_496' title='bbox 654 2340 793 2368; x_wconf 87' lang='lat' dir='ltr'><strong>disseruit.</strong></span> <span class='ocrx_word' id='word_1_497' title='bbox 817 2339 918 2370; x_wconf 73' lang='lat' dir='ltr'><strong>Veluti,</strong></span> <span class='ocrx_word' id='word_1_498' title='bbox 939 2338 1000 2365; x_wconf 86' lang='lat' dir='ltr'><strong>Non</strong></span> 
     </span>
    </p>
   </div>
   <div class='ocr_carea' id='block_1_68' title="bbox 211 2385 1000 2421">
    <p class='ocr_par' dir='ltr' id='par_1_68' title="bbox 211 2385 1000 2421">
     <span class='ocr_line' id='line_1_68' title="bbox 211 2385 1000 2421; baseline -0.006 -5"><span class='ocrx_word' id='word_1_499' title='bbox 211 2398 269 2416; x_wconf 82' lang='lat' dir='ltr'><strong>mea</strong></span> <span class='ocrx_word' id='word_1_500' title='bbox 286 2390 417 2421; x_wconf 80' lang='lat' dir='ltr'><strong>voluntas,</strong></span> <span class='ocrx_word' id='word_1_501' title='bbox 429 2392 459 2414; x_wconf 85' lang='lat' dir='ltr'><strong>ut</strong></span> <span class='ocrx_word' id='word_1_502' title='bbox 475 2395 584 2415; x_wconf 87' lang='lat' dir='ltr'><strong>carnem</strong></span> <span class='ocrx_word' id='word_1_503' title='bbox 599 2394 694 2415; x_wconf 87' lang='lat' dir='ltr'><strong>revera</strong></span> <span class='ocrx_word' id='word_1_504' title='bbox 709 2386 860 2414; x_wconf 83' lang='lat' dir='ltr'><strong>subsistere</strong></span> <span class='ocrx_word' id='word_1_505' title='bbox 874 2385 1000 2418; x_wconf 90' lang='lat' dir='ltr'><strong>doceret;</strong></span> 
     </span>
    </p>
   </div>
   <div class='ocr_carea' id='block_1_69' title="bbox 212 2432 998 2468">
    <p class='ocr_par' dir='ltr' id='par_1_69' title="bbox 212 2432 998 2468">
     <span class='ocr_line' id='line_1_69' title="bbox 212 2432 998 2468; baseline -0.006 -6"><span class='ocrx_word' id='word_1_506' title='bbox 212 2443 244 2463; x_wconf 87' lang='lat' dir='ltr'><strong>ac</strong></span> <span class='ocrx_word' id='word_1_507' title='bbox 261 2440 314 2462; x_wconf 89' lang='lat' dir='ltr'><strong>tam</strong></span> <span class='ocrx_word' id='word_1_508' title='bbox 330 2442 376 2462; x_wconf 85' lang='lat' dir='ltr'><strong>eos</strong></span> <span class='ocrx_word' id='word_1_509' title='bbox 390 2433 534 2465; x_wconf 79' lang='lat' dir='ltr'><strong>refelleret,</strong></span> <span class='ocrx_word' id='word_1_510' title='bbox 554 2434 598 2468; x_wconf 91' lang='lat' dir='ltr'><strong>qui</strong></span> <span class='ocrx_word' id='word_1_511' title='bbox 620 2433 767 2460; x_wconf 84' lang='lat' dir='ltr'><strong>humanam</strong></span> <span class='ocrx_word' id='word_1_512' title='bbox 783 2432 859 2458; x_wconf 92' lang='lat' dir='ltr'><strong>illum</strong></span> <span class='ocrx_word' id='word_1_513' title='bbox 881 2434 998 2458; x_wconf 89' lang='lat' dir='ltr'><strong>mentem</strong></span> 
     </span>
    </p>
   </div>
   <div class='ocr_carea' id='block_1_70' title="bbox 212 2476 999 2515">
    <p class='ocr_par' dir='ltr' id='par_1_70' title="bbox 212 2476 999 2515">
     <span class='ocr_line' id='line_1_70' title="bbox 212 2476 999 2515; baseline -0.008 -7"><span class='ocrx_word' id='word_1_514' title='bbox 212 2481 340 2509; x_wconf 85' lang='lat' dir='ltr'><strong>habuisse</strong></span> <span class='ocrx_word' id='word_1_515' title='bbox 358 2484 499 2515; x_wconf 81' lang='lat' dir='ltr'><strong>negarent,</strong></span> <span class='ocrx_word' id='word_1_516' title='bbox 519 2486 601 2514; x_wconf 86' lang='lat' dir='ltr'><strong>quam</strong></span> <span class='ocrx_word' id='word_1_517' title='bbox 620 2479 665 2514; x_wconf 90' lang='lat' dir='ltr'><strong>qui</strong></span> <span class='ocrx_word' id='word_1_518' title='bbox 682 2485 791 2505; x_wconf 89' lang='lat' dir='ltr'><strong>carnem</strong></span> <span class='ocrx_word' id='word_1_519' title='bbox 813 2476 999 2504; x_wconf 83' lang='lat' dir='ltr'><strong>detraherent.</strong></span> 
     </span>
    </p>
   </div>
   <div class='ocr_carea' id='block_1_71' title="bbox 211 2522 999 2560">
    <p class='ocr_par' dir='ltr' id='par_1_71' title="bbox 211 2522 999 2560">
     <span class='ocr_line' id='line_1_71' title="bbox 211 2522 999 2560; baseline -0.008 -6"><span class='ocrx_word' id='word_1_520' title='bbox 211 2527 297 2560; x_wconf 85' lang='lat' dir='ltr'><strong>Quam</strong></span> <span class='ocrx_word' id='word_1_521' title='bbox 310 2527 382 2553; x_wconf 85' lang='lat' dir='ltr'><strong>enim</strong></span> <span class='ocrx_word' id='word_1_522' title='bbox 399 2525 595 2553; x_wconf 88' lang='lat' dir='ltr'><strong>admirabiliter</strong></span> <span class='ocrx_word' id='word_1_523' title='bbox 611 2524 721 2552; x_wconf 88' lang='lat' dir='ltr'><strong>divimts</strong></span> <span class='ocrx_word' id='word_1_524' title='bbox 735 2531 825 2555; x_wconf 84' lang='lat' dir='ltr'><strong>sermo</strong></span> <span class='ocrx_word' id='word_1_525' title='bbox 840 2523 867 2550; x_wconf 94' lang='lat' dir='ltr'><strong>in</strong></span> <span class='ocrx_word' id='word_1_526' title='bbox 883 2522 999 2548; x_wconf 77' lang='lat' dir='ltr'><strong>filiorum</strong></span> 
     </span>
    </p>
   </div>
   <div class='ocr_carea' id='block_1_72' title="bbox 211 2567 1000 2608">
    <p class='ocr_par' dir='ltr' id='par_1_72' title="bbox 211 2567 1000 2608">
     <span class='ocr_line' id='line_1_72' title="bbox 211 2567 1000 2608; baseline -0.006 -9"><span class='ocrx_word' id='word_1_527' title='bbox 211 2573 337 2608; x_wconf 82' lang='lat' dir='ltr'><strong>caliginis</strong></span> <span class='ocrx_word' id='word_1_528' title='bbox 355 2572 445 2599; x_wconf 88' lang='lat' dir='ltr'><strong>medio</strong></span> <span class='ocrx_word' id='word_1_529' title='bbox 462 2571 634 2601; x_wconf 84' lang='lat' dir='ltr'><strong>consistens,</strong></span> <span class='ocrx_word' id='word_1_530' title='bbox 651 2577 745 2597; x_wconf 92' lang='lat' dir='ltr'><strong>eorum</strong></span> <span class='ocrx_word' id='word_1_531' title='bbox 764 2568 890 2596; x_wconf 86' lang='lat' dir='ltr'><strong>tenebras</strong></span> <span class='ocrx_word' id='word_1_532' title='bbox 904 2567 1000 2595; x_wconf 84' lang='lat' dir='ltr'><strong>redar-</strong></span> 
     </span>
    </p>
   </div>
   <div class='ocr_carea' id='block_1_73' title="bbox 211 2613 1000 2655">
    <p class='ocr_par' dir='ltr' id='par_1_73' title="bbox 211 2613 1000 2655">
     <span class='ocr_line' id='line_1_73' title="bbox 211 2613 1000 2655; baseline -0.008 -9"><span class='ocrx_word' id='word_1_533' title='bbox 211 2619 278 2655; x_wconf 89' lang='lat' dir='ltr'><strong>guit,</strong></span> <span class='ocrx_word' id='word_1_534' title='bbox 295 2626 326 2645; x_wconf 89' lang='lat' dir='ltr'><strong>ac</strong></span> <span class='ocrx_word' id='word_1_535' title='bbox 338 2618 461 2645; x_wconf 86' lang='lat' dir='ltr'><strong>veritatis</strong></span> <span class='ocrx_word' id='word_1_536' title='bbox 481 2617 551 2644; x_wconf 87' lang='lat' dir='ltr'><strong>ﬁlios</strong></span> <span class='ocrx_word' id='word_1_537' title='bbox 564 2616 700 2644; x_wconf 81' lang='lat' dir='ltr'><strong>illustrat!</strong></span> <span class='ocrx_word' id='word_1_538' title='bbox 718 2615 912 2642; x_wconf 83' lang='lat' dir='ltr'><strong>Animadverte</strong></span> <span class='ocrx_word' id='word_1_539' title='bbox 928 2613 1000 2641; x_wconf 89' lang='lat' dir='ltr'><strong>enim</strong></span> 
     </span>
    </p>
   </div>
   <div class='ocr_carea' id='block_1_74' title="bbox 212 2660 1000 2699">
    <p class='ocr_par' dir='ltr' id='par_1_74' title="bbox 212 2660 1000 2699">
     <span class='ocr_line' id='line_1_74' title="bbox 212 2660 1000 2699; baseline -0.006 -8"><span class='ocrx_word' id='word_1_540' title='bbox 212 2672 293 2699; x_wconf 89' lang='lat' dir='ltr'><strong>quam</strong></span> <span class='ocrx_word' id='word_1_541' title='bbox 308 2665 393 2691; x_wconf 87' lang='lat' dir='ltr'><strong>multa</strong></span> <span class='ocrx_word' id='word_1_542' title='bbox 404 2664 433 2691; x_wconf 86' lang='lat' dir='ltr'><strong>in</strong></span> <span class='ocrx_word' id='word_1_543' title='bbox 447 2664 492 2690; x_wconf 84' lang='lat' dir='ltr'><strong>illa</strong></span> <span class='ocrx_word' id='word_1_544' title='bbox 504 2663 629 2690; x_wconf 86' lang='lat' dir='ltr'><strong>oratione</strong></span> <span class='ocrx_word' id='word_1_545' title='bbox 642 2661 784 2689; x_wconf 89' lang='lat' dir='ltr'><strong>commoda</strong></span> <span class='ocrx_word' id='word_1_546' title='bbox 797 2661 864 2688; x_wconf 86' lang='lat' dir='ltr'><strong>sint.</strong></span> <span class='ocrx_word' id='word_1_547' title='bbox 880 2660 1000 2687; x_wconf 86' lang='lat' dir='ltr'><strong>Primum</strong></span> 
     </span>
    </p>
   </div>
   <div class='ocr_carea' id='block_1_75' title="bbox 213 2705 1005 2744">
    <p class='ocr_par' dir='ltr' id='par_1_75' title="bbox 213 2705 1005 2744">
     <span class='ocr_line' id='line_1_75' title="bbox 213 2705 1005 2744; baseline -0.006 -8"><span class='ocrx_word' id='word_1_548' title='bbox 213 2711 246 2737; x_wconf 85' lang='lat' dir='ltr'><strong>ah</strong></span> <span class='ocrx_word' id='word_1_549' title='bbox 268 2710 314 2742; x_wconf 88' lang='lat' dir='ltr'><strong>iis,</strong></span> <span class='ocrx_word' id='word_1_550' title='bbox 328 2717 388 2744; x_wconf 62' lang='lat' dir='ltr'><strong>quae</strong></span> <span class='ocrx_word' id='word_1_551' title='bbox 404 2709 529 2744; x_wconf 79' lang='lat' dir='ltr'><strong>corporis</strong></span> <span class='ocrx_word' id='word_1_552' title='bbox 547 2707 669 2742; x_wconf 76' lang='lat' dir='ltr'><strong>expertia</strong></span> <span class='ocrx_word' id='word_1_553' title='bbox 690 2711 763 2738; x_wconf 85' lang='lat' dir='ltr'><strong>sunt,</strong></span> <span class='ocrx_word' id='word_1_554' title='bbox 785 2713 898 2733; x_wconf 88' lang='lat' dir='ltr'><strong>manare</strong></span> <span class='ocrx_word' id='word_1_555' title='bbox 919 2705 1005 2732; x_wconf 87' lang='lat' dir='ltr'><strong>sudor</strong></span> 
     </span>
    </p>
   </div>
   <div class='ocr_carea' id='block_1_76' title="bbox 214 2750 1001 2788">
    <p class='ocr_par' dir='ltr' id='par_1_76' title="bbox 214 2750 1001 2788">
     <span class='ocr_line' id='line_1_76' title="bbox 214 2750 1001 2788; baseline -0.005 -7"><span class='ocrx_word' id='word_1_556' title='bbox 214 2763 267 2781; x_wconf 89' lang='lat' dir='ltr'><strong>non</strong></span> <span class='ocrx_word' id='word_1_557' title='bbox 287 2758 386 2788; x_wconf 85' lang='lat' dir='ltr'><strong>potest.</strong></span> <span class='ocrx_word' id='word_1_558' title='bbox 407 2753 498 2787; x_wconf 86' lang='lat' dir='ltr'><strong>Quare</strong></span> <span class='ocrx_word' id='word_1_559' title='bbox 512 2754 564 2782; x_wconf 84' lang='lat' dir='ltr'><strong>hoc</strong></span> <span class='ocrx_word' id='word_1_560' title='bbox 585 2753 655 2788; x_wconf 86' lang='lat' dir='ltr'><strong>ipso,</strong></span> <span class='ocrx_word' id='word_1_561' title='bbox 669 2751 742 2788; x_wconf 84' lang='lat' dir='ltr'><strong>quod</strong></span> <span class='ocrx_word' id='word_1_562' title='bbox 757 2752 857 2779; x_wconf 86' lang='lat' dir='ltr'><strong>sudore</strong></span> <span class='ocrx_word' id='word_1_563' title='bbox 870 2750 1001 2783; x_wconf 77' lang='lat' dir='ltr'><strong>difﬂuxit,</strong></span> 
     </span>
    </p>
   </div>
   <div class='ocr_carea' id='block_1_77' title="bbox 251 2829 1003 2866">
    <p class='ocr_par' dir='ltr' id='par_1_77' title="bbox 251 2829 1003 2866">
     <span class='ocr_line' id='line_1_77' title="bbox 251 2829 1003 2866; baseline -0.009 -5"><span class='ocrx_word' id='word_1_564' title='bbox 251 2834 258 2850; x_wconf 86' lang='lat'>&#39;</span> <span class='ocrx_word' id='word_1_565' title='bbox 272 2833 350 2861; x_wconf 82' lang='lat' dir='ltr'><strong>Joan.</strong></span> <span class='ocrx_word' id='word_1_566' title='bbox 368 2840 420 2865; x_wconf 76' lang='lat' dir='ltr'><strong>xu,</strong></span> <span class='ocrx_word' id='word_1_567' title='bbox 433 2831 479 2859; x_wconf 76' lang='lat'><strong>2&#39;1.</strong></span> <span class='ocrx_word' id='word_1_568' title='bbox 517 2833 527 2848; x_wconf 82' lang='grc'><strong>¹</strong></span> <span class='ocrx_word' id='word_1_569' title='bbox 545 2832 610 2860; x_wconf 89' lang='lat' dir='ltr'><strong>Luc.</strong></span> <span class='ocrx_word' id='word_1_570' title='bbox 626 2840 676 2866; x_wconf 85' lang='lat' dir='ltr'><strong>xu,</strong></span> <span class='ocrx_word' id='word_1_571' title='bbox 687 2831 731 2859; x_wconf 83' lang='lat'><strong>50.</strong></span> <span class='ocrx_word' id='word_1_572' title='bbox 771 2829 860 2857; x_wconf 65' lang='lat' dir='ltr'><strong>3Luc.</strong></span> <span class='ocrx_word' id='word_1_573' title='bbox 877 2837 943 2860; x_wconf 82' lang='lat' dir='ltr'><strong>un,</strong></span> <span class='ocrx_word' id='word_1_574' title='bbox 959 2829 1003 2855; x_wconf 66' lang='lat' dir='ltr'><strong>1M.</strong></span> 
     </span>
    </p>
   </div>
   <div class='ocr_carea' id='block_1_78' title="bbox 1048 921 1842 959">
    <p class='ocr_par' dir='ltr' id='par_1_78' title="bbox 1048 921 1842 959">
     <span class='ocr_line' id='line_1_78' title="bbox 1048 921 1842 959; baseline 0.001 -11"><span class='ocrx_word' id='word_1_575' title='bbox 1048 921 1119 948; x_wconf 77' lang='grc' dir='ltr'>οὕτω</span> <span class='ocrx_word' id='word_1_576' title='bbox 1136 922 1313 959; x_wconf 79' lang='grc' dir='ltr'><strong>πληρωθῆναι</strong></span> <span class='ocrx_word' id='word_1_577' title='bbox 1329 923 1383 950; x_wconf 84' lang='grc' dir='ltr'><strong>τῶν</strong></span> <span class='ocrx_word' id='word_1_578' title='bbox 1394 923 1460 950; x_wconf 76' lang='grc' dir='ltr'>υἱῶν</span> <span class='ocrx_word' id='word_1_579' title='bbox 1475 922 1594 958; x_wconf 78' lang='grc' dir='ltr'>Ἰσραὴλ,</span> <span class='ocrx_word' id='word_1_580' title='bbox 1607 923 1760 958; x_wconf 75' lang='grc' dir='ltr'>παραιτίων</span> <span class='ocrx_word' id='word_1_581' title='bbox 1778 924 1842 950; x_wconf 70' lang='grc' dir='ltr'>ἑαυι</span> 
     </span>
    </p>
   </div>
   <div class='ocr_carea' id='block_1_79' title="bbox 1048 968 1840 1005">
    <p class='ocr_par' dir='ltr' id='par_1_79' title="bbox 1048 968 1840 1005">
     <span class='ocr_line' id='line_1_79' title="bbox 1048 968 1840 1005; baseline 0 -11"><span class='ocrx_word' id='word_1_582' title='bbox 1048 968 1104 999; x_wconf 78' lang='grc' dir='ltr'>τοῖς</span> <span class='ocrx_word' id='word_1_583' title='bbox 1125 968 1209 995; x_wconf 70' lang='grc' dir='ltr'>ὄντων</span> <span class='ocrx_word' id='word_1_584' title='bbox 1234 968 1283 1004; x_wconf 81' lang='grc' dir='ltr'><strong>τῆς</strong></span> <span class='ocrx_word' id='word_1_585' title='bbox 1306 969 1353 995; x_wconf 76' lang='grc' dir='ltr'>τοῦ</span> <span class='ocrx_word' id='word_1_586' title='bbox 1372 969 1437 995; x_wconf 81' lang='grc' dir='ltr'><strong>Υἱοῦ</strong></span> <span class='ocrx_word' id='word_1_587' title='bbox 1454 968 1611 1005; x_wconf 68' lang='grc' dir='ltr'>πρώοσίας,</span> <span class='ocrx_word' id='word_1_588' title='bbox 1637 968 1684 995; x_wconf 64' lang='grc' dir='ltr'><strong>κα)⁵</strong></span> <span class='ocrx_word' id='word_1_589' title='bbox 1712 969 1761 1004; x_wconf 73' lang='grc' dir='ltr'><strong>οὐχ</strong></span> <span class='ocrx_word' id='word_1_590' title='bbox 1788 969 1840 995; x_wconf 72' lang='grc' dir='ltr'><strong>ὑπὸ</strong></span> 
     </span>
    </p>
   </div>
   <div class='ocr_carea' id='block_1_80' title="bbox 1048 1012 1841 1050">
    <p class='ocr_par' dir='ltr' id='par_1_80' title="bbox 1048 1012 1841 1050">
     <span class='ocr_line' id='line_1_80' title="bbox 1048 1012 1841 1050; baseline 0.001 -10"><span class='ocrx_word' id='word_1_591' title='bbox 1048 1013 1115 1040; x_wconf 78' lang='grc' dir='ltr'>Θεοῦ</span> <span class='ocrx_word' id='word_1_592' title='bbox 1132 1013 1363 1050; x_wconf 74' lang='grc' dir='ltr'><strong>ἀναγκαζομένων</strong></span> <span class='ocrx_word' id='word_1_593' title='bbox 1375 1024 1381 1030; x_wconf 86' lang='grc'>·</span> <span class='ocrx_word' id='word_1_594' title='bbox 1399 1015 1446 1042; x_wconf 65' lang='grc' dir='ltr'><strong>καὶ</strong></span> <span class='ocrx_word' id='word_1_595' title='bbox 1462 1015 1512 1050; x_wconf 80' lang='grc' dir='ltr'>οὐχ</span> <span class='ocrx_word' id='word_1_596' title='bbox 1527 1014 1620 1050; x_wconf 73' lang='grc' dir='ltr'>ἕτερον</span> <span class='ocrx_word' id='word_1_597' title='bbox 1632 1015 1755 1050; x_wconf 75' lang='grc' dir='ltr'>βούλημα</span> <span class='ocrx_word' id='word_1_598' title='bbox 1767 1012 1801 1050; x_wconf 78' lang='grc' dir='ltr'>ἧν</span> <span class='ocrx_word' id='word_1_599' title='bbox 1810 1015 1841 1041; x_wconf 71' lang='grc' dir='ltr'>τὸ</span> 
     </span>
    </p>
   </div>
   <div class='ocr_carea' id='block_1_81' title="bbox 1048 1059 1840 1096">
    <p class='ocr_par' dir='ltr' id='par_1_81' title="bbox 1048 1059 1840 1096">
     <span class='ocr_line' id='line_1_81' title="bbox 1048 1059 1840 1096; baseline 0 -10"><span class='ocrx_word' id='word_1_600' title='bbox 1048 1059 1095 1086; x_wconf 81' lang='grc' dir='ltr'>τοῦ</span> <span class='ocrx_word' id='word_1_601' title='bbox 1112 1060 1177 1086; x_wconf 85' lang='grc' dir='ltr'>Υἱοῦ</span> <span class='ocrx_word' id='word_1_602' title='bbox 1197 1061 1273 1096; x_wconf 68' lang='grc' dir='ltr'>παρὰ</span> <span class='ocrx_word' id='word_1_603' title='bbox 1292 1061 1339 1087; x_wconf 71' lang='grc' dir='ltr'><strong>τὸν</strong></span> <span class='ocrx_word' id='word_1_604' title='bbox 1352 1060 1473 1096; x_wconf 76' lang='grc' dir='ltr'>Πατέρα.</span> <span class='ocrx_word' id='word_1_605' title='bbox 1496 1060 1565 1086; x_wconf 83' lang='grc' dir='ltr'>Ἀλλ’</span> <span class='ocrx_word' id='word_1_606' title='bbox 1582 1060 1634 1086; x_wconf 77' lang='grc' dir='ltr'>ἔδει</span> <span class='ocrx_word' id='word_1_607' title='bbox 1647 1060 1728 1087; x_wconf 73' lang='grc' dir='ltr'>αὑτὸν</span> <span class='ocrx_word' id='word_1_608' title='bbox 1749 1060 1797 1087; x_wconf 66' lang='grc' dir='ltr'>καὶ</span> <span class='ocrx_word' id='word_1_609' title='bbox 1811 1061 1840 1086; x_wconf 73' lang='grc' dir='ltr'>ἐν</span> 
     </span>
    </p>
   </div>
   <div class='ocr_carea' id='block_1_82' title="bbox 1048 1105 1842 1143">
    <p class='ocr_par' dir='ltr' id='par_1_82' title="bbox 1048 1105 1842 1143">
     <span class='ocr_line' id='line_1_82' title="bbox 1048 1105 1842 1143; baseline 0.001 -11"><span class='ocrx_word' id='word_1_610' title='bbox 1048 1105 1136 1141; x_wconf 77' lang='grc' dir='ltr'>τούτῳ</span> <span class='ocrx_word' id='word_1_611' title='bbox 1157 1106 1246 1133; x_wconf 63' lang='grc' dir='ltr'>ταῦτα</span> <span class='ocrx_word' id='word_1_612' title='bbox 1264 1106 1416 1140; x_wconf 78' lang='grc' dir='ltr'>δεικνύειν,</span> <span class='ocrx_word' id='word_1_613' title='bbox 1439 1107 1482 1134; x_wconf 78' lang='grc' dir='ltr'>ἵνα</span> <span class='ocrx_word' id='word_1_614' title='bbox 1510 1106 1541 1133; x_wconf 83' lang='grc' dir='ltr'>τὸ</span> <span class='ocrx_word' id='word_1_615' title='bbox 1560 1107 1613 1133; x_wconf 77' lang='grc' dir='ltr'>πᾶν</span> <span class='ocrx_word' id='word_1_616' title='bbox 1641 1107 1692 1142; x_wconf 79' lang='grc' dir='ltr'><strong>τῆς</strong></span> <span class='ocrx_word' id='word_1_617' title='bbox 1726 1107 1842 1143; x_wconf 80' lang='grc' dir='ltr'>μονότη-</span> 
     </span>
    </p>
   </div>
   <div class='ocr_carea' id='block_1_83' title="bbox 1048 1151 1842 1188">
    <p class='ocr_par' dir='ltr' id='par_1_83' title="bbox 1048 1151 1842 1188">
     <span class='ocr_line' id='line_1_83' title="bbox 1048 1151 1842 1188; baseline 0.003 -11"><span class='ocrx_word' id='word_1_618' title='bbox 1048 1160 1095 1183; x_wconf 78' lang='grc' dir='ltr'>τος</span> <span class='ocrx_word' id='word_1_619' title='bbox 1110 1151 1157 1177; x_wconf 79' lang='grc' dir='ltr'><strong>ὲπὶ</strong></span> <span class='ocrx_word' id='word_1_620' title='bbox 1174 1151 1219 1178; x_wconf 82' lang='grc' dir='ltr'><strong>τὸν</strong></span> <span class='ocrx_word' id='word_1_621' title='bbox 1234 1152 1345 1188; x_wconf 79' lang='grc' dir='ltr'><strong>Πατέρα</strong></span> <span class='ocrx_word' id='word_1_622' title='bbox 1356 1152 1499 1186; x_wconf 79' lang='grc' dir='ltr'><strong>ἀναγάγοι,</strong></span> <span class='ocrx_word' id='word_1_623' title='bbox 1518 1151 1586 1187; x_wconf 78' lang='grc' dir='ltr'>πρὸς</span> <span class='ocrx_word' id='word_1_624' title='bbox 1604 1151 1634 1178; x_wconf 80' lang='grc' dir='ltr'>τὸ</span> <span class='ocrx_word' id='word_1_625' title='bbox 1655 1152 1691 1187; x_wconf 80' lang='grc' dir='ltr'>μὴ</span> <span class='ocrx_word' id='word_1_626' title='bbox 1710 1152 1842 1188; x_wconf 73' lang='grc' dir='ltr'>μερισθῆ-</span> 
     </span>
    </p>
   </div>
   <div class='ocr_carea' id='block_1_84' title="bbox 1048 1197 1677 1234">
    <p class='ocr_par' dir='ltr' id='par_1_84' title="bbox 1048 1197 1677 1234">
     <span class='ocr_line' id='line_1_84' title="bbox 1048 1197 1677 1234; baseline 0.003 -10"><span class='ocrx_word' id='word_1_627' title='bbox 1048 1198 1091 1224; x_wconf 87' lang='grc' dir='ltr'>ναί</span> <span class='ocrx_word' id='word_1_628' title='bbox 1106 1207 1132 1224; x_wconf 88' lang='grc' dir='ltr'><strong>τι</strong></span> <span class='ocrx_word' id='word_1_629' title='bbox 1148 1198 1198 1233; x_wconf 84' lang='grc' dir='ltr'>τῆς</span> <span class='ocrx_word' id='word_1_630' title='bbox 1218 1199 1284 1233; x_wconf 77' lang='grc' dir='ltr'>μιᾶς</span> <span class='ocrx_word' id='word_1_631' title='bbox 1303 1197 1424 1230; x_wconf 79' lang='grc' dir='ltr'>ὲνὼσεως</span> <span class='ocrx_word' id='word_1_632' title='bbox 1440 1199 1487 1225; x_wconf 68' lang='grc' dir='ltr'><strong>καὶ</strong></span> <span class='ocrx_word' id='word_1_633' title='bbox 1511 1199 1677 1234; x_wconf 71' lang='grc' dir='ltr'>οἰκονομίας.</span> 
     </span>
    </p>
   </div>
   <div class='ocr_carea' id='block_1_85' title="bbox 1082 1243 1841 1280">
    <p class='ocr_par' dir='ltr' id='par_1_85' title="bbox 1082 1243 1841 1280">
     <span class='ocr_line' id='line_1_85' title="bbox 1082 1243 1841 1280; baseline 0.001 -10"><span class='ocrx_word' id='word_1_634' title='bbox 1082 1244 1144 1271; x_wconf 87' lang='grc' dir='ltr'><strong>ΝΘ’.</strong></span> <span class='ocrx_word' id='word_1_635' title='bbox 1160 1244 1214 1270; x_wconf 79' lang='grc' dir='ltr'>Καὶ</span> <span class='ocrx_word' id='word_1_636' title='bbox 1233 1243 1350 1279; x_wconf 72' lang='grc' dir='ltr'>καθεξῆς</span> <span class='ocrx_word' id='word_1_637' title='bbox 1369 1244 1397 1270; x_wconf 83' lang='grc' dir='ltr'>δὲ</span> <span class='ocrx_word' id='word_1_638' title='bbox 1411 1243 1537 1280; x_wconf 78' lang='grc' dir='ltr'><strong>ἐπιφέρει</strong></span> <span class='ocrx_word' id='word_1_639' title='bbox 1557 1244 1653 1278; x_wconf 75' lang='grc' dir='ltr'>λέγων,</span> <span class='ocrx_word' id='word_1_640' title='bbox 1670 1246 1697 1270; x_wconf 76' lang='grc' dir='ltr'><strong>ἐν</strong></span> <span class='ocrx_word' id='word_1_641' title='bbox 1710 1244 1750 1280; x_wconf 78' lang='grc' dir='ltr'>τῷ</span> <span class='ocrx_word' id='word_1_642' title='bbox 1763 1245 1841 1280; x_wconf 73' lang='grc' dir='ltr'>εὖχε-</span> 
     </span>
    </p>
   </div>
   <div class='ocr_carea' id='block_1_86' title="bbox 1049 1289 1842 1328">
    <p class='ocr_par' dir='ltr' id='par_1_86' title="bbox 1049 1289 1842 1328">
     <span class='ocr_line' id='line_1_86' title="bbox 1049 1289 1842 1328; baseline 0.004 -12"><span class='ocrx_word' id='word_1_643' title='bbox 1049 1289 1110 1316; x_wconf 78' lang='grc' dir='ltr'>σθαι</span> <span class='ocrx_word' id='word_1_644' title='bbox 1136 1290 1227 1321; x_wconf 73' lang='grc' dir='ltr'>αὑτὸν,</span> <span class='ocrx_word' id='word_1_645' title='bbox 1249 1290 1286 1321; x_wconf 80' lang='grc' dir='ltr'><strong>ὡς</strong></span> <span class='ocrx_word' id='word_1_646' title='bbox 1298 1290 1443 1325; x_wconf 81' lang='grc' dir='ltr'>γενόμενος</span> <span class='ocrx_word' id='word_1_647' title='bbox 1457 1291 1485 1316; x_wconf 80' lang='grc' dir='ltr'><strong>ἐν</strong></span> <span class='ocrx_word' id='word_1_648' title='bbox 1503 1291 1606 1326; x_wconf 73' lang='grc' dir='ltr'>ἀγωνίᾳ</span> <span class='ocrx_word' id='word_1_649' title='bbox 1625 1292 1776 1328; x_wconf 67' lang='grc' dir='ltr'>ἐμφέρεται</span> <span class='ocrx_word' id='word_1_650' title='bbox 1790 1293 1800 1308; x_wconf 80' lang='grc'><strong><em>⁵</em></strong></span> <span class='ocrx_word' id='word_1_651' title='bbox 1811 1293 1842 1319; x_wconf 81' lang='grc' dir='ltr'>ἐν</span> 
     </span>
    </p>
   </div>
   <div class='ocr_carea' id='block_1_87' title="bbox 1047 1335 1842 1373">
    <p class='ocr_par' dir='ltr' id='par_1_87' title="bbox 1047 1335 1842 1373">
     <span class='ocr_line' id='line_1_87' title="bbox 1047 1335 1842 1373; baseline 0.005 -12"><span class='ocrx_word' id='word_1_652' title='bbox 1047 1335 1086 1370; x_wconf 81' lang='grc' dir='ltr'>τῷ</span> <span class='ocrx_word' id='word_1_653' title='bbox 1112 1335 1182 1362; x_wconf 79' lang='grc' dir='ltr'>κατὰ</span> <span class='ocrx_word' id='word_1_654' title='bbox 1199 1336 1305 1362; x_wconf 74' lang='grc' dir='ltr'>ΛουκΞν</span> <span class='ocrx_word' id='word_1_655' title='bbox 1333 1335 1501 1371; x_wconf 71' lang='grc' dir='ltr'>Εὖαγγελίῳ⁸</span> <span class='ocrx_word' id='word_1_656' title='bbox 1518 1337 1653 1370; x_wconf 76' lang='grc' dir='ltr'>Ἵδρωσε,</span> <span class='ocrx_word' id='word_1_657' title='bbox 1683 1338 1760 1373; x_wconf 75' lang='grc' dir='ltr'><strong>φησί,</strong></span> <span class='ocrx_word' id='word_1_658' title='bbox 1791 1339 1842 1365; x_wconf 71' lang='grc' dir='ltr'>καὶ</span> 
     </span>
    </p>
   </div>
   <div class='ocr_carea' id='block_1_88' title="bbox 1047 1382 1842 1419">
    <p class='ocr_par' dir='ltr' id='par_1_88' title="bbox 1047 1382 1842 1419">
     <span class='ocr_line' id='line_1_88' title="bbox 1047 1382 1842 1419; baseline 0.004 -11"><span class='ocrx_word' id='word_1_659' title='bbox 1047 1382 1165 1417; x_wconf 77' lang='grc' dir='ltr'>ἐγένετο</span> <span class='ocrx_word' id='word_1_660' title='bbox 1176 1383 1269 1409; x_wconf 79' lang='grc' dir='ltr'>αὑτοῦ</span> <span class='ocrx_word' id='word_1_661' title='bbox 1279 1384 1295 1409; x_wconf 80' lang='grc' dir='ltr'><em>ό</em></span> <span class='ocrx_word' id='word_1_662' title='bbox 1310 1382 1396 1416; x_wconf 63' lang='grc' dir='ltr'>ἱδρὼς</span> <span class='ocrx_word' id='word_1_663' title='bbox 1413 1382 1484 1409; x_wconf 80' lang='grc' dir='ltr'>ὡσεὶ</span> <span class='ocrx_word' id='word_1_664' title='bbox 1501 1384 1621 1418; x_wconf 59' lang='grc' dir='ltr'>θρίῇιϐοι</span> <span class='ocrx_word' id='word_1_665' title='bbox 1636 1384 1759 1419; x_wconf 72' lang='grc' dir='ltr'>αἵματος</span> <span class='ocrx_word' id='word_1_666' title='bbox 1774 1393 1842 1411; x_wconf 80' lang='grc' dir='ltr'>κατ-</span> 
     </span>
    </p>
   </div>
   <div class='ocr_carea' id='block_1_89' title="bbox 1047 1428 1843 1465">
    <p class='ocr_par' dir='ltr' id='par_1_89' title="bbox 1047 1428 1843 1465">
     <span class='ocr_line' id='line_1_89' title="bbox 1047 1428 1843 1465; baseline 0.004 -11"><span class='ocrx_word' id='word_1_667' title='bbox 1047 1428 1201 1462; x_wconf 74' lang='grc' dir='ltr'>ερχόμενα</span> <span class='ocrx_word' id='word_1_668' title='bbox 1213 1428 1261 1454; x_wconf 75' lang='grc' dir='ltr'><strong>ἐπὶ</strong></span> <span class='ocrx_word' id='word_1_669' title='bbox 1272 1428 1327 1463; x_wconf 83' lang='grc' dir='ltr'><strong>τῆς</strong></span> <span class='ocrx_word' id='word_1_670' title='bbox 1339 1428 1404 1462; x_wconf 78' lang='grc' dir='ltr'><strong>γῆς.</strong></span> <span class='ocrx_word' id='word_1_671' title='bbox 1425 1428 1480 1455; x_wconf 76' lang='grc' dir='ltr'><strong>Καὶ</strong></span> <span class='ocrx_word' id='word_1_672' title='bbox 1488 1428 1582 1463; x_wconf 61' lang='grc' dir='ltr'><em>ἐφάνη</em></span> <span class='ocrx_word' id='word_1_673' title='bbox 1594 1429 1720 1464; x_wconf 77' lang='grc' dir='ltr'>ἅγγελος</span> <span class='ocrx_word' id='word_1_674' title='bbox 1731 1431 1843 1465; x_wconf 77' lang='lat' dir='ltr'><strong>Kt&#39;pt&#39;ov</strong></span> 
     </span>
    </p>
   </div>
   <div class='ocr_carea' id='block_1_90' title="bbox 1047 1474 1843 1512">
    <p class='ocr_par' dir='ltr' id='par_1_90' title="bbox 1047 1474 1843 1512">
     <span class='ocr_line' id='line_1_90' title="bbox 1047 1474 1843 1512; baseline 0.004 -12"><span class='ocrx_word' id='word_1_675' title='bbox 1047 1474 1199 1508; x_wconf 76' lang='grc' dir='ltr'><strong>ἐνισχύων</strong></span> <span class='ocrx_word' id='word_1_676' title='bbox 1210 1474 1312 1500; x_wconf 76' lang='grc' dir='ltr'><strong>αὐτόν.</strong></span> <span class='ocrx_word' id='word_1_677' title='bbox 1326 1475 1554 1510; x_wconf 84' lang='grc' dir='ltr'>Προπηδήσαντες</span> <span class='ocrx_word' id='word_1_678' title='bbox 1564 1475 1653 1502; x_wconf 86' lang='grc' dir='ltr'>τοίνυν</span> <span class='ocrx_word' id='word_1_679' title='bbox 1670 1476 1843 1512; x_wconf 78' lang='grc' dir='ltr'>οἱλεξίθηρες</span> 
     </span>
    </p>
   </div>
   <div class='ocr_carea' id='block_1_91' title="bbox 1048 1518 1842 1556">
    <p class='ocr_par' dir='ltr' id='par_1_91' title="bbox 1048 1518 1842 1556">
     <span class='ocr_line' id='line_1_91' title="bbox 1048 1518 1842 1556; baseline 0.005 -12"><span class='ocrx_word' id='word_1_680' title='bbox 1048 1518 1129 1550; x_wconf 71' lang='grc' dir='ltr'>εὐθὺς</span> <span class='ocrx_word' id='word_1_681' title='bbox 1161 1519 1199 1550; x_wconf 86' lang='grc' dir='ltr'><strong>ὡς</strong></span> <span class='ocrx_word' id='word_1_682' title='bbox 1214 1519 1350 1554; x_wconf 74' lang='grc' dir='ltr'>πρόφασιν</span> <span class='ocrx_word' id='word_1_683' title='bbox 1368 1520 1439 1546; x_wconf 80' lang='grc' dir='ltr'>κατὰ</span> <span class='ocrx_word' id='word_1_684' title='bbox 1454 1520 1551 1555; x_wconf 71' lang='grc' dir='ltr'>ἐχθροῦ</span> <span class='ocrx_word' id='word_1_685' title='bbox 1570 1520 1726 1556; x_wconf 75' lang='grc' dir='ltr'>εὑράμενοι,</span> <span class='ocrx_word' id='word_1_686' title='bbox 1745 1522 1842 1556; x_wconf 79' lang='grc' dir='ltr'><strong>ἐπιφέ-</strong></span> 
     </span>
    </p>
   </div>
   <div class='ocr_carea' id='block_1_92' title="bbox 1052 1564 1837 1602">
    <p class='ocr_par' dir='ltr' id='par_1_92' title="bbox 1052 1564 1837 1602">
     <span class='ocr_line' id='line_1_92' title="bbox 1052 1564 1837 1602; baseline 0.006 -12"><span class='ocrx_word' id='word_1_687' title='bbox 1052 1573 1127 1600; x_wconf 79' lang='grc' dir='ltr'>ρουσι</span> <span class='ocrx_word' id='word_1_688' title='bbox 1142 1564 1277 1599; x_wconf 79' lang='grc' dir='ltr'>λέγοντες·</span> <span class='ocrx_word' id='word_1_689' title='bbox 1301 1565 1392 1600; x_wconf 84' lang='grc' dir='ltr'>Ὁρᾷς,</span> <span class='ocrx_word' id='word_1_690' title='bbox 1412 1566 1452 1592; x_wconf 81' lang='grc' dir='ltr'><strong>ὅτι</strong></span> <span class='ocrx_word' id='word_1_691' title='bbox 1476 1566 1601 1593; x_wconf 80' lang='grc' dir='ltr'>ὲπεδέετο</span> <span class='ocrx_word' id='word_1_692' title='bbox 1621 1567 1668 1593; x_wconf 83' lang='grc' dir='ltr'><strong>καὶ</strong></span> <span class='ocrx_word' id='word_1_693' title='bbox 1690 1568 1782 1602; x_wconf 74' lang='grc' dir='ltr'>ἰσχύος</span> <span class='ocrx_word' id='word_1_694' title='bbox 1793 1569 1837 1602; x_wconf 82' lang='grc' dir='ltr'>ἁγ-</span> 
     </span>
    </p>
   </div>
   <div class='ocr_carea' id='block_1_93' title="bbox 1050 1610 1845 1650">
    <p class='ocr_par' dir='ltr' id='par_1_93' title="bbox 1050 1610 1845 1650">
     <span class='ocr_line' id='line_1_93' title="bbox 1050 1610 1845 1650; baseline 0.005 -13"><span class='ocrx_word' id='word_1_695' title='bbox 1050 1610 1152 1644; x_wconf 83' lang='grc' dir='ltr'>γέλων;</span> <span class='ocrx_word' id='word_1_696' title='bbox 1175 1610 1316 1646; x_wconf 83' lang='grc' dir='ltr'>Ἐνίσχυσε</span> <span class='ocrx_word' id='word_1_697' title='bbox 1333 1611 1387 1646; x_wconf 77' lang='grc' dir='ltr'><strong>γὰρ</strong></span> <span class='ocrx_word' id='word_1_698' title='bbox 1411 1611 1491 1638; x_wconf 75' lang='grc' dir='ltr'>αὑτὸν</span> <span class='ocrx_word' id='word_1_699' title='bbox 1512 1612 1526 1638; x_wconf 78' lang='grc' dir='ltr'><em>ὸ</em></span> <span class='ocrx_word' id='word_1_700' title='bbox 1552 1612 1675 1646; x_wconf 74' lang='grc' dir='ltr'>ἄγγελος·</span> <span class='ocrx_word' id='word_1_701' title='bbox 1692 1614 1721 1640; x_wconf 84' lang='grc' dir='ltr'><strong>ὲν</strong></span> <span class='ocrx_word' id='word_1_702' title='bbox 1738 1614 1845 1650; x_wconf 58' lang='grc' dir='ltr'>ἀγωνίᾳ.</span> 
     </span>
    </p>
   </div>
   <div class='ocr_carea' id='block_1_94' title="bbox 1050 1655 1843 1695">
    <p class='ocr_par' dir='ltr' id='par_1_94' title="bbox 1050 1655 1843 1695">
     <span class='ocr_line' id='line_1_94' title="bbox 1050 1655 1843 1695; baseline 0.006 -14"><span class='ocrx_word' id='word_1_703' title='bbox 1050 1655 1104 1690; x_wconf 74' lang='grc' dir='ltr'>γὰρ</span> <span class='ocrx_word' id='word_1_704' title='bbox 1121 1655 1201 1687; x_wconf 76' lang='grc' dir='ltr'>αὐτὸς</span> <span class='ocrx_word' id='word_1_705' title='bbox 1215 1656 1332 1690; x_wconf 71' lang='grc' dir='ltr'>ἐγένετο.</span> <span class='ocrx_word' id='word_1_706' title='bbox 1350 1657 1406 1683; x_wconf 76' lang='grc' dir='ltr'><strong>Καὶ</strong></span> <span class='ocrx_word' id='word_1_707' title='bbox 1424 1657 1474 1684; x_wconf 78' lang='grc' dir='ltr'><strong>οὐκ</strong></span> <span class='ocrx_word' id='word_1_708' title='bbox 1498 1657 1595 1688; x_wconf 79' lang='grc' dir='ltr'>ἴσασιν,</span> <span class='ocrx_word' id='word_1_709' title='bbox 1610 1659 1661 1690; x_wconf 77' lang='grc' dir='ltr'>ὅτι,</span> <span class='ocrx_word' id='word_1_710' title='bbox 1679 1659 1726 1686; x_wconf 77' lang='grc' dir='ltr'>ἐὰν</span> <span class='ocrx_word' id='word_1_711' title='bbox 1741 1660 1780 1695; x_wconf 86' lang='grc' dir='ltr'>μὴ</span> <span class='ocrx_word' id='word_1_712' title='bbox 1795 1660 1843 1695; x_wconf 67' lang='grc' dir='ltr'><strong>ἔχῃ</strong></span> 
     </span>
    </p>
   </div>
   <div class='ocr_carea' id='block_1_95' title="bbox 1051 1700 1842 1737">
    <p class='ocr_par' dir='ltr' id='par_1_95' title="bbox 1051 1700 1842 1737">
     <span class='ocr_line' id='line_1_95' title="bbox 1051 1700 1842 1737; baseline 0.005 -11"><span class='ocrx_word' id='word_1_713' title='bbox 1051 1700 1138 1726; x_wconf 73' lang='grc' dir='ltr'>πάντα</span> <span class='ocrx_word' id='word_1_714' title='bbox 1154 1700 1249 1732; x_wconf 81' lang='grc' dir='ltr'>ταῦτα,</span> <span class='ocrx_word' id='word_1_715' title='bbox 1273 1700 1320 1726; x_wconf 71' lang='grc' dir='ltr'><strong>καὶ</strong></span> <span class='ocrx_word' id='word_1_716' title='bbox 1341 1700 1381 1732; x_wconf 86' lang='grc' dir='ltr'>τὸ,</span> <span class='ocrx_word' id='word_1_717' title='bbox 1396 1701 1444 1735; x_wconf 76' lang='grc' dir='ltr'><strong>Μὴ</strong></span> <span class='ocrx_word' id='word_1_718' title='bbox 1457 1701 1531 1736; x_wconf 80' lang='grc' dir='ltr'><strong>ἐμὸν</strong></span> <span class='ocrx_word' id='word_1_719' title='bbox 1542 1702 1694 1737; x_wconf 79' lang='grc' dir='ltr'><strong>βούλημα,</strong></span> <span class='ocrx_word' id='word_1_720' title='bbox 1715 1703 1797 1730; x_wconf 74' lang='grc' dir='ltr'>ἀλλὰ</span> <span class='ocrx_word' id='word_1_721' title='bbox 1811 1704 1842 1731; x_wconf 71' lang='grc' dir='ltr'><strong>τὸ</strong></span> 
     </span>
    </p>
   </div>
   <div class='ocr_carea' id='block_1_96' title="bbox 1051 1746 1842 1785">
    <p class='ocr_par' dir='ltr' id='par_1_96' title="bbox 1051 1746 1842 1785">
     <span class='ocr_line' id='line_1_96' title="bbox 1051 1746 1842 1785; baseline 0.005 -13"><span class='ocrx_word' id='word_1_722' title='bbox 1051 1746 1119 1778; x_wconf 72' lang='grc' dir='ltr'><strong>σὸν,</strong></span> <span class='ocrx_word' id='word_1_723' title='bbox 1135 1746 1182 1772; x_wconf 73' lang='grc' dir='ltr'><strong>καὶ</strong></span> <span class='ocrx_word' id='word_1_724' title='bbox 1199 1746 1245 1773; x_wconf 79' lang='grc' dir='ltr'>ἐὰν</span> <span class='ocrx_word' id='word_1_725' title='bbox 1265 1746 1303 1782; x_wconf 84' lang='grc' dir='ltr'>μὴ</span> <span class='ocrx_word' id='word_1_726' title='bbox 1320 1747 1472 1782; x_wconf 83' lang='grc' dir='ltr'>ἀγωνιάσῃ,</span> <span class='ocrx_word' id='word_1_727' title='bbox 1492 1747 1539 1774; x_wconf 72' lang='grc' dir='ltr'><strong>καὶ</strong></span> <span class='ocrx_word' id='word_1_728' title='bbox 1559 1747 1606 1774; x_wconf 74' lang='grc' dir='ltr'><strong>ἐὰν</strong></span> <span class='ocrx_word' id='word_1_729' title='bbox 1622 1748 1659 1784; x_wconf 85' lang='grc' dir='ltr'>μὴ</span> <span class='ocrx_word' id='word_1_730' title='bbox 1678 1748 1757 1784; x_wconf 81' lang='grc' dir='ltr'>ἱδρὼς</span> <span class='ocrx_word' id='word_1_731' title='bbox 1769 1750 1842 1785; x_wconf 80' lang='grc' dir='ltr'>αὐτῷ</span> 
     </span>
    </p>
   </div>
   <div class='ocr_carea' id='block_1_97' title="bbox 1051 1791 1843 1831">
    <p class='ocr_par' dir='ltr' id='par_1_97' title="bbox 1051 1791 1843 1831">
     <span class='ocr_line' id='line_1_97' title="bbox 1051 1791 1843 1831; baseline 0.006 -14"><span class='ocrx_word' id='word_1_732' title='bbox 1051 1791 1163 1826; x_wconf 84' lang='grc' dir='ltr'>γένηται</span> <span class='ocrx_word' id='word_1_733' title='bbox 1177 1791 1211 1818; x_wconf 84' lang='grc' dir='ltr'>ὲκ</span> <span class='ocrx_word' id='word_1_734' title='bbox 1226 1791 1352 1826; x_wconf 86' lang='grc' dir='ltr'>σώματος</span> <span class='ocrx_word' id='word_1_735' title='bbox 1368 1792 1560 1828; x_wconf 79' lang='grc' dir='ltr'>προχεόμενος,</span> <span class='ocrx_word' id='word_1_736' title='bbox 1578 1794 1632 1829; x_wconf 82' lang='grc' dir='ltr'>ἄρα</span> <span class='ocrx_word' id='word_1_737' title='bbox 1651 1794 1761 1830; x_wconf 81' lang='grc' dir='ltr'><strong>δόκησις</strong></span> <span class='ocrx_word' id='word_1_738' title='bbox 1775 1793 1808 1831; x_wconf 81' lang='grc' dir='ltr'>ἦν</span> <span class='ocrx_word' id='word_1_739' title='bbox 1825 1797 1843 1831; x_wconf 83' lang='grc' dir='ltr'><strong>ἡ</strong></span> 
     </span>
    </p>
   </div>
   <div class='ocr_carea' id='block_1_98' title="bbox 1052 1837 1844 1876">
    <p class='ocr_par' dir='ltr' id='par_1_98' title="bbox 1052 1837 1844 1876">
     <span class='ocr_line' id='line_1_98' title="bbox 1052 1837 1844 1876; baseline 0.008 -13"><span class='ocrx_word' id='word_1_740' title='bbox 1052 1837 1183 1873; x_wconf 83' lang='grc' dir='ltr'>ἕνσαρκος</span> <span class='ocrx_word' id='word_1_741' title='bbox 1198 1838 1316 1873; x_wconf 85' lang='grc' dir='ltr'>Χριστοῦ</span> <span class='ocrx_word' id='word_1_742' title='bbox 1337 1839 1483 1874; x_wconf 79' lang='grc' dir='ltr'><strong>παρουσία,</strong></span> <span class='ocrx_word' id='word_1_743' title='bbox 1500 1840 1547 1866; x_wconf 78' lang='grc' dir='ltr'>καὶ</span> <span class='ocrx_word' id='word_1_744' title='bbox 1564 1840 1671 1874; x_wconf 74' lang='grc' dir='ltr'>εὔλογος</span> <span class='ocrx_word' id='word_1_745' title='bbox 1687 1842 1762 1876; x_wconf 80' lang='grc' dir='ltr'>παρὰ</span> <span class='ocrx_word' id='word_1_746' title='bbox 1784 1843 1844 1869; x_wconf 83' lang='grc' dir='ltr'><strong>Μα-</strong></span> 
     </span>
    </p>
   </div>
   <div class='ocr_carea' id='block_1_99' title="bbox 1052 1883 1844 1923">
    <p class='ocr_par' dir='ltr' id='par_1_99' title="bbox 1052 1883 1844 1923">
     <span class='ocr_line' id='line_1_99' title="bbox 1052 1883 1844 1923; baseline 0.006 -14"><span class='ocrx_word' id='word_1_747' title='bbox 1052 1884 1163 1918; x_wconf 80' lang='grc' dir='ltr'>νιχαίων</span> <span class='ocrx_word' id='word_1_748' title='bbox 1175 1883 1220 1910; x_wconf 81' lang='grc' dir='ltr'><strong>καὶ</strong></span> <span class='ocrx_word' id='word_1_749' title='bbox 1233 1884 1449 1919; x_wconf 78' lang='grc' dir='ltr'>Μαρκιωνιστῶν</span> <span class='ocrx_word' id='word_1_750' title='bbox 1466 1886 1482 1920; x_wconf 78' lang='grc' dir='ltr'>ἡ</span> <span class='ocrx_word' id='word_1_751' title='bbox 1498 1886 1561 1921; x_wconf 78' lang='grc' dir='ltr'>περὶ</span> <span class='ocrx_word' id='word_1_752' title='bbox 1570 1886 1719 1921; x_wconf 75' lang='grc' dir='ltr'><strong>φαντασίας</strong></span> <span class='ocrx_word' id='word_1_753' title='bbox 1733 1887 1844 1923; x_wconf 81' lang='grc' dir='ltr'><strong>δόκησις</strong></span> 
     </span>
    </p>
   </div>
   <div class='ocr_carea' id='block_1_100' title="bbox 1051 1929 1843 1968">
    <p class='ocr_par' dir='ltr' id='par_1_100' title="bbox 1051 1929 1843 1968">
     <span class='ocr_line' id='line_1_100' title="bbox 1051 1929 1843 1968; baseline 0.008 -14"><span class='ocrx_word' id='word_1_754' title='bbox 1051 1929 1102 1963; x_wconf 79' lang='grc' dir='ltr'><strong>τῆς</strong></span> <span class='ocrx_word' id='word_1_755' title='bbox 1118 1930 1251 1964; x_wconf 79' lang='grc' dir='ltr'>ὲνσάρκου</span> <span class='ocrx_word' id='word_1_756' title='bbox 1271 1931 1421 1966; x_wconf 79' lang='grc' dir='ltr'>παρουσίας</span> <span class='ocrx_word' id='word_1_757' title='bbox 1447 1932 1574 1964; x_wconf 79' lang='grc' dir='ltr'>ὑπόθεσις</span> <span class='ocrx_word' id='word_1_758' title='bbox 1595 1932 1697 1968; x_wconf 81' lang='grc' dir='ltr'>ᾅδεται,</span> <span class='ocrx_word' id='word_1_759' title='bbox 1720 1934 1768 1960; x_wconf 73' lang='grc' dir='ltr'><strong>καὶ</strong></span> <span class='ocrx_word' id='word_1_760' title='bbox 1793 1933 1843 1960; x_wconf 79' lang='grc' dir='ltr'>οὐκ</span> 
     </span>
    </p>
   </div>
   <div class='ocr_carea' id='block_1_101' title="bbox 1052 1975 1842 2015">
    <p class='ocr_par' dir='ltr' id='par_1_101' title="bbox 1052 1975 1842 2015">
     <span class='ocr_line' id='line_1_101' title="bbox 1052 1975 1842 2015; baseline 0.006 -14"><span class='ocrx_word' id='word_1_761' title='bbox 1052 1975 1233 2010; x_wconf 85' lang='grc' dir='ltr'>ἀληθεστάτη.</span> <span class='ocrx_word' id='word_1_762' title='bbox 1245 1975 1336 2003; x_wconf 82' lang='grc' dir='ltr'>Ταῦτα</span> <span class='ocrx_word' id='word_1_763' title='bbox 1349 1977 1377 2003; x_wconf 78' lang='grc' dir='ltr'><strong>δὲ</strong></span> <span class='ocrx_word' id='word_1_764' title='bbox 1392 1977 1490 2010; x_wconf 82' lang='grc' dir='ltr'>πάντα,</span> <span class='ocrx_word' id='word_1_765' title='bbox 1500 1978 1751 2014; x_wconf 75' lang='grc' dir='ltr'>ὲπασέραλιξόμενος</span> <span class='ocrx_word' id='word_1_766' title='bbox 1766 1979 1842 2015; x_wconf 82' lang='grc' dir='ltr'>ἡμῶν</span> 
     </span>
    </p>
   </div>
   <div class='ocr_carea' id='block_1_102' title="bbox 1051 2020 1843 2062">
    <p class='ocr_par' dir='ltr' id='par_1_102' title="bbox 1051 2020 1843 2062">
     <span class='ocr_line' id='line_1_102' title="bbox 1051 2020 1843 2062; baseline 0.008 -16"><span class='ocrx_word' id='word_1_767' title='bbox 1051 2020 1101 2056; x_wconf 81' lang='grc' dir='ltr'>τὴν</span> <span class='ocrx_word' id='word_1_768' title='bbox 1117 2020 1200 2056; x_wconf 79' lang='grc' dir='ltr'>ζωὴν,</span> <span class='ocrx_word' id='word_1_769' title='bbox 1218 2021 1252 2048; x_wconf 90' lang='grc' dir='ltr'><strong>τά</strong></span> <span class='ocrx_word' id='word_1_770' title='bbox 1268 2021 1316 2048; x_wconf 74' lang='grc' dir='ltr'><strong>ὅλα</strong></span> <span class='ocrx_word' id='word_1_771' title='bbox 1337 2023 1480 2056; x_wconf 77' lang='grc' dir='ltr'>ἀνεδέξατο</span> <span class='ocrx_word' id='word_1_772' title='bbox 1497 2024 1686 2059; x_wconf 80' lang='grc' dir='ltr'>οἰκονομικῶς,</span> <span class='ocrx_word' id='word_1_773' title='bbox 1701 2025 1843 2062; x_wconf 78' lang='grc' dir='ltr'>ἀνθρωπο-</span> 
     </span>
    </p>
   </div>
   <div class='ocr_carea' id='block_1_103' title="bbox 1052 2066 1842 2106">
    <p class='ocr_par' dir='ltr' id='par_1_103' title="bbox 1052 2066 1842 2106">
     <span class='ocr_line' id='line_1_103' title="bbox 1052 2066 1842 2106; baseline 0.006 -14"><span class='ocrx_word' id='word_1_774' title='bbox 1052 2066 1125 2102; x_wconf 77' lang='grc' dir='ltr'><strong>παθῆ</strong></span> <span class='ocrx_word' id='word_1_775' title='bbox 1139 2075 1200 2093; x_wconf 80' lang='grc' dir='ltr'>τινα</span> <span class='ocrx_word' id='word_1_776' title='bbox 1218 2067 1374 2103; x_wconf 80' lang='grc' dir='ltr'>διηγήματα</span> <span class='ocrx_word' id='word_1_777' title='bbox 1388 2067 1467 2103; x_wconf 76' lang='grc' dir='ltr'>ἔχων,</span> <span class='ocrx_word' id='word_1_778' title='bbox 1483 2069 1533 2096; x_wconf 85' lang='grc' dir='ltr'>οὐκ</span> <span class='ocrx_word' id='word_1_779' title='bbox 1548 2070 1685 2105; x_wconf 72' lang='grc' dir='ltr'>εἰρωνείᾳ,</span> <span class='ocrx_word' id='word_1_780' title='bbox 1701 2070 1758 2097; x_wconf 80' lang='grc' dir='ltr'>ἀλλ’</span> <span class='ocrx_word' id='word_1_781' title='bbox 1775 2071 1842 2106; x_wconf 79' lang='grc' dir='ltr'>ἀλη-</span> 
     </span>
    </p>
   </div>
   <div class='ocr_carea' id='block_1_104' title="bbox 1053 2112 1841 2151">
    <p class='ocr_par' dir='ltr' id='par_1_104' title="bbox 1053 2112 1841 2151">
     <span class='ocr_line' id='line_1_104' title="bbox 1053 2112 1841 2151; baseline 0.006 -13"><span class='ocrx_word' id='word_1_782' title='bbox 1053 2112 1122 2148; x_wconf 72' lang='grc' dir='ltr'>θείᾳ,</span> <span class='ocrx_word' id='word_1_783' title='bbox 1139 2113 1180 2144; x_wconf 75' lang='grc' dir='ltr'>τὸ.</span> <span class='ocrx_word' id='word_1_784' title='bbox 1198 2114 1258 2140; x_wconf 78' lang='grc' dir='ltr'><strong>Οὐκ</strong></span> <span class='ocrx_word' id='word_1_785' title='bbox 1274 2113 1347 2148; x_wconf 77' lang='grc' dir='ltr'><strong>ἐμὸν</strong></span> <span class='ocrx_word' id='word_1_786' title='bbox 1358 2113 1483 2148; x_wconf 75' lang='grc' dir='ltr'><strong>θέλημα,</strong></span> <span class='ocrx_word' id='word_1_787' title='bbox 1501 2114 1544 2141; x_wconf 76' lang='grc' dir='ltr'>ἵνα</span> <span class='ocrx_word' id='word_1_788' title='bbox 1561 2115 1635 2151; x_wconf 80' lang='grc' dir='ltr'>δείξῃ</span> <span class='ocrx_word' id='word_1_789' title='bbox 1657 2116 1757 2151; x_wconf 77' lang='grc' dir='ltr'>σαρκὸς</span> <span class='ocrx_word' id='word_1_790' title='bbox 1775 2117 1841 2143; x_wconf 80' lang='grc' dir='ltr'><strong>ὑπό-</strong></span> 
     </span>
    </p>
   </div>
   <div class='ocr_carea' id='block_1_105' title="bbox 1053 2157 1842 2198">
    <p class='ocr_par' dir='ltr' id='par_1_105' title="bbox 1053 2157 1842 2198">
     <span class='ocr_line' id='line_1_105' title="bbox 1053 2157 1842 2198; baseline 0.008 -15"><span class='ocrx_word' id='word_1_791' title='bbox 1053 2166 1145 2184; x_wconf 76' lang='grc' dir='ltr'>στασιν</span> <span class='ocrx_word' id='word_1_792' title='bbox 1160 2157 1298 2194; x_wconf 75' lang='grc' dir='ltr'>ἀληθινὴν,</span> <span class='ocrx_word' id='word_1_793' title='bbox 1310 2158 1356 2185; x_wconf 73' lang='grc' dir='ltr'><strong>καὶ</strong></span> <span class='ocrx_word' id='word_1_794' title='bbox 1369 2159 1411 2186; x_wconf 78' lang='grc' dir='ltr'><strong>ἵνα</strong></span> <span class='ocrx_word' id='word_1_795' title='bbox 1419 2159 1516 2196; x_wconf 80' lang='grc' dir='ltr'>ἐλέγξῃ</span> <span class='ocrx_word' id='word_1_796' title='bbox 1524 2160 1586 2192; x_wconf 80' lang='grc' dir='ltr'>τοὺς</span> <span class='ocrx_word' id='word_1_797' title='bbox 1596 2161 1725 2194; x_wconf 80' lang='grc' dir='ltr'>λέγοντας</span> <span class='ocrx_word' id='word_1_798' title='bbox 1733 2161 1795 2189; x_wconf 79' lang='grc' dir='ltr'>νοῦν</span> <span class='ocrx_word' id='word_1_799' title='bbox 1807 2162 1842 2198; x_wconf 86' lang='grc' dir='ltr'>μὴ</span> 
     </span>
    </p>
   </div>
   <div class='ocr_carea' id='block_1_106' title="bbox 1053 2204 1842 2244">
    <p class='ocr_par' dir='ltr' id='par_1_106' title="bbox 1053 2204 1842 2244">
     <span class='ocr_line' id='line_1_106' title="bbox 1053 2204 1842 2244; baseline 0.008 -16"><span class='ocrx_word' id='word_1_800' title='bbox 1053 2204 1199 2239; x_wconf 74' lang='grc' dir='ltr'>ἐσχηκέναι</span> <span class='ocrx_word' id='word_1_801' title='bbox 1210 2204 1293 2231; x_wconf 80' lang='grc' dir='ltr'>αὐτὸν</span> <span class='ocrx_word' id='word_1_802' title='bbox 1304 2204 1485 2240; x_wconf 83' lang='grc' dir='ltr'>ἀνθρώπινον,</span> <span class='ocrx_word' id='word_1_803' title='bbox 1499 2206 1545 2232; x_wconf 75' lang='grc' dir='ltr'>καὶ</span> <span class='ocrx_word' id='word_1_804' title='bbox 1556 2206 1652 2242; x_wconf 76' lang='grc' dir='ltr'>ἐλέγξῃ</span> <span class='ocrx_word' id='word_1_805' title='bbox 1667 2208 1730 2239; x_wconf 80' lang='grc' dir='ltr'>τοὺς</span> <span class='ocrx_word' id='word_1_806' title='bbox 1743 2208 1782 2244; x_wconf 79' lang='grc' dir='ltr'>μὴ</span> <span class='ocrx_word' id='word_1_807' title='bbox 1799 2208 1842 2234; x_wconf 81' lang='grc' dir='ltr'><strong>λέ-</strong></span> 
     </span>
    </p>
   </div>
   <div class='ocr_carea' id='block_1_107' title="bbox 1052 2249 1843 2288">
    <p class='ocr_par' dir='ltr' id='par_1_107' title="bbox 1052 2249 1843 2288">
     <span class='ocr_line' id='line_1_107' title="bbox 1052 2249 1843 2288; baseline 0.008 -14"><span class='ocrx_word' id='word_1_808' title='bbox 1052 2257 1150 2283; x_wconf 85' lang='grc' dir='ltr'>γοντας</span> <span class='ocrx_word' id='word_1_809' title='bbox 1161 2249 1250 2285; x_wconf 84' lang='grc' dir='ltr'>σάρκα</span> <span class='ocrx_word' id='word_1_810' title='bbox 1260 2249 1340 2276; x_wconf 76' lang='grc' dir='ltr'>αὐτὸν</span> <span class='ocrx_word' id='word_1_811' title='bbox 1357 2250 1514 2285; x_wconf 72' lang='grc' dir='ltr'>ἐσχηκέναι.</span> <span class='ocrx_word' id='word_1_812' title='bbox 1525 2251 1588 2283; x_wconf 80' lang='grc' dir='ltr'><strong>Πῶς</strong></span> <span class='ocrx_word' id='word_1_813' title='bbox 1602 2252 1656 2286; x_wconf 79' lang='grc' dir='ltr'>γὰρ</span> <span class='ocrx_word' id='word_1_814' title='bbox 1673 2252 1744 2285; x_wconf 81' lang='grc' dir='ltr'>θεῖος</span> <span class='ocrx_word' id='word_1_815' title='bbox 1757 2254 1843 2288; x_wconf 80' lang='grc' dir='ltr'>Λόγος</span> 
     </span>
    </p>
   </div>
   <div class='ocr_carea' id='block_1_108' title="bbox 1053 2294 1842 2331">
    <p class='ocr_par' dir='ltr' id='par_1_108' title="bbox 1053 2294 1842 2331">
     <span class='ocr_line' id='line_1_108' title="bbox 1053 2294 1842 2331; baseline 0.005 -12"><span class='ocrx_word' id='word_1_816' title='bbox 1053 2294 1187 2329; x_wconf 78' lang='grc' dir='ltr'>ἀναμέσον</span> <span class='ocrx_word' id='word_1_817' title='bbox 1194 2294 1247 2320; x_wconf 85' lang='grc' dir='ltr'><strong>τῶν</strong></span> <span class='ocrx_word' id='word_1_818' title='bbox 1254 2294 1319 2320; x_wconf 81' lang='grc' dir='ltr'>υἱῶν</span> <span class='ocrx_word' id='word_1_819' title='bbox 1325 2294 1371 2320; x_wconf 75' lang='grc' dir='ltr'>τοῦ</span> <span class='ocrx_word' id='word_1_820' title='bbox 1379 2295 1491 2327; x_wconf 85' lang='grc' dir='ltr'>σκότους</span> <span class='ocrx_word' id='word_1_821' title='bbox 1499 2294 1584 2327; x_wconf 76' lang='grc' dir='ltr'>ἑστὼς</span> <span class='ocrx_word' id='word_1_822' title='bbox 1591 2296 1682 2331; x_wconf 81' lang='grc' dir='ltr'>ὲλέγχε</span> <span class='ocrx_word' id='word_1_823' title='bbox 1688 2305 1695 2322; x_wconf 88' lang='grc' dir='ltr'><strong>ι</strong></span> <span class='ocrx_word' id='word_1_824' title='bbox 1702 2296 1732 2322; x_wconf 79' lang='grc' dir='ltr'><strong>τὸ</strong></span> <span class='ocrx_word' id='word_1_825' title='bbox 1739 2297 1842 2330; x_wconf 76' lang='grc' dir='ltr'>σκότος,</span> 
     </span>
    </p>
   </div>
   <div class='ocr_carea' id='block_1_109' title="bbox 1054 2340 1845 2379">
    <p class='ocr_par' dir='ltr' id='par_1_109' title="bbox 1054 2340 1845 2379">
     <span class='ocr_line' id='line_1_109' title="bbox 1054 2340 1845 2379; baseline 0.005 -13"><span class='ocrx_word' id='word_1_826' title='bbox 1054 2340 1166 2374; x_wconf 78' lang='grc' dir='ltr'>φωτίζει</span> <span class='ocrx_word' id='word_1_827' title='bbox 1178 2340 1206 2366; x_wconf 80' lang='grc' dir='ltr'>δὲ</span> <span class='ocrx_word' id='word_1_828' title='bbox 1221 2341 1284 2371; x_wconf 75' lang='grc' dir='ltr'>τοὺς</span> <span class='ocrx_word' id='word_1_829' title='bbox 1301 2341 1375 2372; x_wconf 81' lang='grc' dir='ltr'>υἱοὺς</span> <span class='ocrx_word' id='word_1_830' title='bbox 1392 2343 1440 2377; x_wconf 82' lang='grc' dir='ltr'>τῆς</span> <span class='ocrx_word' id='word_1_831' title='bbox 1455 2341 1600 2377; x_wconf 78' lang='grc' dir='ltr'>ἁληοείας;</span> <span class='ocrx_word' id='word_1_832' title='bbox 1616 2342 1687 2379; x_wconf 86' lang='grc' dir='ltr'><strong>Ὅρα</strong></span> <span class='ocrx_word' id='word_1_833' title='bbox 1703 2342 1758 2378; x_wconf 86' lang='grc' dir='ltr'>γὰρ</span> <span class='ocrx_word' id='word_1_834' title='bbox 1776 2343 1845 2370; x_wconf 79' lang='grc' dir='ltr'>πόσα</span> 
     </span>
    </p>
   </div>
   <div class='ocr_carea' id='block_1_110' title="bbox 1054 2385 1844 2424">
    <p class='ocr_par' dir='ltr' id='par_1_110' title="bbox 1054 2385 1844 2424">
     <span class='ocr_line' id='line_1_110' title="bbox 1054 2385 1844 2424; baseline 0.006 -13"><span class='ocrx_word' id='word_1_835' title='bbox 1054 2386 1176 2421; x_wconf 80' lang='grc' dir='ltr'>χρήσιμα</span> <span class='ocrx_word' id='word_1_836' title='bbox 1203 2386 1232 2412; x_wconf 80' lang='grc' dir='ltr'><strong>ἐν</strong></span> <span class='ocrx_word' id='word_1_837' title='bbox 1255 2385 1293 2420; x_wconf 79' lang='grc' dir='ltr'>τῷ</span> <span class='ocrx_word' id='word_1_838' title='bbox 1323 2386 1395 2422; x_wconf 83' lang='grc' dir='ltr'>λόγῳ</span> <span class='ocrx_word' id='word_1_839' title='bbox 1420 2387 1517 2422; x_wconf 77' lang='grc' dir='ltr'>τούτῳ.</span> <span class='ocrx_word' id='word_1_840' title='bbox 1550 2388 1616 2414; x_wconf 79' lang='grc' dir='ltr'><strong>Ἀπὸ</strong></span> <span class='ocrx_word' id='word_1_841' title='bbox 1638 2388 1795 2424; x_wconf 80' lang='grc' dir='ltr'>ἀσωμάτων</span> <span class='ocrx_word' id='word_1_842' title='bbox 1814 2388 1844 2416; x_wconf 81' lang='grc' dir='ltr'>οὗ</span> 
     </span>
    </p>
   </div>
   <div class='ocr_carea' id='block_1_111' title="bbox 1053 2431 1844 2468">
    <p class='ocr_par' dir='ltr' id='par_1_111' title="bbox 1053 2431 1844 2468">
     <span class='ocr_line' id='line_1_111' title="bbox 1053 2431 1844 2468; baseline 0.006 -12"><span class='ocrx_word' id='word_1_843' title='bbox 1053 2431 1216 2468; x_wconf 78' lang='grc' dir='ltr'>προέρχεται</span> <span class='ocrx_word' id='word_1_844' title='bbox 1233 2431 1322 2467; x_wconf 79' lang='grc' dir='ltr'><strong>ἱδρώς.</strong></span> <span class='ocrx_word' id='word_1_845' title='bbox 1340 2433 1383 2458; x_wconf 87' lang='grc' dir='ltr'>Ἑν</span> <span class='ocrx_word' id='word_1_846' title='bbox 1397 2433 1425 2459; x_wconf 81' lang='grc' dir='ltr'>δὲ</span> <span class='ocrx_word' id='word_1_847' title='bbox 1441 2433 1479 2468; x_wconf 81' lang='grc' dir='ltr'>τῷ</span> <span class='ocrx_word' id='word_1_848' title='bbox 1490 2433 1576 2468; x_wconf 83' lang='grc' dir='ltr'>τούτῳ</span> <span class='ocrx_word' id='word_1_849' title='bbox 1593 2433 1730 2468; x_wconf 81' lang='grc' dir='ltr'>γενέσθαι,</span> <span class='ocrx_word' id='word_1_850' title='bbox 1745 2434 1844 2467; x_wconf 76' lang='grc' dir='ltr'>ἔδειξεν</span> 
     </span>
    </p>
   </div>
   <div class='ocr_carea' id='block_1_112' title="bbox 1053 2476 1841 2514">
    <p class='ocr_par' dir='ltr' id='par_1_112' title="bbox 1053 2476 1841 2514">
     <span class='ocr_line' id='line_1_112' title="bbox 1053 2476 1841 2514; baseline 0.004 -11"><span class='ocrx_word' id='word_1_851' title='bbox 1053 2476 1182 2512; x_wconf 80' lang='grc' dir='ltr'>ἀληθινὴν</span> <span class='ocrx_word' id='word_1_852' title='bbox 1208 2477 1307 2513; x_wconf 82' lang='grc' dir='ltr'>σάρκα,</span> <span class='ocrx_word' id='word_1_853' title='bbox 1326 2478 1372 2504; x_wconf 77' lang='grc' dir='ltr'>καὶ</span> <span class='ocrx_word' id='word_1_854' title='bbox 1390 2478 1420 2504; x_wconf 82' lang='grc' dir='ltr'>οὺ</span> <span class='ocrx_word' id='word_1_855' title='bbox 1437 2478 1547 2513; x_wconf 82' lang='grc' dir='ltr'>δόκησιν</span> <span class='ocrx_word' id='word_1_856' title='bbox 1564 2478 1618 2505; x_wconf 82' lang='grc' dir='ltr'>ἀπὸ</span> <span class='ocrx_word' id='word_1_857' title='bbox 1630 2479 1730 2514; x_wconf 83' lang='grc' dir='ltr'>σαρκὸς</span> <span class='ocrx_word' id='word_1_858' title='bbox 1743 2480 1772 2506; x_wconf 83' lang='grc' dir='ltr'><strong>ἐν</strong></span> <span class='ocrx_word' id='word_1_859' title='bbox 1785 2479 1841 2506; x_wconf 84' lang='grc' dir='ltr'><strong>θεό-</strong></span> 
     </span>
    </p>
   </div>
   <div class='ocr_carea' id='block_1_113' title="bbox 1053 2515 1843 2559">
    <p class='ocr_par' dir='ltr' id='par_1_113' title="bbox 1053 2515 1843 2559">
     <span class='ocr_line' id='line_1_113' title="bbox 1053 2515 1843 2559; baseline 0.004 -11"><span class='ocrx_word' id='word_1_860' title='bbox 1053 2531 1114 2557; x_wconf 85' lang='grc' dir='ltr'>τητι</span> <span class='ocrx_word' id='word_1_861' title='bbox 1144 2523 1347 2558; x_wconf 79' lang='grc' dir='ltr'>συνηνωμένης.</span> <span class='ocrx_word' id='word_1_862' title='bbox 1377 2524 1468 2559; x_wconf 71' lang='grc' dir='ltr'>Χωρὶς</span> <span class='ocrx_word' id='word_1_863' title='bbox 1483 2524 1536 2559; x_wconf 78' lang='grc' dir='ltr'><strong>γὰρ</strong></span> <span class='ocrx_word' id='word_1_864' title='bbox 1556 2515 1644 2559; x_wconf 63' lang='grc' dir='ltr'><strong>ψυχῆξ</strong></span> <span class='ocrx_word' id='word_1_865' title='bbox 1668 2526 1714 2551; x_wconf 81' lang='grc' dir='ltr'><strong>καὶ</strong></span> <span class='ocrx_word' id='word_1_866' title='bbox 1731 2525 1792 2557; x_wconf 74' lang='grc' dir='ltr'>νοὸς</span> <span class='ocrx_word' id='word_1_867' title='bbox 1814 2525 1843 2551; x_wconf 74' lang='grc' dir='ltr'>οὗ</span> 
     </span>
    </p>
   </div>
   <div class='ocr_carea' id='block_1_114' title="bbox 1053 2567 1844 2604">
    <p class='ocr_par' dir='ltr' id='par_1_114' title="bbox 1053 2567 1844 2604">
     <span class='ocr_line' id='line_1_114' title="bbox 1053 2567 1844 2604; baseline 0.003 -11"><span class='ocrx_word' id='word_1_868' title='bbox 1053 2567 1157 2601; x_wconf 77' lang='grc' dir='ltr'>γίνεται</span> <span class='ocrx_word' id='word_1_869' title='bbox 1173 2569 1285 2602; x_wconf 83' lang='grc' dir='ltr'>ἀγωνία.</span> <span class='ocrx_word' id='word_1_870' title='bbox 1304 2568 1532 2601; x_wconf 79' lang='grc' dir='ltr'>’Λγωνιεύσαντος</span> <span class='ocrx_word' id='word_1_871' title='bbox 1544 2569 1572 2595; x_wconf 80' lang='grc' dir='ltr'>δὲ</span> <span class='ocrx_word' id='word_1_872' title='bbox 1589 2568 1681 2601; x_wconf 82' lang='grc' dir='ltr'>αὐτοῦ,</span> <span class='ocrx_word' id='word_1_873' title='bbox 1698 2569 1784 2602; x_wconf 79' lang='grc' dir='ltr'>ἔδειξε</span> <span class='ocrx_word' id='word_1_874' title='bbox 1793 2570 1844 2604; x_wconf 69' lang='grc' dir='ltr'><strong>ψυ-</strong></span> 
     </span>
    </p>
   </div>
   <div class='ocr_carea' id='block_1_115' title="bbox 1053 2612 1842 2649">
    <p class='ocr_par' dir='ltr' id='par_1_115' title="bbox 1053 2612 1842 2649">
     <span class='ocr_line' id='line_1_115' title="bbox 1053 2612 1842 2649; baseline 0.003 -11"><span class='ocrx_word' id='word_1_875' title='bbox 1053 2613 1113 2647; x_wconf 75' lang='grc' dir='ltr'>χὴν,</span> <span class='ocrx_word' id='word_1_876' title='bbox 1134 2613 1181 2639; x_wconf 73' lang='grc' dir='ltr'>καὶ</span> <span class='ocrx_word' id='word_1_877' title='bbox 1202 2612 1291 2648; x_wconf 80' lang='grc' dir='ltr'>σῶμα,</span> <span class='ocrx_word' id='word_1_878' title='bbox 1313 2613 1360 2639; x_wconf 72' lang='grc' dir='ltr'>καὶ</span> <span class='ocrx_word' id='word_1_879' title='bbox 1379 2613 1440 2639; x_wconf 86' lang='grc' dir='ltr'>νοῦν</span> <span class='ocrx_word' id='word_1_880' title='bbox 1455 2614 1501 2640; x_wconf 76' lang='grc' dir='ltr'><strong>ἐπὶ</strong></span> <span class='ocrx_word' id='word_1_881' title='bbox 1520 2614 1550 2640; x_wconf 84' lang='grc' dir='ltr'><strong>τὸ</strong></span> <span class='ocrx_word' id='word_1_882' title='bbox 1563 2614 1628 2640; x_wconf 83' lang='grc' dir='ltr'>αὐτὸ</span> <span class='ocrx_word' id='word_1_883' title='bbox 1647 2615 1842 2649; x_wconf 79' lang='grc' dir='ltr'>πεφορηκέναι,</span> 
     </span>
    </p>
   </div>
   <div class='ocr_carea' id='block_1_116' title="bbox 1053 2658 1840 2695">
    <p class='ocr_par' dir='ltr' id='par_1_116' title="bbox 1053 2658 1840 2695">
     <span class='ocr_line' id='line_1_116' title="bbox 1053 2658 1840 2695; baseline 0.003 -11"><span class='ocrx_word' id='word_1_884' title='bbox 1053 2658 1113 2684; x_wconf 72' lang='grc' dir='ltr'>ὅθεν</span> <span class='ocrx_word' id='word_1_885' title='bbox 1133 2659 1149 2693; x_wconf 85' lang='grc' dir='ltr'><strong>ή</strong></span> <span class='ocrx_word' id='word_1_886' title='bbox 1169 2658 1273 2692; x_wconf 84' lang='grc' dir='ltr'>ἀγωνία</span> <span class='ocrx_word' id='word_1_887' title='bbox 1299 2659 1432 2692; x_wconf 78' lang='grc' dir='ltr'>φαίνεται.</span> <span class='ocrx_word' id='word_1_888' title='bbox 1463 2660 1517 2687; x_wconf 67' lang='grc' dir='ltr'><strong>Καὶ</strong></span> <span class='ocrx_word' id='word_1_889' title='bbox 1540 2661 1619 2687; x_wconf 83' lang='grc' dir='ltr'>πάλιν</span> <span class='ocrx_word' id='word_1_890' title='bbox 1642 2661 1670 2687; x_wconf 81' lang='grc' dir='ltr'><strong>ὲν</strong></span> <span class='ocrx_word' id='word_1_891' title='bbox 1690 2661 1729 2695; x_wconf 83' lang='grc' dir='ltr'>τῷ</span> <span class='ocrx_word' id='word_1_892' title='bbox 1747 2663 1840 2691; x_wconf 77' lang='grc' dir='ltr'>εἰπεῖν,</span> 
     </span>
    </p>
   </div>
   <div class='ocr_carea' id='block_1_117' title="bbox 1054 2705 1843 2742">
    <p class='ocr_par' dir='ltr' id='par_1_117' title="bbox 1054 2705 1843 2742">
     <span class='ocr_line' id='line_1_117' title="bbox 1054 2705 1843 2742; baseline 0.003 -10"><span class='ocrx_word' id='word_1_893' title='bbox 1054 2705 1101 2738; x_wconf 71' lang='grc' dir='ltr'><strong>Μὴ</strong></span> <span class='ocrx_word' id='word_1_894' title='bbox 1119 2705 1151 2731; x_wconf 78' lang='grc' dir='ltr'><strong>τὸ</strong></span> <span class='ocrx_word' id='word_1_895' title='bbox 1166 2705 1239 2739; x_wconf 75' lang='grc' dir='ltr'><strong>ἐμὸν</strong></span> <span class='ocrx_word' id='word_1_896' title='bbox 1256 2706 1379 2740; x_wconf 72' lang='grc' dir='ltr'><strong>θέλημα,</strong></span> <span class='ocrx_word' id='word_1_897' title='bbox 1396 2707 1475 2733; x_wconf 72' lang='grc' dir='ltr'><strong>ἀλλὰ</strong></span> <span class='ocrx_word' id='word_1_898' title='bbox 1486 2706 1519 2734; x_wconf 87' lang='grc' dir='ltr'>τὸ</span> <span class='ocrx_word' id='word_1_899' title='bbox 1534 2707 1603 2739; x_wconf 76' lang='grc' dir='ltr'><strong>σὸν,</strong></span> <span class='ocrx_word' id='word_1_900' title='bbox 1621 2708 1721 2741; x_wconf 75' lang='grc' dir='ltr'>ἔδειξεν</span> <span class='ocrx_word' id='word_1_901' title='bbox 1737 2707 1843 2742; x_wconf 68' lang='grc' dir='ltr'><strong>ἀληθῶς</strong></span> 
     </span>
    </p>
   </div>
   <div class='ocr_carea' id='block_1_118' title="bbox 1054 2750 1844 2789">
    <p class='ocr_par' dir='ltr' id='par_1_118' title="bbox 1054 2750 1844 2789">
     <span class='ocr_line' id='line_1_118' title="bbox 1054 2750 1844 2789; baseline 0.006 -13"><span class='ocrx_word' id='word_1_902' title='bbox 1054 2750 1116 2777; x_wconf 68' lang='grc' dir='ltr'>νοῦν</span> <span class='ocrx_word' id='word_1_903' title='bbox 1139 2750 1319 2785; x_wconf 82' lang='grc' dir='ltr'>ἀνθρώπινον,</span> <span class='ocrx_word' id='word_1_904' title='bbox 1339 2751 1397 2778; x_wconf 85' lang='grc' dir='ltr'>ἀλλ’</span> <span class='ocrx_word' id='word_1_905' title='bbox 1414 2752 1615 2789; x_wconf 79' lang='grc' dir='ltr'>ἀναμάρτητον.</span> <span class='ocrx_word' id='word_1_906' title='bbox 1636 2754 1669 2780; x_wconf 83' lang='grc' dir='ltr'>Ἡ</span> <span class='ocrx_word' id='word_1_907' title='bbox 1680 2753 1734 2789; x_wconf 81' lang='grc' dir='ltr'><strong>γὰρ</strong></span> <span class='ocrx_word' id='word_1_908' title='bbox 1750 2753 1844 2788; x_wconf 62' lang='grc' dir='ltr'>θεότης</span> 
     </span>
    </p>
   </div>
   <div class='ocr_carea' id='block_1_119' title="bbox 1056 2827 1469 2866">
    <p class='ocr_par' dir='ltr' id='par_1_119' title="bbox 1056 2827 1469 2866">
     <span class='ocr_line' id='line_1_119' title="bbox 1056 2827 1469 2866; baseline 0.007 -13"><span class='ocrx_word' id='word_1_909' title='bbox 1056 2828 1066 2843; x_wconf 79' lang='grc'><strong>⁸</strong></span> <span class='ocrx_word' id='word_1_910' title='bbox 1083 2827 1144 2862; x_wconf 80' lang='lat' dir='ltr'><strong>ch.</strong></span> <span class='ocrx_word' id='word_1_911' title='bbox 1159 2828 1195 2855; x_wconf 81' lang='grc' dir='ltr'><strong>τί.</strong></span> <span class='ocrx_word' id='word_1_912' title='bbox 1236 2829 1246 2844; x_wconf 82' lang='grc'><strong><em>⁵</em></strong></span> <span class='ocrx_word' id='word_1_913' title='bbox 1260 2828 1325 2866; x_wconf 76' lang='lat' dir='ltr'><strong>Leg.</strong></span> <span class='ocrx_word' id='word_1_914' title='bbox 1345 2830 1383 2862; x_wconf 82' lang='grc' dir='ltr'><strong>ὼς</strong></span> <span class='ocrx_word' id='word_1_915' title='bbox 1402 2830 1469 2866; x_wconf 55' lang='lat' dir='ltr'><strong>tuo.</strong></span> 
     </span>
    </p>
   </div>
  </div>
