1929 3039
179 142 232 171 505

870 138 899 166 S.
920 136 1091 166 EPlPllANll

1752 133 1804 162 301

179 209 211 228 ac
222 200 278 228 Deo
290 199 476 228 fortitudinem
487 200 660 229 ascribimus.
676 200 776 228 Eodem
791 199 874 235 igitur
884 199 963 227 modo

1017 198 1084 224 Θεοῦ
1097 196 1146 233 τὴν
1159 196 1272 232 δύναμιν
1288 195 1515 231 ὡμολογήσαμεν,
1530 194 1577 221 καὶ
1590 193 1649 229 Θεῷ
1663 193 1713 229 τὴν
1729 193 1806 229 ἰσχὺν

179 248 292 282 angelus
315 255 363 283 per
387 248 452 275 illud
469 253 575 283 tempus
598 248 773 276 excellentem
789 247 897 274 Domini
919 247 962 274 sui

179 294 311 322 adversus
333 295 456 322 homines
479 294 671 329 benignitatem
689 294 837 323 admirans,
861 297 888 321 et
912 293 962 320 ob-

179 346 351 375 stupescens,
368 341 449 376 787
469 340 542 375 quod
566 348 628 368 cum
658 341 728 368 Deus
754 344 837 372 esset,
849 343 876 367 et
901 347 962 366 cum

179 385 260 413 Patre
285 385 445 413 adorare-tur
469 387 496 413 in
518 387 598 417 caelo,
615 390 696 421 atque
721 386 756 413 ab
781 385 884 421 angelis
907 385 964 412 suis

178 431 383 464 observaretur,
399 439 432 458 eo
452 439 538 467 usque
554 431 672 466 abjicere
687 438 717 458 se
734 438 783 458 sua
801 434 898 465 sponte
916 437 964 456 vo—

178 477 284 510 luisset,
299 480 328 504 ut
341 477 374 504 ad
386 477 443 505 hzec
456 477 644 510 descenderet,
658 484 690 504 ac
700 484 810 504 carnem
827 476 962 503 indueret.

212 564 306 600 Neque
326 566 376 593 hoc
399 570 503 593 tantum
521 575 528 593 τ
544 565 592 593 sed
614 566 654 593 vel
677 562 777 600 opillcii
805 565 846 592 sui
869 571 962 596 causa,

177 612 230 639 hoc
244 616 286 639 est
301 611 431 643 hominis,
447 612 588 639 cruciatus
601 611 715 646 perpeti,
732 615 759 638 et
771 611 798 638 in
811 617 894 638 cruce
911 610 965 637 suf-

177 657 222 692 ﬁgi
249 664 304 684 non
320 657 466 689 dubitaret,
482 665 513 684 ac
533 661 648 684 mortem
672 657 838 692 degustaret,
854 660 964 683 mortem

177 707 265 730 autem
287 703 372 729 crucis
388 704 415 736 ις
437 707 465 729 ιιι
485 711 534 738 per
553 704 642 738 ipsum
664 703 746 730 homo
778 707 909 738 tropaeum
931 701 965 729 de

177 753 266 776 morte
280 753 412 776 statueret
429 758 435 776 :
447 757 567 784 eumque,
580 750 625 784 qui
637 749 728 776 mortis
741 749 878 783 imperium
893 747 964 775 obti-

178 794 264 826 nebat,
275 794 413 821 diabolum
425 795 560 828 videlicet,
577 795 720 828 aboleret‘,
741 803 771 821 ac
785 795 964 829 principatum

177 848 279 867 onlnem
294 845 318 867 et
335 845 489 875 potestatem
502 841 569 868 velut
592 842 619 867 in
633 840 762 872 triumpho
784 840 932 866 traduceret
943 839 963 865 ³.

1014 243 1235 278 ἀποδεδώκαμεν
1248 241 1319 268 οὕτω
1333 241 1380 268 καὶ
1399 241 1413 267 ὸ
1428 240 1553 275 ἄγγελος,
1566 241 1626 267 κατ’
1636 240 1744 275 ἐκείνην
1757 240 1806 276 τὴν

1014 288 1088 324 ὤραν
1107 288 1260 324 θαυμάσας,
1275 289 1322 314 καὶ
1341 287 1559 322 ἐκπληττόμενος
1585 286 1635 321 τὴν
1651 285 1806 321 ὑπερϐολὴν

1013 335 1064 370 τῆς
1080 334 1126 361 τοῦ
1143 334 1207 361 ἰδίου
1224 335 1358 361 Δεσπότου
1374 333 1588 370 φιλανθρωπίας,
1605 333 1656 364 ὅτι,
1676 332 1742 363 Θεὸς
1756 332 1804 361 ὢν,

1015 382 1062 408 καὶ
1079 382 1126 408 σὺν
1151 382 1239 417 Harp).
1259 380 1498 417 προσκυνούμενος
1522 380 1550 405 ὲν
1567 377 1685 414 οὐρανῷ,
1700 378 1747 405 καὶ
1761 377 1806 404 θε-

1016 428 1201 463 ραπευόμενος
1215 427 1266 454 ὑπδ
1285 427 1358 454 ἰδίων
1380 426 1505 460 ἀγγέλων
1517 425 1610 457 αὐτοῦ,
1624 426 1663 456 είς
1678 424 1805 451 τοσοῦτον

1016 473 1160 508 ὑπέμεινεν
1182 473 1234 508 ίδίᾳ
1251 472 1378 508 βουλήσει
1401 471 1533 503 ἑκουσίως
1552 469 1649 504 ἐλθεῖν,
1668 470 1715 496 καὶ
1731 469 1807 496 ὲνδύη

1015 518 1112 545 σασθαι
1124 518 1224 554 σάρκα.

1052 564 1108 591 Καὶ
1120 565 1150 590 οὐ
1167 565 1256 599 μόνον,
1274 563 1343 592 ἀλλὰ
1357 564 1404 591 καὶ
1417 564 1482 599 ἄχρι
1495 562 1542 590 τοῦ
1560 563 1656 589 παθεῖν
1672 562 1742 598 ὑπὲρ
1759 561 1808 588 τοῦ

1016 611 1082 637 ἰδίου
1108 610 1266 646 πλάσματος
1285 611 1335 646 τῆς
1352 610 1525 646 ἀνθρωπείας
1539 609 1656 644 φύσεως,
1675 610 1807 644 ὑπομένει

1015 657 1061 683 καὶ
1080 656 1144 693 ἄχρι
1165 657 1280 693 σταυροῦ
1303 657 1500 692 παραδοθῆναι.
1518 656 1685 692 γευσάμενος
1711 665 1741 682 τε
1760 656 1809 682 θα-

1015 702 1106 734 νάτου,
1124 702 1252 730 θανάτου
1274 703 1308 729 δὲ
1329 703 1472 737 σταιυοοῦ,
1494 703 1568 734 ὅπως
1584 703 1618 729 δι’
1641 701 1724 729 αὑτοῦ
1743 702 1808 737 τρό-

1015 757 1096 775 παιον
1113 749 1162 784 μὲν
1189 748 1260 776 κατὰ
1280 748 1327 774 τοῦ
1346 748 1462 775 θανάτου
1479 749 1496 784 ἡ
1519 748 1698 784 ἀνθρωπότης
1719 747 1807 780 λάϐοι,

1015 795 1189 830 καταργήσῃ
1200 794 1234 820 δὲ
1246 794 1298 821 τὸν
1312 794 1345 820 τὸ
1358 793 1467 828 κράτος
1479 794 1589 828 ἔχοντα
1604 793 1656 821 τοῦ
1666 793 1808 825 θανάτου,

1015 841 1152 868 τουτέστι
1165 840 1376 872 τὸνδιάσολον,
1389 839 1437 866 καί
1446 839 1628 874 θριαμϐεύσῃ
1643 838 1747 866 πᾶσαν
1758 839 1809 872 ἀρ-

178 886 268 919 Qnare
285 886 398 921 angelus
419 887 464 913 ille
485 886 664 914 admiratione
681 893 713 913 ac
729 889 840 921 stupore
857 885 962 920 percul-

1017 885 1076 921 χὴν
1100 886 1150 913 καὶ
1166 886 1322 918 ἐξουσίαν.
1340 885 1386 911 Διὸ
1400 884 1447 912 καὶ
1462 884 1608 921 θαυμάζων
1622 884 1670 911 καὶ
1689 884 1809 920 ἐκπλητ-

179 939 237 963 sus,
252 935 279 958 et
295 930 439 957 Dominum
461 939 541 958 suum
562 931 721 958 collaudans
742 937 774 957 ac
793 930 962 964 praedicans.

177 977 223 1010 qui
244 976 269 1002 in
285 976 332 1003 tali
350 980 507 1009 scammate,
524 980 551 1003 et
565 976 600 1003 ad
617 980 670 1002 tam
690 976 850 1004 inusitatum
875 983 962 1010 opus.

178 1022 250 1048 velut
273 1022 299 1048 in
316 1022 460 1056 procinctu
482 1027 606 1053 steterat,
630 1022 670 1049 sie
695 1022 770 1048 illum
797 1021 962 1056 compellat:

179 1066 237 1094 Tua
257 1072 297 1094 est
318 1067 452 1099 ador-alio,
475 1073 548 1094 tuum
570 1068 719 1102 imperium,
740 1075 786 1095 tua
806 1068 900 1099 virtus,
919 1073 964 1095 tua

177 1113 317 1148 fortitudo,
334 1117 363 1140 ut
377 1113 451 1149 quod
467 1121 483 1140 a
498 1113 590 1149 Moyse
601 1114 733 1148 scriptum
757 1117 798 1141 est
819 1113 961 1149 impleret:

177 1159 431 1194 Canforlentipsum
453 1168 541 1186 omnes
559 1160 644 1194 angeli
655 1159 734 1186 Det“.
754 1158 848 1187 Videte
861 1159 962 1194 itaque,

176 1205 277 1233 Christi
298 1205 407 1240 famuli,
433 1213 465 1233 ac
482 1210 583 1233 sancta:
606 1205 652 1233 Dei
674 1205 801 1234 Ecclesiae
822 1211 849 1233 et
868 1206 963 1240 ortho-

176 1252 253 1279 dcxa:
273 1252 413 1287 religionis
434 1252 491 1284 lilii,
509 1260 591 1288 quam
609 1253 676 1279 nihil
697 1252 723 1279 in
745 1252 886 1288 Scriptura
904 1260 964 1287 per-

119 1291 126 1295 ”
176 1295 286 1330 plexum
309 1291 341 1323 ac
360 1295 510 1325 ﬂexuosum
536 1297 582 1328 sit,
609 1296 657 1324 sed
675 1297 764 1324 omnia
790 1297 823 1324 ad
841 1301 963 1324 nostram

177 1340 290 1368 salutem
314 1341 414 1376 scripta
435 1342 489 1368 sint
509 1342 705 1370 admirabiliter
727 1348 754 1371 et
775 1343 905 1379 perfecte.
930 1345 965 1372 At

177 1386 222 1413 Isti
239 1387 313 1414 unici
336 1387 383 1414 Dei
407 1387 465 1420 fllii,
487 1393 513 1415 et
535 1389 623 1416 sancti
642 1388 760 1423 Spiritus
777 1390 879 1418 inimici
897 1390 965 1418 nihil

177 1438 231 1458 non
255 1432 346 1459 hostili
369 1432 461 1459 animo
483 1433 614 1468 cogitant,
637 1434 788 1469 callideque
802 1435 963 1463 moliuntur.

177 1477 254 1505 Absit
279 1485 344 1505 vero
365 1483 393 1505 ut
415 1486 466 1506 nos
489 1479 610 1506 animum
630 1481 793 1508 commentis
822 1481 963 1508 hominum

177 1523 354 1550 adhibeamus
366 1535 371 1551 :
385 1524 449 1558 quin
462 1525 552 1559 potius
563 1524 708 1553 Dominum
720 1530 844 1553 nostrum
857 1527 963 1554 firmata

176 1569 405 1604 eorroborataque
421 1573 510 1597 mente
526 1569 711 1604 celebremus,
734 1578 785 1598 nec
802 1571 828 1598 in
841 1578 874 1598 eo
885 1579 962 1598 man-
976 1559 998 1588 (ἶ

177 1623 238 1642 (·ιιιιι
267 1615 369 1650 aliquid
397 1623 458 1643 esse
481 1616 664 1651 suspicemur.
683 1615 750 1643 Nam
776 1617 799 1645 si
825 1617 848 1645 is
865 1617 912 1652 qui
929 1617 963 1645 ad

177 1661 424 1696 repraesentandum
442 1663 563 1689 omnium
581 1663 694 1690 salutem
715 1663 835 1695 advenit,
854 1664 895 1691 vel
913 1664 964 1691 mi-

177 1706 279 1734 nimum
309 1707 336 1734 in
359 1715 389 1734 se
407 1707 543 1735 defectum
561 1708 655 1740 habet,
674 1709 786 1743 quinam
806 1716 822 1736 a
839 1709 896 1737 suis
913 1708 963 1737 de-

177 1752 293 1781 fectibus
307 1752 442 1780 vindicari
456 1757 583 1781 creatura
600 1753 718 1789 poterit?

210 1841 278 1869 LXI.
299 1841 352 1869 Sed
369 1842 473 1870 instant
494 1843 713 1871 adversariorum
727 1852 804 1872 more
817 1844 898 1879 (nam
921 1852 966 1872 re-

175 1894 240 1914 vera
255 1886 375 1914 Judaicis
395 1887 571 1922 opinionibus
589 1888 685 1915 imbuti
703 1892 778 1920 sunt,
793 1896 844 1916 nec
863 1889 896 1916 ab
909 1889 964 1917 illis

176 1937 356 1967 praeterquam
375 1932 558 1966 appellatione
569 1933 732 1968 dissident).
747 1933 826 1965 Novi,
841 1933 963 1969 inquam,

177 1977 221 2004 isti
232 1976 317 2003 Judwi
331 1981 425 2004 contra
435 1977 591 2006 Catholicos
602 1978 786 2014 insurgentes,
795 1983 822 2007 et
832 1980 965 2008 adversus

177 2023 346 2051 Salvatorem
367 2024 491 2059 quaedam
514 2024 597 2052 verba
621 2024 796 2057 meditantes,
824 2030 854 2053 ut
875 2026 964 2061 ipsum

177 2077 332 2096 sermonum
349 2077 460 2097 suorum
475 2070 721 2105 laqueisirretiant,
737 2076 767 2097 ut
781 2071 807 2098 in
819 2070 965 2106 Evangelia

177 2116 308 2151 scriptum
327 2121 369 2144 est
383 2117 405 2149 ',
419 2117 484 2144 illud
505 2117 593 2152 ipsum
614 2116 694 2145 nobis
717 2117 851 2152 objiciunt
867 2127 873 2145 :
894 2117 966 2145 Dixit

177 2163 297 2197 pendens
312 2163 339 2190 in
355 2171 438 2191 cruce
457 2163 604 2191 Christus:
622 2162 676 2196 Eli,
695 2162 751 2195 Eli,
767 2163 864 2190 lemma
886 2163 966 2190 saba-

175 2209 287 2236 rllum'?
301 2210 352 2237 hoc
368 2214 421 2242 est,
439 2209 509 2237 Deus
531 2218 613 2243 meus,
639 2209 708 2237 Deus
725 2218 808 2241 meus,
823 2218 904 2245 quare
925 2219 966 2238 me

175 2255 337 2291 dereliquistx‘
350 2256 378 2282 '?
393 2255 485 2288 Vides,
502 2257 639 2292 inquiunt,
656 2261 685 2284 ut
701 2257 895 2284 miserabiliter
910 2257 962 2284 im-

176 2301 272 2334 ploret,
296 2308 329 2328 ae
350 2301 450 2336 lugeat,
465 2307 491 2328 et
513 2302 604 2329 dicat:
623 2301 712 2334 Quare
726 2309 766 2328 me
781 2301 965 2337 dereliquisti.’

175 2344 268 2380 Neque
285 2345 336 2372 hoc
354 2347 445 2373 animo
462 2348 625 2382 percipiunt,
641 2348 725 2383 788
745 2348 868 2375 homines
889 2349 964 2375 viru-

176 2391 248 2417 lenta
261 2391 312 2417 hac
330 2391 387 2418 Arii
404 2392 522 2425 insanis,
542 2395 616 2421 velut
635 2395 751 2430 quadam
769 2395 890 2430 crapula,
906 2403 965 2431 gra-

176 2436 239 2466 vati,
258 2443 290 2462 ac
306 2435 351 2462 Dei
376 2437 539 2471 cognitionis
558 2443 701 2474 expertes;
717 2440 852 2467 humanos
867 2447 963 2467 omnes

176 2480 290 2508 allectus
314 2481 342 2508 in
366 2481 477 2509 Christo
494 2482 609 2512 Domino
638 2486 827 2520 agnoscendos
848 2486 876 2512 in
899 2493 962 2513 vera

176 2527 249 2555 illitis
273 2528 462 2555 incarnatione
487 2537 518 2556 ac
537 2530 705 2559 conﬂtendos
724 2540 794 2560 esse.
821 2532 910 2568 Atque
935 2533 962 2560 in

175 2573 271 2608 primis
285 2573 319 2599 ab
332 2580 386 2599 uno
397 2573 423 2599 in
436 2573 507 2600 aliud
523 2574 671 2603 desultorio
687 2584 762 2604 more
777 2582 961 2610 transeuntes,

175 2618 240 2654 quid
263 2619 296 2646 de
315 2626 347 2646 eo
368 2619 541 2647 sentiendum
558 2621 728 2649 decreverint
751 2623 962 2656 obliviscuntur,

175 2672 226 2692 nec
243 2665 269 2691 in
283 2672 337 2692 uno
354 2668 425 2692 statu
442 2665 607 2693 consistunt.
625 2666 717 2702 Neque
736 2667 809 2695 enim
825 2668 903 2696 aliter
923 2669 965 2695 fa-

175 2718 238 2738 cere
252 2715 378 2746 possunt,
395 2710 441 2746 qui
466 2715 555 2738 mente
567 2711 716 2747 desipiunt.
731 2712 816 2748 Igitur
835 2722 964 2742 nonnun-

175 2761 256 2790 quam
275 2756 442 2784 Salvatorcm
461 2756 533 2784 hunc
546 2762 683 2791 asserunt,
709 2763 736 2786 et
759 2758 914 2793 Demittunt,
932 2768 964 2789 ac

214 2813 349 2853 'Phiiile.
369 2823 399 2849 ιι,
417 2816 444 2844 8.
497 2818 507 2832 ¹
519 2806 601 2845 llebr.
618 2826 648 2852 ιι,
664 2819 706 2847 Μ.

177 2856 262 2883 ιιι-ιι,
276 2850 319 2877 47.

761 2820 770 2836 ³
787 2820 892 2850 Coloss.
910 2830 940 2854 ιι,
956 2823 1000 2850 15.

1013 932 1127 968 τόμενος
1137 932 1151 958 ὁ
1163 931 1277 965 ἄγγελος
1292 930 1384 965 ἔλεγεν
1402 931 1486 966 αὐτῷ,
1502 931 1649 966 δοξολογῶν
1658 931 1706 958 καὶ
1720 930 1809 965 εὐφη-

1016 978 1074 1012 μῶν
1087 978 1131 1004 τὸν
1149 978 1213 1006 ἴδιον
1225 978 1362 1013 Δεσπότην
1374 977 1421 1003 ἐπὶ
1433 977 1472 1012 τῷ
1485 977 1597 1013 τοιούτῳ
1611 978 1751 1012 σκάμματι
1761 977 1808 1003 καὶ

1015 1024 1224 1060 παραδοξοποιίᾳ
1238 1025 1354 1058 ἑστῶτα,
1369 1025 1410 1051 ὅτι
1432 1024 1474 1059 Σή
1490 1024 1576 1051 ἐστιν
1595 1024 1613 1058 ἠ
1636 1024 1807 1057 προσκύνη-

1015 1079 1074 1103 σις,
1088 1072 1147 1098 σόν
1169 1071 1235 1097 ἐστι
1250 1071 1282 1098 τὸ
1298 1071 1415 1105 κράτος,
1429 1071 1470 1105 σή
1492 1071 1577 1098 ἐστιν
1587 1069 1750 1104 ἠδύναμις,
1766 1068 1807 1102 σή

1013 1116 1098 1143 ἐστιν
1109 1117 1128 1150 ἠ
1141 1117 1241 1151 ἰσχύς·
1254 1117 1297 1143 ἵνα
1313 1116 1444 1153 πληρώσῃ
1471 1116 1502 1143 τδ
1530 1116 1605 1152 παρὰ
1629 1116 1740 1142 Μωῦσεῖ
1761 1123 1808 1149 γε-

1014 1162 1184 1197 γραμμένον,
1199 1163 1240 1189 ὅτι
1260 1161 1530 1197 Ἐνισχυσάτωσαν
1540 1161 1620 1194 αὐτῷ
1635 1161 1749 1194 πάντες
1761 1160 1808 1195 dr-

1015 1210 1097 1244 γελοι
1125 1208 1210 1235 Θεοῦ.
1226 1208 1281 1235 Καὶ
1304 1208 1397 1243 ὁρᾶτε,
1423 1207 1542 1243 Χριστοῦ
1559 1206 1734 1242 θεράποντες,
1762 1207 1808 1233 καὶ

1015 1254 1068 1281 υίοὶ
1089 1253 1138 1289 τῆς
1163 1253 1244 1288 ἁγίας
1260 1253 1308 1280 τοῦ
1327 1253 1396 1280 Θεοῦ
1421 1253 1587 1287 Ἐκκλησίας
1602 1253 1650 1279 καὶ
1667 1251 1807 1288 ὀρθοδόξου

1016 1299 1144 1331 πίστεως,
1171 1299 1210 1326 ὃτι
1228 1299 1305 1325 οὐδὲν
1320 1299 1349 1326 ὲν
1365 1301 1399 1334 τῇ
1420 1298 1481 1335 θείᾳ
1503 1299 1598 1334 Γραφῇ
1617 1297 1734 1331 σκολιὸν,
1749 1297 1807 1324 οὐδὲ

1016 1344 1245 1380 στραγγαλιῶδες·
1265 1344 1334 1372 ἀλλὰ
1349 1345 1384 1372 τὰ
1410 1345 1498 1372 πάντα
1523 1344 1683 1380 θαυμασίως
1703 1344 1743 1376 είς
1759 1343 1807 1380 τὴν

1015 1391 1152 1427 ἡμετέραν
1173 1391 1310 1427 σωτηρίαν
1325 1392 1491 1427 γέγραπται,
1512 1391 1560 1418 καὶ
1573 1390 1754 1418 τετελείωται.
1777 1391 1807 1417 Ol

1014 1437 1042 1464 δὲ
1059 1438 1265 1473 προειρημένοι,
1289 1438 1318 1464 ἐν
1333 1437 1419 1473 ἔχθρᾳ
1436 1437 1512 1469 ὄντες
1529 1437 1597 1472 πρὸς
1611 1437 1657 1463 τὸν
1676 1435 1807 1472 μονογενῆ

1015 1482 1080 1509 Υίὸν
1094 1482 1141 1508 τοῦ
1156 1482 1223 1508 Θεοῦ
1241 1482 1289 1510 καὶ
1303 1482 1372 1519 πρὸς
1392 1482 1422 1509 τὸ
1438 1482 1514 1516 ἅγιον
1528 1481 1650 1517 Πνεῦμα,
1668 1481 1756 1509 πάντα
1771 1481 1807 1512 ὡς

1015 1526 1107 1562 ἐχθροὶ
1134 1526 1302 1554 διανοοῦνταί
1331 1536 1360 1554 τε
1378 1527 1426 1554 καὶ
1446 1526 1611 1561 σοφίζονται.
1631 1526 1711 1562 Ἡμῖν
1727 1526 1755 1552 δὲ
1772 1525 1808 1560 μὴ

1014 1572 1119 1607 γένοιτο
1143 1572 1326 1608 ἀνθρωπίνοις
1356 1573 1506 1608 σοφίσμασι
1538 1572 1728 1608 προσανέχειν,
1751 1569 1810 1598 ἀλλ’

1013 1617 1085 1654 ἔχειν
1097 1619 1142 1645 τὸν
1160 1619 1255 1645 ἑαυτὸν
1268 1618 1330 1645 νοῦν
1340 1618 1508 1654 ἐρρωμένον,
1522 1619 1597 1651 ὅπως
1612 1619 1657 1646 τὸν
1668 1619 1716 1654 μὲν
1729 1618 1808 1654 ἡμῶν

1015 1664 1154 1700 Δεσπότην
1175 1664 1342 1700 δοξάσωμεν,
1362 1665 1446 1700 μηδὲν
1465 1665 1494 1691 δέ
1523 1674 1549 1691 τι
1574 1665 1764 1700 ἠλαττωμένον
1781 1664 1808 1690 ὲν

1013 1709 1087 1745 αὐτῷ
1098 1709 1296 1746 διανοηθῶμεν.
1314 1711 1346 1736 Et
1363 1710 1417 1746 γὰρ
1433 1712 1446 1736 ὀ
1457 1711 1492 1737 τὰ
1516 1711 1605 1738 πάντα
1621 1709 1707 1737 ἐλθὼν
1723 1711 1809 1737 σῶσαι

1013 1754 1069 1790 εχει
1094 1754 1286 1790 ἐλαττώματος
1312 1764 1338 1782 τι
1355 1756 1385 1782 ὲν
1408 1755 1509 1791 ἑαυτῷ,
1531 1756 1590 1787 πῶς
1619 1755 1773 1791 σωθήσεται
1791 1756 1808 1791 ἡ

1013 1800 1100 1832 κτίσις
1117 1801 1170 1827 ἀπὸ
1185 1800 1240 1828 τῶν
1259 1801 1331 1828 ἰδίων
1348 1802 1561 1838 ὲλαττωμάτων;

1049 1846 1110 1874 ΞΑ¹.
1127 1847 1212 1874 Πάλιν
1238 1847 1268 1874 δὲ
1290 1847 1521 1882 ἐπιλαμϐάνονται
1551 1847 1645 1883 ὥσπερ
1666 1847 1807 1874 ἀντίδικοι·

1015 1891 1076 1927 (καὶ
1091 1892 1146 1927 γάρ
1165 1892 1234 1919 εἰσιν
1258 1891 1393 1927 Ἰουδαῖκῷ
1410 1892 1565 1928 φρονήματι
1577 1891 1742 1926 ἐγκείμενοι,
1762 1891 1809 1918 καὶ

1016 1937 1098 1973 μηδὲν
1124 1937 1236 1964 ἐκείνων
1252 1937 1442 1969 διαλάττοντες
1458 1937 1527 1973 πλὴν
1544 1936 1591 1964 τοῦ
1609 1936 1742 1972 ὀνόματος
1764 1935 1808 1971 μό-

1014 1984 1070 2018 νον)
1087 1983 1112 2009 οί
1137 1983 1218 2010 πάλιν
1233 1984 1299 2019 ἡμῖν
1315 1983 1477 2018 ὲπιφύοντες
1485 1983 1541 2011 νέοι
1559 1981 1810 2017 Ἰουδαϊοι,ζητοῦν-

1014 2036 1060 2060 τες
1076 2028 1147 2055 κατὰ
1157 2028 1202 2055 τοῦ
1218 2028 1343 2064 Σωτῆρος
1357 2028 1444 2062 λέξεις
1453 2028 1539 2061 τινὰς,
1553 2028 1627 2060 ὅπως
1639 2028 1808 2062 παγιδεύσω-

1016 2083 1058 2103 σιν
1075 2074 1156 2102 αὑτδν
1171 2075 1200 2101 ὲν
1221 2074 1303 2110 λόγῳ,
1327 2074 1418 2106 καθὼς
1431 2073 1483 2110 ἔφη
1498 2073 1529 2101 τὸ
1541 2074 1619 2108 ἅγιον
1631 2073 1806 2108 Εὐαγγέλιον.

1015 2121 1070 2149 Καί
1078 2129 1171 2156 φασιν·
1185 2120 1298 2156 Ἔλεγεν
1311 2122 1340 2148 ὲν
1357 2120 1395 2156 τῷ
1405 2120 1524 2156 σταυρῷ·
1547 2120 1621 2153 Ἠλὶ,
1638 2119 1712 2151 Ἠλὶ,
1726 2118 1808 2154 λημᾶ

1016 2168 1194 2203 σαϐαχθανίι
1213 2169 1350 2200 τουτέστι,
1365 2168 1420 2196 Θεέ
1433 2177 1504 2203 μου,
1524 2167 1577 2195 Θεέ
1589 2176 1660 2202 μου,
1674 2167 1726 2194 ἵνα
1734 2168 1761 2194 τι
1771 2175 1809 2202 με

1017 2214 1228 2250 ἐγκατέλιπες-ς
1253 2215 1308 2241 Καὶ
1323 2215 1399 2251 ὁρᾷς,
1419 2215 1511 2249 φασιν,
1524 2214 1640 2250 οἰκτρῶς
1655 2213 1736 2240 αὐτὸν
1756 2221 1808 2239 πα-

1020 2259 1200 2295 ρακαλοῦντα,
1230 2261 1278 2288 καὶ
1303 2260 1516 2296 ἀποδυρόμενον,
1538 2260 1585 2287 καὶ
1601 2260 1724 2294 λέγοντα·
1744 2260 1809 2287 Ἵνα

1017 2307 1045 2333 τι
1055 2314 1094 2340 με
1108 2306 1322 2341 ἐγκατέλιπεω
1339 2306 1393 2334 Καὶ
1406 2307 1456 2335 οὐκ
1473 2307 1562 2334 ἴσασιν
1577 2307 1602 2333 οί
1625 2306 1680 2333 ἀπὸ
1696 2306 1744 2333 τοῦ
1760 2306 1806 2340 δη-

1017 2351 1146 2388 λητηρίου
1175 2353 1268 2379 τούτου
1292 2353 1343 2388 τῆς
1370 2352 1417 2380 τοῦ
1443 2354 1546 2389 Ἀρείου
1574 2353 1671 2388 μανίας
1690 2352 1808 2388 καρηϐα-

1019 2397 1138 2433 ροῦντες,
1161 2399 1207 2425 καὶ
1221 2399 1254 2434 τῇ
1279 2398 1384 2434 διανοίᾳ
1400 2399 1449 2434 τῆς
1468 2399 1514 2425 τοῦ
1530 2399 1597 2426 Θεοῦ
1613 2398 1740 2433 γνώσεως
1756 2398 1808 2424 λει-

1017 2442 1140 2477 πόμενοι,
1157 2443 1198 2469 ὅτι
1213 2444 1254 2470 δεῖ
1269 2444 1302 2470 τὰ
1315 2444 1517 2480 ἀνθρωποπαοῆ
1543 2444 1632 2471 πάντα
1649 2445 1678 2471 ὲν
1696 2444 1736 2480 τῷ
1753 2444 1808 2470 Ku-

1018 2488 1068 2524 ρίῳ
1082 2488 1269 2524 ὁμολογεῖσθαι
1284 2490 1314 2516 ὲν
1329 2491 1361 2525 τῇ
1375 2490 1500 2525 ὲνσάρκῳ
1508 2489 1590 2516 αὑτοῦ
1609 2489 1722 2525 ἀληθινῇ
1737 2498 1806 2524 παρ-

1017 2533 1104 2570 ουσίᾳ.
1118 2535 1173 2561 Καὶ
1185 2534 1291 2570 πρῶτον
1309 2535 1357 2570 μὲν
1369 2535 1402 2561 τὰ
1416 2535 1479 2569 περὶ
1491 2535 1573 2561 αὐτοῦ
1596 2535 1632 2567 ὡς
1652 2535 1806 2570 φρονοῦσιν,

1018 2580 1072 2607 ἀπὸ
1082 2580 1183 2616 ἑτέρων
1193 2581 1232 2612 εἰς
1248 2580 1330 2616 ἕτερα
1348 2581 1556 2616 μεταπηδῶντες
1573 2581 1805 2611 ἐπιλανθάνονται,

1020 2625 1084 2661 μίαν
1105 2625 1142 2661 μὴ
1159 2627 1266 2662 ἔχοντες
1281 2626 1459 2655 κατάστασιν.
1484 2626 1546 2658 Πῶς
1566 2626 1621 2662 γὰρ
1634 2627 1762 2654 δύνανται
1783 2626 1807 2653 ot

1017 2675 1050 2709 τῇ
1076 2673 1180 2709 διανοίᾳ
1206 2673 1242 2709 μὴ
1258 2673 1476 2709 σωφρονοῦντες;
1494 2674 1562 2700 Ποτὲ
1580 2674 1630 2709 μὲν
1653 2673 1707 2709 γὰρ
1719 2674 1807 2708 λέγειν

1019 2719 1133 2754 Σωτῆρα
1150 2719 1288 2754 βούλονται
1313 2719 1404 2751 αὐτὸν,
1420 2720 1467 2746 καὶ
1480 2719 1591 2755 Κύριον,
1616 2720 1663 2746 καὶ
1680 2720 1806 2755 Χριστὸν,

1018 2764 1065 2791 καὶ
1079 2765 1131 2800 πρὸ
1146 2765 1254 2791 πάντων
1269 2765 1385 2798 αἰώνων,
1403 2766 1450 2792 καὶ
1467 2766 1599 2801 δεσπότην
1621 2766 1745 2800 ἀγγέλων
1760 2765 1807 2793 καὶ

1051 2824 1061 2839 ⁸
1077 2823 1156 2852 Deut.
1170 2832 1258 2857 xxx”,
1274 2824 1318 2851 4'5.
1369 2825 1379 2841 ⁸
1397 2824 1491 2853 Matth.
1507 2833 1573 2858 xxu,
1595 2825 1638 2852 15.
1685 2825 1695 2840 ‘
1710 2824 1804 2852 Matth.
