1929 3039
121 187 174 216 305

472 189 656 221 ADVERSUS
675 190 845 222 HERESES
863 194 925 223 LIB.
944 195 976 224 ll.
996 195 1077 224 ΤΟΜ.
1100 196 1131 224 li.
1151 212 1185 217 —
1204 195 1340 223 "IERES.
1356 194 1447 222 LXIX.

1693 193 1746 221 506

122 248 309 285 ἀρχαγγέλων,
322 250 356 277 δι’
372 247 402 278 οὗ
420 250 456 278 τὰ
469 251 516 278 ὃλα
533 252 686 287 γεγένηται,
707 253 790 288 ἀρχαί
811 261 841 280 τε
865 255 911 281 καὶ

973 255 1113 287 Ihristum,
1135 255 1316 290 omnibusque
1333 254 1500 289 superiorem
1521 251 1638 285 saeculis,
1654 255 1680 279 et
1696 260 1743 279 an-

121 293 253 326 ὲξουσίαι,
270 295 381 329 ἄγγελοί
396 305 426 323 τε
437 297 484 324 καὶ
498 297 671 332 ἀρχάγγελοι,
682 298 801 333 οὐρανοὶ,
818 299 865 325 καὶ
878 299 913 326 τὰ

123 339 222 370 πάντα,
242 341 276 375 γῆ
301 349 331 367 τε
349 342 396 368 καὶ
420 343 519 374 πάντες
541 343 689 379 ἄνθρωποι.
705 345 750 370 καὶ
764 345 852 371 πάντα
878 345 913 371 τὰ

122 385 169 412 ἐπὶ
181 387 242 421 γῆς,
264 387 385 414 θάλασσά
411 397 441 414 τε
454 389 501 415 καὶ
516 389 550 415 τὰ
561 389 589 415 ὲν
611 389 690 425 αὐτῇ.
710 390 765 416 Kal.
776 389 799 417 ὢ
814 390 913 425 πολλῆς

122 431 292 468 ἠλιθιότητος
302 433 360 470 ’τῶν
373 433 408 459 τὰ
425 433 539 461 τοιαῦτα
556 435 618 470 περὶ
634 435 717 462 αὑτοῦ
737 435 912 468 δοξαζόντων,

123 479 170 504 καὶ
187 477 305 504 ἐνταῦθα
323 477 360 514 μὴ
375 477 516 511 νοούντων,
531 480 571 506 ὅτι
588 481 618 507 οὺ
639 480 750 508 δύναται
766 481 780 507 ὁ
794 481 846 517 πρὺ
860 481 914 508 τῶν

123 522 231 549 αἰώνων
247 524 317 550 κατὰ
329 524 378 560 τὴν
394 525 475 552 αὑτοῦ
488 526 610 561 θεότητα,
627 526 660 553 δι’
677 524 707 555 οὗ
719 528 733 554 ό
748 527 860 562 οὐρανὸς
869 527 915 554 καὶ

124 570 161 604 γῆ
175 571 331 606 γεγένηται,
347 571 456 605 ἄγγελοί
472 581 501 598 τε
517 572 563 599 καὶ
576 573 748 609 ἁρχάγγελοι,
761 574 807 600 καὶ
824 574 913 607 ἁπαξ-

125 614 221 646 απλῶς
238 615 271 641 τὰ
286 615 441 650 σύμπαντα,
463 617 549 652 ὁρατά
563 626 594 644 τε
612 618 659 644 καὶ
683 618 786 653 ἀόρατα
813 618 914 654 ταύτην

126 661 176 695 τὴν
190 661 282 696 φωνὴν
296 661 327 688 ἐκ
341 662 486 697 προσώπου
501 664 549 698 τῆς
564 663 646 689 αὑτοῦ
664 663 790 699 θεότητος
805 664 894 699 λέγειν
907 673 912 680 ·

127 705 181 733 Θεέ
192 716 262 741 μου,
272 706 325 734 Θεέ
336 717 407 742 μου,
421 708 470 735 ἵνα
482 709 510 735 τί
516 717 554 743 με
566 708 775 744 ἐγκατέλιπε-τω

964 302 1084 337 gelorum
1100 306 1180 336 atque
1204 300 1428 335 archangelorum
1441 299 1590 331 dominum,
1604 307 1651 335 per
1664 307 1746 334 quem

964 347 1054 374 omnia
1070 346 1179 374 condita
1199 350 1273 379 sunt,
1294 346 1462 381 principatus
1473 346 1576 372 scilicet
1588 349 1614 372 et
1627 348 1745 380 potesta-

965 395 1015 422 tes,
1037 390 1124 426 angeli
1143 394 1170 418 ct
1187 390 1352 425 archangeli,
1374 390 1436 417 caeli
1459 394 1486 416 et
1507 397 1566 424 quae
1583 386 1661 416 in'iis
1683 392 1747 416 sunt

966 437 1103 466 universa.
1126 443 1231 463 necnon
1251 439 1277 462 et
1299 439 1373 462 terra
1397 443 1459 462 cum
1484 435 1610 462 omnibus
1628 433 1747 461 homini-

967 483 1027 515 bus,
1047 482 1134 517 iisque
1148 489 1208 516 qua:
1226 481 1252 508 in
1268 485 1339 508 terra
1353 486 1432 511 sunt:
1451 488 1483 507 ac
1497 481 1614 515 denique
1628 487 1701 506 mare
1719 484 1747 507 et

966 536 1025 564 qua:
1041 528 1108 555 mari
1129 527 1314 555 continentur.
1335 526 1356 554 0
1372 527 1555 553 incredibilem
1571 533 1664 553 eorum
1679 525 1747 552 stul-

966 575 1062 606 titiam,
1080 574 1126 609 qui
1143 581 1205 601 cum
1222 574 1258 600 ita
1279 573 1313 600 de
1333 573 1380 600 illo
1400 572 1528 602 sentiant,
1545 571 1570 598 in
1587 572 1672 598 altero
1693 579 1747 598 non

967 620 1068 651 vident,
1085 619 1141 647 [ieri
1153 627 1207 646 non
1221 626 1314 654 posse,
1330 622 1359 646 ut
1369 618 1416 653 qui
1431 617 1570 645 divinitate
1586 624 1635 644 sua
1648 616 1747 644 sazcula
1764 643 1772 646 _

966 663 1108 692 antecedat
1120 664 1222 695 omnia.
1238 664 1284 699 qui
1302 664 1401 691 cmlum
1431 666 1587 696 terramque
1599 661 1748 690 fabricarit.

966 713 992 736 et
1018 709 1128 744 angelos
1141 729 1148 742 ,
1165 712 1245 743 atque
1264 708 1453 743 arehangelos,
1474 711 1511 741 et,
1537 711 1566 733 ut
1591 714 1646 733 uno
1669 705 1749 733 verbo

127 751 229 784 dicam.
255 754 346 780 omnia
365 757 419 781 tam
441 762 501 790 qua
525 756 699 790 aspectabilia
727 761 801 788 sunt.
829 764 910 791 quam
927 763 988 791 quae
998 760 1138 791 aspectum
1154 755 1271 791 fugiunt,
1287 755 1310 782 is
1326 758 1364 786 ut,
1395 754 1516 788 inquam,
1545 751 1680 787 ejusmodi
1704 758 1749 778 vo-

127 803 186 823 cem
196 805 227 825 ex
239 805 353 832 persona
370 806 426 826 suae
439 799 590 826 divinitatis
601 800 735 828 ediderit:
758 801 828 828 Deus
848 809 931 833 meus,
960 801 1030 828 Deus
1054 809 1137 832 mem,
1158 806 1187 827 ut
1210 800 1272 835 quid
1294 799 1457 834 dereliquisti
1481 799 1542 825 me?

164 843 233 868 Πότε
247 843 301 878 γὰρ
316 844 512 880 ἐγκατελείφθη
526 845 588 876 Υἱὸς
603 846 655 872 ἀπὸ
668 846 788 882 Πατρός;
807 846 871 872 πότε
885 846 914 872 δὲ

128 889 177 922 οὐχ
192 889 206 913 ὁ
230 888 293 919 Υἱὸς
308 889 336 914 ἐν
355 888 393 923 τῷ
409 890 507 925 Πατρὶ,
522 891 569 917 καὶ
582 891 596 916 ὁ
612 891 704 927 Πατὴρ
716 892 745 917 ὲν
760 891 833 926 Υίῷ;
857 891 917 917 Ἐπὶ

197 933 247 967 μὲν
260 933 313 968 γὰρ
323 935 336 960 ὁ
349 919 420 966 Υίὺς,
437 919 508 962 mihi
522 935 587 967 Θεὸς
600 919 919 972 Λόγοέιβεϐήκείίοῦρα-
934 919 954 946 Β

129 977 176 1004 νοῦ
194 978 222 1004 δὲ
233 978 343 1012 ἥπτετο,
363 980 409 1006 καὶ
420 979 520 1012 πάντες
531 980 622 1016 ἐχθροὶ
635 980 801 1016 ἐπληροῦντο
814 983 862 1016 τῆς
873 982 918 1007 αὑ-

129 1023 176 1049 τοῦ
190 1023 278 1058 δόξης.
304 1024 358 1050 Καὶ
375 1026 404 1052 ὲν
425 1024 519 1061 Μαρίᾳ
541 1025 684 1061 ἐτύγχανε,
708 1027 756 1053 καὶ
778 1026 920 1062 ἄνθρωπος

129 1069 249 1103 ἐγένετο,
273 1070 341 1097 ἀλλὰ
360 1072 394 1105 τῇ
411 1070 524 1105 δυνάμει
549 1071 632 1098 αὐτοῦ
656 1071 774 1107 ἐπλήρου
791 1071 825 1098 τὰ
848 1070 919 1106 σύμ-

130 1123 230 1142 παντα.
247 1115 308 1148 Πῶς
325 1113 371 1142 οὖν
385 1117 399 1142 ὁ
415 1115 535 1147 τοιοῦτος
547 1117 593 1144 καὶ
609 1117 766 1152 τηλικοῦτος
779 1117 849 1144 κατὰ
871 1116 920 1152 τὴν

130 1161 212 1187 αὐτοῦ
228 1161 354 1196 θεότητα,
377 1161 494 1197 οἰκτρῶς
517 1162 620 1196 ,ἔλεγεν⁸
646 1162 716 1194 Ἠλὶ,
738 1162 813 1194 Ἠλὶ,
839 1162 922 1196 λημᾶν

129 1207 316 1241 σαϐαχθανι;
336 1207 467 1238 τουτέστι,
495 1207 548 1234 Θεέ
572 1216 642 1242 μου,
671 1207 724 1235 Θεέ
742 1216 811 1242 μου,
831 1207 881 1234 ἵνα
893 1207 922 1234 τι

130 1249 326 1283 ἐγκατέλιπές
347 1257 404 1285 με;
432 1250 519 1277 καίτοι
552 1249 634 1278 αὐτοῦ
665 1251 797 1286 λέγοντος’
825 1251 922 1279 Πάλιν

131 1295 307 1330 ἀπέρχομαι,
335 1296 383 1323 καὶ
405 1297 460 1323 οὐκ
474 1297 550 1330 iiwa
574 1297 651 1331 ὑμᾶς
667 1297 826 1332 ὀρφανοὺς,
851 1298 920 1324 ἀλλ’

131 1341 256 1374 ἕρχᾳιαι
276 1341 351 1375 πρὸς
368 1341 454 1376 ὑμᾶς.
471 1342 526 1368 Καὶ
541 1342 622 1369 πάλιν
639 1342 724 1378 ἑτέρῳ
745 1343 820 1378 τόπῳ
836 1343 919 1377 λέγει·

139 1383 234 1418 Ἀμὴν
243 1385 322 1418 λέγω
335 1385 415 1419 ὑμῖν·
428 1385 541 1420 Πάντες
561 1386 646 1421 ὑμεῖς
658 1387 920 1422 σκανδαλισθήσε-

134 1431 187 1456 σθε
199 1429 234 1455 ἐν
249 1427 287 1464 τῇ
302 1430 385 1457 νυκτὶ
401 1431 493 1466 ταύτῃ
516 1430 550 1459 ἐν
573 1432 648 1466 ἐμοὶ,
662 1432 712 1459 καὶ
726 1433 922 1467 καταλείψετέ

131 1484 170 1509 με
191 1475 303 1508 πάντες
325 1477 429 1511 μόνον.
455 1477 536 1505 Ἀλλ’
560 1479 614 1505 οὐκ
644 1478 702 1513 εἰμὶ
724 1479 828 1513 μόνος,
854 1479 921 1506 ἀλλ’

135 1520 199 1546 ἔστι
211 1521 276 1554 μετ’
293 1521 365 1554 ἐμοῦ
385 1523 401 1548 ὀ
421 1522 571 1556 γεννήσας
582 1531 620 1557 με
634 1523 744 1557 Πατήρ·
760 1524 806 1550 καὶ
831 1524 920 1551 πάλιν⁶

1001 845 1177 878 Quandonam
1185 846 1256 873 enim
1266 853 1280 871 a
1290 844 1368 872 Patre
1378 844 1524 872 derelictus
1532 847 1573 870 est
1588 841 1692 869 Filius?
1706 848 1754 870 aut

969 891 1077 926 quando
1087 899 1140 918 non
1153 891 1180 917 in
1191 890 1269 917 Patre
1277 889 1363 917 Filius
1382 889 1497 921 exstitit,
1506 893 1534 916 et
1541 888 1621 915 Pater
1633 888 1658 914 in
1669 886 1756 913 Filio?

968 937 1072 964 Etenim
1081 944 1142 963 cum
1152 936 1196 963 ille
1211 936 1268 970 ipse
1283 935 1378 966 Filius,
1389 942 1422 962 ac
1433 934 1505 962 Deus
1518 933 1634 961 Verbum
1645 933 1751 959 interra

967 983 1146 1015 consisteret,
1161 981 1262 1009 omium
1280 981 1388 1008 interim
1411 980 1571 1016 attingebat,
1589 982 1616 1007 et
1628 978 1751 1005 inimicos

968 1035 1062 1055 omnes
1078 1027 1170 1063 gloria;
1180 1035 1236 1055 sum
1244 1026 1389 1062 splendore
1399 1026 1562 1061 complebat.
1578 1024 1610 1051 Et
1625 1024 1652 1051 in
1663 1023 1752 1050 Maria

968 1073 1077 1108 quidem
1098 1077 1175 1100 utero
1189 1073 1338 1100 conclusus
1353 1075 1422 1103 erat.
1444 1079 1478 1098 ac
1491 1074 1617 1098 naturam
1635 1069 1753 1096 hominis

969 1119 1109 1152 induebat,
1129 1119 1177 1147 sed
1191 1119 1292 1147 virtute
1304 1126 1353 1146 sua
1365 1118 1483 1153 replebat
1498 1117 1635 1145 universa.
1651 1116 1752 1143 Potuit~

969 1172 1004 1191 ne
1022 1164 1084 1191 talis
1100 1172 1131 1191 ac
1154 1168 1247 1192 tantus
1263 1164 1321 1192 haec
1339 1172 1372 1191 ex
1389 1163 1541 1191 divinitatis
1565 1169 1682 1197 persona
1697 1165 1752 1189 tam

969 1211 1093 1246 lugubria
1117 1210 1223 1238 dicere':
1245 1209 1299 1243 Eli,
1319 1209 1371 1241 Eli,
1394 1210 1490 1236 lemma
1504 1208 1681 1236 subacthunii
1704 1207 1753 1235 hoc

970 1261 1022 1289 est.
1043 1256 1110 1283 Deus
1125 1264 1208 1288 metu,
1229 1256 1300 1283 Deus
1315 1263 1398 1287 meus,
1413 1263 1494 1290 quare
1507 1255 1670 1289 dereliquisti
1695 1254 1754 1282 me!

971 1302 1123 1330 Praesertim
1139 1310 1200 1329 cum
1216 1301 1261 1329 ille
1285 1302 1342 1336 ipse
1360 1301 1492 1328 dixisset:
1506 1300 1608 1328 Iterum
1624 1300 1703 1332 vado,
1730 1305 1754 1327 et

972 1356 1023 1375 non
1042 1348 1189 1382 relinquam
1211 1355 1254 1374 vos
1283 1347 1431 1381 orplianos;
1457 1347 1502 1374 sed
1526 1346 1598 1373 venio
1620 1346 1655 1372 ad
1677 1354 1720 1373 vos
1733 1346 1753 1372 ³.

971 1392 1040 1420 Tum
1059 1394 1113 1420 alio
1127 1393 1204 1420 loco:
1222 1392 1302 1419 Amen
1318 1392 1378 1419 dico
1395 1392 1485 1419 vobis:
1500 1392 1596 1419 Omnes
1614 1400 1657 1418 vos
1679 1400 1755 1418 smn-

971 1438 1062 1465 dalum
1080 1439 1215 1473 patiemini
1243 1438 1291 1464 hac
1310 1442 1384 1478 nocte
1399 1438 1425 1464 in
1440 1446 1490 1470 me,
1505 1443 1529 1465 et
1545 1439 1695 1474 relinquetis
1717 1446 1756 1465 me

971 1484 1079 1512 solum‘.
1091 1484 1149 1519 Ego
1166 1489 1253 1511 autem
1268 1493 1318 1511 non
1340 1492 1398 1511 sum
1420 1483 1492 1510 solus
1503 1504 1511 1515 ,
1527 1484 1572 1510 sed
1586 1488 1625 1511 est
1640 1491 1756 1516 mecum,

972 1530 1017 1564 qui
1034 1530 1120 1565 genuit
1135 1538 1174 1557 me
1190 1529 1270 1557 Pater
1281 1531 1302 1556 ⁵.
1319 1530 1384 1557 Item
1399 1537 1408 1557 :
1430 1529 1514 1561 Vada,
1529 1535 1552 1556 et
1568 1530 1671 1556 mittant
1686 1529 1757 1556 vobis

143 1566 330 1600 ‘Aaépzqtat,
345 1567 394 1594 καὶ
421 1568 580 1595 ἀποστελῶ
605 1568 675 1603 ὑμῖν
695 1568 728 1595 τὸ
741 1568 863 1603 Πνεῦμα
888 1569 920 1596 τὸ

975 1574 1103 1609 Spiritum
1124 1581 1255 1608 sanctum,
1272 1577 1317 1611 qui
1331 1585 1346 1602 a
1365 1575 1446 1603 Patre
1461 1576 1588 1610 procedit,
1609 1580 1633 1602 et
1655 1577 1686 1602 de
1702 1583 1757 1602 meo

136 1611 230 1646 ἅγιον,
253 1611 286 1638 τὸ
303 1612 336 1638 ἐκ
353 1612 405 1639 τοῦ
427 1613 542 1647 Πιιτρὸς
566 1614 812 1648 ἐκπορευόμενον,
824 1615 872 1641 καί
889 1615 922 1642 τὸ

136 1657 208 1692 ἐμοῦ
235 1657 398 1692 λαμϐάνον·
421 1658 467 1685 καὶ
496 1658 575 1686 πάλιν
602 1660 631 1686 ὲν
651 1660 723 1694 ἄλλῳ
744 1660 829 1695 τόπῳ·
854 1660 924 1695 Ἐγὼ

137 1702 243 1736 κρούω,
269 1703 319 1729 καὶ
340 1703 394 1730 ἐάν
414 1704 460 1737 τίς
478 1713 529 1738 μοι
555 1704 678 1739 ἀνοίξῃ,
693 1705 925 1740 εἰσελευσόμεθα

137 1748 211 1782 πρὸς
230 1749 324 1776 αὑτὸν
353 1749 410 1784 ἐγὼ
428 1750 477 1777 καὶ
504 1753 520 1778 ὁ
545 1750 644 1786 Πατήρ
666 1759 733 1784 μου,
760 1751 808 1778 καὶ
825 1751 926 1786 μονὴν

137 1793 304 1828 ποιήσομεν
320 1795 485 1830 πιιράὺτῷ·
500 1795 537 1828 ὠς
552 1796 635 1823 αὑτοῦ
661 1798 693 1823 ὲκ
705 1796 750 1823 τοῦ
764 1798 868 1834 Πατρὺς
887 1797 924 1833 μὴ

138 1839 454 1876 ὲγκαταλιμπανομένου,
480 1841 517 1874 ὡς
539 1843 586 1868 καὶ
615 1843 629 1868 ὁ
650 1842 745 1878 Πατὴρ
760 1843 802 1870 ἀεὶ
824 1843 871 1869 σὺν
887 1842 925 1878 τῷ

139 1883 206 1919 Υξῷ,
222 1884 260 1914 ὡς
272 1885 319 1911 τοῦ
331 1886 408 1920 ἁγίου
427 1886 586 1921 Πνεύματος
600 1887 647 1914 σὺν
657 1888 744 1923 Πατρὶ
761 1887 807 1914 καὶ
822 1887 888 1923 Υῑῷ.

171 1930 231 1957 EB‘.
249 1930 281 1956 Τί
298 1929 355 1963 οὖν,
380 1932 472 1966 φασὶν,
494 1932 567 1959 ἔστιν
580 1932 593 1958 ὁ
615 1932 691 1967 λόγος
704 1929 780 1964 οὗτος
794 1933 823 1959 ὃν
838 1931 925 1967 εἶπεν,

138 1976 179 2002 Tm
195 1977 248 2003 Θεέ
260 1985 328 2012 μου,
347 1977 399 2004 Θεέ
409 1987 479 2012 μου,
494 1979 545 2004 ἵνα
556 1979 584 2005 τί
595 1988 633 2013 με
646 1979 856 2014 ἐγκατέλιπες;
867 1980 925 2006 Τίνι

137 2022 167 2048 δὲ
179 2022 210 2048 οὐ
230 2022 314 2056 σαφὲς
334 2024 386 2058 εἴη,
401 2024 440 2050 ὅτι
454 2023 509 2050 ἀπὸ
528 2024 674 2059 προσώπου
691 2025 740 2060 τῆς
753 2025 836 2052 αὑτοῦ
850 2026 925 2052 ὲναν-

139 2068 235 2104 ορωπή
241 2077 307 2100 esu);
320 2069 368 2095 ἀνθ
373 2070 540 2104 ρωποπαθῶς
553 2070 733 2105 προϐάλλεται
743 2070 773 2097 τὸ
784 2071 874 2106 ρἦας
894 2071 926 2098 'H

138 2113 194 2148 γὰρ
207 2113 289 2139 αὑτοῦ
310 2114 515 2151 ἐνανορὼπησις
533 2116 564 2142 οὑ
584 2116 643 2141 κατ’
660 2115 727 2142 ἰδίαν
742 2125 784 2147 τις
800 2114 875 2143 οὖσα.
889 2117 925 2143 Οὐ

138 2158 193 2193 γὰρ
207 2159 467 2195 ἀποκεχιυρισμὲνης
479 2159 529 2195 τῆς
543 2160 677 2196 θεότητος,
690 2162 736 2187 καὶ
747 2161 830 2196 χωρὶς
843 2160 926 2196 οὔσης

138 2203 190 2238 τῆς
211 2204 444 2239 ἔνανορωπήσεως
470 2205 572 2239 ἔλεγεν,
600 2206 638 2235 ὡς
662 2205 742 2233 ἄλλοι)
765 2207 811 2232 καὶ
834 2206 924 2232 ἄλλου·

973 1620 1068 1653 accipil
1079 1621 1099 1648 ⁸.
1115 1620 1178 1648 llem
1195 1621 1257 1648 alibi
1271 1630 1277 1648 :
1293 1621 1346 1656 Ego
1370 1621 1456 1655 pulso,
1471 1626 1496 1648 et
1510 1621 1533 1648 si
1548 1621 1605 1655 quis
1627 1621 1757 1655 operuerit

974 1662 1037 1689 mihi
1051 1663 1072 1694 ι,
1087 1662 1262 1697 ingrediemur
1284 1663 1318 1689 ad
1339 1663 1425 1697 ipsum
1449 1671 1494 1697 ego
1518 1667 1543 1689 et
1568 1662 1649 1689 Pater
1675 1670 1757 1694 meus,

973 1713 997 1734 et
1013 1708 1174 1734 mansionem
1189 1707 1258 1741 apud
1274 1707 1349 1734 illum
1373 1707 1500 1742 [aciemus
1517 1708 1545 1733 ‘:
1560 1707 1643 1742 789
1663 1711 1691 1733 ut
1706 1707 1758 1734 hoc

975 1753 1170 1788 intelligamus,
1183 1761 1317 1788 nusquam
1332 1754 1407 1780 illum
1423 1761 1437 1780 a
1455 1753 1535 1780 Patre
1549 1753 1648 1784 deseri,
1664 1760 1756 1787 quem-

976 1798 1123 1825 admodum
1139 1802 1166 1825 et
1181 1798 1260 1826 Pater
1272 1806 1333 1827 cum
1353 1797 1433 1829 Filio,
1447 1803 1473 1825 et
1487 1806 1548 1824 eum
1564 1802 1679 1833 utroque
1695 1805 1757 1832 per-

976 1849 1057 1879 petuo
1079 1843 1196 1878 Spiritus
1211 1848 1322 1871 sanctus
1337 1849 1389 1872 est.

1011 1930 1089 1958 LXII.
1109 1930 1181 1964 Quid
1205 1931 1298 1966 igitur,
1325 1931 1465 1966 inquiunt,
1491 1930 1601 1958 tandem
1626 1929 1678 1957 sibi
1703 1929 1760 1956 vult

976 1984 1027 2004 vox
1049 1976 1121 2003 illius
1138 1985 1145 2004 :
1161 1976 1231 2003 Deus
1249 1984 1330 2008 meus,
1347 1976 1414 2003 Deus
1424 1984 1506 2007 meus,
1517 1984 1598 2011 quare
1614 1984 1653 2002 me
1666 1975 1760 2002 dereli-

976 2023 1075 2057 quisti?
1095 2022 1127 2049 Et
1151 2023 1215 2057 quis
1234 2030 1288 2050 non
1309 2023 1382 2050 videt
1396 2031 1430 2050 ex
1445 2022 1564 2049 hominis
1577 2029 1694 2057 persona
1719 2026 1760 2048 at-

976 2075 1029 2102 que
1051 2067 1170 2094 humano
1192 2074 1268 2094 more
1280 2071 1307 2094 et
1319 2066 1416 2094 aﬂ'ectu
1434 2070 1595 2101 usurpatum
1610 2066 1683 2093 hunc
1699 2073 1761 2093 esse

977 2113 1151 2141 sermonem?
1170 2113 1293 2140 Humana
1305 2113 1405 2148 quippe
1420 2112 1520 2139 Christi
1538 2116 1634 2138 natura
1650 2111 1762 2138 minime

977 2164 1100 2194 separata
1114 2167 1162 2194 per
1179 2167 1240 2186 sese
1254 2163 1306 2186 est.
1334 2158 1428 2193 Neque
1452 2158 1523 2185 enim
1546 2157 1619 2184 velut
1640 2164 1672 2184 ex
1700 2164 1762 2191 per-

977 2213 1044 2233 sona
1060 2205 1173 2232 seorsim
1191 2204 1349 2232 exsistentis
1366 2203 1517 2231 divinitatis
1533 2207 1580 2229 aut
1608 2201 1761 2229 humanita-

138 2249 209 2275 ἀλλᾶ
230 2250 424 2285 συνηνωμένης
439 2250 490 2286 τῆς
508 2251 737 2287 ὲνανθρωπήσεως
753 2253 787 2287 τῇ
807 2251 920 2286 θεότητι,

979 2250 1014 2277 tis
1029 2250 1081 2277 ista
1095 2249 1213 2281 diccbat,
1227 2248 1306 2283 quasi
1322 2248 1394 2275 aliud
1410 2251 1437 2275 et
1450 2247 1523 2274 aliud
1539 2246 1665 2281 quiddam
1681 2246 1761 2273 ambo

141 2295 207 2328 μιᾶς
221 2292 304 2329 οὔσης
316 2294 468 2328 ἁγιαστίας,
485 2295 531 2321 καὶ
541 2295 590 2330 ήδη
605 2295 633 2321 ὲν
648 2295 715 2330 αὐτῇ
729 2295 762 2322 τὰ
772 2295 927 2322 τελειόταται

139 2339 334 2374 ἐπισταμένης,
354 2337 396 2366 οἷα
415 2340 447 2375 δὴ
467 2341 496 2366 ὲν
518 2340 577 2375 Θεῷ
596 2340 801 2376 συνηνωμένῃ¹,
825 2341 871 2367 καὶ
886 2341 926 2373 εἰς

131 2384 199 2419 μίαν
213 2382 328 2418 Θεότητα
348 2382 519 2419 συνημμένη,
535 2383 628 2418 ὁρῶσα
643 2383 693 2420 ἠδη
713 2384 763 2419 τὴν
786 2383 902 2421 θεότητα
913 2385 925 2401 ί

130 2429 190 2467 (99)
207 2430 257 2457 σὺν
274 2431 308 2465 τῇ
334 2430 407 2465 ψυχῆ
432 2429 595 2464 κινουμένην
610 2430 657 2456 ἐπὶ
671 2430 700 2456 τὸ
715 2430 877 2465 καταλεϊψαι
893 2431 925 2459 τδ

139 2472 219 2505 ἅγιον
234 2472 314 2513 σῶμα
330 2473 384 2498 ἀπὸ
404 2473 548 2508 προσώπου
558 2474 640 2500 αὑτοῦ
656 2474 703 2502 τοῦ
721 2475 860 2511 Κυριακοῦ
878 2476 925 2502 ἁν-

139 2516 263 2552 θρώπου.
277 2519 398 2545 τουτέστι
411 2519 458 2554 τῆς
470 2520 550 2546 αὺτοῦ
563 2521 926 2557 ἐνανορωπήσεως.Ἦμελλε

138 2563 195 2598 γὰρ
209 2564 225 2598 ἠ
239 2563 334 2598 Οεότης
350 2564 469 2591 τελειοῦν
485 2565 520 2592 τὰ
534 2566 632 2597 πάντα,
650 2567 683 2593 τὰ
698 2566 768 2594 κατὰ
780 2567 811 2594 τὸ
824 2569 921 2604 μυστή-

138 2617 199 2643 ριον
217 2608 263 2635 τοῦ
281 2609 393 2641 πάθους,
412 2611 459 2637 καὶ
474 2611 521 2637 σὺν
533 2612 565 2647 τῇ
582 2611 654 2647 ψυχῇ
675 2612 813 2639 κατελθεῖν
831 2613 877 2640 ἐπὶ
891 2613 925 2640 τὰ

186 2685 194 2700 ¹
210 2684 274 2724 Ιέιξςς.
288 2687 488 2724 συνηνωμένου
503 2691 528 2724 et
549 2688 719 2724 συνημμένη.

756 2689 766 2703 ’
782 2688 812 2716 r.
827 2689 918 2724 ὁρῶσα
932 2689 960 2716 δὲ

980 2294 1084 2325 forent,
1103 2293 1149 2321 sed
1166 2295 1206 2321 sic
1219 2298 1349 2327 tanquam
1375 2299 1437 2319 eum
1458 2291 1600 2318 divinitate
1616 2290 1762 2324 conjuncta

977 2343 1050 2368 essu.
1062 2339 1178 2367 hominis
1198 2343 1294 2366 natura
1310 2348 1315 2365 :
1335 2338 1402 2365 adeo
1417 2342 1445 2365 ut
1462 2344 1514 2364 una
1533 2337 1676 2371 utriusque
1694 2344 1758 2364 san-

978 2385 1083 2413 ctitudo
1098 2384 1179 2417 foret,
1200 2385 1315 2419 ipsaque
1330 2383 1449 2411 hominis
1463 2387 1561 2410 natura
1577 2383 1604 2409 in
1620 2382 1760 2409 divinitate

977 2430 1174 2466 perfectissima
1205 2438 1319 2466 quisque
1350 2434 1540 2465 cognosceret,
1573 2432 1666 2463 utpote
1699 2436 1760 2455 rum

978 2476 1032 2504 Deo
1046 2477 1182 2512 copulata,
1205 2480 1232 2504 et
1253 2476 1280 2503 in
1302 2483 1385 2503 unum
1403 2476 1561 2502 consociata
1576 2475 1758 2501 divinitatem.

977 2521 1043 2555 Quae
1059 2530 1121 2549 eum
1138 2522 1210 2549 hanc
1223 2522 1309 2557 ipsam
1323 2521 1495 2548 divinitatem
1509 2529 1570 2548 cum
1585 2521 1674 2548 anima
1688 2519 1763 2546 velut

976 2568 1004 2594 in
1030 2569 1170 2602 procinctu
1200 2568 1318 2602 quodam
1346 2575 1408 2595 esse
1434 2567 1548 2598 videret,
1569 2571 1597 2593 ut
1620 2564 1761 2594 sanctissi-

978 2622 1051 2641 mum
1084 2622 1184 2650 corpus
1222 2614 1398 2647 relinqueret,
1426 2621 1458 2640 ex
1482 2612 1616 2639 Dominici
1644 2609 1761 2637 hominis

978 2689 1051 2725 ἤδηκ
1091 2690 1100 2705 ³
1111 2689 1189 2716 Joan.
1207 2698 1261 2723 xw,
1277 2690 1320 2717 18.
1358 2690 1368 2706 ⁸
1383 2689 1477 2717 Matth.
1492 2697 1563 2719 rm,
1575 2688 1618 2714 5t.
1657 2687 1667 2702 '
1681 2685 1762 2712 Joan.

137 2727 197 2752 xvi,
216 2716 262 2747 321'
299 2722 309 2736 “
322 2716 402 2748 aia...“
420 2731 463 2754 xv,
477 2723 527 2755 26;
545 2716 713 2756 xv1,'t'£,t."$'.
751 2725 760 2739 ⁷
777 2716 860 2758 Apoc.
877 2732 918 2758 ul,
932 2724 971 2751 ΞΟ.
988 2716 994 2725 ’
1012 2716 1026 2740 θ’
1038 2724 1116 2752 Joan.
1134 2733 1188 2757 xiv,
1202 2725 1247 2752 25.

176 2810 233 2844 (99)
259 2809 370 2843 Ὀρῶσα
392 2810 449 2843 ἤδη
472 2810 528 2844 τὴν
548 2811 682 2844 θεότητα.
706 2811 858 2839 Prudenter
880 2812 925 2839 hic

134 2847 218 2874 locus
238 2844 416 2882 explicandus
442 2849 493 2872 est.
516 2845 574 2882 Non
597 2847 670 2873 enim
691 2847 782 2874 soluta
802 2851 843 2874 est
863 2851 926 2882 post

136 2883 257 2908 mortem
280 2880 404 2915 corporis
424 2888 485 2908 eum
511 2881 653 2909 divinitate
678 2880 925 2916 conjunctiofsed

1000 2813 1052 2840 und
1068 2813 1158 2839 anima
1177 2813 1285 2847 vitaque
1305 2811 1466 2838 destitutum
1487 2813 1539 2847 est.
1561 2809 1594 2835 ab
1622 2808 1680 2844 ipsa
1693 2814 1763 2843 quo-

1000 2821 1052 2840 ιιυιι
1068 2821 1158 2839 annua
1177 2821 1285 2847 \‘Ilatllle
1305 2821 1466 2838 uesututuru
1487 2821 1539 2839 CN,
1561 2821 1594 2835 illi
1623 2821 1639 2844 Il

980 2821 1127 2875 iiammodo
1143 2847 1285 2875 divinitate
1304 2853 1404 2881 corpus
1423 2849 1465 2873 est
1485 2845 1619 2873 relictum.
1636 2866 1639 2870 .
