1929 3039
174 194 224 220 ὂῡῖ

855 193 883 221 S.
907 193 1028 221 EPIPIIA
1035 192 1076 220 NII

1748 189 1799 216 .708

175 261 302 289 persona,
317 254 370 281 hoc
382 258 423 281 cst
434 253 558 281 humanae
571 258 675 282 natura:
685 262 700 281 a
710 254 799 282 Verbo
809 258 961 290 susceptae:

1020 254 1180 289 καταχθόνια
1200 254 1246 280 ἐπὶ
1267 254 1297 280 τὸ
1314 252 1482 289 ἐργάσασθαι
1498 252 1548 287 τὴν
1564 251 1621 278 ἐκεῖ
1631 250 1685 278 τῶν
1700 257 1800 286 προκε-

174 301 276 336 quippe
300 300 430 328 divinitas
451 300 543 327 omnia
565 308 625 335 quze
646 301 679 328 ad
704 301 840 336 passionis
863 305 963 336 myste-

175 346 246 373 rium
264 347 415 374 attinebant
431 346 562 381 perlicere
583 345 753 378 deurcverat,
768 351 795 374 et
811 346 844 373 ad
862 346 964 374 inferos

175 400 238 418 cum
259 393 350 419 anima
371 391 558 425 descendere;
587 396 615 419 ut
629 400 676 420 eos
702 394 749 428 qui
766 399 844 422 antea
863 393 963 422 mortui

174 440 262 469 erant,
275 437 325 464 hoc
335 440 377 464 est
392 441 503 464 sanctos
518 437 700 472 patriarchas,
715 439 742 466 in
760 440 876 468 salutem
890 447 965 467 asse-

175 485 258 509 reret.
274 482 341 509 Cum
362 483 444 518 igitur
461 483 511 510 ista
523 483 579 517 jam
595 483 775 517 agitarentur,
791 494 825 512 ex
839 486 965 512 humanae

174 532 279 555 natura:
294 536 409 562 persona
427 537 478 556 vox
495 529 529 555 ad
541 529 715 564 eonjunctam
729 531 899 559 divinitatem
917 532 964 558 illa

175 575 218 599 cst
237 572 308 599 edita
325 582 332 599 :
349 572 420 600 Deus
434 581 517 605 meus,
534 573 604 600 Deus
619 583 702 607 meus,
717 584 800 610 quare
817 578 857 604 m'e
869 576 966 603 dereli-

175 617 277 650 quisli?
293 617 350 644 [Ioc
375 622 466 645 autem
487 618 591 646 idcirco
613 619 671 647 ﬁeri
691 620 795 653 debuit,
813 626 843 648 ut
857 621 964 649 divina-

175 670 236 689 rum
258 663 292 690 ab
319 663 366 690 illo
400 663 606 698 Scripturarum
636 665 816 700 implerentur
839 668 964 700 oracula.

173 716 234 743 quze
249 709 283 735 ah
295 708 355 743 ejus
366 709 507 744 prophetis
519 709 552 736 de
573 710 634 744 ipso
648 712 823 746 pronuntiata
838 713 964 741 fuerant:

174 762 228 788 quo
241 754 292 782 sub
307 754 426 782 hominis
442 756 533 790 specie
548 756 582 783 ad
602 756 704 785 inferos
721 757 890 786 descendens
905 766 966 794 qua:

176 800 231 826 illic
247 804 326 826 erant
343 800 469 828 obeunda
485 806 646 836 praestaret;
667 808 749 838 atque
761 808 790 830 ut
811 804 875 832 dum
896 805 965 832 infe-

176 851 268 870 rorum
294 845 432 879 princeps,
450 848 476 872 et
491 853 566 873 mors
581 847 719 881 captivum
742 847 880 875 hominem
897 848 965 876 deli-

176 897 241 916 nere
258 889 362 921 volunt,
379 894 406 917 et
421 890 596 925 conjunctam
611 899 672 919 cum
688 893 780 920 anima
794 894 963 922 divinitatem

1016 298 1191 333 κοιμημένων
1210 299 1358 334 σωτηρίαν,
1380 298 1446 332 φησι
1463 297 1491 324 δὲ
1512 296 1596 330 ἁγίων
1613 295 1800 332 πατριαρχῶν.

1021 345 1065 376 Ὦς
1080 343 1126 371 οὖν
1147 345 1163 380 ἡ
1180 345 1287 379 κίνησις
1300 344 1386 374 οὕτως
1400 343 1516 378 ἐγένετο,
1532 343 1586 370 ἀπὸ
1597 341 1742 377 προσώπου
1754 342 1801 376 τῆς

1016 392 1247 427 ὲνανθρωπήσεως
1263 391 1279 426 ἡ
1293 391 1368 425 φωνὴ
1382 390 1472 424 ἔλεγεν
1489 389 1556 424 αὐτῇ
1570 390 1603 424 τῇ
1622 388 1673 424 ἰδίᾳ
1685 387 1800 422 θεότητι·

1016 436 1069 464 Θεέ
1080 445 1151 471 μου,
1169 435 1222 463 Θεέ
1240 445 1310 471 μου,
1334 436 1384 462 ἵνα
1402 436 1431 462 τί
1449 443 1488 470 με
1505 434 1713 469 ἐγκατέλιπες
1733 433 1802 459 Ἀλλ’

1015 483 1068 509 ἔδει
1080 483 1160 509 τοῦτο
1174 481 1364 517 γενέσθαι,,ῖνα
1379 480 1542 517 πληρωθῶσι
1555 480 1588 507 δι’
1599 479 1680 506 αὐτοῦ
1696 481 1724 506 αἱ
1733 479 1803 506 θεῖαι

1015 529 1122 565 Γραφαὶ
1138 529 1182 556 διὰ
1200 528 1255 555 τῶν
1275 528 1347 555 ἰδίων
1367 527 1450 554 αὑτοῦ
1470 526 1615 562 προφητῶν
1634 525 1697 560 περὶ
1721 524 1803 551 αὐτοῦ

1016 573 1273 609 προκεκηρυγμένα·
1287 573 1331 600 ἵνα
1343 572 1475 608 πληρώσῃ
1489 572 1536 599 καὶ
1547 571 1581 598 τὰ
1596 571 1667 598 κατὰ
1680 569 1727 596 τοῦ
1739 569 1803 605 ᾅδου

1015 620 1044 645 ἐν
1058 620 1091 654 τῇ
1108 619 1164 654 ἰδέᾳ
1179 619 1224 646 τοῦ
1241 618 1386 654 ἀνθρώπου
1401 618 1469 654 πρὸς
1481 619 1525 644 τὸν
1539 616 1614 652 ᾅδην·
1630 616 1674 643 ἴνα.
1686 616 1700 641 ὁ
1712 615 1804 650 ἄρχων

1015 664 1029 689 ὁ
1045 663 1123 699 ᾅδης,
1137 664 1184 690 καὶ
1198 665 1212 690 ὁ
1225 664 1339 695 θάνατος
1360 662 1544 698 χειρώσασθαι
1568 661 1709 697 ἄνθρωπον
1726 661 1805 695 θελή-

1016 718 1076 741 σας,
1095 709 1165 736 κατὰ
1186 709 1294 743 ἄγνοιαν
1308 709 1412 744 ἀγνοῶν
1425 709 1472 744 τὴν
1493 710 1521 735 ὲν
1542 709 1575 743 τῇ
1597 708 1669 742 ψυχῇ
1685 709 1718 742 τῇ
1740 707 1804 742 ἁγιξι

1016 755 1123 790 Θεότητι
1136 755 1157 786 ³,
1173 755 1220 781 καὶ
1231 754 1331 790 μᾶλλον
1346 755 1425 781 αὑτὸν
1436 754 1481 780 τὸν
1493 753 1560 789 ᾅδην
1571 753 1744 789 χειρωθῆναι,
1760 752 1805 779 καὶ

1015 801 1061 827 τὸν
1077 801 1191 828 θάνατον
1211 801 1405 836 καταλυθῆναι,
1425 800 1472 827 καὶ
1489 799 1663 835 πληρωθῆναι
1679 799 1710 825 τὸ
1728 799 1804 833 εἰρη-

1018 846 1107 881 μένον·
1123 847 1184 872 Οὺκ
1199 844 1300 878 ἐάσεις
1313 845 1370 879 τὴν
1384 844 1490 878 ψυχήν
1500 852 1559 878 μου
1571 844 1615 875 εις
1631 842 1717 876 ᾅδην,
1734 841 1806 869 οὐδὲ

1016 890 1123 924 δώσεις
1138 890 1191 917 τὸν
1202 891 1303 917 Ὀσ-ιόν
1312 898 1370 916 σου
1391 889 1465 916 ὶὸεῖν
1480 887 1652 922 διαφθοράν.
1667 886 1736 913 Οὔτε
1751 886 1806 921 γὰρ

177 935 322 969 ignorant.
347 939 404 962 tum
428 936 480 970 ipsi
509 936 601 971 potius
632 937 712 965 inferi
735 943 908 974 caperentur,
936 947 966 967 ac

1023 936 1168 963 κατέλιπεν
1179 937 1192 963 ὀ
1204 937 1280 971 ἅγιος
1288 935 1354 968 Θεὸς
1362 935 1446 970 Λόγος
1456 935 1504 970 τὴν
1520 934 1618 969 ψυχὴν,
1631 932 1692 959 οὕτε
1706 933 1806 967 ἐγκατ-

178 981 275 1007 mortis
291 979 448 1009 dominatus
460 987 642 1015 everteretur.
664 987 692 1012 et
714 985 876 1019 impleretur
895 986 967 1020 quod

178 1026 311 1060 scriptum
332 1030 390 1054 est:
407 1026 468 1054 Non
493 1028 623 1064 relinques
638 1030 757 1056 animam
777 1039 861 1057 meam
877 1032 905 1057 in
924 1031 967 1057 in-

177 1070 270 1104 ferna,-
290 1079 336 1098 nec
362 1071 438 1099 dabis
459 1072 587 1100 Sanctum
612 1079 686 1100 tuum
705 1075 791 1102 videre
814 1076 964 1109 corruptio-

177 1117 265 1144 uem‘.
292 1117 359 1144 Nam
383 1125 472 1153 neque
489 1118 534 1146 Dei
555 1119 677 1147 Verbum
695 1121 815 1148 animam
832 1121 966 1154 destituit,

177 1169 228 1190 nec
243 1162 318 1191 illius
335 1164 426 1192 anima
442 1164 514 1199 apud
529 1164 632 1193 inferos
649 1169 692 1193 est
710 1166 816 1193 relicta.
831 1166 966 1194 Caeterum

178 1208 236 1236 haec
246 1208 350 1242 omnia,
373 1217 434 1245 quae
457 1209 491 1237 ad
513 1210 610 1245 ingens
637 1209 705 1237 illud
728 1211 887 1246 mysterium
905 1219 967 1246 spe-

179 1256 265 1286 ctant,
286 1258 464 1282 sacrosancta
490 1254 614 1283 Trinitas
637 1256 767 1283 universa
793 1256 887 1283 molita
912 1261 965 1288 e5t,

179 1295 269 1330 Pater,
292 1301 320 1325 et
341 1297 438 1331 Filius,
466 1303 494 1326 et
518 1298 639 1333 Spiritus
664 1306 786 1328 sanctus.
807 1301 846 1327 Ex
865 1301 966 1336 quibus

1016 982 1128 1018 ελείφθη
1141 983 1158 1018 ὴ
1175 982 1249 1018 ψυχὴ
1266 981 1349 1010 αὑτοῦ
1366 982 1395 1008 ὲν
1410 981 1470 1017 ᾄδῃ.
1487 980 1580 1007 Πάντα
1603 979 1657 1014 γὰρ
1672 978 1807 1012 οἰκονομεῖ

1015 1029 1049 1056 τὰ
1070 1029 1121 1064 τῆς
1153 1028 1279 1064 τοιαύτης
1311 1028 1432 1064 μεγάλης
1463 1025 1658 1062 μυσταγωγίας
1679 1025 1696 1059 ἡ
1723 1023 1807 1058 Τριὰς

1016 1075 1238 1110 ἀπαραλείπτως,
1260 1076 1274 1101 ὁ
1296 1074 1402 1110 Πατὴρ,
1427 1074 1471 1100 καὶ
1490 1073 1504 1099 ὁ
1519 1072 1592 1104 Υἱὸς,
1615 1070 1661 1097 καὶ
1683 1070 1713 1096 τδ
1731 1070 1808 1103 ἅγιον

1016 1117 1138 1156 Πνεῦμα,
1163 1120 1210 1146 τοῦ
1234 1121 1282 1155 μὲν
1311 1119 1376 1146 Υἱοῦ
1405 1118 1549 1154 ὲνσάρκου,
1576 1115 1623 1143 τοῦ
1647 1116 1675 1142 δὲ
1701 1115 1808 1150 [ἰατρὸς

1016 1165 1164 1200 ἀσωμάτου
1184 1165 1363 1200 ὑπάρχοντος,
1379 1163 1487 1199 εὐδοκία
1502 1162 1530 1189 δὲ
1547 1161 1600 1197 ἰδίᾳ
1617 1161 1663 1187 καὶ
1682 1160 1808 1195 βουλήσει

1017 1210 1176 1245 Πνεύματος
1190 1210 1268 1244 ἁγίου
1287 1209 1334 1236 τοῦ
1349 1209 1507 1244 ἀσωμάτου,
1524 1207 1588 1235 Υἱοῦ
1604 1206 1632 1233 δὲ
1648 1205 1808 1240 ὲνσωμὰτου

1015 1256 1174 1292 γενομένου,
1188 1255 1256 1282 ἀλλὰ
1270 1255 1416 1291 ἀτρέπτου.
1435 1254 1476 1280 Τὰ
1492 1253 1520 1279 δὲ
1534 1252 1583 1280 ὅλα
1597 1252 1650 1279 ἀπὸ
1662 1251 1712 1286 τῆς
1724 1251 1808 1286 Τριά-

1015 1302 1238 1338 δος-ῲκονομείτο
1252 1301 1372 1337 σωτήρια
1385 1301 1441 1332 τοῖς
1455 1299 1616 1335 ἀνθρώποις.

179 1341 264 1371 Filius
281 1351 365 1371 carne
390 1345 533 1379 praeditus,
552 1344 632 1372 Pater
643 1347 768 1382 corporis
783 1355 899 1382 expers;
918 1347 1005 1376 Filius
1018 1356 1084 1376 vero
1097 1352 1195 1383 sponte
1227 1355 1286 1380 sua,
1302 1355 1335 1374 ac
1359 1347 1395 1374 de
1421 1346 1510 1374 sancti
1541 1344 1659 1380 Spiritus
1690 1345 1809 1372 carentis

179 1396 293 1424 corpore
314 1391 451 1419 voluntate
473 1399 575 1427 corpus
598 1391 701 1426 induit;
724 1394 805 1428 79o
828 1394 865 1421 ita
900 1399 991 1422 tamen
1027 1400 1057 1423 ut
1091 1395 1259 1423 immutabile
1293 1396 1477 1430 permaneret.
1513 1391 1601 1426 Atque
1631 1391 1687 1418 hch
1717 1392 1808 1418 omnia

179 1441 274 1464 sancta
288 1436 408 1466 Trinitas
427 1438 461 1466 ad
482 1439 592 1466 humani
618 1440 734 1467 salutem
751 1441 858 1475 generis
875 1441 1087 1471 administravit.

213 1483 306 1511 LXIII.
327 1485 461 1517 Quocirca
484 1493 545 1514 cum
569 1487 683 1515 dixisset
701 1498 706 1514 :
722 1487 810 1521 Quare
830 1497 870 1515 me
893 1491 966 1516 dere-

179 1527 301 1563 !lquisli?
320 1529 361 1556 sic
377 1530 405 1557 in
420 1530 474 1558 alio
499 1531 559 1558 Ioco
585 1531 672 1559 dixit:
697 1531 760 1559 Non
786 1538 810 1559 te
835 1533 964 1565 deseram,

179 1581 259 1609 neque
285 1579 308 1602 te
337 1575 518 1611 derelinquam
538 1579 559 1604 ².
580 1577 687 1605 Etenim
714 1578 806 1605 triduo
823 1586 924 1614 corpus
938 1579 965 1606 in

179 1620 306 1654 sepulcro
323 1622 415 1655 jacere
429 1622 533 1655 debuit,
554 1627 584 1650 ut
599 1623 665 1650 illud
690 1624 849 1652 vaticinium
874 1624 970 1660 imple-

179 1671 253 1692 retur
268 1675 273 1692 :
295 1666 327 1693 Et
339 1667 426 1702 [actus
441 1677 498 1695 sum
513 1669 580 1696 inter
594 1674 710 1696 mortuos
721 1669 823 1702 liber';
837 1673 881 1697 et:
902 1670 968 1696 Pro-

179 1712 297 1743 iecerunt
324 1721 365 1740 me
389 1713 514 1741 dilectum
535 1720 661 1750 tanquam
681 1715 792 1742 cadaver
813 1715 968 1742 abominan-

177 1757 271 1784 dum".
288 1757 356 1785 Tum
370 1759 456 1786 illud:
475 1759 536 1786 Non
553 1759 631 1787 dabis
647 1760 775 1787 Sanctum
796 1765 868 1787 ιιιιιιιι
886 1760 969 1788 videre

178 1804 392 1838 corruptionan
407 1813 415 1837 ;
431 1809 460 1832 ut
485 1806 536 1832 sub
551 1806 638 1833 sancti
662 1807 782 1838 nomine,
803 1813 905 1841 corpus
923 1813 969 1833 ex—

179 1849 288 1884 primat,
303 1851 478 1885 animamque
492 1851 590 1879 doceat
603 1859 637 1879 ne
651 1853 723 1887 apud
739 1852 842 1880 inferos
860 1852 969 1887 quidem

179 1895 349 1928 destitutam,
366 1897 393 1923 in
411 1904 474 1930 qua,
497 1904 559 1924 cum
582 1897 609 1924 in
635 1898 682 1924 illo
706 1898 766 1925 loco
790 1897 968 1930 detineretur,

181 1940 227 1967 Dei
253 1940 372 1967 Verbum
396 1941 495 1974 inerat,
517 1946 547 1968 ut
566 1942 638 1976 quod
663 1942 698 1969 ab
720 1942 851 1976 apostolis
866 1942 969 1970 dictum

179 1989 222 2012 cst
247 1986 336 2020 reipsa
353 1986 553 2020 perﬁceretur:
570 1987 737 2022 lmpossibile
749 1988 817 2014 enim
830 1994 886 2015 erat
903 1988 970 2014 deti-

180 2031 238 2058 neri
251 2031 327 2058 illum
343 2032 375 2058 ab
390 2032 482 2066 inferis
496 2032 521 2060 ’,⁷
545 2033 616 2065 Quid
637 2036 680 2060 est
703 2033 775 2068 quod
803 2033 971 2068 impossibile

182 2078 265 2106 fuisse
292 2083 395 2110 narrat,
423 2079 475 2106 nisi
498 2080 570 2115 quod
591 2083 618 2107 ct
640 2088 714 2107 mors
744 2084 770 2107 et
793 2079 872 2107 inferi
897 2080 970 2106 illius

180 2123 299 2150 animam
314 2124 436 2152 detinere
458 2125 610 2156 studerent,
634 2125 692 2152 ﬁeri
712 2129 802 2152 tamen
820 2125 855 2152 ob
871 2125 969 2152 divini-

180 2173 262 2196 tatem
276 2176 330 2196 non
348 2170 448 2204 potuit.
463 2174 491 2197 ut
505 2171 539 2198 ab
554 2170 608 2198 illis
622 2171 815 2198 coerceretur?
830 2170 890 2198 Jam
906 2179 970 2199 vero

179 2215 202 2241 si
215 2215 250 2241 ob
265 2215 434 2242 divinitatem
450 2216 536 2250 ipsam
551 2217 686 2244 contineri
698 2217 789 2243 anima
802 2225 856 2244 non
872 2217 968 2252 potuit,

1055 1490 1113 1518 EI".
1131 1490 1179 1517 Διὰ
1190 1490 1268 1517 τοῦτο
1282 1489 1363 1516 πάλιν
1371 1489 1399 1515 ἐν
1409 1488 1495 1524 ἑτέρῳ
1506 1486 1598 1523 φησὶν,
1615 1485 1708 1520 ἐπειδὴ
1721 1483 1808 1511 εἶπεν·

1020 1537 1082 1564 Ἵνα
1093 1537 1121 1563 τί
1132 1536 1324 1572 ἐγκατέλιπές
1333 1544 1389 1570 με;
1403 1532 1454 1561 ὦδε
1472 1533 1556 1568 λέγει·
1573 1534 1613 1560 Οὐ
1623 1532 1665 1568 μή
1682 1540 1720 1559 σε
1737 1532 1809 1563 ἀνῶ,

1020 1582 1083 1610 οὐδ’
1100 1583 1136 1610 οὺ
1148 1582 1190 1617 μή
1203 1590 1240 1608 σε
1252 1581 1467 1617 ἐγκαταλείποι.
1483 1580 1557 1607 Ἔδει
1570 1579 1625 1615 γὰρ
1638 1578 1765 1613 γενέσθαι
1779 1577 1810 1604 τὸ

1020 1629 1166 1664 τριήμερον
1182 1629 1259 1662 σῶμα
1272 1628 1301 1654 ὲν
1309 1627 1347 1662 τῷ
1357 1626 1489 1662 μνήματι,
1498 1626 1542 1652 ἵνα
1553 1625 1680 1661 πληρωθῇ
1691 1624 1720 1651 τὸ
1734 1626 1810 1660 εἰρη-

1022 1674 1112 1709 μένοψ
1135 1673 1190 1700 Καὶ
1206 1673 1354 1708 ἐγενόμην
1375 1673 1410 1699 ἐν
1433 1671 1550 1705 νεκροῖς
1569 1671 1735 1704 ἐλεύθερος·
1753 1671 1810 1703 καὶ,

1026 1718 1208 1753 Ἀπέρῤιψάν
1218 1727 1256 1753 με
1271 1719 1325 1744 τὸν
1343 1717 1507 1752 ἀγαπητὸν,
1522 1717 1593 1743 ὡσεὶ
1608 1716 1716 1749 νεκρδν
1731 1715 1809 1742 ἐϐδε-

1020 1763 1179 1798 λυγμένον.
1190 1763 1245 1789 Καὶ
1260 1763 1303 1789 ἵνα
1311 1762 1452 1798 πληρωθῇ,
1464 1763 1504 1788 οὺ
1519 1761 1626 1794 δώσεις
1640 1760 1693 1787 τὸν
1710 1761 1812 1787 ’Όσιόν

1021 1817 1078 1836 σου
1102 1808 1175 1841 ἰδεῖν
1193 1807 1367 1842 διαφθοράν·
1395 1808 1440 1833 ἵνα
1463 1808 1536 1843 δείξῃ
1558 1807 1589 1833 τὸ
1604 1807 1676 1832 ὅσιον
1697 1806 1741 1832 διὰ
1765 1805 1811 1832 τοῦ

1022 1855 1157 1890 σώματος,
1174 1855 1219 1881 καὶ
1231 1855 1274 1882 ἵνα
1284 1854 1358 1890 δείξῃ
1372 1855 1441 1890 μήτε
1451 1854 1539 1890 ψυχὴν
1554 1851 1812 1888 ἐγκαταλειφθεῖσαν

1021 1900 1050 1926 ὲν
1064 1900 1124 1936 ᾇδῃ.
1146 1900 1189 1926 Ἐν
1208 1900 1278 1935 αὐτῇ
1294 1900 1348 1935 γὰρ
1361 1899 1405 1926 διὰ
1421 1899 1470 1935 τῆς
1484 1898 1647 1933 κατακωχῆς
1664 1898 1692 1923 ὲν
1709 1897 1747 1932 τῷ
1762 1897 1812 1932 ᾅδῃ

1020 1943 1053 1980 ἦν
1066 1946 1080 1972 ὁ
1091 1945 1157 1976 Θεὸς
1167 1945 1261 1979 Λόγος,
1274 1945 1316 1972 ἵνα
1331 1943 1460 1981 πληρώσῃ
1475 1944 1504 1970 τὸ
1513 1943 1660 1987 ξῑρημένον
1671 1943 1747 1977 παρὰ
1758 1942 1812 1969 τῶν

1021 1989 1186 2016 ἀποστόλων·
1218 1989 1381 2016 Ἀδύνατον
1401 1989 1457 2024 γὰρ
1469 1987 1508 2024 ἦν
1529 1988 1699 2023 κρατεῖσθαι
1718 1987 1813 2014 αὐτὸν

1021 2035 1080 2062 ὑπὸ
1100 2034 1154 2062 τοῦ
1174 2035 1258 2068 ᾅδου.
1279 2035 1333 2062 Καὶ
1350 2035 1422 2066 τίνος
1437 2034 1518 2061 ἕνεκα
1535 2034 1565 2060 τὸ
1582 2033 1711 2060 ἀδύνατον
1726 2033 1810 2067 λέγει,

1022 2080 1079 2107 ἀλλ’
1102 2080 1142 2106 ὃτι
1160 2080 1272 2107 ἔσπευδε
1291 2080 1339 2116 μὲν
1357 2081 1370 2107 ὁ
1390 2080 1505 2112 Θάνατος
1531 2079 1578 2105 καὶ
1596 2080 1610 2105 ὁ
1634 2079 1700 2114 ᾅδης
1726 2087 1810 2105 κατα-

1023 2128 1096 2162 σχεῖν
1113 2126 1213 2162 ψυχὴν,
1231 2126 1360 2154 ἀδύνατον
1375 2126 1404 2153 δὲ
1420 2123 1454 2162 ἦν
1469 2125 1517 2161 τὴν
1528 2125 1616 2161 ψυχὴν
1630 2124 1712 2151 αὑτοῦ
1727 2133 1812 2151 κατι·

1022 2173 1150 2209 σχεθῆναι
1169 2173 1213 2199 διὰ
1231 2173 1280 2208 τὴν
1295 2172 1424 2207 οεὁτητα;
1443 2171 1474 2198 Εἰ
1491 2171 1519 2198 δὲ
1535 2170 1662 2197 ἀδύνατον
1678 2168 1710 2206 ’ἦν
1728 2178 1813 2196 καται

1023 2218 1150 2253 σχεθῆναι
1165 2218 1209 2244 διὰ
1224 2219 1274 2253 τὴν
1287 2217 1410 2253 θεότητα,
1425 2217 1483 2249 πῶς
1495 2217 1548 2252 ἄρα
1561 2217 1593 2243 ἐκ
1606 2215 1752 2251 προσώπου
1763 2217 1811 2251 τῆς

179 2260 291 2294 quinam
308 2268 340 2288 ex
357 2269 474 2295 persona
486 2262 637 2289 divinitatis
653 2266 814 2297 usurpatum
828 2262 895 2289 illud
907 2267 946 2290 est
959 2272 965 2290 τ

1021 2263 1103 2290 αὐτοῦ
1128 2264 1253 2299 θεότητος
1275 2263 1390 2298 ἠδύνατο
1413 2263 1527 2298 ῥηθῆναι
1543 2262 1584 2295 τὸ,
1601 2261 1653 2288 Θεέ
1670 2269 1741 2296 μου,
1760 2262 1812 2288 Θεέ

182 2307 249 2333 Deus
262 2315 344 2340 meus,
356 2307 426 2334 Deus
437 2316 518 2340 meus,
530 2316 612 2342 quare
625 2316 664 2334 me
675 2308 858 2343 dereliqnisti?
875 2308 968 2337 Restat

179 2352 261 2386 igitur
273 2357 343 2380 utex
356 2352 481 2380 humana:
491 2358 594 2380 naturae
606 2361 723 2390 persona
745 2359 771 2381 et
787 2354 886 2381 aﬂ‘ectu
903 2363 969 2390 quo-

179 2399 242 2424 dam
262 2398 381 2426 humano
396 2399 498 2425 dictum
514 2399 579 2426 illud
595 2401 728 2432 videatur,
747 2404 776 2427 ul.
795 2400 966 2427 incarnatio-

181 2451 241 2471 ncm
259 2451 314 2470 non
331 2446 422 2478 specie
435 2444 567 2471 duntaxat
583 2445 785 2478 adumbratam,
811 2446 857 2473 sed
876 2447 967 2480 reipsa

179 2497 298 2523 vereque
323 2490 543 2517 administratam
568 2490 653 2519 fuisse
682 2491 831 2519 discamus.
863 2491 966 2527 Ecquid

181 2544 271 2570 porro.
297 2541 393 2570 przcter
408 2537 433 2563 id
449 2537 522 2572 quod
541 2545 638 2564 somno
655 2538 751 2565 mortis
769 2539 889 2572 sopitum
910 2538 967 2565 fue—

180 2586 232 2615 rat,
245 2590 260 2609 e
276 2586 348 2609 terra
366 2583 503 2610 surrexit?
520 2582 641 2610 Surrexit
653 2584 732 2616 enim,
750 2583 849 2618 inquit,
865 2591 916 2610 non
928 2588 968 2610 est

178 2629 220 2654 llic
228 2629 248 2655 ⁷.

213 2673 304 2700 I..\'IV.
323 2674 459 2707 Quidnam
476 2675 541 2701 illud
555 2675 709 2702 surrexisse
722 2675 822 2704 dicitur
842 2675 894 2702 nisi
907 2683 968 2702 cor-

179 2727 240 2753 pus.
252 2724 280 2746 et
294 2721 403 2754 quidem
416 2720 482 2747 illud
493 2721 582 2754 ipsum
592 2728 702 2754 corpus.
716 2720 787 2755 quod
801 2721 826 2746 in
843 2721 968 2755 sepulcro

179 2764 286 2799 jacuit?
316 2766 414 2793 Anima
441 2774 523 2801 porro
547 2774 609 2793 cum
635 2766 728 2793 divino
754 2766 843 2793 Verbo
867 2767 968 2801 pariter

217 2843 224 2856 ‘
243 2841 314 2870 Psal.
331 2852 375 2871 xv.
394 2844 444 2872 I0;
462 2844 522 2870 Act.
541 2851 570 2873 ιι,
587 2844 633 2870 ‘27.

183 2875 236 2909 ως
251 2877 308 2906 Aet.
329 2887 358 2911 II,
375 2880 416 2904 27.
467 2879 476 2893 ⁴
490 2879 548 2906 Act,
571 2888 599 2912 ιι,
618 2879 662 2906 i4.
714 2880 724 2895 "
743 2878 825 2906 Marc.
842 2887 895 2911 va,
909 2879 936 2906 6.

672 2844 681 2858 ¹
697 2843 744 2870 Jns
772 2852 790 2874 I,
806 2844 839 2875 5;
853 2843 932 2870 IIchr.
955 2852 1014 2874 xm.
1030 2845 1055 2871 fi.

1019 2318 1091 2344 μου,
1107 2310 1157 2336 ἵνα
1167 2310 1194 2335 τι
1208 2309 1401 2343 ἐγκατέλιπές
1415 2317 1472 2343 με;
1492 2308 1560 2334 Ἀλλ’
1581 2306 1657 2339 οὗτος
1675 2308 1707 2333 ὲκ
1727 2316 1811 2343 προσ-

1022 2355 1097 2381 ώπου
1130 2355 1180 2389 τῆς
1211 2353 1293 2381 αὐτοῦ
1323 2354 1554 2389 ὲνανθρωπήσεως
1589 2352 1811 2387 ἁνθρωποπαθῶς

1022 2401 1159 2428 ἐδείκνυτο
1175 2402 1188 2427 ὁ
1207 2401 1294 2435 λόγος,
1320 2401 1362 2427 ἵνα
1384 2401 1514 2435 μάθωμεν
1531 2399 1665 2435 ἀληθινῶς
1682 2397 1751 2425 εἶναι
1764 2399 1810 2433 τὴν

1022 2447 1153 2483 ἕνσαρκον
1169 2448 1330 2482 παρουσίαν,
1347 2447 1394 2472 καὶ
1405 2446 1434 2472 οὐ
1449 2446 1556 2480 δοκήσει
1568 2446 1584 2480 ἦ
1597 2445 1732 2480 φαντασίᾳ
1747 2444 1809 2479 παρ’

1020 2492 1102 2518 αὐτοῦ
1114 2492 1348 2527 οἰκονομηθείςαν.
1371 2491 1484 2526 ’Λνέστη
1498 2491 1527 2517 δὲ
1543 2491 1596 2517 ἀπὸ
1607 2491 1658 2525 τῆς
1672 2490 1724 2525 γῆς
1736 2491 1810 2516 ποῖον

1019 2538 1076 2565 ἀλλ’
1091 2537 1107 2572 ἢ
1121 2537 1152 2563 τὸ
1165 2537 1310 2572 κοιμηθέν;
1332 2536 1452 2570 Ἀνέστη
1471 2536 1535 2570 γὰρ,
1551 2536 1642 2571 φησὶν,
1657 2537 1711 2562 οὐκ
1725 2537 1810 2562 ἐστιν

1018 2581 1086 2611 ὧδε.

1057 2674 1113 2701 ΞΔ¹¹
1123 2675 1192 2701 Τίδὲ
1206 2674 1237 2700 τὸ
1248 2673 1365 2700 ἀναστὰν
1382 2673 1438 2700 ἀλλ’
1451 2673 1467 2708 ἢ
1482 2673 1512 2699 τὸ
1524 2673 1616 2708 adma;
1632 2672 1714 2707 Σῐιμα
1722 2673 1749 2699 δὲ
1757 2672 1808 2707 ἄρα

1021 2721 1051 2746 τὴ
1067 2721 1095 2746 ἐν
1109 2720 1146 2755 τῷ
1164 2720 1294 2755 μνήματι,
1310 2720 1356 2746 καὶ
1368 2721 1384 2754 ἡ
1403 2719 1475 2754 ψυχὴ
1491 2719 1518 2744 δὲ
1534 2718 1681 2753 συνανῆλθε
1698 2719 1736 2753 τῷ
1752 2718 1808 2752 Θεῴ

1022 2766 1110 2801 Λόγῳ.
1132 2766 1186 2792 Καὶ
1204 2765 1282 2792 πάλιν
1304 2766 1348 2791 ἐπὶ
1365 2765 1394 2791 τὸ
1409 2764 1475 2791 αὐτὸ
1498 2764 1615 2800 ἐπλήρου
1637 2764 1686 2799 τὴν
1704 2765 1807 2790 τελείαν

1095 2844 1105 2860 ⁸
1120 2844 1190 2871 I‘sul.
1207 2851 1327 2874 Lxxwu.
1344 2844 1370 2870 6.
1409 2843 1481 2870 ‘Isa.
1497 2851 1552 2874 xiv,
1569 2844 1608 2870 19.
1649 2844 1658 2859 ⁵
1673 2842 1746 2870 Psal.
1761 2850 1804 2875 xv,

975 2880 985 2894 ⁸
1004 2879 1067 2914 ch.
1087 2879 1211 2913 ouem,
1224 2880 1271 2906 sed
1289 2879 1363 2907 deest
1375 2879 1486 2914 aliquid.
