1929 3039
92 181 145 210 309

441 182 624 211 ADVERSUS
644 183 816 212 ilrERESES
831 183 895 212 LIB.
917 185 951 213 ll.
971 184 1052 213 TOM.
1071 185 1103 214 ll.
1123 200 1158 206 —
1177 185 1315 214 li/ERES.
1336 185 1426 214 LXIX.

1676 188 1726 214 5H!

92 239 241 266 ἀνάστασιν
256 238 286 265 ὲν
299 239 331 275 τῇ
349 239 417 275 αὐτῇ
436 239 554 275 θεότητι,
572 241 601 266 ὲν
619 242 651 276 τῇ
673 241 743 276 αὐτῇ
764 241 848 276 ψυχῇ,
863 243 890 269 ὲν

947 243 976 269 ab
996 243 1091 271 inferis
1112 243 1234 271 emersit.
1256 242 1412 271 Secundum
1436 251 1496 278 qum
1520 243 1685 270 consociatis
1701 245 1728 270 in

91 285 132 320 τῷ
149 284 226 320 αὐτῷ
240 284 311 320 ἁγίῳ
329 284 446 320 σώματι,
463 285 617 317 συνενώσας
632 285 724 312 λοιπὸν
739 286 788 320 τὴν
799 287 889 312 πᾶσαν

92 330 252 366 οίκονομίαν
275 331 315 362 είς
339 331 404 366 μίαν
423 331 519 357 ἕνωσιν
541 331 740 367 πνευματικὴν,
764 332 803 364 εἰς
826 332 889 367 μίαν

92 377 191 403 ἕνωσιν
200 376 336 412 θεότητος,
351 378 390 407 εἰς
401 377 464 412 μίαν
477 377 643 412 οἰκονομίαν,
657 378 697 409 εἰς
711 377 774 413 μίαν
788 378 888 404 τελειό-

92 431 174 457 τητα·
197 423 236 454 ὡς
259 422 333 457 λέγει
354 423 383 449 ἐν
413 423 451 458 τῷ
472 423 514 458 ιβ’
538 423 648 458 ψαλμῷ·
663 424 772 458 Κύριος
790 425 889 451 ἐϐασί-

93 470 217 500 λευσεν,
231 468 411 504 εὐπρέπειαν
426 469 601 497 ἐνεδύσατο·
614 470 658 496 ἵνα
683 470 758 506 δείξῃ
771 471 819 505 τὴν
833 471 889 496 εῐσ-

94 515 154 542 οδον
171 515 219 541 τοῦ
233 515 302 542 Θεοῦ
317 516 403 549 Λόγου
424 516 478 542 ἀπὸ
494 516 548 542 τῶν
563 516 733 551 ἐπουρανίων
746 517 785 548 εἰς
793 516 837 543 τὺν
845 516 890 542 κό-

95 569 164 595 σμον
184 560 347 596 ἐνδυομένην
370 561 548 596 εὐπρέπειαν,
571 562 694 588 τουτέστι
715 562 764 597 τὴν
790 563 890 598 σάρκα,

94 607 144 642 τὴν
159 607 213 633 ἀπὸ
230 607 369 643 Παρθένου
385 607 600 643 γεγεννημένην.
616 607 725 643 Ἐπειδὴ
736 607 790 644 γὰρ
803 608 890 634 ἐδόκει

95 652 209 687 εὐτελής
223 661 265 684 τις
278 654 335 684 τοῖς
349 653 448 687 ὁρῶσιν
459 653 595 684 ἀπίστοις,
609 652 683 687 αὺτῷ
698 661 726 678 τε
741 653 891 688 εὐπρέπεια

95 697 270 733 λογιζομένη,
293 697 338 725 ἵνα
358 697 433 734 δείξῃ
449 697 479 724 τὸ
499 697 582 724 αὑτοῦ
599 697 709 734 ἰσχυρὸν
728 697 773 724 διὰ
788 699 837 733 τῆς
849 698 892 724 δο-

95 742 199 777 κούσης
213 742 355 774 ἀσθενείας
367 743 417 778 τῆς
429 743 540 777 σαρκὸς,
559 743 714 780 καταργοῦν
726 743 771 770 τὸν
782 743 812 770 τὺ
824 743 892 779 κρά-

95 797 140 820 τος
158 788 255 823 ἔχοντα
272 788 321 823 τῆς
338 789 493 824 ἁμαρτίας¹
510 788 619 824 [λύσας]
640 789 765 816 τουτέστι
782 789 827 815 τὸν
843 788 892 815 θά-

96 844 187 866 νατον,
210 835 258 870 τὴν
285 836 375 861 πᾶσαν
399 835 555 870 οἰκονομίαν
580 835 631 870 τῆς
653 835 790 871 σωτηρίας
814 835 892 870 ἡμῶν

96 880 244 916 εὐπρεπῶς
267 881 394 916 ποιήσας,
419 881 468 908 καὶ
489 881 539 916 τὴν
561 881 664 916 φθορὰν
678 881 822 915 ἀφανίσας,
845 881 892 907 καὶ

944 296 1028 316 unum
1054 290 1191 321 omnibus,
1220 289 1368 325 perfectam
1391 289 1514 316 numeris
1537 289 1663 316 omnibus
1687 297 1731 316 re-

944 337 1142 364 surrectionem
1168 337 1305 371 implevit,
1327 336 1420 364 eadem
1450 336 1604 368 divinitate,
1634 335 1729 362 eadem

943 379 1042 411 anima,
1058 380 1208 415 eodemque
1222 380 1398 408 sanctissitno
1414 388 1528 416 corpore
1542 385 1729 414 constantem;

943 431 969 452 et
994 429 1081 453 totum
1109 426 1176 453 illud
1201 427 1400 454 incarnationis
1424 427 1583 462 mysterium
1600 427 1627 453 in
1649 435 1730 454 unam

944 471 1095 506 spiritalem
1119 472 1352 507 conjunctionem,
1375 477 1402 499 et
1426 472 1452 499 in
1477 480 1558 500 unam
1582 473 1732 500 divinitatis

944 517 1167 551 copulationem,
1193 523 1274 552 atque
1305 519 1331 545 in
1356 526 1438 546 unam
1468 518 1730 545 administrationem

944 562 1195 598 perfectionemque
1209 563 1349 590 conﬂavit.
1367 563 1427 596 Quo
1443 563 1509 590 illud
1527 571 1541 590 ο
1560 563 1664 597 psalmo
1678 571 1732 591 xcu

945 609 1061 643 pertinet
1077 619 1083 637 :
1100 609 1230 636 Dominus
1260 611 1386 644 regnavit,
1411 610 1529 637 decorent
1556 609 1662 636 indutus
1675 614 1732 642 est;

945 659 974 682 ut
989 655 1072 682 divini
1086 654 1166 682 Verbi
1184 655 1210 682 in
1225 659 1313 682 terras
1328 655 1483 690 ingressum
1501 663 1515 682 e
1529 655 1600 682 eaalo
1613 655 1732 690 quodam

945 705 1072 728 ornatum
1097 701 1196 728 decore
1219 701 1398 736 significaret,
1422 701 1474 728 hoc
1497 705 1539 729 est
1563 708 1673 728 carnem
1699 701 1733 729 de

946 747 1030 774 Maria
1046 747 1157 782 Virgine
1168 752 1336 783 susceptam.
1353 747 1420 780 Qua:
1434 747 1544 782 quidem
1557 755 1617 774 eutn
1637 746 1728 774 inlide-

947 793 1011 820 lium
1037 794 1125 821 oculis
1143 794 1205 822 vilis
1222 798 1303 829 atque
1321 794 1427 829 abjeeta
1443 793 1592 825 videretur,
1610 793 1732 820 divinum

946 844 1033 866 tamen
1051 839 1169 867 Verbum
1188 848 1237 874 pro
1259 841 1358 868 decore
1375 844 1402 868 ct
1415 843 1577 867 ornamento
1593 839 1667 866 illam
1685 839 1734 866 ba-

948 885 1015 915 bmt,
1030 889 1100 912 utea
1117 893 1146 913 re
1162 886 1217 913 vim
1233 894 1311 914 suam
1330 895 1361 914 ac
1383 890 1544 922 potestatem
1568 886 1733 918 ostenderet,

96 926 145 960 τὴν
159 926 282 961 κατάραν
299 926 453 960 ἐξαλείψας,
470 927 517 953 καὶ
532 927 563 953 τὺ
576 926 636 953 καθ’
654 926 733 961 ήμῶν
748 926 890 962 χειρόγρα-

947 937 1001 963 qum
1027 937 1075 964 per
1105 933 1246 957 externam
1282 931 1355 958 illam
1388 930 1479 958 carnis
1511 929 1727 958 imbecillitatem

98 980 160 1006 φον,
178 972 226 998 καὶ
242 972 291 1007 τὴν
314 972 383 1006 πρὸς
405 972 451 998 τὸν
475 972 542 1008 ᾅδην
566 972 698 1008 διαθήκην
721 972 815 1004 λύσας,
841 972 889 999 καὶ

99 1016 188 1043 πάντα
207 1018 389 1052 οἰκονομήσας
409 1017 563 1054 ἀνθρώποις
583 1019 624 1050 εἰς
643 1019 789 1053 σωτηρίαν·
807 1018 888 1049 εὐθὺς

98 1062 152 1096 γὰρ
166 1062 235 1097 μετὰ
246 1063 276 1088 τὸ
288 1064 386 1094 είπεῖν,
405 1063 432 1089 Ὀ
443 1064 550 1098 Κύριος
559 1064 768 1095 ἐϐασίλευσεν,
782 1064 887 1098 εὐπρέ-

98 1115 187 1134 πειαν
200 1107 374 1140 ἐνεδύσατο,
399 1109 561 1144 προστίθησι
584 1110 674 1143 πάλιν,
697 1111 743 1136 καὶ¹
765 1110 887 1145 δευτεροῖ

99 1153 196 1187 λέγων’
220 1153 398 1181 Ἐνεδύσατο
414 1155 522 1189 Κύριος
538 1155 676 1190 δύναμιν,
694 1156 742 1182 καὶ
757 1155 889 1190 περιεζώ-

99 1205 184 1224 σατο·
199 1199 243 1225 ἴνα
258 1199 343 1235 δείξῃ,
359 1199 390 1226 τὸ
406 1200 513 1235 πρῶτον
526 1200 626 1235 ἔνδυμα
642 1201 696 1227 ἀπὸ
709 1201 824 1236 Μαρίας·
839 1201 888 1236 τὴν

99 1243 126 1269 δὲ
141 1244 403 1280 ὲπιδευτερουμένην
419 1245 499 1272 πάλιν
511 1246 615 1272 ἔνδυσιν
636 1247 689 1273 ἀπὸ
714 1247 763 1282 τῆς
776 1247 890 1274 ἀναστάι

101 1297 169 1320 σεως
191 1289 246 1315 τῶν
267 1290 382 1325 νεκρῶν.
401 1291 455 1316 Καὶ
478 1291 532 1327 γὰρ
555 1291 739 1324 πρωτότοκος
761 1292 846 1318 ἐστιν·
859 1292 893 1319 ἐκ

100 1334 159 1361 τῶν
173 1335 299 1369 νεκρῶν,
325 1336 364 1368 ὡς
389 1334 466 1363 εἶπεν
489 1339 505 1372 ἡ
531 1337 591 1364 θεία
612 1338 719 1373 Γραφή.
743 1338 792 1364 Διὰ
813 1338 893 1365 τοῦτο

101 1380 263 1416 προστίθησι
280 1381 366 1418 ταύτῃ
385 1383 419 1417 τῇ
435 1382 549 1418 δευτέρᾳ
569 1383 672 1409 ὲνδύσει
695 1385 892 1420 περισσοτέραν

101 1425 160 1452 τινὰ
175 1425 336 1459 ἀσφάλειαν,
359 1426 456 1461 λέγων·
488 1427 664 1455 Ἐνεὸὐσατο
681 1430 788 1463 Κύριος
802 1429 891 1457 δύνα-

102 1479 161 1504 μιν,
176 1471 226 1498 καὶ
242 1471 448 1505 περιεζώσατο.

944 979 1057 1002 ιιιοτιειιι
1076 976 1207 1007 aboleret,
1234 984 1294 1011 quae
1319 976 1424 1011 peccati
1459 976 1629 1003 dominatum
1653 979 1734 1010 atque

942 1020 1085 1055 imperium
1102 1021 1257 1054 obtinebat;
1275 1021 1354 1056 791
1374 1028 1406 1048 ac
1420 1020 1553 1056 quidquid
1571 1020 1604 1046 ad
1618 1019 1734 1048 salutem

941 1070 1062 1092 nostram
1076 1067 1227 1101 spectabat,
1246 1067 1299 1094 rite
1318 1067 1471 1101 perﬁceret,
1492 1066 1674 1101 corruptelam
1690 1074 1735 1093 ex-

942 1109 1103 1145 stingueret,
1119 1115 1146 1138 et
1157 1112 1371 1139 exsecrationem
1383 1119 1436 1139 una
1449 1119 1511 1139 eum
1527 1112 1629 1147 scripto
1643 1111 1735 1139 adver

943 1163 990 1182 sus
1012 1163 1064 1183 nos
1086 1156 1269 1192 chirographo
1294 1157 1398 1184 deleret
1415 1158 1436 1190 ',
1467 1161 1494 1184 et
1519 1157 1615 1184 initum
1643 1156 1734 1184 fmdus

942 1209 1005 1228 cum
1024 1202 1119 1229 inferis
1135 1201 1307 1234 dissolveret,
1327 1202 1473 1236 omniaque
1488 1201 1522 1228 ad
1537 1201 1677 1228 hominum
1689 1208 1734 1228 sa-

943 1248 1024 1274 lutem
1039 1247 1135 1275 idonee
1152 1248 1411 1283 accommodateque
1428 1247 1601 1282 gubernaret.
1627 1247 1734 1274 Etenim

946 1294 1027 1321 simul
1044 1298 1124 1329 atque
1142 1294 1231 1321 dixit:
1255 1293 1384 1321 Dominus
1403 1293 1530 1328 regnavit,
1551 1292 1671 1319 decorem
1694 1292 1735 1319 in-

945 1340 1024 1366 dutus
1035 1344 1083 1371 est,
1096 1339 1212 1367 subinde
1223 1339 1289 1367 illud
1306 1339 1401 1374 adjicit
1414 1348 1420 1367 :
1432 1337 1523 1365 Induit
1540 1337 1669 1364 Dominus
1683 1336 1735 1371 for-

944 1385 1093 1417 titudinem,
1110 1389 1135 1412 et
1153 1385 1290 1418 pra’cinxit
1315 1393 1352 1412 se.
1380 1383 1432 1411 Ubi
1455 1383 1573 1418 primum
1591 1382 1735 1409 indumen—

943 1433 1001 1456 tum
1028 1437 1061 1456 ex
1089 1429 1173 1456 Maria
1190 1433 1338 1464 sumptum,
1360 1429 1508 1464 posterius,
1524 1427 1570 1455 ubi
1589 1434 1603 1454 a
1619 1426 1735 1455 mortuis

943 1475 1079 1504 excitatus
1107 1479 1168 1507 est,
1199 1475 1341 1510 accepisse
1366 1475 1548 1502 demonstrat.
1577 1474 1627 1502 Est
1650 1473 1735 1506 enim,

103 1518 245 1553 Scriptura
265 1523 342 1551 teste,
360 1520 548 1555 primogenitus
564 1529 596 1548 ea:
612 1523 723 1549 nwrtuis
738 1522 758 1550 ³.
780 1522 928 1558 Propterea
949 1523 1100 1551 secundum
1118 1523 1192 1550 hunc
1217 1523 1347 1551 vestitum
1381 1523 1537 1551 accuratius
1566 1522 1727 1557 ﬁrmiusque

103 1565 253 1591 communit
267 1564 310 1592 bis
327 1566 416 1593 verbis
438 1576 444 1593 :

479 1565 571 1598 Induit
598 1567 727 1595 Dominus
757 1569 889 1603 virtutem,
910 1574 935 1596 et
959 1569 1098 1603 prtecinxit
1119 1577 1157 1596 se.

136 1610 196 1638 ΞΕ’.
221 1612 325 1648 ’Ὠσπερ
345 1613 399 1649 γὰρ
423 1614 438 1640 ὁ
456 1614 502 1640 ἐπὶ
522 1616 555 1650 τῇ
573 1615 655 1649 ὀσφύῖ
676 1616 893 1652 διαζωννύμενος

981 1616 1061 1643 LXV.
1086 1615 1322 1649 Quemadmodum
1353 1615 1425 1643 enim
1450 1615 1496 1651 qui
1527 1615 1636 1642 lumbos
1671 1621 1736 1642 suos

103 1657 263 1692 ἑπισφίγγει
278 1659 308 1685 τὸ
325 1659 427 1694 ἔνδυμα
448 1660 495 1686 ἐπὶ
514 1661 564 1696 τὴν
583 1662 679 1696 ὀσφὺν,
702 1662 893 1698 περισσότερον

105 1704 223 1738 στερεῶν
240 1704 270 1730 τὸ
293 1702 373 1737 εἶδος,
399 1707 447 1732 καὶ
470 1707 588 1733 συνενῶν
603 1705 642 1741 τῷ
665 1708 751 1742 χρωτὶ
772 1707 811 1742 τῷ
826 1707 892 1742 ἰδίῳ·

104 1748 174 1776 οὕτω
186 1750 216 1776 τὸ
232 1750 339 1785 πρῶτον
354 1752 520 1787 εὐπρέπειαν
533 1752 577 1779 διὰ
592 1753 641 1788 τὴν
657 1752 790 1788 ἕνσαρκον
804 1753 895 1780 ἐνταῦ-

104 1795 138 1822 θα
151 1795 293 1830 ἐνδημίαν,
310 1797 340 1823 τὸ
352 1798 380 1824 δὲ
394 1798 531 1834 δεύτερον,
550 1799 627 1833 φησὶ,
643 1797 757 1833 δύναμιν
770 1798 895 1825 ἐνεδύσα-

104 1849 144 1871 το,
158 1841 278 1873 ἀναστὰς
291 1843 323 1869 ἐκ
334 1842 389 1869 τῶν
403 1843 516 1879 νεκρῶν·
530 1841 623 1870 οὐκέτι
634 1844 674 1875 εἰς
688 1843 773 1875 πάθος
787 1844 803 1878 ἡ
819 1845 894 1870 ἐναν-

106 1885 247 1922 θρώπησις
259 1888 341 1915 αὐτοῦ
353 1888 472 1924 ἔρχεται,
487 1890 578 1916 οὐκέτι
594 1890 634 1921 εἰς
648 1890 791 1925 μάστιγας,
806 1891 895 1917 οὐκέτι

105 1932 278 1967 σταυροῦται,
294 1933 331 1965 ὡς
346 1931 406 1960 εἷπε
422 1934 487 1969 περὶ
500 1935 581 1961 αὐτοῦ
605 1935 619 1961 ὁ
647 1935 817 1967 Ἀπόστολος-
835 1936 896 1963 Ἀν-

104 1976 178 2011 dum
183 1985 190 1992 '
199 1985 214 2004 ο
219 1977 297 2004 ὺκέτι
305 1979 501 2012 ἀποθνήσκει,
509 1979 636 2013 θάνατος
642 1980 734 2008 αὑτοῦ
742 1981 840 2008 οὐκέτι
848 1990 896 2009 κυ-

105 2024 208 2056 ριεύει.
223 2023 274 2050 Διὰ
287 2024 366 2051 τοῦτο
378 2026 445 2060 φησὶ⁹
457 2025 497 2058 τὺ,
508 2025 676 2058 διεζώσατο,
687 2027 839 2059 συνενώσας
847 2028 896 2063 τὴν

107 2069 189 2096 αὑτοῦ
208 2070 296 2106 σάρκα
306 2072 346 2102 εἰς
359 2072 424 2106 μίαν
438 2071 563 2107 θεότητα,
579 2073 619 2104 εἰς
637 2072 700 2106 μίαν
713 2072 837 2108 ἑνότητα,
855 2074 895 2105 είς

107 2115 218 2150 Πνεῦμα
233 2116 262 2142 τὸ
278 2115 367 2142 θεῖκδν
382 2116 429 2142 καὶ
445 2116 608 2151 σωματικὸν,
618 2118 658 2148 εἰς
666 2117 695 2143 ἒν
712 2119 896 2152 πνευματικὸν

106 2160 275 2195 τελούμενον,
293 2162 340 2188 καὶ
354 2161 390 2196 μὴ
406 2161 475 2197 ἔχων
487 2162 619 2193 διάλυσιν,
631 2163 668 2193 ὡς
683 2163 791 2198 εἰσῆλθε
804 2163 897 2190 λοιπὸν

108 2205 197 2240 θυρῶν
215 2205 414 2241 κεκλεισμένων
438 2207 468 2233 τὸ
484 2208 652 2242 παχυμερὲς,
673 2208 849 2243 λεπτομερὲς,
867 2209 897 2235 τὸ

107 2250 238 2285 παθητὸν,
264 2251 378 2283 ἀπαθὲς,
398 2252 425 2278 ἐν
445 2253 528 2288 σαρκὶ
549 2252 682 2284 πεπονθὸς
694 2273 701 2285 ,
722 2253 809 2288 μένων
823 2253 851 2279 δὲ
869 2254 898 2279 ὲν

947 1662 1101 1697 praecingit,
1122 1667 1225 1689 vestem
1250 1662 1284 1688 ad
1308 1661 1381 1688 illam
1407 1660 1532 1695 corporis
1552 1665 1655 1696 partem
1671 1659 1735 1686 dil’t-

947 1707 1056 1742 gcntius
1071 1707 1210 1741 astringit,
1225 1712 1254 1733 ut
1270 1706 1302 1733 ad
1317 1713 1417 1740 corpus
1431 1713 1510 1732 suum
1528 1704 1631 1732 arrlius
1645 1704 1736 1731 adiim-

948 1756 1036 1780 rescat
1061 1761 1067 1778 :
1089 1752 1125 1779 ita
1151 1751 1282 1779 Christus
1313 1751 1429 1786 primum
1453 1750 1580 1778 decorent
1613 1749 1737 1777 induisse

948 1799 1057 1831 propter
1081 1796 1297 1823 incarnationem
1322 1795 1444 1828 dicitur;
1462 1798 1556 1829 postea
1573 1802 1637 1821 vero
1649 1795 1736 1821 virtu-

951 1847 1015 1875 tem,
1037 1849 1098 1869 cum
1115 1842 1244 1869 videlicet
1265 1849 1280 1868 ιι
1304 1842 1421 1869 mortuis
1437 1841 1568 1873 surrexit,
1583 1840 1620 1867 ita
1636 1844 1665 1866 ut
1680 1847 1736 1866 non

947 1887 1002 1922 jam
1019 1886 1053 1914 ad
1069 1887 1210 1914 cruciatus
1230 1886 1368 1918 ferendos,
1385 1889 1433 1914 aut
1445 1885 1570 1918 verbera,
1586 1886 1628 1914 vel
1646 1886 1737 1914 crucis

948 1932 1111 1967 supplicium
1129 1931 1249 1958 humana
1268 1931 1313 1958 illa
1327 1935 1424 1958 natura
1436 1931 1596 1963 descendat,
1613 1935 1642 1958 ut
1657 1931 1691 1958 de
1705 1938 1737 1958 eo

950 1981 1066 2005 testatur
1100 1977 1266 2012 Apostolus:
1295 1977 1434 2010 Surrexit;
1451 1977 1511 2012 jam
1535 1985 1586 2004 non
1610 1977 1736 2008 moritur,

949 2031 1019 2051 mors
1047 2023 1087 2051 illi
1109 2024 1181 2050 ultra
1206 2032 1257 2050 non
1281 2023 1463 2051 dominabitur
1487 2023 1508 2050 δ.
1525 2023 1566 2052 Ob
1581 2023 1620 2055 id,
1636 2023 1736 2058 inquit,

949 2071 1086 2104 prwcinxit
1102 2078 1140 2102 se,
1157 2077 1220 2097 cum
1234 2070 1364 2097 nimirum
1379 2077 1490 2097 carnem
1508 2077 1585 2098 suam
1605 2077 1666 2097 cum
1683 2076 1737 2096 una

950 2115 1091 2143 divinitate
1116 2115 1251 2147 sociavit;
1268 2115 1350 2150 idque
1365 2115 1391 2142 in
1408 2123 1490 2142 unam
1508 2115 1737 2150 singularemque

951 2168 1106 2195 personant,
1123 2161 1150 2187 in
1169 2160 1300 2195 Spiritum
1323 2160 1446 2188 divinum
1472 2161 1574 2195 pariter
1595 2164 1622 2187 et
1637 2167 1735 2194 corpo-

951 2214 1037 2238 reum,
1054 2207 1081 2233 in
1099 2214 1181 2233 unum
1197 2207 1327 2241 quiddam
1349 2206 1473 2241 spiritale
1490 2206 1649 2241 perfectum,
1664 2204 1737 2240 quod

951 2251 1063 2279 dissolvi
1083 2252 1152 2278 ultra
1170 2256 1296 2286 nequeat.
1322 2251 1359 2278 Ita
1381 2252 1510 2286 deinceps
1527 2251 1646 2278 occlusis
1670 2250 1738 2277 l‘ori-

107 2296 235 2332 ἀπαθείᾳ’
242 2298 353 2332 καίπερ.
363 2298 431 2332 μετὰ
439 2298 469 2324 τὸ
477 2297 616 2328 εἰσελθεῖν,
624 2299 753 2325 δεικνύων
762 2299 840 2325 δοτέα
849 2299 893 2326 καὶ

948 2296 999 2324 bus
1013 2297 1164 2331 ingressum
1177 2301 1218 2324 est
1229 2298 1240 2312 ³
1258 2297 1328 2323 idetn
1342 2296 1409 2323 illud
1422 2300 1579 2324 concretqu
1603 2296 1686 2323 simul
1698 2297 1738 2329 fac

109 2341 209 2377 σάρκα,
222 2343 305 2368 τύπον
320 2343 429 2379 λόγχης,
443 2344 490 2370 καὶ
503 2344 586 2371 τύπον
598 2345 679 2380 ἥλων,
697 2345 896 2379 ψηλαφώμενος

109 2386 162 2412 ὑπὸ
180 2387 226 2413 τοῦ
244 2388 338 2423 Θωμᾶ,
359 2389 496 2427 ὁρώμενος
513 2390 565 2416 ὑπὸ
584 2390 638 2416 τῶν
652 2390 790 2426 μαθητῶν·
809 2391 898 2425 εἰσερ-

108 2432 224 2467 χόμενος
240 2433 268 2459 δὲ
289 2433 378 2469 θυρῶν
398 2434 610 2470 κεκλεισμένων,
632 2436 675 2462 ἵνα
693 2435 779 2471 δείξῃ,
796 2435 837 2462 ὅτι
858 2437 899 2467 εἰς

111 2478 176 2512 μίαν
189 2478 284 2505 ἕνωσιν
297 2481 484 2514 πνευματικὴν
496 2481 526 2507 τὸ
544 2482 597 2508 πᾶν
613 2481 770 2516 ᾠκονόμησε
787 2482 836 2516 τῆς
851 2481 899 2507 αὐ-

109 2524 156 2550 τοῦ
173 2523 241 2559 πρὸς
254 2526 327 2560 ἡμᾶς
341 2526 404 2558 τοὺς
415 2526 576 2561 ἀνθρώπους
587 2527 734 2562 σωτηρίας.
749 2527 803 2553 Καὶ
815 2527 841 2553 τί
854 2536 898 2562 μοι

110 2572 175 2607 περὶ
199 2572 244 2598 τὸν
264 2572 389 2598 τοσοῦτον
412 2573 490 2607 λόγον
511 2573 741 2608 κατατρίϐεσθαις
765 2573 898 2604 Πολλάκις

110 2617 165 2652 γὰρ
177 2617 213 2643 τὰ
226 2617 296 2644 αὐτὰ
314 2617 403 2652 λέγειν
418 2620 484 2654 ἡμῖν
509 2619 557 2654 μὲν
579 2619 630 2645 οὐκ
650 2618 776 2653 ὀκνηρὸν,
800 2619 856 2650 τοῖς
871 2618 899 2644 δὲ

111 2662 321 2697 ἐντυγχάνουσιν
336 2663 483 2697 ἀσφαλείας
498 2663 577 2699 χάριν
595 2663 786 2698 φροντίσαντες
801 2662 900 2689 πολλὰ·

111 2717 155 2739 κις
175 2708 377 2744 διηγησάμεθα,
394 2709 427 2735 ἵν’
447 2710 521 2741 ὅπως
543 2709 757 2744 διαπεράσαντες
779 2708 828 2744 τὴν
851 2708 899 2735 τοῦ

117 2752 224 2787 Ἀρείου
242 2752 423 2788 θηριοΰολίαν,
439 2754 493 2780 τῶν
509 2754 691 2789 φρονημάτων
703 2762 732 2780 τε
750 2754 796 2780 καὶ
813 2753 900 2788 λόγων

112 2796 159 2822 καὶ
172 2796 371 2831 διανοημάτων.

150 2873 156 2888 ¹
177 2872 258 2901 Dccs'.
275 2874 387 2910 aliquid.
427 2878 436 2892 ²
453 2876 558 2904 Coluss.
578 2883 608 2908 tt,
629 2877 667 2904 Η.

707 2878 716 2893 ³
730 2877 836 2905 Coloss.
855 2885 873 2909 I,
890 2876 924 2905 28
937 2886 944 2911 ;
958 2877 1040 2913 Apoc.
1057 2885 1075 2910 ι,
1093 2877 1119 2904 5.

951 2341 1071 2374 subtile;
1097 2343 1218 2376 passioni
1240 2342 1400 2374 obnoxium,
1421 2350 1575 2378 expersque
1589 2342 1737 2377 passionis,

950 2388 978 2415 in
1001 2396 1084 2415 carne
1103 2396 1226 2423 passum,
1245 2392 1272 2415 et.
1289 2393 1365 2415 extra
1381 2396 1490 2416 omnem
1507 2389 1626 2424 patiendi
1643 2389 1739 2416 condi-

949 2432 1052 2460 tionem
1068 2433 1241 2465 consistens;
1259 2440 1415 2468 quanquam
1432 2437 1493 2469 post
1510 2434 1663 2468 ingressum
1675 2441 1738 2462 ossa

949 2485 1114 2513 carnemque
1141 2483 1316 2512 monstraret,
1357 2483 1384 2506 et
1409 2479 1509 2506 lancem
1544 2480 1739 2514 clavorumun

951 2525 1085 2560 vestigia;
1103 2526 1158 2553 imo
1174 2529 1202 2552 et
1217 2534 1231 2552 a
1249 2525 1354 2552 Thoma
1376 2529 1604 2557 contrectaretur,
1626 2530 1653 2554 et
1667 2534 1681 2552 a
1696 2525 1738 2552 div

954 2572 1066 2607 scipulis
1083 2576 1251 2600 cerneretur.
1270 2572 1405 2599 Caeterum
1422 2573 1541 2600 occlusis
1567 2572 1672 2600 foribus
1695 2573 1738 2599 in-

953 2624 1066 2652 gressus
1081 2621 1133 2648 est,
1149 2622 1178 2644 ut
1193 2617 1219 2644 in
1238 2625 1320 2644 unam
1345 2617 1495 2652 spiritalem
1517 2618 1737 2652 cnnjunctioncm

954 2667 1071 2698 utraque
1086 2667 1182 2689 natura
1195 2663 1363 2693 consociata,
1379 2670 1487 2690 omnem
1502 2662 1598 2689 salutis
1614 2663 1739 2688 humana:

954 2707 1173 2741 ριὀειιτίιιίοιιοιιι
1188 2711 1344 2741 susceptam
1363 2714 1377 2732 8
1395 2713 1424 2734 SC
1439 2710 1615 2733 monstraret.
1639 2705 1738 2731 VCl'lllll

953 2752 1019 2787 quid
1052 2753 1145 2780 tandiu
1174 2753 1201 2780 in
1226 2760 1258 2780 ea
1288 2752 1412 2780 oratione
1440 2751 1605 2779 eonﬂictor?
1637 2749 1736 2776 Eadem

954 2799 1026 2826 enim
1043 2803 1164 2834 repetere
1189 2799 1289 2833 saepius
1311 2806 1361 2825 nos
1383 2797 1492 2832 quidem
1514 2795 1626 2823 minime
1651 2795 1738 2830 pigra-

1159 2877 1169 2892 ⁸
1184 2876 1262 2904 Rom.
1279 2885 1314 2908 vr,
1325 2876 1348 2903 9.
1385 2877 1395 2891 '
1413 2874 1592 2907 Jonn.xx,19
1606 2881 1666 2909 sqq.
