1929 3039
223 160 274 187 ὄίῦ

929 162 958 190 S.
978 162 1149 191 EPlPllANil

1803 163 1854 191 51ιῖ

224 221 326 255 impetu
342 220 473 256 sophistae
493 219 625 253 feruntur,
641 222 802 257 cxcogitatis
817 222 982 258 quibusdam
997 232 1010 251 a

1066 226 1204 261 ρίσκοντες
1217 226 1241 252 οἱ
1259 225 1396 259 σοφισταὶ,
1413 225 1476 260 περὶ
1493 223 1687 259 συλλογισμοὺς
1711 223 1857 259 ἐσχολακό-

224 274 254 294 se
279 267 431 295 rationibus
449 268 521 301 freti,
544 276 658 304 quorum
678 269 799 296 studium
817 278 897 297 ulline
913 270 940 297 in
957 271 1013 306 syl-

225 312 347 347 logismis
366 317 394 340 et
421 318 643 348 argumentorum
659 315 881 344 cavillationibus
894 325 1014 352 occupa-

225 363 277 384 tur.
296 358 323 384 In
342 366 397 392 quo
410 358 517 385 ridiculi
537 359 648 386 omnino
661 366 735 393 sunt,
751 361 799 396 qui
817 368 880 388 cum
898 362 1010 390 homun-

224 403 317 430 ('ioncs
339 404 394 430 sint
419 403 502 431 Deum
531 405 787 434 ratiocinationibus
804 407 863 434 suis
888 415 1014 443 compre-

226 449 342 476 llenilere
370 454 515 476 conantur.
541 450 662 483 Quorum
690 452 825 479 insaniam
856 453 898 479 his
923 454 1014 480 verbis

223 495 355 530 propheta
393 496 533 531 redarguit
554 507 560 524 :
585 496 656 523 Nam
695 499 878 532 supplantabit
917 500 1013 534 alit/uis

223 541 317 572 Deum,
336 542 460 575 quoniam
478 550 521 568 vos
541 542 720 576 supplantatis
742 551 782 570 me
797 544 825 570 ‘?
844 544 915 580 Quid
934 545 1015 580 igitur

223 587 342 614 audacL-s
359 588 397 614 illi
422 595 454 614 ac
477 588 644 616 confidentes
664 589 789 617 homines
805 590 943 617 afferunt?
959 590 1014 618 Nos

223 633 305 658 aliam
328 633 397 660 hanc
418 633 526 660 illorum
560 634 742 669 objectionem
766 639 844 663 antea
870 637 1014 671 proposui-

222 685 295 710 mus,
315 683 396 713 atque
409 679 617 714 explicavimus,
635 688 716 715 quant
732 681 926 716 interrogando
942 682 1015 716 ejus-

223 725 296 751 modi
314 726 394 753 nobis
411 727 500 753 solent
515 734 662 762 opponere.
680 727 734 754 Aut
748 729 852 761 volens,
873 728 1012 764 inquiunt.

224 768 322 796 Filium
339 778 419 798 suum
432 773 526 806 genuit
546 772 626 804 Deus,
645 777 692 800 aut
713 773 818 801 nolens.
839 773 893 801 Sed
913 775 1013 802 ibidem

223 815 279 842 Deo
294 817 443 850 opitulante
461 819 675 846 monstravimus
687 838 694 850 ,
720 819 787 845 nihil
813 819 840 846 in
866 819 926 854 ipso
942 820 1014 855 quod

223 861 378 889 tarditatem
406 866 453 889 aut
476 870 580 889 moram
601 864 724 896 haberet,
743 864 835 892 inesse
855 872 945 899 posse,
967 865 1014 893 sed

1063 281 1108 304 τες
1128 273 1175 298 καὶ
1191 272 1337 307 λογισμοὺς
1359 271 1606 306 ματαιοφροσύνης,
1623 269 1762 305 ἄνθρωποι
1779 270 1856 301 ὅντες

1063 319 1109 345 τὸν
1124 319 1190 345 Θεὸν
1206 318 1416 352 συλλογίσασθαι
1438 317 1614 353 πειρώμενοι,
1631 316 1668 348 ὡς
1688 317 1735 343 καὶ
1754 318 1769 343 ὁ
1790 324 1856 352 προ-

1065 365 1152 400 φήτης
1166 364 1265 395 αὐτοὺς
1272 363 1378 398 ἐλέγχει
1388 363 1500 397 φάσκων
1513 370 1520 376 ·
1532 363 1567 388 Εἰ
1577 360 1708 394 πτερνιεῐ
1715 369 1760 392 τις
1769 360 1856 393 Θεὸν,

1064 409 1108 436 ὅτι
1130 409 1212 443 ὑμεῖς
1233 407 1400 442 πτερνίζενῑὲ
1415 414 1471 441 με;
1486 407 1518 432 Τί
1539 406 1594 440 γὰρ
1618 406 1698 432 πάλιν
1727 406 1809 440 φασιν
1829 406 1857 431 οἱ

1064 454 1204 489 γεννάδαις
1223 454 1268 485 Ὠς
1289 453 1336 480 καὶ
1348 453 1398 489 τὴν
1414 453 1496 488 ἄλλην
1517 452 1589 485 λέξιν
1604 452 1659 478 ἄνω
1675 451 1857 487 ἑρμηνευθεί-

1065 507 1114 525 σαν
1129 498 1273 534 ἐτάξαμεν,
1287 499 1333 524 ὑπ’
1346 498 1436 524 αὐτῶν
1451 497 1479 523 δὲ
1493 498 1558 532 ἡμῖν
1573 496 1640 532 πρὸς
1657 496 1753 522 πεῦσιν
1768 497 1859 522 ἐκτει-

1064 545 1190 581 νομένην,
1209 545 1250 577 τὸ,
1265 544 1356 572 Θὲλων
1372 544 1501 579 ἐγέννησε
1515 543 1561 569 τὸν
1573 542 1645 572 Υἱὸν,
1663 542 1679 577 ἢ
1695 542 1732 577 μὴ
1751 541 1834 568 θέλων
1848 550 1856 557 ·

1064 593 1102 624 ὠς
1120 593 1149 619 ὲν
1166 591 1226 627 Θεῷ
1248 590 1400 626 ἐδείξαμεν,
1416 590 1456 616 ὅτι
1474 589 1550 616 οὐδέν
1565 597 1589 615 τι
1614 588 1775 624 μελλητικὸν
1790 597 1857 622 τυγε

1065 638 1140 674 χάνει
1151 637 1235 672 αὐτῷ,
1248 637 1305 664 ἀλλ’
1319 638 1376 672 ἅμα
1388 635 1476 662 πάντα
1488 635 1517 661 ὲν
1529 634 1603 669 αὐτῷ
1616 635 1673 660 ἐστι
1685 633 1786 660 τέλεια.
1806 633 1859 660 Καὶ

1064 684 1094 710 οὺ
1112 683 1220 718 πρῶτον
1236 682 1358 718 βούλεται
1381 681 1464 717 πρινὴ
1486 680 1609 715 ποιῆσαι,
1627 679 1687 705 οὐδὲ
1705 679 1779 705 ποιεῖ
1793 678 1857 705 ἄνευ

1066 729 1258 764 βουλεύματος,
1282 728 1329 755 καὶ
1351 728 1381 754 οὐ
1410 726 1574 762 βουλεύεται.
1595 726 1637 751 ἵνα
1658 734 1685 751 τι
1709 724 1857 759 ὲτοιμάσῃ,

1065 775 1124 802 οὐδὲ
1138 776 1155 810 ἡ
1170 775 1313 810 έτοιμασία
1330 773 1413 800 αὑτοῦ
1431 773 1526 808 βουλῆς
1543 772 1694 798 ἐπιδέεται*
1705 771 1777 797 ὥστε
1791 771 1858 805 παρ’

1065 821 1140 856 αὐτῷ
1157 821 1186 847 τὺ
1204 821 1326 855 γέννημα
1342 819 1386 846 ἀεὶ
1405 819 1581 854 γεγέννηται⁴
1600 817 1646 844 καὶ
1668 816 1704 852 μὴ
1724 817 1753 842 ἐν
1768 816 1859 851 χρόνῳ
1884 826 1886 829 ·

1065 866 1228 901 ἀρξάμενον,
1248 866 1304 892 ἀλλ’
1322 865 1364 892 ἀεὶ
1380 865 1428 890 σὺν
1443 864 1531 899 Πατρὶ
1545 862 1744 898 γεγεννημένον
1766 861 1858 896 ὑπάρ-

223 907 316 932 omuia
343 907 424 934 simul
454 909 481 934 in
506 916 539 935 eo
562 916 623 935 esse
648 909 777 943 perfecta.
812 909 902 942 Quare
926 918 1010 945 neque

1068 920 1119 947 χει,
1136 911 1183 938 καὶ
1204 911 1331 938 οὐδέποτε
1346 910 1495 937 διαλείπει·
1511 909 1549 940 ὡς
1574 909 1621 935 καὶ
1638 908 1755 935 ἐνταῦθα
1776 907 1858 933 πάλιν

223 953 300 986 prius
313 953 370 979 vult
384 961 466 988 quam
486 953 592 986 fecerit,
616 962 704 989 neque
720 955 780 982 sine
795 956 910 983 consilio
931 957 1012 991 quid.

223 998 295 1032 piam
314 999 436 1031 molitur,
455 1007 543 1034 neque
562 1000 595 1026 ad
611 1001 818 1035 praeparandum
841 1001 944 1038 aliquid
963 1002 1011 1029 de-

223 1042 386 1075 liberat,nec
405 1043 476 1072 lllllls
493 1045 655 1080 przeparatio
670 1045 898 1073 consultationem
915 1046 1006 1080 requi-

222 1088 266 1114 rit.
288 1089 468 1121 Quamobrem
489 1090 535 1124 qui
557 1091 591 1117 ab
616 1098 649 1117 eo
674 1091 823 1125 productus
848 1095 890 1118 est
915 1091 1010 1123 Filius,

1066 955 1235 991 δευτερώσας
1255 955 1304 990 τὴν
1326 955 1397 987 λέξιν
1413 954 1493 980 πάλιν
1512 953 1617 989 τίθημι,
1635 953 1675 980 ὅτι
1689 952 1754 983 fabra
1772 952 1859 978 θέλων

1062 1001 1220 1037 ἐγέννησεν,
1242 1001 1303 1027 οὔτε
1319 1001 1356 1036 μὴ
1381 1000 1484 1026 θέλων·
1501 999 1567 1026 ἀλλὰ
1583 1001 1611 1025 ὲν
1624 1000 1657 1034 τῇ
1673 999 1743 1034 ὑπὲρ
1758 998 1859 1033 βουλὴν

1064 1048 1154 1082 φύσει.
1178 1046 1286 1078 Φύσεως
1311 1047 1365 1081 γάρ
1384 1045 1456 1072 ἐστιν
1472 1045 1486 1071 ὁ
1502 1045 1567 1076 Θεὸς
1583 1044 1653 1079 ὑπὲρ
1678 1043 1786 1078 βουλὴν,
1810 1043 1860 1070 καὶ

1064 1093 1154 1119 πᾶσαν
1171 1091 1284 1123 ἔννοιαν,
1299 1091 1346 1118 καὶ
1364 1090 1502 1117 ὑπόνοιαν.

222 1141 330 1169 semper
346 1139 389 1162 est
412 1135 539 1170 genitus;
564 1144 615 1163 nec
636 1137 692 1163 ullo
722 1142 844 1172 tempore
864 1138 958 1172 cmpit,
978 1137 1024 1165 sed
1059 1146 1074 1165 a
1101 1138 1182 1166 Patre
1205 1139 1313 1173 genitus
1340 1145 1402 1165 cum
1431 1136 1526 1164 eodem
1555 1136 1629 1163 nulla
1657 1135 1860 1169 interruptione

222 1181 352 1215 temporis
368 1182 486 1210 exsistit.
505 1182 596 1217 Itaque
609 1184 680 1211 Idem
694 1185 767 1219 quod
785 1188 865 1211 antea
883 1185 1006 1212 dixeram
1025 1185 1076 1213 hoc
1092 1186 1153 1213 loco
1182 1190 1313 1220 repetam.
1337 1184 1430 1219 Neque
1462 1183 1593 1211 volentem
1623 1182 1750 1217 genuisse
1769 1190 1860 1216 neque

222 1226 369 1259 nolentem,
387 1227 435 1254 sed
457 1228 484 1254 in
505 1236 536 1255 ea
562 1229 642 1264 795
669 1237 778 1262 natura,
812 1239 874 1265 qua:
896 1232 970 1258 onmi
996 1235 1039 1259 est
1068 1232 1267 1259 deliberatione
1296 1231 1431 1266 superior.
1461 1228 1603 1264 Ejusmodi
1634 1229 1734 1264 quippe
1758 1232 1860 1255 natura

222 1272 268 1299 Dei
291 1277 344 1306 est,
371 1279 399 1301 ut
415 1282 494 1303 onme
511 1277 657 1304 corisilinm
674 1281 701 1305 et
718 1286 827 1306 onmem
854 1279 1062 1315 intelligentiam
1095 1281 1336 1315 cognitionemque
1351 1278 1537 1306 transcendat.

257 1318 349 1346 LXlX.
369 1319 439 1347 lluic
462 1327 624 1356 argumento
638 1331 693 1351 non
717 1324 851 1352 dissimile
872 1329 915 1353 est
935 1325 1009 1352 aliud

222 1363 258 1389 ab
281 1364 359 1391 novis
386 1365 439 1392 illis
457 1366 641 1396 Aristotelieis
666 1369 818 1398 inventum.
844 1370 912 1398 Nam
930 1371 1013 1406 hujus

222 1408 375 1444 philosophi
394 1411 471 1438 virus
487 1419 566 1440 omne
582 1413 609 1440 in
635 1414 734 1450 seipsis
761 1422 969 1451 expresserunt,
985 1423 1012 1446 et

222 1454 393 1483 innocentem
421 1456 541 1492 Spiritus
569 1460 657 1487 sancti
697 1461 901 1496 simplicitatem
937 1464 1015 1491 beni-

221 1500 405 1536 gnitatemque
431 1503 612 1538 reliquerunt.
639 1505 676 1533 De
700 1507 801 1541 quibus
816 1508 852 1534 ita
880 1508 1011 1537 Dominus

1097 1327 1157 1355 39'.
1174 1327 1291 1362 Ὁμοίως
1305 1326 1333 1353 δὲ
1350 1326 1437 1361 ταύτῃ
1449 1325 1530 1357 λέξει,
1545 1323 1583 1356 ὡς
1599 1324 1678 1359 ἔφην,
1692 1323 1777 1358 ἄλλην
1787 1324 1860 1358 ἡμῖν

1064 1372 1272 1408 ἐφευρίσκουσιν
1295 1372 1319 1398 ot
1344 1371 1399 1397 νέοι
1422 1369 1641 1404 ’Δριστοτελικοί.
1656 1368 1783 1395 ’Ἐκεῖνου
1802 1369 1860 1405 γὰρ

1064 1418 1240 1454 ἀπεμάξαντο
1255 1417 1304 1452 τὴν
1328 1416 1455 1448 ίοὸολίαν,
1477 1416 1525 1442 καὶ
1548 1415 1693 1442 κατέλιπον
1709 1414 1757 1441 τοῦ
1778 1414 1860 1448 ἁγίου

1064 1465 1222 1501 Πνεύματος
1236 1464 1265 1491 τὸ
1282 1464 1385 1491 ἄκακον
1409 1463 1457 1489 καὶ
1475 1461 1505 1489 τὸ
1520 1463 1618 1497 πρᾶον,
1631 1461 1668 1492 ὡς
1683 1461 1757 1495 λέγει
1769 1463 1784 1488 ὁ
1799 1462 1859 1487 Κὺς

1066 1520 1138 1547 ριος·
1161 1510 1274 1538 Μιὶθετε
1301 1510 1351 1537 ἀπ’
1368 1509 1452 1544 ἐμοῦ,
1471 1509 1515 1535 ὅτι
1535 1507 1629 1541 πρᾶός
1651 1508 1707 1541 εἰμι
1730 1508 1780 1533 καὶ
1806 1516 1859 1534 τα-

221 1545 364 1580 loquitur:
385 1547 480 1575 Discite
503 1557 518 1575 α
536 1558 576 1581 m_e
600 1551 663 1585 quia
687 1553 759 1579 mitis
781 1561 838 1580 sum
860 1559 884 1581 et
906 1555 1010 1582 [monilia

1065 1545 1167 1588 itan-oc
1179 1555 1215 1590 τῇ
1226 1554 1332 1589 καρδίᾳ
1342 1563 1348 1570 ·
1360 1554 1409 1581 καὶ.
1420 1553 1564 1588 εὑρήσετε
1576 1552 1639 1585 ταῖς
1649 1552 1762 1586 ψυχαῖς
1772 1551 1861 1586 ὑμῶν

221 1591 313 1623 corde,
334 1597 358 1619 et
376 1593 511 1621 inrenietis
529 1597 641 1629 requiem
664 1598 803 1625 aninmsz
823 1602 913 1627 rastris
930 1602 950 1628 ³.
978 1602 1013 1628 At

224 1635 272 1668 illi,
290 1639 501 1668 mansurtudine
518 1642 625 1671 relicta.
642 1644 820 1671 calliditatem
845 1647 936 1681 potius
954 1655 1012 1673 am-

222 1683 290 1716 plexi
317 1687 398 1716 sunt,
416 1693 500 1720 seque
526 1691 553 1714 et
575 1687 609 1714 ad
635 1687 809 1717 Aristotelem
838 1698 870 1717 ac
899 1697 1012 1718 caeteros

220 1729 314 1756 mundi
329 1729 413 1765 hujus
430 1726 591 1760 dialecticos
605 1736 812 1762 accommodare
836 1737 1010 1764 maluerunt:

220 1783 336 1809 quorum
351 1776 457 1805 fructus
472 1778 509 1805 ita
523 1785 726 1814 consectantur,
739 1782 842 1808 nullam
861 1783 1014 1817 utjustitiae

221 1820 324 1855 frugem
339 1822 489 1856 proferant,
502 1832 552 1851 nec
570 1825 654 1852 ullum
669 1826 787 1861 Spiritus
808 1828 896 1855 sancti
911 1829 1013 1856 beneti~

221 1867 304 1899 cium,
317 1873 411 1901 utpote
434 1871 616 1898 contentionis
632 1872 693 1906 plus
708 1880 786 1908 atquo
799 1875 902 1908 cupidi,
921 1875 1006 1910 impe-

221 1915 294 1939 trare
310 1919 466 1941 meruerint.
483 1914 553 1949 Ergo
572 1916 607 1942 ita
626 1925 675 1943 nos
690 1919 800 1952 aggredi
825 1919 924 1952 solent,
943 1928 1006 1947 cum

221 1956 347 1989 dicimus,
370 1958 546 1987 exsistentem
566 1959 662 1988 Filium
680 1963 750 1997 apud
764 1964 939 1991 exsistentem
963 1965 1014 1992 Ρα-

221 2006 289 2029 trem
298 2001 393 2035 fuisse,
402 2004 621 2040 quandoquidem
631 2007 665 2033 ita
677 2007 756 2035 Pater
764 2009 849 2044 Moysi
859 2011 1010 2038 mandavit:

222 2046 287 2074 llaec
309 2048 379 2075 dices
399 2049 434 2075 ad
450 2050 518 2084 ipsos
534 2059 542 2077 :
559 2052 611 2084 Qui
634 2057 673 2079 est
694 2054 765 2080 misit
793 2061 832 2081 me
859 2055 887 2088 ³;
916 2055 1013 2084 deinde

221 2093 262 2119 sic
285 2093 459 2129 Evangelium
473 2096 506 2123 de
522 2097 590 2124 Filio
607 2102 724 2126 testatur
738 2109 744 2126 :
766 2099 799 2127 In
817 2101 945 2134 principia
955 2107 1012 2128 erat

228 2139 347 2172 Verbum,
366 2146 390 2167 et
411 2141 521 2169 Verbum
544 2149 601 2170 erat
620 2145 689 2178 apud
710 2145 804 2177 Deum,
825 2150 850 2173 et
871 2146 942 2174 Deus
955 2153 1013 2175 erat

227 2185 338 2212 Verbum
356 2186 377 2212 ‘.
395 2186 435 2214 Ex
452 2189 551 2222 quibus
567 2190 760 2225 colligentibus
774 2192 864 2225 nobis,
877 2194 1009 2221 exsisten-

1062 1602 1245 1629 ἀνάπαυσιν.
1259 1599 1338 1628 Οὗτοι
1349 1600 1388 1632 δὲ,
1403 1600 1452 1635 τὴν
1466 1599 1608 1636 πραότητα
1620 1598 1859 1630 καταλελοιπότες,

1062 1649 1194 1683 δεινότητι
1211 1647 1311 1682 μᾶλλον
1332 1646 1444 1677 ἑαυτοὺς
1469 1644 1659 1676 ὲκδεδώκασιν,
1679 1644 1859 1679 ἐνδυσάμενοι

1069 1693 1257 1729 Ἀριστοτέλην
1270 1702 1299 1719 τε
1311 1692 1358 1719 καὶ
1375 1691 1438 1723 τοὺς
1451 1691 1547 1722 ἄλλους
1561 1690 1609 1716 τοῦ
1631 1690 1734 1724 κόσμου
1769 1689 1860 1716 διαλε-

1063 1741 1184 1772 κτικοὺς,
1203 1737 1240 1766 ὧν
1257 1739 1304 1766 καὶ
1323 1739 1385 1769 τοὺς
1403 1737 1526 1772 καρποὺς
1547 1736 1664 1771 μετίασι,
1676 1735 1776 1770 μηδένα
1790 1745 1859 1771 καρ-

1063 1787 1113 1812 πὸν
1126 1785 1300 1820 δικαιοσύνης
1320 1784 1430 1814 εἰδότες,
1450 1783 1517 1818 μηδὲ
1542 1781 1701 1816 Πνεύματος
1718 1781 1859 1814 καταξιω-

1063 1832 1155 1862 θέντες
1165 1830 1268 1866 ὃωρεὰν
1283 1829 1355 1865 ἔχειν
1367 1830 1396 1856 έν
1409 1829 1514 1859 ἑαυτοῖς
1525 1828 1550 1853 οἱ
1566 1827 1723 1862 φιλόνεικοι.
1739 1827 1858 1861 Λέγουσι

1062 1876 1128 1911 γοῦν
1147 1877 1214 1911 πρὸς
1230 1875 1313 1910 ἡμᾶς,
1326 1875 1389 1901 ἅπαν
1403 1874 1524 1908 εἴπωμεν
1540 1873 1642 1903 αὐτοῖς,
1654 1872 1694 1898 ὅτι
1710 1873 1724 1898 ὁ
1741 1871 1779 1898 ὢν
1794 1872 1858 1904 Υἱὸς

1063 1922 1132 1957 πρὸς
1149 1922 1195 1947 τὸν
1210 1922 1274 1948 ὄντα
1291 1919 1401 1954 Πατέρα
1423 1917 1471 1954 ἦν’
1490 1918 1584 1953 ἐπειδὴ
1616 1917 1669 1953 γὰρ
1691 1917 1730 1952 τῷ
1751 1918 1858 1953 Maii;sz

1063 1965 1138 1993 εἶπεν
1157 1967 1172 1992 ὁ
1198 1966 1303 2001 Πατὴρ,
1327 1966 1368 1992 ὅτι
1391 1964 1485 1998 Ἐρεῖς
1513 1963 1588 1997 πρὸς
1615 1963 1739 1995 αὐτούς’
1764 1963 1796 1993 Ὀ
1814 1963 1858 1989 ὦν

1063 2010 1236 2039 ὰπέσταλκέ
1248 2020 1286 2046 με
1303 2019 1310 2025 ·
1329 2011 1377 2036 καὶ
1403 2009 1483 2036 πάλιν
1496 2009 1527 2035 τὸ
1544 2007 1709 2042 Εὑαγγέλιον
1729 2008 1793 2043 περὶ
1809 2007 1857 2034 τοῦ

1063 2057 1128 2084 Υἱοῦ
1145 2057 1254 2091 φάσκει,
1274 2057 1315 2083 ὅτι
1335 2057 1386 2082 Ἐν
1400 2055 1478 2090 ἀρχῇ
1498 2053 1537 2089 ἦν
1551 2056 1567 2080 ό
1583 2055 1689 2089 Λόγος,
1707 2054 1756 2080 καὶ
1771 2055 1787 2080 ό
1799 2055 1856 2080 Λό-

1063 2112 1115 2137 γος
1128 2101 1167 2138 ἦν
1181 2103 1255 2137 πρὸς
1268 2102 1321 2129 τὸν
1337 2101 1421 2133 Θεὸν,
1436 2100 1486 2127 καὶ
1503 2100 1575 2133 Θεὸς
1597 2099 1635 2135 ἦν
1651 2101 1667 2126 ὀ
1682 2100 1793 2134 Λόγοςυ
1809 2099 1857 2126 ἐὰν

1063 2149 1194 2184 εἴπωμεν,
1214 2149 1254 2174 ὅτι
1269 2148 1283 2173 ὁ
1299 2147 1336 2174 ὢν
1354 2145 1388 2183 ἦν
1412 2146 1480 2182 πρὸς
1499 2147 1544 2173 τὸν
1558 2146 1633 2178 ὄντα,
1654 2146 1764 2180 λέγουσι
1791 2147 1855 2181 πρὸς

1062 2196 1136 2230 ἡμᾶς
1147 2203 1153 2209 ·
1170 2195 1206 2221 Τὸ
1225 2194 1253 2221 ὃν
1265 2194 1354 2221 τοίνυν
1371 2193 1515 2228 ἐγεννήθη,
1531 2193 1547 2228 ἢ
1562 2193 1591 2219 τὺ
1606 2193 1643 2229 μὴ
1661 2193 1689 2219 ὃν
1702 2193 1853 2228 ἐγεννήθης

221 2235 274 2258 tem
297 2231 396 2260 Filium
423 2234 494 2269 apud
523 2236 699 2264 exsistentem
725 2237 834 2266 Patrem
864 2238 950 2267 fuisse
973 2241 1010 2267 ita

1063 2241 1164 2276 Εί.γὰρ
1177 2239 1221 2276 ἦν,
1237 2240 1295 2272 πῶς
1307 2240 1436 2276 ἐγεννήθη
1448 2248 1455 2272 ;
1474 2241 1504 2266 Ei
1524 2239 1553 2266 δὲ
1567 2239 1711 2274 ἐγεννήθη,
1730 2240 1789 2272 πῶς
1800 2238 1832 2275 ἦν
1845 2249 1853 2272 ;

219 2279 416 2307 ratiocinantur
432 2290 438 2307 :
461 2285 616 2310 utrumnam
634 2284 706 2319 quod
722 2286 778 2319 jam
797 2289 865 2318 erat,
880 2293 914 2313 an
938 2287 1010 2321 quod

219 2325 339 2352 nondum
356 2330 415 2353 erat
432 2331 473 2354 est
489 2329 630 2363 genitum?
643 2329 710 2357 Nam
732 2331 755 2358 si
777 2331 832 2366 jam
849 2337 918 2365 erat,
943 2341 1010 2368 quo-

219 2370 298 2397 modo
312 2372 431 2406 genitum
447 2375 508 2401 est?
526 2375 554 2402 Si
572 2383 636 2402 vero
659 2376 779 2411 genitum
797 2382 849 2411 est,
865 2379 1005 2413 quomodo

217 2416 272 2450 jam
297 2418 377 2444 erat?
391 2418 480 2453 Atque
495 2420 546 2447 hoc
561 2421 596 2447 ab
610 2421 704 2448 cadent
721 2423 840 2450 vanitate
854 2424 1007 2458 profectum

218 2465 270 2494 est,
289 2470 349 2497 qua:
374 2463 401 2489 in
428 2465 637 2498 quaestiunculis
663 2467 813 2499 volutatur,
841 2472 868 2493 et
881 2468 1006 2495 sublimia

219 2510 391 2539 consectans,
407 2516 439 2535 ae
464 2509 585 2535 ccelestia
611 2510 720 2538 curiose
738 2516 925 2545 perscrutans,
942 2512 1005 2539 boni

218 2551 300 2578 etlicit
313 2552 391 2578 nihil.
410 2552 463 2580 Nos
476 2557 566 2581 autem
581 2555 621 2581 sic
637 2563 684 2583 eos
700 2556 870 2591 alloquemur
887 2566 893 2584 :
912 2557 1006 2585 Unde-

219 2606 280 2624 uam
308 2597 365 2624 haec
384 2598 484 2626 animis
500 2601 599 2628 vestris
616 2601 714 2636 injecta
738 2603 866 2637 cogitatio
890 2604 951 2632 est?
977 2603 1005 2630 Si

217 2643 338 2670 dixerint
360 2643 432 2672 hanc
457 2645 611 2680 inquirendi
628 2648 698 2674 viam
718 2655 779 2675 cum
799 2652 871 2675 recta
899 2649 1005 2677 ratione

218 2693 430 2717 consentaneam
454 2692 552 2723 videri,
577 2696 634 2719 tum
651 2701 701 2721 nos
715 2699 811 2721 contra
831 2694 872 2721 sic
892 2696 1002 2730 urgebi-

219 2742 279 2762 mus
299 2743 306 2761 :
325 2735 428 2764 Audire
451 2745 484 2764 ex
504 2738 581 2766 vobis
605 2739 741 2774 cupimus,
770 2747 833 2766 num
864 2740 897 2768 de
922 2742 1003 2770 rebus

1062 2288 1117 2314 Καὶ
1133 2287 1191 2314 ἑστι
1202 2287 1251 2322 τῆς
1266 2286 1353 2322 αὐτῆς
1372 2286 1610 2322 ματαιοφροσὺνης
1626 2287 1675 2320 τῆς
1694 2286 1758 2321 περὶ
1773 2286 1853 2321 ζητή-

1061 2341 1118 2364 σεις
1132 2332 1346 2367 ἀσχολουμένης,
1370 2332 1417 2358 καὶ
1435 2332 1468 2358 τὰ
1493 2332 1617 2366 μετέωρα
1637 2331 1852 2366 ὲμϐατευοὺσης,

1059 2379 1106 2405 καὶ
1120 2379 1154 2405 τὰ
1168 2379 1224 2405 ἅνω
1240 2378 1503 2414 περιεργαζομένης,
1528 2378 1574 2404 καὶ
1594 2377 1678 2412 μηδὲν
1696 2378 1799 2411 ἀγαθὸν
1811 2378 1853 2412 ἐρ-

1059 2424 1222 2459 γαζομένης,
1242 2423 1372 2460 Ἐροῦμεν
1388 2425 1442 2459 γὰρ
1460 2424 1528 2458 πρὸς
1546 2423 1662 2454 αὐτούς·
1685 2423 1771 2449 Πόθεν
1790 2424 1853 2457 ὑμῖν

1061 2470 1077 2505 ἠ
1093 2470 1205 2497 ὑπόνοια
1220 2470 1288 2505 αὕτη
1305 2469 1353 2496 τοῦ
1375 2469 1460 2496 ταῦτα
1478 2469 1671 2504 διανοηθῆναι;
1696 2469 1759 2495 Ἐὰν
1771 2469 1800 2495 δὲ
1815 2468 1852 2494 εἷ-

1060 2524 1157 2547 πωσιν,
1174 2515 1214 2542 ὅτι
1237 2514 1329 2546 Οὕτως
1353 2515 1465 2541 ἁπαιτεί
1485 2514 1515 2541 τὸ
1541 2514 1669 2550 φρόνημα
1695 2513 1850 2546 ἐξετάζειν·

1059 2561 1173 2597 λέγομεν
1188 2562 1234 2588 καὶ
1249 2561 1341 2588 αὐτοί·
1357 2561 1461 2588 Οὐκοῦν
1477 2561 1571 2595 λέγετε
1587 2562 1663 2596 ἡμῖν,
1681 2558 1704 2586 ὦ
1719 2557 1804 2591 οὗτοι,
1819 2560 1850 2586 τὰ

1058 2607 1163 2634 ἑαυτῶν
1187 2607 1337 2641 λογίζεσθε,
1356 2608 1372 2642 ἢ
1389 2607 1423 2633 τὰ
1440 2607 1486 2633 τοῦ
1507 2606 1593 2639 Θεοῦ,
1618 2604 1684 2633 Εἶτά
1702 2615 1785 2640 φασιν
1805 2605 1849 2640 ἀφ’

1058 2652 1173 2683 ἑαυτῶν,
1197 2652 1234 2684 ὡς
1252 2652 1371 2686 λογικοί·
1392 2652 1432 2678 Τὰ
1454 2651 1500 2678 τοῦ
1518 2651 1585 2678 Θεοῦ
1609 2650 1784 2686 λογιζόμεθα.
1801 2651 1849 2677 Οὑυ

1056 2698 1099 2724 δὲν
1116 2696 1162 2725 οὖν
1179 2698 1330 2725 διαλλάττει
1347 2698 1411 2729 Θεὸς
1428 2697 1476 2732 τῆς
1498 2697 1574 2732 ὑμῶν
1587 2697 1680 2729 ἕξεως,
1698 2696 1806 2731 φύσεώς
1821 2704 1846 2722 τε

1058 2744 1103 2770 καὶ
1120 2738 1229 2777 omni;
1247 2745 1310 2777 Ναὶ,
1329 2745 1420 2779 φασίν.

219 2784 327 2813 vestris,
345 2792 377 2811 an
394 2785 427 2812 de
453 2785 506 2818 his,
535 2795 595 2821 qua:
625 2787 657 2814 ad
689 2787 772 2815 Deum
797 2787 933 2822 pertinent
960 2790 996 2816 ita
1015 2791 1150 2827 cogitetis.
1174 2791 1387 2827 liespundnbunt
1413 2796 1505 2828 utpote
1529 2792 1634 2819 ratione
1661 2788 1789 2826 praﬂllll.
1813 2787 1845 2815 dt:

259 2862 391 2890 ‘lilalarh.
414 2873 452 2895 ιιι,
471 2865 495 2891 8.
537 2867 653 2895 1Matth.
675 2876 712 2900 χι,
733 2869 775 2894 ΞΓ).

818 2869 826 2883 ³
842 2869 924 2895 ἱξκυςί.
943 2877 983 2903 In,
1001 2870 1040 2896 li.

1081 2867 1179 2897 ‘Joan,
1197 2877 1214 2902 I,
1235 2870 1254 2896 l.
