  <div class='ocr_page' id='page_1' title='image "/cluster/home/n/w/nwhite01/storage/ocr_20150623/42/njp.32101077772588/167.png"; bbox 0 0 1929 3039; ppageno 0'>
   <div class='ocr_carea' id='block_1_1' title="bbox 220 131 269 160">
    <p class='ocr_par' dir='ltr' id='par_1_1' title="bbox 220 131 269 160">
     <span class='ocr_line' id='line_1_1' title="bbox 220 131 269 160; baseline 0 0"><span class='ocrx_word' id='word_1_1' title='bbox 220 131 269 160; x_wconf 67' lang='grc'><strong>319</strong></span> 
     </span>
    </p>
   </div>
   <div class='ocr_carea' id='block_1_2' title="bbox 922 133 1136 162">
    <p class='ocr_par' dir='ltr' id='par_1_2' title="bbox 922 133 1136 162">
     <span class='ocr_line' id='line_1_2' title="bbox 922 133 1136 162; baseline 0 0"><span class='ocrx_word' id='word_1_2' title='bbox 922 135 950 162; x_wconf 80' lang='lat'><strong>5.</strong></span> <span class='ocrx_word' id='word_1_3' title='bbox 966 133 1136 162; x_wconf 80' lang='lat' dir='ltr'><strong>EPil&#39;il.\Nll</strong></span> 
     </span>
    </p>
   </div>
   <div class='ocr_carea' id='block_1_3' title="bbox 1799 136 1850 167">
    <p class='ocr_par' dir='ltr' id='par_1_3' title="bbox 1799 136 1850 167">
     <span class='ocr_line' id='line_1_3' title="bbox 1799 136 1850 167; baseline 0.02 -1"><span class='ocrx_word' id='word_1_4' title='bbox 1799 136 1850 167; x_wconf 76' lang='grc' dir='ltr'><strong>5ἓο</strong></span> 
     </span>
    </p>
   </div>
   <div class='ocr_carea' id='block_1_4' title="bbox 218 187 1008 230">
    <p class='ocr_par' dir='ltr' id='par_1_4' title="bbox 218 187 1004 228">
     <span class='ocr_line' id='line_1_4' title="bbox 218 187 1004 228; baseline 0.005 -12"><span class='ocrx_word' id='word_1_5' title='bbox 218 191 306 225; x_wconf 82' lang='lat' dir='ltr'><strong>ipsum</strong></span> <span class='ocrx_word' id='word_1_6' title='bbox 325 190 396 224; x_wconf 89' lang='lat' dir='ltr'><strong>quod</strong></span> <span class='ocrx_word' id='word_1_7' title='bbox 415 195 466 222; x_wconf 83' lang='lat' dir='ltr'><strong>est,</strong></span> <span class='ocrx_word' id='word_1_8' title='bbox 485 190 555 218; x_wconf 86' lang='lat' dir='ltr'><strong>sicut</strong></span> <span class='ocrx_word' id='word_1_9' title='bbox 570 187 677 228; x_wconf 78' lang='lat' dir='ltr'><strong>Moyses</strong></span> <span class='ocrx_word' id='word_1_10' title='bbox 694 191 763 220; x_wconf 74' lang='lat' dir='ltr'><strong>dixit</strong></span> <span class='ocrx_word' id='word_1_11' title='bbox 779 202 786 220; x_wconf 86' lang='lat'>:</span> <span class='ocrx_word' id='word_1_12' title='bbox 805 192 857 226; x_wconf 83' lang='lat' dir='ltr'><strong>Qui</strong></span> <span class='ocrx_word' id='word_1_13' title='bbox 870 198 919 225; x_wconf 78' lang='lat' dir='ltr'><strong>est,</strong></span> <span class='ocrx_word' id='word_1_14' title='bbox 934 194 1004 220; x_wconf 84' lang='lat' dir='ltr'><strong>misit</strong></span> 
     </span>
    </p>
   </div>
   <div class='ocr_carea' id='block_1_5' title="bbox 1060 187 1850 230">
    <p class='ocr_par' dir='ltr' id='par_1_5' title="bbox 1060 192 1850 230">
     <span class='ocr_line' id='line_1_5' title="bbox 1060 192 1850 230; baseline 0.003 -10"><span class='ocrx_word' id='word_1_15' title='bbox 1060 202 1108 220; x_wconf 90' lang='grc' dir='ltr'>νει.</span> <span class='ocrx_word' id='word_1_16' title='bbox 1127 194 1164 220; x_wconf 85' lang='grc' dir='ltr'><strong>Τὺ</strong></span> <span class='ocrx_word' id='word_1_17' title='bbox 1186 194 1214 220; x_wconf 78' lang='grc' dir='ltr'><strong>δὲ</strong></span> <span class='ocrx_word' id='word_1_18' title='bbox 1232 193 1299 230; x_wconf 74' lang='grc' dir='ltr'>ὁμοῦ</span> <span class='ocrx_word' id='word_1_19' title='bbox 1313 192 1361 229; x_wconf 79' lang='grc' dir='ltr'><strong>οὺχ</strong></span> <span class='ocrx_word' id='word_1_20' title='bbox 1383 194 1430 221; x_wconf 68' lang='grc' dir='ltr'>ξένα</span> <span class='ocrx_word' id='word_1_21' title='bbox 1447 194 1526 221; x_wconf 76' lang='grc' dir='ltr'>πάλιν</span> <span class='ocrx_word' id='word_1_22' title='bbox 1550 194 1689 230; x_wconf 76' lang='grc' dir='ltr'>σημαὶνει,</span> <span class='ocrx_word' id='word_1_23' title='bbox 1703 195 1772 222; x_wconf 75' lang='grc' dir='ltr'><strong>ἀλλὰ</strong></span> <span class='ocrx_word' id='word_1_24' title='bbox 1796 196 1850 222; x_wconf 79' lang='grc' dir='ltr'><strong>ἀπὸ</strong></span> 
     </span>
    </p>
   </div>
   <div class='ocr_carea' id='block_1_6' title="bbox 219 235 1005 273">
    <p class='ocr_par' dir='ltr' id='par_1_6' title="bbox 219 235 1005 273">
     <span class='ocr_line' id='line_1_6' title="bbox 219 235 1005 273; baseline 0.004 -12"><span class='ocrx_word' id='word_1_25' title='bbox 219 243 258 262; x_wconf 76' lang='lat' dir='ltr'><strong>me</strong></span> <span class='ocrx_word' id='word_1_26' title='bbox 274 236 293 268; x_wconf 76' lang='lat'><strong>‘,</strong></span> <span class='ocrx_word' id='word_1_27' title='bbox 307 236 394 270; x_wconf 86' lang='lat' dir='ltr'><strong>inquit</strong></span> <span class='ocrx_word' id='word_1_28' title='bbox 408 235 441 262; x_wconf 94' lang='lat' dir='ltr'><strong>ad</strong></span> <span class='ocrx_word' id='word_1_29' title='bbox 455 236 524 264; x_wconf 89' lang='lat' dir='ltr'><strong>lilios</strong></span> <span class='ocrx_word' id='word_1_30' title='bbox 541 235 634 265; x_wconf 87' lang='lat' dir='ltr'><strong>lsrael.</strong></span> <span class='ocrx_word' id='word_1_31' title='bbox 648 237 741 272; x_wconf 86' lang='lat' dir='ltr'><strong>Itaque</strong></span> <span class='ocrx_word' id='word_1_32' title='bbox 756 238 801 273; x_wconf 91' lang='lat' dir='ltr'><strong>qui</strong></span> <span class='ocrx_word' id='word_1_33' title='bbox 817 242 870 270; x_wconf 88' lang='lat' dir='ltr'><strong>est,</strong></span> <span class='ocrx_word' id='word_1_34' title='bbox 887 247 936 266; x_wconf 82' lang='lat' dir='ltr'><strong>ens</strong></span> <span class='ocrx_word' id='word_1_35' title='bbox 953 243 1005 271; x_wconf 77' lang='lat' dir='ltr'><strong>est,</strong></span> 
     </span>
    </p>
   </div>
   <div class='ocr_carea' id='block_1_7' title="bbox 218 281 1003 319">
    <p class='ocr_par' dir='ltr' id='par_1_7' title="bbox 218 281 1003 319">
     <span class='ocr_line' id='line_1_7' title="bbox 218 281 1003 319; baseline 0.006 -13"><span class='ocrx_word' id='word_1_36' title='bbox 218 285 248 306; x_wconf 91' lang='lat' dir='ltr'><strong>ut</strong></span> <span class='ocrx_word' id='word_1_37' title='bbox 273 281 310 307; x_wconf 92' lang='lat' dir='ltr'><strong>ita</strong></span> <span class='ocrx_word' id='word_1_38' title='bbox 336 281 446 309; x_wconf 88' lang='lat' dir='ltr'><strong>dicam:</strong></span> <span class='ocrx_word' id='word_1_39' title='bbox 465 282 516 309; x_wconf 88' lang='lat' dir='ltr'><strong>hoc</strong></span> <span class='ocrx_word' id='word_1_40' title='bbox 541 287 630 310; x_wconf 83' lang='lat' dir='ltr'><strong>autem</strong></span> <span class='ocrx_word' id='word_1_41' title='bbox 654 284 721 310; x_wconf 84' lang='lat' dir='ltr'><strong>nihil</strong></span> <span class='ocrx_word' id='word_1_42' title='bbox 748 284 820 311; x_wconf 83' lang='lat' dir='ltr'><strong>aliud</strong></span> <span class='ocrx_word' id='word_1_43' title='bbox 848 289 900 315; x_wconf 85' lang='lat' dir='ltr'><strong>est,</strong></span> <span class='ocrx_word' id='word_1_44' title='bbox 921 292 1003 319; x_wconf 84' lang='lat' dir='ltr'><strong>quam</strong></span> 
     </span>
    </p>
   </div>
   <div class='ocr_carea' id='block_1_8' title="bbox 217 326 1006 364">
    <p class='ocr_par' dir='ltr' id='par_1_8' title="bbox 217 326 1006 364">
     <span class='ocr_line' id='line_1_8' title="bbox 217 326 1006 364; baseline 0.001 -10"><span class='ocrx_word' id='word_1_45' title='bbox 217 326 381 354; x_wconf 80' lang='lat' dir='ltr'><strong>substantia.</strong></span> <span class='ocrx_word' id='word_1_46' title='bbox 400 327 459 354; x_wconf 81' lang='lat' dir='ltr'><strong>Jam</strong></span> <span class='ocrx_word' id='word_1_47' title='bbox 483 328 615 363; x_wconf 89' lang='lat' dir='ltr'><strong>particula</strong></span> <span class='ocrx_word' id='word_1_48' title='bbox 634 329 678 356; x_wconf 83' lang='lat' dir='ltr'><strong>illa</strong></span> <span class='ocrx_word' id='word_1_49' title='bbox 695 329 762 364; x_wconf 78' lang='grc' dir='ltr'>ὁμοῦ</span> <span class='ocrx_word' id='word_1_50' title='bbox 778 337 832 356; x_wconf 93' lang='lat' dir='ltr'><strong>non</strong></span> <span class='ocrx_word' id='word_1_51' title='bbox 847 337 930 356; x_wconf 89' lang='lat' dir='ltr'><strong>unum</strong></span> <span class='ocrx_word' id='word_1_52' title='bbox 957 330 1006 356; x_wconf 90' lang='lat' dir='ltr'><strong>ali-</strong></span> 
     </span>
    </p>
   </div>
   <div class='ocr_carea' id='block_1_9' title="bbox 218 373 1005 410">
    <p class='ocr_par' dir='ltr' id='par_1_9' title="bbox 218 373 1005 410">
     <span class='ocr_line' id='line_1_9' title="bbox 218 373 1005 410; baseline 0.004 -12"><span class='ocrx_word' id='word_1_53' title='bbox 218 380 298 407; x_wconf 93' lang='lat' dir='ltr'><strong>quem</strong></span> <span class='ocrx_word' id='word_1_54' title='bbox 326 376 352 400; x_wconf 88' lang='lat' dir='ltr'><strong>et</strong></span> <span class='ocrx_word' id='word_1_55' title='bbox 379 373 544 409; x_wconf 76' lang='lat' dir='ltr'><strong>singularem</strong></span> <span class='ocrx_word' id='word_1_56' title='bbox 567 375 706 409; x_wconf 83' lang='lat' dir='ltr'><strong>exprimit,</strong></span> <span class='ocrx_word' id='word_1_57' title='bbox 733 375 781 402; x_wconf 88' lang='lat' dir='ltr'><strong>sed</strong></span> <span class='ocrx_word' id='word_1_58' title='bbox 809 376 835 402; x_wconf 93' lang='lat' dir='ltr'><strong>in</strong></span> <span class='ocrx_word' id='word_1_59' title='bbox 861 375 1005 410; x_wconf 74' lang='grc' dir='ltr'>ὁμοουσῐου</span> 
     </span>
    </p>
   </div>
   <div class='ocr_carea' id='block_1_10' title="bbox 217 419 1003 456">
    <p class='ocr_par' dir='ltr' id='par_1_10' title="bbox 217 419 1003 456">
     <span class='ocr_line' id='line_1_10' title="bbox 217 419 1003 456; baseline 0.004 -11"><span class='ocrx_word' id='word_1_60' title='bbox 217 426 283 446; x_wconf 82' lang='lat' dir='ltr'><strong>voce</strong></span> <span class='ocrx_word' id='word_1_61' title='bbox 292 419 346 446; x_wconf 93' lang='lat' dir='ltr'><strong>duo</strong></span> <span class='ocrx_word' id='word_1_62' title='bbox 354 421 476 454; x_wconf 68' lang='lat' dir='ltr'><strong>quaedam</strong></span> <span class='ocrx_word' id='word_1_63' title='bbox 496 421 522 447; x_wconf 92' lang='lat' dir='ltr'><strong>in</strong></span> <span class='ocrx_word' id='word_1_64' title='bbox 538 421 632 448; x_wconf 88' lang='lat' dir='ltr'><strong>eadem</strong></span> <span class='ocrx_word' id='word_1_65' title='bbox 645 422 763 448; x_wconf 81' lang='lat' dir='ltr'><strong>essentia</strong></span> <span class='ocrx_word' id='word_1_66' title='bbox 782 421 902 456; x_wconf 83' lang='lat' dir='ltr'><strong>perfecta</strong></span> <span class='ocrx_word' id='word_1_67' title='bbox 922 421 1003 456; x_wconf 73' lang='lat' dir='ltr'><strong>signi-</strong></span> 
     </span>
    </p>
   </div>
   <div class='ocr_carea' id='block_1_11' title="bbox 219 465 1006 500">
    <p class='ocr_par' dir='ltr' id='par_1_11' title="bbox 219 465 1006 500">
     <span class='ocr_line' id='line_1_11' title="bbox 219 465 1006 500; baseline 0.003 -9"><span class='ocrx_word' id='word_1_68' title='bbox 219 465 290 498; x_wconf 87' lang='lat' dir='ltr'><strong>licat,</strong></span> <span class='ocrx_word' id='word_1_69' title='bbox 307 474 368 500; x_wconf 71' lang='lat' dir='ltr'><strong>quae</strong></span> <span class='ocrx_word' id='word_1_70' title='bbox 387 473 435 493; x_wconf 91' lang='lat' dir='ltr'><strong>nec</strong></span> <span class='ocrx_word' id='word_1_71' title='bbox 453 474 467 493; x_wconf 94' lang='lat' dir='ltr'><strong>a</strong></span> <span class='ocrx_word' id='word_1_72' title='bbox 483 475 512 493; x_wconf 93' lang='lat' dir='ltr'><strong>se</strong></span> <span class='ocrx_word' id='word_1_73' title='bbox 538 467 652 493; x_wconf 88' lang='lat' dir='ltr'><strong>invicem</strong></span> <span class='ocrx_word' id='word_1_74' title='bbox 672 466 790 499; x_wconf 83' lang='lat' dir='ltr'><strong>diversa,</strong></span> <span class='ocrx_word' id='word_1_75' title='bbox 815 475 866 494; x_wconf 90' lang='lat' dir='ltr'><strong>nec</strong></span> <span class='ocrx_word' id='word_1_76' title='bbox 890 467 924 494; x_wconf 89' lang='lat' dir='ltr'><strong>ab</strong></span> <span class='ocrx_word' id='word_1_77' title='bbox 946 467 1006 494; x_wconf 84' lang='lat' dir='ltr'><strong>uni-</strong></span> 
     </span>
    </p>
   </div>
   <div class='ocr_carea' id='block_1_12' title="bbox 218 513 1005 550">
    <p class='ocr_par' dir='ltr' id='par_1_12' title="bbox 218 513 1005 550">
     <span class='ocr_line' id='line_1_12' title="bbox 218 513 1005 550; baseline 0.001 -10"><span class='ocrx_word' id='word_1_78' title='bbox 218 516 272 540; x_wconf 91' lang='lat' dir='ltr'><strong>tate</strong></span> <span class='ocrx_word' id='word_1_79' title='bbox 286 521 334 540; x_wconf 84' lang='lat' dir='ltr'><strong>sua</strong></span> <span class='ocrx_word' id='word_1_80' title='bbox 350 514 405 540; x_wconf 84' lang='lat' dir='ltr'><strong>sint</strong></span> <span class='ocrx_word' id='word_1_81' title='bbox 424 514 522 540; x_wconf 90' lang='lat' dir='ltr'><strong>aliena.</strong></span> <span class='ocrx_word' id='word_1_82' title='bbox 539 513 608 546; x_wconf 86' lang='lat' dir='ltr'><strong>Quid</strong></span> <span class='ocrx_word' id='word_1_83' title='bbox 630 514 651 541; x_wconf 78' lang='lat' dir='ltr'><strong>si</strong></span> <span class='ocrx_word' id='word_1_84' title='bbox 675 515 784 550; x_wconf 86' lang='lat' dir='ltr'><strong>pietatis</strong></span> <span class='ocrx_word' id='word_1_85' title='bbox 806 515 903 550; x_wconf 77' lang='lat' dir='ltr'><strong>gratia,</strong></span> <span class='ocrx_word' id='word_1_86' title='bbox 923 517 1005 549; x_wconf 87' lang='lat' dir='ltr'><strong>atque</strong></span> 
     </span>
    </p>
   </div>
   <div class='ocr_carea' id='block_1_13' title="bbox 218 558 1005 596">
    <p class='ocr_par' dir='ltr' id='par_1_13' title="bbox 218 558 1005 596">
     <span class='ocr_line' id='line_1_13' title="bbox 218 558 1005 596; baseline 0.001 -11"><span class='ocrx_word' id='word_1_87' title='bbox 218 558 251 586; x_wconf 84' lang='lat' dir='ltr'><strong>ad</strong></span> <span class='ocrx_word' id='word_1_88' title='bbox 280 559 493 586; x_wconf 79' lang='lat' dir='ltr'><strong>consociandam</strong></span> <span class='ocrx_word' id='word_1_89' title='bbox 527 560 651 587; x_wconf 79' lang='lat' dir='ltr'><strong>veritatis</strong></span> <span class='ocrx_word' id='word_1_90' title='bbox 677 559 874 596; x_wconf 84' lang='lat' dir='ltr'><strong>prolessionem</strong></span> <span class='ocrx_word' id='word_1_91' title='bbox 905 567 1005 587; x_wconf 90' lang='lat' dir='ltr'><strong>novum</strong></span> 
     </span>
    </p>
   </div>
   <div class='ocr_carea' id='block_1_14' title="bbox 217 605 1005 641">
    <p class='ocr_par' dir='ltr' id='par_1_14' title="bbox 217 605 1005 641">
     <span class='ocr_line' id='line_1_14' title="bbox 217 605 1005 641; baseline 0.001 -10"><span class='ocrx_word' id='word_1_92' title='bbox 217 605 327 640; x_wconf 75' lang='lat' dir='ltr'><strong>aliquod</strong></span> <span class='ocrx_word' id='word_1_93' title='bbox 345 605 507 632; x_wconf 72' lang='lat' dir='ltr'><strong>vocabulum</strong></span> <span class='ocrx_word' id='word_1_94' title='bbox 525 614 657 641; x_wconf 85' lang='lat' dir='ltr'><strong>usurpare</strong></span> <span class='ocrx_word' id='word_1_95' title='bbox 674 607 829 634; x_wconf 76' lang='lat' dir='ltr'><strong>voluimus?</strong></span> <span class='ocrx_word' id='word_1_96' title='bbox 854 606 910 634; x_wconf 80' lang='lat' dir='ltr'><strong>Nisi</strong></span> <span class='ocrx_word' id='word_1_97' title='bbox 933 606 1005 633; x_wconf 87' lang='lat' dir='ltr'><strong>enim</strong></span> 
     </span>
    </p>
   </div>
   <div class='ocr_carea' id='block_1_15' title="bbox 217 652 1007 683">
    <p class='ocr_par' dir='ltr' id='par_1_15' title="bbox 217 652 1007 683">
     <span class='ocr_line' id='line_1_15' title="bbox 217 652 1007 683; baseline 0.004 -6"><span class='ocrx_word' id='word_1_98' title='bbox 217 652 452 679; x_wconf 76' lang='lat' dir='ltr'><strong>(-onsubstantiale</strong></span> <span class='ocrx_word' id='word_1_99' title='bbox 467 653 532 679; x_wconf 90' lang='lat' dir='ltr'><strong>illud</strong></span> <span class='ocrx_word' id='word_1_100' title='bbox 547 653 751 683; x_wconf 88' lang='lat' dir='ltr'><strong>retinuerimus,</strong></span> <span class='ocrx_word' id='word_1_101' title='bbox 767 661 800 680; x_wconf 65' lang='lat' dir='ltr'><strong>ex</strong></span> <span class='ocrx_word' id='word_1_102' title='bbox 815 653 942 680; x_wconf 88' lang='lat' dir='ltr'><strong>omnibus</strong></span> <span class='ocrx_word' id='word_1_103' title='bbox 956 653 1007 680; x_wconf 69' lang='lat' dir='ltr'><strong>bte-</strong></span> 
     </span>
    </p>
   </div>
   <div class='ocr_carea' id='block_1_16' title="bbox 217 697 1007 735">
    <p class='ocr_par' dir='ltr' id='par_1_16' title="bbox 217 697 1007 735">
     <span class='ocr_line' id='line_1_16' title="bbox 217 697 1007 735; baseline 0.003 -12"><span class='ocrx_word' id='word_1_104' title='bbox 217 697 325 725; x_wconf 82' lang='lat' dir='ltr'><strong>resibus</strong></span> <span class='ocrx_word' id='word_1_105' title='bbox 343 698 455 726; x_wconf 80' lang='lat' dir='ltr'><strong>refutari</strong></span> <span class='ocrx_word' id='word_1_106' title='bbox 475 700 547 726; x_wconf 92' lang='lat' dir='ltr'><strong>nulla</strong></span> <span class='ocrx_word' id='word_1_107' title='bbox 571 703 669 734; x_wconf 88' lang='lat' dir='ltr'><strong>potest.</strong></span> <span class='ocrx_word' id='word_1_108' title='bbox 691 699 759 726; x_wconf 71' lang='lat' dir='ltr'><strong>Nam</strong></span> <span class='ocrx_word' id='word_1_109' title='bbox 780 703 809 726; x_wconf 91' lang='lat' dir='ltr'><strong>ut</strong></span> <span class='ocrx_word' id='word_1_110' title='bbox 832 707 945 735; x_wconf 86' lang='lat' dir='ltr'><strong>serpens</strong></span> <span class='ocrx_word' id='word_1_111' title='bbox 964 699 1007 726; x_wconf 79' lang='lat' dir='ltr'><strong>bi-</strong></span> 
     </span>
    </p>
   </div>
   <div class='ocr_carea' id='block_1_17' title="bbox 216 744 1006 781">
    <p class='ocr_par' dir='ltr' id='par_1_17' title="bbox 216 744 1006 781">
     <span class='ocr_line' id='line_1_17' title="bbox 216 744 1006 781; baseline 0.004 -12"><span class='ocrx_word' id='word_1_112' title='bbox 216 744 330 771; x_wconf 78' lang='lat' dir='ltr'><strong>tuminis</strong></span> <span class='ocrx_word' id='word_1_113' title='bbox 357 744 468 772; x_wconf 87' lang='lat' dir='ltr'><strong>odorem</strong></span> <span class='ocrx_word' id='word_1_114' title='bbox 493 745 603 781; x_wconf 74' lang='lat' dir='ltr'><strong>refugit,</strong></span> <span class='ocrx_word' id='word_1_115' title='bbox 629 749 675 772; x_wconf 89' lang='lat' dir='ltr'><strong>aut</strong></span> <span class='ocrx_word' id='word_1_116' title='bbox 699 753 786 773; x_wconf 65' lang='grc' dir='ltr'>εει-νει)</span> <span class='ocrx_word' id='word_1_117' title='bbox 811 745 936 777; x_wconf 91' lang='lat' dir='ltr'><strong>halitum,</strong></span> <span class='ocrx_word' id='word_1_118' title='bbox 959 750 1006 772; x_wconf 84' lang='lat' dir='ltr'><strong>aut</strong></span> 
     </span>
    </p>
   </div>
   <div class='ocr_carea' id='block_1_18' title="bbox 216 790 1005 826">
    <p class='ocr_par' dir='ltr' id='par_1_18' title="bbox 216 790 1005 826">
     <span class='ocr_line' id='line_1_18' title="bbox 216 790 1005 826; baseline 0.005 -12"><span class='ocrx_word' id='word_1_119' title='bbox 216 794 321 824; x_wconf 60' lang='lat' dir='ltr'><strong>gagaten</strong></span> <span class='ocrx_word' id='word_1_120' title='bbox 341 790 439 825; x_wconf 79' lang='lat' dir='ltr'><strong>lapidis</strong></span> <span class='ocrx_word' id='word_1_121' title='bbox 466 791 596 821; x_wconf 79' lang='lat' dir='ltr'><strong>sumtum,</strong></span> <span class='ocrx_word' id='word_1_122' title='bbox 624 795 670 817; x_wconf 89' lang='lat' dir='ltr'><strong>aut</strong></span> <span class='ocrx_word' id='word_1_123' title='bbox 696 791 812 826; x_wconf 82' lang='lat' dir='ltr'><strong>styracis</strong></span> <span class='ocrx_word' id='word_1_124' title='bbox 828 791 942 823; x_wconf 81' lang='lat' dir='ltr'><strong>fumum,</strong></span> <span class='ocrx_word' id='word_1_125' title='bbox 966 791 1005 818; x_wconf 91' lang='lat' dir='ltr'><strong>sic</strong></span> 
     </span>
    </p>
   </div>
   <div class='ocr_carea' id='block_1_19' title="bbox 215 835 1004 864">
    <p class='ocr_par' dir='ltr' id='par_1_19' title="bbox 215 835 1004 864">
     <span class='ocr_line' id='line_1_19' title="bbox 215 835 1004 864; baseline 0.004 -4"><span class='ocrx_word' id='word_1_126' title='bbox 215 835 297 862; x_wconf 75' lang='lat' dir='ltr'><strong>Arius</strong></span> <span class='ocrx_word' id='word_1_127' title='bbox 312 840 337 863; x_wconf 84' lang='lat' dir='ltr'><strong>et</strong></span> <span class='ocrx_word' id='word_1_128' title='bbox 353 836 486 864; x_wconf 85' lang='lat' dir='ltr'><strong>Sabellius</strong></span> <span class='ocrx_word' id='word_1_129' title='bbox 501 837 738 863; x_wconf 76' lang='lat' dir='ltr'><strong>consubstalltialis</strong></span> <span class='ocrx_word' id='word_1_130' title='bbox 762 844 856 864; x_wconf 83' lang='lat' dir='ltr'><strong>vocem</strong></span> <span class='ocrx_word' id='word_1_131' title='bbox 874 837 946 863; x_wconf 83' lang='lat' dir='ltr'><strong>illam</strong></span> <span class='ocrx_word' id='word_1_132' title='bbox 973 844 1004 863; x_wconf 92' lang='lat' dir='ltr'><strong>ac</strong></span> 
     </span>
    </p>
   </div>
   <div class='ocr_carea' id='block_1_20' title="bbox 1059 239 1847 275">
    <p class='ocr_par' dir='ltr' id='par_1_20' title="bbox 1059 239 1847 275">
     <span class='ocr_line' id='line_1_20' title="bbox 1059 239 1847 275; baseline 0.001 -10"><span class='ocrx_word' id='word_1_133' title='bbox 1059 239 1106 265; x_wconf 82' lang='grc' dir='ltr'>τοῦ</span> <span class='ocrx_word' id='word_1_134' title='bbox 1123 239 1268 274; x_wconf 81' lang='grc' dir='ltr'>ὁμοουσίου</span> <span class='ocrx_word' id='word_1_135' title='bbox 1282 239 1329 266; x_wconf 83' lang='grc' dir='ltr'><strong>δύο</strong></span> <span class='ocrx_word' id='word_1_136' title='bbox 1344 239 1470 275; x_wconf 74' lang='grc' dir='ltr'><strong>σημαίνει</strong></span> <span class='ocrx_word' id='word_1_137' title='bbox 1486 239 1577 266; x_wconf 84' lang='grc' dir='ltr'>τέλεια</span> <span class='ocrx_word' id='word_1_138' title='bbox 1587 248 1593 254; x_wconf 79' lang='lat'>&#39;</span> <span class='ocrx_word' id='word_1_139' title='bbox 1612 240 1669 265; x_wconf 84' lang='grc' dir='ltr'>ἀλλ’</span> <span class='ocrx_word' id='word_1_140' title='bbox 1689 241 1740 266; x_wconf 68' lang='grc' dir='ltr'><strong>οὐκ</strong></span> <span class='ocrx_word' id='word_1_141' title='bbox 1756 239 1847 266; x_wconf 76' lang='grc' dir='ltr'>ἀλλοῖα</span> 
     </span>
    </p>
   </div>
   <div class='ocr_carea' id='block_1_21' title="bbox 1058 284 1848 320">
    <p class='ocr_par' dir='ltr' id='par_1_21' title="bbox 1058 284 1848 320">
     <span class='ocr_line' id='line_1_21' title="bbox 1058 284 1848 320; baseline 0.001 -10"><span class='ocrx_word' id='word_1_142' title='bbox 1058 284 1181 320; x_wconf 80' lang='grc' dir='ltr'>ἀλλήλων</span> <span class='ocrx_word' id='word_1_143' title='bbox 1199 285 1282 315; x_wconf 70' lang='grc' dir='ltr'>ἐστὶν,</span> <span class='ocrx_word' id='word_1_144' title='bbox 1295 284 1355 310; x_wconf 79' lang='grc' dir='ltr'>οὐδὲ</span> <span class='ocrx_word' id='word_1_145' title='bbox 1369 285 1495 320; x_wconf 80' lang='grc' dir='ltr'>ἀλλότρια</span> <span class='ocrx_word' id='word_1_146' title='bbox 1504 285 1554 319; x_wconf 80' lang='grc' dir='ltr'><strong>τῆς</strong></span> <span class='ocrx_word' id='word_1_147' title='bbox 1568 284 1657 310; x_wconf 77' lang='grc' dir='ltr'>αὐτῶν</span> <span class='ocrx_word' id='word_1_148' title='bbox 1667 285 1804 320; x_wconf 82' lang='grc' dir='ltr'>ὲνότητος.</span> <span class='ocrx_word' id='word_1_149' title='bbox 1818 285 1848 311; x_wconf 84' lang='grc' dir='ltr'>Εἰ</span> 
     </span>
    </p>
   </div>
   <div class='ocr_carea' id='block_1_22' title="bbox 1058 329 1848 365">
    <p class='ocr_par' dir='ltr' id='par_1_22' title="bbox 1058 329 1848 365">
     <span class='ocr_line' id='line_1_22' title="bbox 1058 329 1848 365; baseline -0.001 -9"><span class='ocrx_word' id='word_1_150' title='bbox 1058 329 1087 356; x_wconf 81' lang='grc' dir='ltr'><strong>δὲ</strong></span> <span class='ocrx_word' id='word_1_151' title='bbox 1110 329 1287 365; x_wconf 77' lang='grc' dir='ltr'>ἐχρησάμεθα</span> <span class='ocrx_word' id='word_1_152' title='bbox 1312 329 1451 361; x_wconf 71' lang='grc' dir='ltr'>εὐσεϐείας</span> <span class='ocrx_word' id='word_1_153' title='bbox 1475 329 1554 365; x_wconf 82' lang='grc' dir='ltr'>χάριν</span> <span class='ocrx_word' id='word_1_154' title='bbox 1578 329 1631 355; x_wconf 77' lang='grc' dir='ltr'>τινὶ</span> <span class='ocrx_word' id='word_1_155' title='bbox 1654 329 1726 362; x_wconf 79' lang='grc' dir='ltr'>λέξει</span> <span class='ocrx_word' id='word_1_156' title='bbox 1743 329 1789 356; x_wconf 75' lang='grc' dir='ltr'><strong>διὰ</strong></span> <span class='ocrx_word' id='word_1_157' title='bbox 1805 329 1848 355; x_wconf 74' lang='grc' dir='ltr'><strong>τὺν</strong></span> 
     </span>
    </p>
   </div>
   <div class='ocr_carea' id='block_1_23' title="bbox 1059 375 1850 411">
    <p class='ocr_par' dir='ltr' id='par_1_23' title="bbox 1059 375 1850 411">
     <span class='ocr_line' id='line_1_23' title="bbox 1059 375 1850 411; baseline -0.003 -8"><span class='ocrx_word' id='word_1_158' title='bbox 1059 376 1206 411; x_wconf 77' lang='grc' dir='ltr'>σύνδεσμον</span> <span class='ocrx_word' id='word_1_159' title='bbox 1226 377 1277 411; x_wconf 77' lang='grc' dir='ltr'>τῆς</span> <span class='ocrx_word' id='word_1_160' title='bbox 1298 375 1436 411; x_wconf 83' lang='grc' dir='ltr'>ἀληθείας.</span> <span class='ocrx_word' id='word_1_161' title='bbox 1455 376 1536 401; x_wconf 74' lang='grc' dir='ltr'>’Ἄνευ</span> <span class='ocrx_word' id='word_1_162' title='bbox 1562 375 1616 410; x_wconf 83' lang='grc' dir='ltr'>γὰρ</span> <span class='ocrx_word' id='word_1_163' title='bbox 1636 375 1683 402; x_wconf 75' lang='grc' dir='ltr'>τοῦ</span> <span class='ocrx_word' id='word_1_164' title='bbox 1707 375 1850 410; x_wconf 79' lang='grc' dir='ltr'><strong>ὁμολογεῖν</strong></span> 
     </span>
    </p>
   </div>
   <div class='ocr_carea' id='block_1_24' title="bbox 1058 419 1850 458">
    <p class='ocr_par' dir='ltr' id='par_1_24' title="bbox 1058 419 1850 458">
     <span class='ocr_line' id='line_1_24' title="bbox 1058 419 1850 458; baseline -0.004 -8"><span class='ocrx_word' id='word_1_165' title='bbox 1058 424 1209 458; x_wconf 78' lang='grc' dir='ltr'>ὀμοούσιον,</span> <span class='ocrx_word' id='word_1_166' title='bbox 1227 423 1336 449; x_wconf 84' lang='grc' dir='ltr'>πάντων</span> <span class='ocrx_word' id='word_1_167' title='bbox 1353 421 1364 436; x_wconf 69' lang='grc'><strong>⁸</strong></span> <span class='ocrx_word' id='word_1_168' title='bbox 1380 421 1511 456; x_wconf 79' lang='grc' dir='ltr'><strong>αἱρέσεων</strong></span> <span class='ocrx_word' id='word_1_169' title='bbox 1526 421 1556 447; x_wconf 83' lang='grc' dir='ltr'>οὺ</span> <span class='ocrx_word' id='word_1_170' title='bbox 1569 421 1681 449; x_wconf 79' lang='grc' dir='ltr'>δύναται</span> <span class='ocrx_word' id='word_1_171' title='bbox 1692 419 1762 448; x_wconf 74' lang='grc' dir='ltr'>εἶναι</span> <span class='ocrx_word' id='word_1_172' title='bbox 1775 421 1850 455; x_wconf 76' lang='grc' dir='ltr'>ἔλεγ-</span> 
     </span>
    </p>
   </div>
   <div class='ocr_carea' id='block_1_25' title="bbox 1058 464 1851 502">
    <p class='ocr_par' dir='ltr' id='par_1_25' title="bbox 1058 464 1851 502">
     <span class='ocr_line' id='line_1_25' title="bbox 1058 464 1851 502; baseline 0 -9"><span class='ocrx_word' id='word_1_173' title='bbox 1058 476 1114 502; x_wconf 79' lang='grc' dir='ltr'>χος.</span> <span class='ocrx_word' id='word_1_174' title='bbox 1129 467 1233 502; x_wconf 75' lang='grc' dir='ltr'>’Ὠσπερ</span> <span class='ocrx_word' id='word_1_175' title='bbox 1253 466 1308 502; x_wconf 83' lang='grc' dir='ltr'><strong>γὰρ</strong></span> <span class='ocrx_word' id='word_1_176' title='bbox 1325 467 1400 501; x_wconf 86' lang='grc' dir='ltr'>μισεῖ</span> <span class='ocrx_word' id='word_1_177' title='bbox 1417 466 1430 491; x_wconf 86' lang='grc' dir='ltr'>ὁ</span> <span class='ocrx_word' id='word_1_178' title='bbox 1447 466 1508 500; x_wconf 70' lang='grc' dir='ltr'>ὄφις</span> <span class='ocrx_word' id='word_1_179' title='bbox 1521 466 1570 501; x_wconf 79' lang='grc' dir='ltr'>τὴν</span> <span class='ocrx_word' id='word_1_180' title='bbox 1583 466 1670 501; x_wconf 79' lang='grc' dir='ltr'>ὀσμὴν</span> <span class='ocrx_word' id='word_1_181' title='bbox 1683 464 1732 501; x_wconf 73' lang='grc' dir='ltr'>τῆς</span> <span class='ocrx_word' id='word_1_182' title='bbox 1748 467 1851 501; x_wconf 52' lang='grc' dir='ltr'>ἀσφάλ-</span> 
     </span>
    </p>
   </div>
   <div class='ocr_carea' id='block_1_26' title="bbox 1058 511 1850 548">
    <p class='ocr_par' dir='ltr' id='par_1_26' title="bbox 1058 511 1850 548">
     <span class='ocr_line' id='line_1_26' title="bbox 1058 511 1850 548; baseline -0.003 -9"><span class='ocrx_word' id='word_1_183' title='bbox 1058 521 1115 545; x_wconf 82' lang='grc' dir='ltr'>του,</span> <span class='ocrx_word' id='word_1_184' title='bbox 1134 513 1179 539; x_wconf 82' lang='grc' dir='ltr'><strong>καὶ</strong></span> <span class='ocrx_word' id='word_1_185' title='bbox 1193 513 1242 548; x_wconf 76' lang='grc' dir='ltr'>τὴν</span> <span class='ocrx_word' id='word_1_186' title='bbox 1258 512 1342 547; x_wconf 78' lang='grc' dir='ltr'>πνοὴν</span> <span class='ocrx_word' id='word_1_187' title='bbox 1354 512 1404 546; x_wconf 80' lang='grc' dir='ltr'>τῆς</span> <span class='ocrx_word' id='word_1_188' title='bbox 1426 511 1536 545; x_wconf 67' lang='grc' dir='ltr'>ἐλάφου,</span> <span class='ocrx_word' id='word_1_189' title='bbox 1553 512 1599 538; x_wconf 81' lang='grc' dir='ltr'>καὶ</span> <span class='ocrx_word' id='word_1_190' title='bbox 1610 511 1640 538; x_wconf 74' lang='grc' dir='ltr'><strong>τὸ</strong></span> <span class='ocrx_word' id='word_1_191' title='bbox 1659 511 1787 546; x_wconf 84' lang='grc' dir='ltr'>θυμίαμα</span> <span class='ocrx_word' id='word_1_192' title='bbox 1804 511 1850 537; x_wconf 78' lang='grc' dir='ltr'>τοῦ</span> 
     </span>
    </p>
   </div>
   <div class='ocr_carea' id='block_1_27' title="bbox 1058 557 1851 594">
    <p class='ocr_par' dir='ltr' id='par_1_27' title="bbox 1058 557 1851 594">
     <span class='ocr_line' id='line_1_27' title="bbox 1058 557 1851 594; baseline -0.003 -9"><span class='ocrx_word' id='word_1_193' title='bbox 1058 559 1178 594; x_wconf 83' lang='grc' dir='ltr'>γαγάτου</span> <span class='ocrx_word' id='word_1_194' title='bbox 1192 558 1278 589; x_wconf 83' lang='grc' dir='ltr'>λίθου,</span> <span class='ocrx_word' id='word_1_195' title='bbox 1295 558 1340 584; x_wconf 82' lang='grc' dir='ltr'><strong>καὶ</strong></span> <span class='ocrx_word' id='word_1_196' title='bbox 1353 557 1384 584; x_wconf 82' lang='grc' dir='ltr'>τὸ</span> <span class='ocrx_word' id='word_1_197' title='bbox 1396 558 1538 593; x_wconf 75' lang='grc' dir='ltr'>κάπνισμα</span> <span class='ocrx_word' id='word_1_198' title='bbox 1555 557 1601 584; x_wconf 68' lang='grc' dir='ltr'>το]</span> <span class='ocrx_word' id='word_1_199' title='bbox 1614 557 1748 592; x_wconf 80' lang='grc' dir='ltr'><strong>στύρακος</strong></span> <span class='ocrx_word' id='word_1_200' title='bbox 1759 567 1765 572; x_wconf 89' lang='grc'>·</span> <span class='ocrx_word' id='word_1_201' title='bbox 1779 557 1851 583; x_wconf 79' lang='grc' dir='ltr'>οὕτω</span> 
     </span>
    </p>
   </div>
   <div class='ocr_carea' id='block_1_28' title="bbox 1058 603 1850 642">
    <p class='ocr_par' dir='ltr' id='par_1_28' title="bbox 1058 603 1850 642">
     <span class='ocr_line' id='line_1_28' title="bbox 1058 603 1850 642; baseline -0.005 -9"><span class='ocrx_word' id='word_1_202' title='bbox 1058 607 1105 633; x_wconf 80' lang='lat' dir='ltr'><strong>xati.</strong></span> <span class='ocrx_word' id='word_1_203' title='bbox 1119 607 1227 642; x_wconf 73' lang='grc' dir='ltr'>Ἄρειος</span> <span class='ocrx_word' id='word_1_204' title='bbox 1235 605 1280 631; x_wconf 77' lang='grc' dir='ltr'>καὶ</span> <span class='ocrx_word' id='word_1_205' title='bbox 1290 604 1432 636; x_wconf 76' lang='grc' dir='ltr'>Σαὸέλλιος</span> <span class='ocrx_word' id='word_1_206' title='bbox 1446 606 1519 640; x_wconf 80' lang='grc' dir='ltr'>μισεῖ</span> <span class='ocrx_word' id='word_1_207' title='bbox 1531 604 1575 630; x_wconf 72' lang='grc' dir='ltr'><strong>τὸν</strong></span> <span class='ocrx_word' id='word_1_208' title='bbox 1588 603 1666 638; x_wconf 76' lang='grc' dir='ltr'>λόγον</span> <span class='ocrx_word' id='word_1_209' title='bbox 1679 604 1729 639; x_wconf 76' lang='grc' dir='ltr'><strong>τῆς</strong></span> <span class='ocrx_word' id='word_1_210' title='bbox 1744 605 1774 630; x_wconf 73' lang='grc' dir='ltr'>ἐν</span> <span class='ocrx_word' id='word_1_211' title='bbox 1789 604 1850 639; x_wconf 65' lang='grc' dir='ltr'>ἁληι</span> 
     </span>
    </p>
   </div>
   <div class='ocr_carea' id='block_1_29' title="bbox 1058 649 1850 688">
    <p class='ocr_par' dir='ltr' id='par_1_29' title="bbox 1058 649 1850 688">
     <span class='ocr_line' id='line_1_29' title="bbox 1058 649 1850 688; baseline -0.004 -10"><span class='ocrx_word' id='word_1_212' title='bbox 1058 652 1118 688; x_wconf 69' lang='grc' dir='ltr'><strong>θείᾳ</strong></span> <span class='ocrx_word' id='word_1_213' title='bbox 1145 651 1290 687; x_wconf 80' lang='grc' dir='ltr'>ὁμολογίας</span> <span class='ocrx_word' id='word_1_214' title='bbox 1313 650 1360 678; x_wconf 82' lang='grc' dir='ltr'>τοῦ</span> <span class='ocrx_word' id='word_1_215' title='bbox 1382 650 1555 685; x_wconf 62' lang='grc' dir='ltr'>ὀμοοπυσίοτι.</span> <span class='ocrx_word' id='word_1_216' title='bbox 1575 649 1655 676; x_wconf 77' lang='grc' dir='ltr'>Ἀλλὰ</span> <span class='ocrx_word' id='word_1_217' title='bbox 1680 649 1728 676; x_wconf 74' lang='grc' dir='ltr'>καὶ</span> <span class='ocrx_word' id='word_1_218' title='bbox 1758 650 1850 681; x_wconf 75' lang='grc' dir='ltr'>αὐτοῖς</span> 
     </span>
    </p>
   </div>
   <div class='ocr_carea' id='block_1_30' title="bbox 1057 692 1851 734">
    <p class='ocr_par' dir='ltr' id='par_1_30' title="bbox 1057 692 1851 734">
     <span class='ocr_line' id='line_1_30' title="bbox 1057 692 1851 734; baseline -0.004 -10"><span class='ocrx_word' id='word_1_219' title='bbox 1057 698 1173 734; x_wconf 77' lang='grc' dir='ltr'><strong>ἐροῦμεν</strong></span> <span class='ocrx_word' id='word_1_220' title='bbox 1186 706 1192 712; x_wconf 93' lang='grc'><strong>·</strong></span> <span class='ocrx_word' id='word_1_221' title='bbox 1209 697 1240 724; x_wconf 85' lang='grc' dir='ltr'><strong>Εἰ</strong></span> <span class='ocrx_word' id='word_1_222' title='bbox 1254 697 1302 723; x_wconf 77' lang='grc' dir='ltr'>καὶ</span> <span class='ocrx_word' id='word_1_223' title='bbox 1320 697 1357 732; x_wconf 85' lang='grc' dir='ltr'>μὴ</span> <span class='ocrx_word' id='word_1_224' title='bbox 1372 692 1406 732; x_wconf 80' lang='grc' dir='ltr'>ἦν</span> <span class='ocrx_word' id='word_1_225' title='bbox 1421 697 1437 732; x_wconf 79' lang='grc' dir='ltr'><strong>ἡ</strong></span> <span class='ocrx_word' id='word_1_226' title='bbox 1457 696 1530 728; x_wconf 78' lang='grc' dir='ltr'>λέξις</span> <span class='ocrx_word' id='word_1_227' title='bbox 1548 696 1577 722; x_wconf 83' lang='grc' dir='ltr'><strong>ἐν</strong></span> <span class='ocrx_word' id='word_1_228' title='bbox 1593 696 1652 727; x_wconf 77' lang='grc' dir='ltr'>ταῖς</span> <span class='ocrx_word' id='word_1_229' title='bbox 1672 694 1760 727; x_wconf 79' lang='grc' dir='ltr'>θείαις</span> <span class='ocrx_word' id='word_1_230' title='bbox 1778 696 1851 731; x_wconf 84' lang='grc' dir='ltr'>Γρα-</span> 
     </span>
    </p>
   </div>
   <div class='ocr_carea' id='block_1_31' title="bbox 1058 741 1853 780">
    <p class='ocr_par' dir='ltr' id='par_1_31' title="bbox 1058 741 1853 780">
     <span class='ocr_line' id='line_1_31' title="bbox 1058 741 1853 780; baseline -0.004 -10"><span class='ocrx_word' id='word_1_231' title='bbox 1058 742 1120 780; x_wconf 60' lang='lat' dir='ltr'><strong>qui;</strong></span> <span class='ocrx_word' id='word_1_232' title='bbox 1143 743 1212 779; x_wconf 71' lang='grc' dir='ltr'>(ἐστι</span> <span class='ocrx_word' id='word_1_233' title='bbox 1234 743 1274 775; x_wconf 72' lang='grc' dir='ltr'><strong>δὲ,</strong></span> <span class='ocrx_word' id='word_1_234' title='bbox 1311 743 1358 769; x_wconf 69' lang='grc' dir='ltr'>καὶ</span> <span class='ocrx_word' id='word_1_235' title='bbox 1384 742 1476 777; x_wconf 81' lang='grc' dir='ltr'><strong>σαφῶς</strong></span> <span class='ocrx_word' id='word_1_236' title='bbox 1497 742 1618 775; x_wconf 76' lang='grc' dir='ltr'>ἔγκειται</span> <span class='ocrx_word' id='word_1_237' title='bbox 1641 742 1671 767; x_wconf 84' lang='grc' dir='ltr'><strong>ὲν</strong></span> <span class='ocrx_word' id='word_1_238' title='bbox 1689 741 1778 776; x_wconf 82' lang='grc' dir='ltr'>νόμῳ,</span> <span class='ocrx_word' id='word_1_239' title='bbox 1804 741 1853 767; x_wconf 75' lang='grc' dir='ltr'>καὶ</span> 
     </span>
    </p>
   </div>
   <div class='ocr_carea' id='block_1_32' title="bbox 1058 787 1855 825">
    <p class='ocr_par' dir='ltr' id='par_1_32' title="bbox 1058 787 1855 825">
     <span class='ocr_line' id='line_1_32' title="bbox 1058 787 1855 825; baseline -0.005 -9"><span class='ocrx_word' id='word_1_240' title='bbox 1058 789 1134 825; x_wconf 79' lang='grc' dir='ltr'>παρὰ</span> <span class='ocrx_word' id='word_1_241' title='bbox 1147 788 1305 820; x_wconf 63' lang='grc' dir='ltr'>ἀποστόλοις</span> <span class='ocrx_word' id='word_1_242' title='bbox 1318 788 1365 814; x_wconf 75' lang='grc' dir='ltr'><strong>καὶ</strong></span> <span class='ocrx_word' id='word_1_243' title='bbox 1388 789 1443 816; x_wconf 79' lang='grc' dir='ltr'>τοίς</span> <span class='ocrx_word' id='word_1_244' title='bbox 1461 788 1627 821; x_wconf 73' lang='grc' dir='ltr'>προφήταις.</span> <span class='ocrx_word' id='word_1_245' title='bbox 1649 787 1700 813; x_wconf 72' lang='grc' dir='ltr'><strong>Ἐκ,</strong></span> <span class='ocrx_word' id='word_1_246' title='bbox 1723 788 1777 822; x_wconf 74' lang='grc' dir='ltr'><strong>γὰρ</strong></span> <span class='ocrx_word' id='word_1_247' title='bbox 1798 787 1855 813; x_wconf 72' lang='grc' dir='ltr'><strong>δύο</strong></span> 
     </span>
    </p>
   </div>
   <div class='ocr_carea' id='block_1_33' title="bbox 1055 833 1730 871">
    <p class='ocr_par' dir='ltr' id='par_1_33' title="bbox 1055 833 1730 871">
     <span class='ocr_line' id='line_1_33' title="bbox 1055 833 1730 871; baseline -0.006 -8"><span class='ocrx_word' id='word_1_248' title='bbox 1055 836 1212 871; x_wconf 82' lang='grc' dir='ltr'>μαρτύρων</span> <span class='ocrx_word' id='word_1_249' title='bbox 1228 835 1248 870; x_wconf 78' lang='grc' dir='ltr'>ἢ</span> <span class='ocrx_word' id='word_1_250' title='bbox 1264 834 1352 869; x_wconf 77' lang='grc' dir='ltr'>τριῶν</span> <span class='ocrx_word' id='word_1_251' title='bbox 1363 834 1545 868; x_wconf 78' lang='grc' dir='ltr'><strong>σταθήσεται</strong></span> <span class='ocrx_word' id='word_1_252' title='bbox 1559 833 1620 861; x_wconf 73' lang='grc' dir='ltr'><strong>πᾶν</strong></span> <span class='ocrx_word' id='word_1_253' title='bbox 1627 833 1730 868; x_wconf 77' lang='grc' dir='ltr'>ῥῆμα).</span> 
     </span>
    </p>
   </div>
   <div class='ocr_carea' id='block_1_34' title="bbox 217 879 1853 917">
    <p class='ocr_par' dir='ltr' id='par_1_34' title="bbox 217 879 1853 917">
     <span class='ocr_line' id='line_1_34' title="bbox 217 879 1853 917; baseline -0.001 -9"><span class='ocrx_word' id='word_1_254' title='bbox 217 882 413 915; x_wconf 77' lang='lat' dir='ltr'><strong>professionem</strong></span> <span class='ocrx_word' id='word_1_255' title='bbox 429 883 603 910; x_wconf 88' lang='lat' dir='ltr'><strong>vehementer</strong></span> <span class='ocrx_word' id='word_1_256' title='bbox 624 883 752 910; x_wconf 87' lang='lat' dir='ltr'><strong>oderunt.</strong></span> <span class='ocrx_word' id='word_1_257' title='bbox 778 882 830 910; x_wconf 85' lang='lat' dir='ltr'><strong>Sed</strong></span> <span class='ocrx_word' id='word_1_258' title='bbox 854 883 890 909; x_wconf 89' lang='lat' dir='ltr'><strong>ita</strong></span> <span class='ocrx_word' id='word_1_259' title='bbox 907 883 1040 910; x_wconf 78' lang='lat' dir='ltr'><strong>adversus</strong></span> <span class='ocrx_word' id='word_1_260' title='bbox 1065 883 1127 910; x_wconf 88' lang='lat' dir='ltr'><strong>illos</strong></span> <span class='ocrx_word' id='word_1_261' title='bbox 1151 890 1286 917; x_wconf 78' lang='lat' dir='ltr'><strong>agemus:</strong></span> <span class='ocrx_word' id='word_1_262' title='bbox 1319 881 1449 915; x_wconf 75' lang='lat' dir='ltr'><strong>Quamvis</strong></span> <span class='ocrx_word' id='word_1_263' title='bbox 1476 888 1610 915; x_wconf 90' lang='lat' dir='ltr'><strong>nusquam</strong></span> <span class='ocrx_word' id='word_1_264' title='bbox 1627 880 1652 906; x_wconf 92' lang='lat' dir='ltr'><strong>in</strong></span> <span class='ocrx_word' id='word_1_265' title='bbox 1677 880 1765 906; x_wconf 78' lang='lat' dir='ltr'><strong>sacris</strong></span> <span class='ocrx_word' id='word_1_266' title='bbox 1795 879 1853 906; x_wconf 82' lang='lat' dir='ltr'><strong>Lit-</strong></span> 
     </span>
    </p>
   </div>
   <div class='ocr_carea' id='block_1_35' title="bbox 216 930 1032 965">
    <p class='ocr_par' dir='ltr' id='par_1_35' title="bbox 216 930 1032 965">
     <span class='ocr_line' id='line_1_35' title="bbox 216 930 1032 965; baseline 0.002 -10"><span class='ocrx_word' id='word_1_267' title='bbox 216 930 282 956; x_wconf 89' lang='lat' dir='ltr'><strong>teris</strong></span> <span class='ocrx_word' id='word_1_268' title='bbox 306 937 335 956; x_wconf 77' lang='lat' dir='ltr'><strong>ea</strong></span> <span class='ocrx_word' id='word_1_269' title='bbox 370 938 423 956; x_wconf 81' lang='lat' dir='ltr'><strong>vox</strong></span> <span class='ocrx_word' id='word_1_270' title='bbox 443 933 565 958; x_wconf 72' lang='lat' dir='ltr'><strong>exstaret</strong></span> <span class='ocrx_word' id='word_1_271' title='bbox 589 930 664 965; x_wconf 65' lang='lat' dir='ltr'><strong>(quae</strong></span> <span class='ocrx_word' id='word_1_272' title='bbox 703 938 797 957; x_wconf 84' lang='lat' dir='ltr'><strong>revera</strong></span> <span class='ocrx_word' id='word_1_273' title='bbox 828 936 918 958; x_wconf 88' lang='lat' dir='ltr'><strong>tamen</strong></span> <span class='ocrx_word' id='word_1_274' title='bbox 943 935 1032 958; x_wconf 81' lang='lat' dir='ltr'><strong>exstat</strong></span> 
     </span>
    </p>
   </div>
   <div class='ocr_carea' id='block_1_36' title="bbox 1060 927 1852 966">
    <p class='ocr_par' dir='ltr' id='par_1_36' title="bbox 1060 927 1852 966">
     <span class='ocr_line' id='line_1_36' title="bbox 1060 927 1852 966; baseline -0.006 -8"><span class='ocrx_word' id='word_1_275' title='bbox 1060 937 1142 966; x_wconf 87' lang='lat' dir='ltr'><strong>atque</strong></span> <span class='ocrx_word' id='word_1_276' title='bbox 1166 931 1192 957; x_wconf 91' lang='lat' dir='ltr'><strong>in</strong></span> <span class='ocrx_word' id='word_1_277' title='bbox 1222 931 1288 966; x_wconf 76' lang='lat' dir='ltr'><strong>lege,</strong></span> <span class='ocrx_word' id='word_1_278' title='bbox 1312 935 1339 957; x_wconf 88' lang='lat' dir='ltr'><strong>et</strong></span> <span class='ocrx_word' id='word_1_279' title='bbox 1369 930 1571 965; x_wconf 85' lang='lat' dir='ltr'><strong>apostolorum,</strong></span> <span class='ocrx_word' id='word_1_280' title='bbox 1598 936 1630 955; x_wconf 84' lang='lat' dir='ltr'><strong>ae</strong></span> <span class='ocrx_word' id='word_1_281' title='bbox 1657 927 1852 962; x_wconf 85' lang='lat' dir='ltr'><strong>propin-tarum</strong></span> 
     </span>
    </p>
   </div>
   <div class='ocr_carea' id='block_1_37' title="bbox 216 976 1475 1013">
    <p class='ocr_par' dir='ltr' id='par_1_37' title="bbox 216 976 1475 1013">
     <span class='ocr_line' id='line_1_37' title="bbox 216 976 1475 1013; baseline 0.001 -10"><span class='ocrx_word' id='word_1_282' title='bbox 216 976 326 1010; x_wconf 84' lang='lat' dir='ltr'><strong>scriptis</strong></span> <span class='ocrx_word' id='word_1_283' title='bbox 343 976 486 1004; x_wconf 79' lang='lat' dir='ltr'><strong>manifeste</strong></span> <span class='ocrx_word' id='word_1_284' title='bbox 503 978 657 1012; x_wconf 86' lang='lat' dir='ltr'><strong>reperitur:</strong></span> <span class='ocrx_word' id='word_1_285' title='bbox 677 978 782 1004; x_wconf 77' lang='lat' dir='ltr'><strong>Duobus</strong></span> <span class='ocrx_word' id='word_1_286' title='bbox 798 986 879 1013; x_wconf 76' lang='grc' dir='ltr'>[οι-ιο</span> <span class='ocrx_word' id='word_1_287' title='bbox 893 978 932 1005; x_wconf 77' lang='lat' dir='ltr'><strong>vel</strong></span> <span class='ocrx_word' id='word_1_288' title='bbox 948 979 1031 1006; x_wconf 84' lang='lat' dir='ltr'><strong>tribus</strong></span> <span class='ocrx_word' id='word_1_289' title='bbox 1049 979 1156 1006; x_wconf 74' lang='lat' dir='ltr'><strong>testibus</strong></span> <span class='ocrx_word' id='word_1_290' title='bbox 1169 984 1221 1006; x_wconf 78' lang='lat' dir='ltr'><strong>stat</strong></span> <span class='ocrx_word' id='word_1_291' title='bbox 1236 985 1311 1005; x_wconf 88' lang='lat' dir='ltr'><strong>omne</strong></span> <span class='ocrx_word' id='word_1_292' title='bbox 1326 978 1428 1005; x_wconf 84' lang='lat' dir='ltr'><strong>verbum</strong></span> <span class='ocrx_word' id='word_1_293' title='bbox 1444 976 1475 1012; x_wconf 88' lang='lat'><strong>&#39;).</strong></span> 
     </span>
    </p>
   </div>
   <div class='ocr_carea' id='block_1_38' title="bbox 252 1020 1040 1061">
    <p class='ocr_par' dir='ltr' id='par_1_38' title="bbox 252 1020 1040 1061">
     <span class='ocr_line' id='line_1_38' title="bbox 252 1020 1040 1061; baseline 0.006 -13"><span class='ocrx_word' id='word_1_294' title='bbox 252 1020 305 1049; x_wconf 86' lang='lat' dir='ltr'><strong>Sed</strong></span> <span class='ocrx_word' id='word_1_295' title='bbox 319 1025 348 1048; x_wconf 89' lang='lat' dir='ltr'><strong>ut</strong></span> <span class='ocrx_word' id='word_1_296' title='bbox 376 1023 449 1049; x_wconf 90' lang='lat' dir='ltr'><strong>nulla</strong></span> <span class='ocrx_word' id='word_1_297' title='bbox 465 1023 525 1057; x_wconf 84' lang='lat' dir='ltr'><strong>ejus</strong></span> <span class='ocrx_word' id='word_1_298' title='bbox 542 1024 644 1051; x_wconf 83' lang='lat' dir='ltr'><strong>mentio</strong></span> <span class='ocrx_word' id='word_1_299' title='bbox 661 1024 752 1056; x_wconf 79' lang='lat' dir='ltr'><strong>fleret,</strong></span> <span class='ocrx_word' id='word_1_300' title='bbox 770 1025 875 1059; x_wconf 75' lang='lat' dir='ltr'><strong>liceret,</strong></span> <span class='ocrx_word' id='word_1_301' title='bbox 894 1026 1002 1061; x_wconf 80' lang='lat' dir='ltr'><strong>opinor,</strong></span> <span class='ocrx_word' id='word_1_302' title='bbox 1020 1031 1040 1059; x_wconf 81' lang='grc' dir='ltr'><strong>Β</strong></span> 
     </span>
    </p>
   </div>
   <div class='ocr_carea' id='block_1_39' title="bbox 216 1067 1004 1107">
    <p class='ocr_par' dir='ltr' id='par_1_39' title="bbox 216 1067 1004 1107">
     <span class='ocr_line' id='line_1_39' title="bbox 216 1067 1004 1107; baseline 0.005 -13"><span class='ocrx_word' id='word_1_303' title='bbox 216 1067 250 1094; x_wconf 83' lang='lat' dir='ltr'><strong>ad</strong></span> <span class='ocrx_word' id='word_1_304' title='bbox 279 1067 356 1095; x_wconf 79' lang='lat' dir='ltr'><strong>[idem</strong></span> <span class='ocrx_word' id='word_1_305' title='bbox 381 1068 633 1102; x_wconf 62' lang='lat' dir='ltr'><strong>corroboiandam,</strong></span> <span class='ocrx_word' id='word_1_306' title='bbox 674 1075 855 1106; x_wconf 81' lang='lat' dir='ltr'><strong>opportunam</strong></span> <span class='ocrx_word' id='word_1_307' title='bbox 886 1072 1004 1107; x_wconf 81' lang='lat' dir='ltr'><strong>aliquam</strong></span> 
     </span>
    </p>
   </div>
   <div class='ocr_carea' id='block_1_40' title="bbox 216 1114 1007 1152">
    <p class='ocr_par' dir='ltr' id='par_1_40' title="bbox 216 1114 1007 1152">
     <span class='ocr_line' id='line_1_40' title="bbox 216 1114 1007 1152; baseline 0.005 -12"><span class='ocrx_word' id='word_1_308' title='bbox 216 1118 297 1149; x_wconf 84' lang='lat' dir='ltr'><strong>atque</strong></span> <span class='ocrx_word' id='word_1_309' title='bbox 313 1114 406 1141; x_wconf 90' lang='lat' dir='ltr'><strong>utilem</strong></span> <span class='ocrx_word' id='word_1_310' title='bbox 436 1122 528 1142; x_wconf 79' lang='lat' dir='ltr'><strong>vocem</strong></span> <span class='ocrx_word' id='word_1_311' title='bbox 550 1116 643 1142; x_wconf 86' lang='lat' dir='ltr'><strong>studio</strong></span> <span class='ocrx_word' id='word_1_312' title='bbox 659 1118 768 1152; x_wconf 85' lang='lat' dir='ltr'><strong>pietatis</strong></span> <span class='ocrx_word' id='word_1_313' title='bbox 789 1125 931 1151; x_wconf 89' lang='lat' dir='ltr'><strong>usurpare.</strong></span> <span class='ocrx_word' id='word_1_314' title='bbox 952 1116 1007 1143; x_wconf 65' lang='lat' dir='ltr'><strong>V0;</strong></span> 
     </span>
    </p>
   </div>
   <div class='ocr_carea' id='block_1_41' title="bbox 216 1159 1006 1194">
    <p class='ocr_par' dir='ltr' id='par_1_41' title="bbox 216 1159 1006 1194">
     <span class='ocr_line' id='line_1_41' title="bbox 216 1159 1006 1194; baseline 0.008 -9"><span class='ocrx_word' id='word_1_315' title='bbox 216 1163 306 1186; x_wconf 85' lang='lat' dir='ltr'><strong>autem</strong></span> <span class='ocrx_word' id='word_1_316' title='bbox 324 1159 391 1194; x_wconf 89' lang='lat' dir='ltr'><strong>quid</strong></span> <span class='ocrx_word' id='word_1_317' title='bbox 421 1161 530 1188; x_wconf 85' lang='lat' dir='ltr'><strong>tandem</strong></span> <span class='ocrx_word' id='word_1_318' title='bbox 547 1161 660 1189; x_wconf 83' lang='lat' dir='ltr'><strong>dicitis?</strong></span> <span class='ocrx_word' id='word_1_319' title='bbox 689 1161 775 1190; x_wconf 79' lang='lat' dir='ltr'><strong>Velim</strong></span> <span class='ocrx_word' id='word_1_320' title='bbox 802 1163 868 1191; x_wconf 91' lang='lat' dir='ltr'><strong>illud</strong></span> <span class='ocrx_word' id='word_1_321' title='bbox 885 1163 949 1190; x_wconf 89' lang='lat' dir='ltr'><strong>mihi</strong></span> <span class='ocrx_word' id='word_1_322' title='bbox 965 1171 1006 1191; x_wconf 87' lang='lat' dir='ltr'><strong>re-</strong></span> 
     </span>
    </p>
   </div>
   <div class='ocr_carea' id='block_1_42' title="bbox 216 1203 1005 1240">
    <p class='ocr_par' dir='ltr' id='par_1_42' title="bbox 216 1203 1005 1240">
     <span class='ocr_line' id='line_1_42' title="bbox 216 1203 1005 1240; baseline 0.005 -10"><span class='ocrx_word' id='word_1_323' title='bbox 216 1203 393 1239; x_wconf 82' lang='lat' dir='ltr'><strong>spondeatis,</strong></span> <span class='ocrx_word' id='word_1_324' title='bbox 421 1213 482 1240; x_wconf 58' lang='lat' dir='ltr'><strong>quas</strong></span> <span class='ocrx_word' id='word_1_325' title='bbox 507 1206 543 1233; x_wconf 88' lang='lat' dir='ltr'><strong>sit</strong></span> <span class='ocrx_word' id='word_1_326' title='bbox 572 1211 663 1234; x_wconf 88' lang='lat' dir='ltr'><strong>vestra</strong></span> <span class='ocrx_word' id='word_1_327' title='bbox 692 1207 725 1234; x_wconf 89' lang='lat' dir='ltr'><strong>de</strong></span> <span class='ocrx_word' id='word_1_328' title='bbox 752 1206 832 1234; x_wconf 84' lang='lat' dir='ltr'><strong>Patre</strong></span> <span class='ocrx_word' id='word_1_329' title='bbox 858 1208 1005 1235; x_wconf 86' lang='lat' dir='ltr'><strong>sententia.</strong></span> 
     </span>
    </p>
   </div>
   <div class='ocr_carea' id='block_1_43' title="bbox 217 1250 1006 1282">
    <p class='ocr_par' dir='ltr' id='par_1_43' title="bbox 217 1250 1006 1282">
     <span class='ocr_line' id='line_1_43' title="bbox 217 1250 1006 1282; baseline 0.004 -5"><span class='ocrx_word' id='word_1_330' title='bbox 217 1250 300 1278; x_wconf 81' lang='lat' dir='ltr'><strong>Estne</strong></span> <span class='ocrx_word' id='word_1_331' title='bbox 312 1255 341 1278; x_wconf 86' lang='lat' dir='ltr'><strong>ut</strong></span> <span class='ocrx_word' id='word_1_332' title='bbox 353 1251 502 1279; x_wconf 87' lang='lat' dir='ltr'><strong>increalum</strong></span> <span class='ocrx_word' id='word_1_333' title='bbox 523 1253 597 1279; x_wconf 93' lang='lat' dir='ltr'><strong>illum</strong></span> <span class='ocrx_word' id='word_1_334' title='bbox 609 1254 797 1282; x_wconf 76' lang='lat' dir='ltr'><strong>existimemus</strong></span> <span class='ocrx_word' id='word_1_335' title='bbox 812 1253 953 1281; x_wconf 84' lang='lat' dir='ltr'><strong>?0mnino</strong></span> <span class='ocrx_word' id='word_1_336' title='bbox 971 1253 1006 1280; x_wconf 91' lang='lat' dir='ltr'><strong>ita</strong></span> 
     </span>
    </p>
   </div>
   <div class='ocr_carea' id='block_1_44' title="bbox 216 1295 1008 1329">
    <p class='ocr_par' dir='ltr' id='par_1_44' title="bbox 216 1295 1008 1329">
     <span class='ocr_line' id='line_1_44' title="bbox 216 1295 1008 1329; baseline 0.005 -8"><span class='ocrx_word' id='word_1_337' title='bbox 216 1302 278 1322; x_wconf 74' lang='lat' dir='ltr'><strong>esse</strong></span> <span class='ocrx_word' id='word_1_338' title='bbox 294 1295 431 1322; x_wconf 82' lang='lat' dir='ltr'><strong>fatendum</strong></span> <span class='ocrx_word' id='word_1_339' title='bbox 447 1301 499 1324; x_wconf 86' lang='lat' dir='ltr'><strong>est.</strong></span> <span class='ocrx_word' id='word_1_340' title='bbox 513 1296 580 1329; x_wconf 88' lang='lat' dir='ltr'><strong>Quis</strong></span> <span class='ocrx_word' id='word_1_341' title='bbox 597 1298 670 1325; x_wconf 89' lang='lat' dir='ltr'><strong>enim</strong></span> <span class='ocrx_word' id='word_1_342' title='bbox 700 1299 767 1325; x_wconf 80' lang='lat' dir='ltr'><strong>adeo</strong></span> <span class='ocrx_word' id='word_1_343' title='bbox 793 1299 895 1327; x_wconf 90' lang='lat' dir='ltr'><strong>stultus</strong></span> <span class='ocrx_word' id='word_1_344' title='bbox 912 1303 962 1329; x_wconf 86' lang='lat' dir='ltr'><strong>cst,</strong></span> <span class='ocrx_word' id='word_1_345' title='bbox 978 1303 1008 1325; x_wconf 90' lang='lat' dir='ltr'><strong>ut</strong></span> 
     </span>
    </p>
   </div>
   <div class='ocr_carea' id='block_1_45' title="bbox 217 1341 1008 1380">
    <p class='ocr_par' dir='ltr' id='par_1_45' title="bbox 217 1341 1008 1380">
     <span class='ocr_line' id='line_1_45' title="bbox 217 1341 1008 1380; baseline 0.004 -13"><span class='ocrx_word' id='word_1_346' title='bbox 217 1349 248 1368; x_wconf 88' lang='lat' dir='ltr'><strong>ca</strong></span> <span class='ocrx_word' id='word_1_347' title='bbox 261 1341 295 1368; x_wconf 90' lang='lat' dir='ltr'><strong>dc</strong></span> <span class='ocrx_word' id='word_1_348' title='bbox 311 1349 340 1368; x_wconf 92' lang='lat' dir='ltr'><strong>rc</strong></span> <span class='ocrx_word' id='word_1_349' title='bbox 355 1341 479 1369; x_wconf 90' lang='lat' dir='ltr'><strong>dubilct?</strong></span> <span class='ocrx_word' id='word_1_350' title='bbox 493 1343 571 1375; x_wconf 87' lang='lat' dir='ltr'><strong>Quis,</strong></span> <span class='ocrx_word' id='word_1_351' title='bbox 597 1344 719 1379; x_wconf 85' lang='lat' dir='ltr'><strong>inquam,</strong></span> <span class='ocrx_word' id='word_1_352' title='bbox 740 1345 780 1372; x_wconf 84' lang='lat' dir='ltr'><strong>sic</strong></span> <span class='ocrx_word' id='word_1_353' title='bbox 794 1345 886 1372; x_wconf 81' lang='lat' dir='ltr'><strong>animo</strong></span> <span class='ocrx_word' id='word_1_354' title='bbox 899 1344 1008 1380; x_wconf 84' lang='lat' dir='ltr'><strong>percul-</strong></span> 
     </span>
    </p>
   </div>
   <div class='ocr_carea' id='block_1_46' title="bbox 217 1389 1007 1420">
    <p class='ocr_par' dir='ltr' id='par_1_46' title="bbox 217 1389 1007 1420">
     <span class='ocr_line' id='line_1_46' title="bbox 217 1389 1007 1420; baseline 0.005 -7"><span class='ocrx_word' id='word_1_355' title='bbox 217 1393 265 1414; x_wconf 83' lang='lat' dir='ltr'><strong>sus</strong></span> <span class='ocrx_word' id='word_1_356' title='bbox 279 1394 309 1414; x_wconf 83' lang='lat' dir='ltr'><strong>ac</strong></span> <span class='ocrx_word' id='word_1_357' title='bbox 318 1395 435 1415; x_wconf 82' lang='lat' dir='ltr'><strong>vesanus</strong></span> <span class='ocrx_word' id='word_1_358' title='bbox 449 1394 500 1420; x_wconf 82' lang='lat' dir='ltr'><strong>est,</strong></span> <span class='ocrx_word' id='word_1_359' title='bbox 512 1393 541 1415; x_wconf 92' lang='lat' dir='ltr'><strong>ut</strong></span> <span class='ocrx_word' id='word_1_360' title='bbox 551 1389 633 1417; x_wconf 87' lang='lat' dir='ltr'><strong>Deum</strong></span> <span class='ocrx_word' id='word_1_361' title='bbox 648 1394 674 1417; x_wconf 90' lang='lat' dir='ltr'><strong>et</strong></span> <span class='ocrx_word' id='word_1_362' title='bbox 687 1389 793 1417; x_wconf 86' lang='lat' dir='ltr'><strong>Patrem</strong></span> <span class='ocrx_word' id='word_1_363' title='bbox 802 1390 908 1418; x_wconf 86' lang='lat' dir='ltr'><strong>Domini</strong></span> <span class='ocrx_word' id='word_1_364' title='bbox 922 1391 1007 1418; x_wconf 85' lang='lat' dir='ltr'><strong>nostri</strong></span> 
     </span>
    </p>
   </div>
   <div class='ocr_carea' id='block_1_47' title="bbox 219 1431 1007 1471">
    <p class='ocr_par' dir='ltr' id='par_1_47' title="bbox 219 1431 1007 1471">
     <span class='ocr_line' id='line_1_47' title="bbox 219 1431 1007 1471; baseline 0.004 -11"><span class='ocrx_word' id='word_1_365' title='bbox 219 1431 284 1460; x_wconf 69' lang='lat' dir='ltr'><strong>«Iesu</strong></span> <span class='ocrx_word' id='word_1_366' title='bbox 302 1433 404 1461; x_wconf 80' lang='lat' dir='ltr'><strong>Christi</strong></span> <span class='ocrx_word' id='word_1_367' title='bbox 420 1435 570 1462; x_wconf 73' lang='lat' dir='ltr'><strong>int-reatum</strong></span> <span class='ocrx_word' id='word_1_368' title='bbox 585 1444 645 1463; x_wconf 83' lang='lat' dir='ltr'><strong>esse</strong></span> <span class='ocrx_word' id='word_1_369' title='bbox 663 1444 716 1463; x_wconf 90' lang='lat' dir='ltr'><strong>non</strong></span> <span class='ocrx_word' id='word_1_370' title='bbox 729 1436 851 1471; x_wconf 80' lang='lat' dir='ltr'><strong>judicet?</strong></span> <span class='ocrx_word' id='word_1_371' title='bbox 863 1435 917 1464; x_wconf 88' lang='lat' dir='ltr'><strong>Vos</strong></span> <span class='ocrx_word' id='word_1_372' title='bbox 935 1436 1007 1463; x_wconf 90' lang='lat' dir='ltr'><strong>enim</strong></span> 
     </span>
    </p>
   </div>
   <div class='ocr_carea' id='block_1_48' title="bbox 219 1478 1008 1516">
    <p class='ocr_par' dir='ltr' id='par_1_48' title="bbox 219 1478 1008 1516">
     <span class='ocr_line' id='line_1_48' title="bbox 219 1478 1008 1516; baseline 0.004 -13"><span class='ocrx_word' id='word_1_373' title='bbox 219 1478 312 1513; x_wconf 88' lang='lat' dir='ltr'><strong>utique</strong></span> <span class='ocrx_word' id='word_1_374' title='bbox 345 1487 398 1506; x_wconf 91' lang='lat' dir='ltr'><strong>non</strong></span> <span class='ocrx_word' id='word_1_375' title='bbox 417 1481 521 1514; x_wconf 70' lang='lat' dir='ltr'><strong>negatis</strong></span> <span class='ocrx_word' id='word_1_376' title='bbox 537 1480 686 1516; x_wconf 79' lang='lat' dir='ltr'><strong>ingenitum</strong></span> <span class='ocrx_word' id='word_1_377' title='bbox 717 1481 806 1514; x_wconf 91' lang='lat' dir='ltr'><strong>ipsum</strong></span> <span class='ocrx_word' id='word_1_378' title='bbox 830 1489 902 1513; x_wconf 89' lang='lat' dir='ltr'><strong>esse,</strong></span> <span class='ocrx_word' id='word_1_379' title='bbox 921 1486 948 1507; x_wconf 86' lang='lat' dir='ltr'><strong>et</strong></span> <span class='ocrx_word' id='word_1_380' title='bbox 970 1482 1008 1507; x_wconf 93' lang='lat' dir='ltr'><strong>in-</strong></span> 
     </span>
    </p>
   </div>
   <div class='ocr_carea' id='block_1_49' title="bbox 218 1525 1009 1561">
    <p class='ocr_par' dir='ltr' id='par_1_49' title="bbox 218 1525 1009 1561">
     <span class='ocr_line' id='line_1_49' title="bbox 218 1525 1009 1561; baseline 0.003 -11"><span class='ocrx_word' id='word_1_381' title='bbox 218 1527 351 1557; x_wconf 85' lang='lat' dir='ltr'><strong>creatum,</strong></span> <span class='ocrx_word' id='word_1_382' title='bbox 368 1529 448 1560; x_wconf 83' lang='lat' dir='ltr'><strong>atque</strong></span> <span class='ocrx_word' id='word_1_383' title='bbox 458 1532 472 1552; x_wconf 90' lang='lat' dir='ltr'><strong>a</strong></span> <span class='ocrx_word' id='word_1_384' title='bbox 484 1526 560 1552; x_wconf 88' lang='lat' dir='ltr'><strong>nullo</strong></span> <span class='ocrx_word' id='word_1_385' title='bbox 573 1526 747 1561; x_wconf 88' lang='lat' dir='ltr'><strong>productum.</strong></span> <span class='ocrx_word' id='word_1_386' title='bbox 764 1525 857 1561; x_wconf 80' lang='lat' dir='ltr'><strong>Neque</strong></span> <span class='ocrx_word' id='word_1_387' title='bbox 874 1526 945 1554; x_wconf 90' lang='lat' dir='ltr'><strong>enim</strong></span> <span class='ocrx_word' id='word_1_388' title='bbox 960 1526 1009 1552; x_wconf 80' lang='lat' dir='ltr'><strong>Pa-</strong></span> 
     </span>
    </p>
   </div>
   <div class='ocr_carea' id='block_1_50' title="bbox 219 1569 1008 1607">
    <p class='ocr_par' dir='ltr' id='par_1_50' title="bbox 219 1569 1008 1607">
     <span class='ocr_line' id='line_1_50' title="bbox 219 1569 1008 1607; baseline 0.005 -12"><span class='ocrx_word' id='word_1_389' title='bbox 219 1572 289 1596; x_wconf 83' lang='lat' dir='ltr'><strong>trem</strong></span> <span class='ocrx_word' id='word_1_390' title='bbox 305 1569 395 1602; x_wconf 83' lang='lat' dir='ltr'><strong>habet.</strong></span> <span class='ocrx_word' id='word_1_391' title='bbox 413 1571 460 1606; x_wconf 89' lang='lat' dir='ltr'><strong>qui</strong></span> <span class='ocrx_word' id='word_1_392' title='bbox 473 1571 508 1598; x_wconf 89' lang='lat' dir='ltr'><strong>sit</strong></span> <span class='ocrx_word' id='word_1_393' title='bbox 521 1572 581 1606; x_wconf 88' lang='lat' dir='ltr'><strong>ipso</strong></span> <span class='ocrx_word' id='word_1_394' title='bbox 597 1573 672 1607; x_wconf 88' lang='lat' dir='ltr'><strong>prior</strong></span> <span class='ocrx_word' id='word_1_395' title='bbox 683 1593 690 1605; x_wconf 97' lang='lat'><strong>,</strong></span> <span class='ocrx_word' id='word_1_396' title='bbox 706 1580 793 1607; x_wconf 84' lang='lat' dir='ltr'><strong>neque</strong></span> <span class='ocrx_word' id='word_1_397' title='bbox 806 1572 946 1599; x_wconf 80' lang='lat' dir='ltr'><strong>deﬁnitum</strong></span> <span class='ocrx_word' id='word_1_398' title='bbox 960 1580 1008 1599; x_wconf 87' lang='lat' dir='ltr'><strong>an—</strong></span> 
     </span>
    </p>
   </div>
   <div class='ocr_carea' id='block_1_51' title="bbox 219 1615 1009 1650">
    <p class='ocr_par' dir='ltr' id='par_1_51' title="bbox 219 1615 1009 1650">
     <span class='ocr_line' id='line_1_51' title="bbox 219 1615 1009 1650; baseline 0.004 -9"><span class='ocrx_word' id='word_1_399' title='bbox 219 1621 316 1641; x_wconf 85' lang='lat' dir='ltr'><strong>norum</strong></span> <span class='ocrx_word' id='word_1_400' title='bbox 330 1615 459 1650; x_wconf 85' lang='lat' dir='ltr'><strong>spatium,</strong></span> <span class='ocrx_word' id='word_1_401' title='bbox 478 1620 525 1643; x_wconf 87' lang='lat' dir='ltr'><strong>aut</strong></span> <span class='ocrx_word' id='word_1_402' title='bbox 540 1617 624 1644; x_wconf 92' lang='lat' dir='ltr'><strong>ullum</strong></span> <span class='ocrx_word' id='word_1_403' title='bbox 639 1617 745 1644; x_wconf 89' lang='lat' dir='ltr'><strong>dierum</strong></span> <span class='ocrx_word' id='word_1_404' title='bbox 763 1616 882 1648; x_wconf 84' lang='lat' dir='ltr'><strong>initium,</strong></span> <span class='ocrx_word' id='word_1_405' title='bbox 896 1621 926 1644; x_wconf 91' lang='lat' dir='ltr'><strong>ut</strong></span> <span class='ocrx_word' id='word_1_406' title='bbox 938 1617 1009 1644; x_wconf 39' lang='lat' dir='ltr'><strong>Scri‘</strong></span> 
     </span>
    </p>
   </div>
   <div class='ocr_carea' id='block_1_52' title="bbox 219 1661 1008 1699">
    <p class='ocr_par' dir='ltr' id='par_1_52' title="bbox 219 1661 1008 1699">
     <span class='ocr_line' id='line_1_52' title="bbox 219 1661 1008 1699; baseline 0.004 -12"><span class='ocrx_word' id='word_1_407' title='bbox 219 1665 297 1694; x_wconf 76' lang='lat' dir='ltr'><strong>plura</strong></span> <span class='ocrx_word' id='word_1_408' title='bbox 318 1661 438 1697; x_wconf 84' lang='lat' dir='ltr'><strong>loquitur</strong></span> <span class='ocrx_word' id='word_1_409' title='bbox 455 1662 476 1690; x_wconf 90' lang='grc'>³.</span> <span class='ocrx_word' id='word_1_410' title='bbox 497 1662 524 1690; x_wconf 91' lang='lat' dir='ltr'><strong>Si</strong></span> <span class='ocrx_word' id='word_1_411' title='bbox 544 1663 627 1699; x_wconf 82' lang='lat' dir='ltr'><strong>igitur</strong></span> <span class='ocrx_word' id='word_1_412' title='bbox 642 1671 730 1698; x_wconf 87' lang='lat' dir='ltr'><strong>neque</strong></span> <span class='ocrx_word' id='word_1_413' title='bbox 745 1663 908 1699; x_wconf 86' lang='lat' dir='ltr'><strong>principium</strong></span> <span class='ocrx_word' id='word_1_414' title='bbox 927 1664 1008 1690; x_wconf 80' lang='lat' dir='ltr'><strong>habet</strong></span> 
     </span>
    </p>
   </div>
   <div class='ocr_carea' id='block_1_53' title="bbox 1093 1023 1852 1062">
    <p class='ocr_par' dir='ltr' id='par_1_53' title="bbox 1093 1023 1852 1062">
     <span class='ocr_line' id='line_1_53' title="bbox 1093 1023 1852 1062; baseline -0.005 -8"><span class='ocrx_word' id='word_1_415' title='bbox 1093 1027 1187 1062; x_wconf 83' lang='grc' dir='ltr'>Ὅμως</span> <span class='ocrx_word' id='word_1_416' title='bbox 1204 1026 1263 1059; x_wconf 78' lang='grc' dir='ltr'>ἐξὸν</span> <span class='ocrx_word' id='word_1_417' title='bbox 1278 1024 1312 1061; x_wconf 76' lang='grc' dir='ltr'>ἦν</span> <span class='ocrx_word' id='word_1_418' title='bbox 1326 1026 1391 1060; x_wconf 77' lang='grc' dir='ltr'>ἡμῖν</span> <span class='ocrx_word' id='word_1_419' title='bbox 1406 1025 1439 1051; x_wconf 80' lang='grc' dir='ltr'><strong>δι’</strong></span> <span class='ocrx_word' id='word_1_420' title='bbox 1453 1024 1594 1051; x_wconf 75' lang='grc' dir='ltr'>εὐσέϐειαν</span> <span class='ocrx_word' id='word_1_421' title='bbox 1606 1023 1761 1059; x_wconf 71' lang='grc' dir='ltr'>χρήσαπθαι</span> <span class='ocrx_word' id='word_1_422' title='bbox 1778 1023 1852 1055; x_wconf 78' lang='grc' dir='ltr'>λέξει</span> 
     </span>
    </p>
   </div>
   <div class='ocr_carea' id='block_1_54' title="bbox 1060 1068 1854 1108">
    <p class='ocr_par' dir='ltr' id='par_1_54' title="bbox 1060 1068 1854 1108">
     <span class='ocr_line' id='line_1_54' title="bbox 1060 1068 1854 1108; baseline -0.005 -10"><span class='ocrx_word' id='word_1_423' title='bbox 1060 1071 1193 1108; x_wconf 79' lang='grc' dir='ltr'>χρησίμῃ,</span> <span class='ocrx_word' id='word_1_424' title='bbox 1207 1070 1469 1105; x_wconf 65' lang='grc' dir='ltr'>ὲπασφαλιζομένοις</span> <span class='ocrx_word' id='word_1_425' title='bbox 1479 1070 1527 1106; x_wconf 86' lang='grc' dir='ltr'><strong>τὴν</strong></span> <span class='ocrx_word' id='word_1_426' title='bbox 1543 1070 1622 1104; x_wconf 77' lang='grc' dir='ltr'>ἁγίαν</span> <span class='ocrx_word' id='word_1_427' title='bbox 1638 1069 1739 1095; x_wconf 80' lang='grc' dir='ltr'>πίστιν.</span> <span class='ocrx_word' id='word_1_428' title='bbox 1757 1068 1854 1104; x_wconf 81' lang='grc' dir='ltr'>’Υμεῖς</span> 
     </span>
    </p>
   </div>
   <div class='ocr_carea' id='block_1_55' title="bbox 1057 1114 1855 1153">
    <p class='ocr_par' dir='ltr' id='par_1_55' title="bbox 1057 1114 1855 1153">
     <span class='ocr_line' id='line_1_55' title="bbox 1057 1114 1855 1153; baseline -0.005 -9"><span class='ocrx_word' id='word_1_429' title='bbox 1057 1118 1085 1144; x_wconf 82' lang='grc' dir='ltr'><strong>δὲ</strong></span> <span class='ocrx_word' id='word_1_430' title='bbox 1099 1118 1125 1144; x_wconf 84' lang='grc' dir='ltr'><strong>τί</strong></span> <span class='ocrx_word' id='word_1_431' title='bbox 1144 1126 1228 1152; x_wconf 68' lang='grc' dir='ltr'>φατε,</span> <span class='ocrx_word' id='word_1_432' title='bbox 1247 1118 1348 1152; x_wconf 80' lang='grc' dir='ltr'>Λέγετε</span> <span class='ocrx_word' id='word_1_433' title='bbox 1363 1118 1417 1153; x_wconf 69' lang='grc' dir='ltr'><strong>γὰρ</strong></span> <span class='ocrx_word' id='word_1_434' title='bbox 1434 1118 1508 1152; x_wconf 71' lang='grc' dir='ltr'>ἡμῖν,</span> <span class='ocrx_word' id='word_1_435' title='bbox 1519 1114 1630 1147; x_wconf 64' lang='lat' dir='ltr'><strong>Eminet,</strong></span> <span class='ocrx_word' id='word_1_436' title='bbox 1645 1115 1671 1142; x_wconf 79' lang='grc' dir='ltr'>τί</span> <span class='ocrx_word' id='word_1_437' title='bbox 1682 1115 1775 1150; x_wconf 84' lang='grc' dir='ltr'>λέγετε</span> <span class='ocrx_word' id='word_1_438' title='bbox 1788 1114 1855 1150; x_wconf 73' lang='grc' dir='ltr'>περὶ</span> 
     </span>
    </p>
   </div>
   <div class='ocr_carea' id='block_1_56' title="bbox 1058 1161 1853 1198">
    <p class='ocr_par' dir='ltr' id='par_1_56' title="bbox 1058 1161 1853 1198">
     <span class='ocr_line' id='line_1_56' title="bbox 1058 1161 1853 1198; baseline -0.004 -9"><span class='ocrx_word' id='word_1_439' title='bbox 1058 1162 1106 1189; x_wconf 79' lang='grc' dir='ltr'><strong>τοῦ</strong></span> <span class='ocrx_word' id='word_1_440' title='bbox 1133 1163 1256 1198; x_wconf 81' lang='grc' dir='ltr'>Πατρὸς;</span> <span class='ocrx_word' id='word_1_441' title='bbox 1275 1163 1418 1194; x_wconf 79' lang='grc' dir='ltr'>Ἀκτιστος</span> <span class='ocrx_word' id='word_1_442' title='bbox 1439 1162 1453 1188; x_wconf 86' lang='grc' dir='ltr'>ὁ</span> <span class='ocrx_word' id='word_1_443' title='bbox 1472 1162 1579 1197; x_wconf 82' lang='grc' dir='ltr'>Πατήρ;</span> <span class='ocrx_word' id='word_1_444' title='bbox 1604 1161 1715 1192; x_wconf 75' lang='grc' dir='ltr'>Πάντως</span> <span class='ocrx_word' id='word_1_445' title='bbox 1740 1161 1781 1187; x_wconf 85' lang='grc' dir='ltr'><strong>ὃτι</strong></span> <span class='ocrx_word' id='word_1_446' title='bbox 1795 1161 1853 1187; x_wconf 74' lang='grc' dir='ltr'>ναί.</span> 
     </span>
    </p>
   </div>
   <div class='ocr_carea' id='block_1_57' title="bbox 1058 1206 1853 1243">
    <p class='ocr_par' dir='ltr' id='par_1_57' title="bbox 1058 1206 1853 1243">
     <span class='ocr_line' id='line_1_57' title="bbox 1058 1206 1853 1243; baseline -0.004 -8"><span class='ocrx_word' id='word_1_447' title='bbox 1058 1209 1106 1240; x_wconf 81' lang='grc' dir='ltr'><strong>Τίς</strong></span> <span class='ocrx_word' id='word_1_448' title='bbox 1135 1208 1190 1243; x_wconf 81' lang='grc' dir='ltr'>γὰρ</span> <span class='ocrx_word' id='word_1_449' title='bbox 1219 1208 1338 1243; x_wconf 77' lang='grc' dir='ltr'>ἠλίθιος,</span> <span class='ocrx_word' id='word_1_450' title='bbox 1371 1208 1415 1234; x_wconf 86' lang='grc' dir='ltr'><strong>ἴνα</strong></span> <span class='ocrx_word' id='word_1_451' title='bbox 1443 1207 1608 1243; x_wconf 67' lang='grc' dir='ltr'>ἀμφιϐάλλοι</span> <span class='ocrx_word' id='word_1_452' title='bbox 1642 1206 1706 1242; x_wconf 71' lang='grc' dir='ltr'>περὶ</span> <span class='ocrx_word' id='word_1_453' title='bbox 1735 1206 1853 1239; x_wconf 73' lang='grc' dir='ltr'>τούτους</span> 
     </span>
    </p>
   </div>
   <div class='ocr_carea' id='block_1_58' title="bbox 1058 1250 1854 1288">
    <p class='ocr_par' dir='ltr' id='par_1_58' title="bbox 1058 1250 1854 1288">
     <span class='ocr_line' id='line_1_58' title="bbox 1058 1250 1854 1288; baseline -0.004 -8"><span class='ocrx_word' id='word_1_454' title='bbox 1058 1254 1137 1285; x_wconf 85' lang='grc' dir='ltr'>Ποῖος</span> <span class='ocrx_word' id='word_1_455' title='bbox 1155 1253 1183 1280; x_wconf 79' lang='grc' dir='ltr'><strong>δὲ</strong></span> <span class='ocrx_word' id='word_1_456' title='bbox 1205 1252 1389 1288; x_wconf 80' lang='grc' dir='ltr'>ὲμϐρόντητος</span> <span class='ocrx_word' id='word_1_457' title='bbox 1403 1252 1562 1287; x_wconf 75' lang='grc' dir='ltr'>λογίσασθαι</span> <span class='ocrx_word' id='word_1_458' title='bbox 1579 1252 1615 1288; x_wconf 77' lang='grc' dir='ltr'>μὴ</span> <span class='ocrx_word' id='word_1_459' title='bbox 1640 1250 1708 1278; x_wconf 77' lang='grc' dir='ltr'>εἶναι</span> <span class='ocrx_word' id='word_1_460' title='bbox 1724 1251 1854 1278; x_wconf 74' lang='grc' dir='ltr'>ἄκτιστον</span> 
     </span>
    </p>
   </div>
   <div class='ocr_carea' id='block_1_59' title="bbox 1057 1297 1854 1334">
    <p class='ocr_par' dir='ltr' id='par_1_59' title="bbox 1057 1297 1854 1334">
     <span class='ocr_line' id='line_1_59' title="bbox 1057 1297 1854 1334; baseline -0.001 -10"><span class='ocrx_word' id='word_1_461' title='bbox 1057 1299 1103 1325; x_wconf 73' lang='grc' dir='ltr'>τὸν</span> <span class='ocrx_word' id='word_1_462' title='bbox 1131 1299 1215 1331; x_wconf 78' lang='grc' dir='ltr'>Θεὸν,</span> <span class='ocrx_word' id='word_1_463' title='bbox 1241 1299 1288 1325; x_wconf 69' lang='grc' dir='ltr'><strong>καὶ</strong></span> <span class='ocrx_word' id='word_1_464' title='bbox 1314 1298 1424 1334; x_wconf 84' lang='grc' dir='ltr'>Πατέρα</span> <span class='ocrx_word' id='word_1_465' title='bbox 1449 1298 1496 1325; x_wconf 77' lang='grc' dir='ltr'>τοῦ</span> <span class='ocrx_word' id='word_1_466' title='bbox 1523 1298 1626 1334; x_wconf 84' lang='grc' dir='ltr'>Κυρίου</span> <span class='ocrx_word' id='word_1_467' title='bbox 1652 1297 1728 1333; x_wconf 77' lang='grc' dir='ltr'>ἡμῶν</span> <span class='ocrx_word' id='word_1_468' title='bbox 1762 1297 1854 1332; x_wconf 70' lang='grc' dir='ltr'><strong>Ἰησοῦ</strong></span> 
     </span>
    </p>
   </div>
   <div class='ocr_carea' id='block_1_60' title="bbox 1058 1343 1856 1381">
    <p class='ocr_par' dir='ltr' id='par_1_60' title="bbox 1058 1343 1856 1381">
     <span class='ocr_line' id='line_1_60' title="bbox 1058 1343 1856 1381; baseline -0.004 -10"><span class='ocrx_word' id='word_1_469' title='bbox 1058 1344 1194 1381; x_wconf 77' lang='grc' dir='ltr'>Χριστοῦ;</span> <span class='ocrx_word' id='word_1_470' title='bbox 1220 1345 1331 1376; x_wconf 75' lang='grc' dir='ltr'>Πάντως</span> <span class='ocrx_word' id='word_1_471' title='bbox 1357 1344 1412 1380; x_wconf 82' lang='grc' dir='ltr'>γὰρ</span> <span class='ocrx_word' id='word_1_472' title='bbox 1437 1344 1484 1371; x_wconf 72' lang='grc' dir='ltr'><strong>καὶ</strong></span> <span class='ocrx_word' id='word_1_473' title='bbox 1509 1343 1586 1370; x_wconf 70' lang='grc' dir='ltr'>αὐτοὶ</span> <span class='ocrx_word' id='word_1_474' title='bbox 1612 1343 1777 1378; x_wconf 74' lang='grc' dir='ltr'>ὁμολογεῖτε,</span> <span class='ocrx_word' id='word_1_475' title='bbox 1811 1343 1856 1369; x_wconf 80' lang='grc' dir='ltr'>ὅτι</span> 
     </span>
    </p>
   </div>
   <div class='ocr_carea' id='block_1_61' title="bbox 1058 1388 1856 1424">
    <p class='ocr_par' dir='ltr' id='par_1_61' title="bbox 1058 1388 1856 1424">
     <span class='ocr_line' id='line_1_61' title="bbox 1058 1388 1856 1424; baseline -0.001 -9"><span class='ocrx_word' id='word_1_476' title='bbox 1058 1390 1218 1424; x_wconf 75' lang='grc' dir='ltr'>ἁγέννητος,</span> <span class='ocrx_word' id='word_1_477' title='bbox 1236 1389 1283 1415; x_wconf 69' lang='grc' dir='ltr'>καὶ</span> <span class='ocrx_word' id='word_1_478' title='bbox 1299 1389 1434 1421; x_wconf 77' lang='grc' dir='ltr'>ἄχτιστος,</span> <span class='ocrx_word' id='word_1_479' title='bbox 1451 1390 1496 1415; x_wconf 77' lang='grc' dir='ltr'>καὶ</span> <span class='ocrx_word' id='word_1_480' title='bbox 1512 1389 1652 1424; x_wconf 83' lang='grc' dir='ltr'>ἀγένητος.</span> <span class='ocrx_word' id='word_1_481' title='bbox 1674 1389 1711 1415; x_wconf 78' lang='grc' dir='ltr'><strong>Οὐ</strong></span> <span class='ocrx_word' id='word_1_482' title='bbox 1727 1388 1781 1423; x_wconf 73' lang='grc' dir='ltr'><strong>γὰρ</strong></span> <span class='ocrx_word' id='word_1_483' title='bbox 1796 1388 1856 1423; x_wconf 74' lang='grc' dir='ltr'>ἔχει</span> 
     </span>
    </p>
   </div>
   <div class='ocr_carea' id='block_1_62' title="bbox 1059 1433 1855 1471">
    <p class='ocr_par' dir='ltr' id='par_1_62' title="bbox 1059 1433 1855 1471">
     <span class='ocr_line' id='line_1_62' title="bbox 1059 1433 1855 1471; baseline -0.003 -10"><span class='ocrx_word' id='word_1_484' title='bbox 1059 1435 1112 1471; x_wconf 76' lang='grc' dir='ltr'>πρὸ</span> <span class='ocrx_word' id='word_1_485' title='bbox 1126 1435 1208 1461; x_wconf 79' lang='grc' dir='ltr'>αὑτοῦ</span> <span class='ocrx_word' id='word_1_486' title='bbox 1225 1435 1343 1469; x_wconf 82' lang='grc' dir='ltr'>Πατέρα,</span> <span class='ocrx_word' id='word_1_487' title='bbox 1355 1435 1414 1461; x_wconf 71' lang='grc' dir='ltr'>οὐδὲ</span> <span class='ocrx_word' id='word_1_488' title='bbox 1429 1435 1555 1469; x_wconf 74' lang='grc' dir='ltr'>ὁρισμὸν</span> <span class='ocrx_word' id='word_1_489' title='bbox 1568 1433 1652 1465; x_wconf 79' lang='grc' dir='ltr'>ἐτῶν,</span> <span class='ocrx_word' id='word_1_490' title='bbox 1665 1433 1736 1461; x_wconf 74' lang='grc' dir='ltr'><strong>οὐδὲ</strong></span> <span class='ocrx_word' id='word_1_491' title='bbox 1752 1434 1855 1468; x_wconf 58' lang='grc' dir='ltr'>ἀρχὴν</span> 
     </span>
    </p>
   </div>
   <div class='ocr_carea' id='block_1_63' title="bbox 1058 1479 1856 1515">
    <p class='ocr_par' dir='ltr' id='par_1_63' title="bbox 1058 1479 1856 1515">
     <span class='ocr_line' id='line_1_63' title="bbox 1058 1479 1856 1515; baseline -0.001 -9"><span class='ocrx_word' id='word_1_492' title='bbox 1058 1480 1185 1515; x_wconf 71' lang='grc' dir='ltr'>ἡμερῶν,</span> <span class='ocrx_word' id='word_1_493' title='bbox 1202 1480 1272 1507; x_wconf 78' lang='grc' dir='ltr'>κατὰ</span> <span class='ocrx_word' id='word_1_494' title='bbox 1294 1480 1324 1505; x_wconf 77' lang='grc' dir='ltr'>τὸ</span> <span class='ocrx_word' id='word_1_495' title='bbox 1341 1480 1542 1515; x_wconf 83' lang='grc' dir='ltr'>γεγραμμένον.</span> <span class='ocrx_word' id='word_1_496' title='bbox 1563 1480 1595 1506; x_wconf 86' lang='grc' dir='ltr'><strong>Εἰ</strong></span> <span class='ocrx_word' id='word_1_497' title='bbox 1611 1479 1701 1506; x_wconf 81' lang='grc' dir='ltr'>τοίνυν</span> <span class='ocrx_word' id='word_1_498' title='bbox 1715 1479 1778 1506; x_wconf 73' lang='grc' dir='ltr'>οὔτε</span> <span class='ocrx_word' id='word_1_499' title='bbox 1802 1480 1856 1513; x_wconf 70' lang='grc' dir='ltr'><strong>ἀρα</strong></span> 
     </span>
    </p>
   </div>
   <div class='ocr_carea' id='block_1_64' title="bbox 1058 1524 1854 1561">
    <p class='ocr_par' dir='ltr' id='par_1_64' title="bbox 1058 1524 1854 1561">
     <span class='ocr_line' id='line_1_64' title="bbox 1058 1524 1854 1561; baseline -0.003 -9"><span class='ocrx_word' id='word_1_500' title='bbox 1058 1525 1093 1560; x_wconf 84' lang='grc' dir='ltr'><strong>χὴ</strong></span> <span class='ocrx_word' id='word_1_501' title='bbox 1101 1525 1196 1561; x_wconf 65' lang='grc' dir='ltr'>χρῆνου</span> <span class='ocrx_word' id='word_1_502' title='bbox 1208 1525 1293 1560; x_wconf 74' lang='grc' dir='ltr'>αὐτῷ,</span> <span class='ocrx_word' id='word_1_503' title='bbox 1302 1524 1363 1551; x_wconf 66' lang='grc' dir='ltr'>οὕτε</span> <span class='ocrx_word' id='word_1_504' title='bbox 1374 1525 1458 1556; x_wconf 82' lang='grc' dir='ltr'>τέλος,</span> <span class='ocrx_word' id='word_1_505' title='bbox 1471 1525 1651 1560; x_wconf 79' lang='grc' dir='ltr'>ὁμολογεῖται,</span> <span class='ocrx_word' id='word_1_506' title='bbox 1663 1525 1703 1551; x_wconf 82' lang='grc' dir='ltr'>ὅτι.</span> <span class='ocrx_word' id='word_1_507' title='bbox 1715 1525 1854 1556; x_wconf 78' lang='grc' dir='ltr'>ἅκτιπος,</span> 
     </span>
    </p>
   </div>
   <div class='ocr_carea' id='block_1_65' title="bbox 1059 1571 1857 1608">
    <p class='ocr_par' dir='ltr' id='par_1_65' title="bbox 1059 1571 1857 1608">
     <span class='ocr_line' id='line_1_65' title="bbox 1059 1571 1857 1608; baseline 0 -10"><span class='ocrx_word' id='word_1_508' title='bbox 1059 1572 1105 1598; x_wconf 77' lang='grc' dir='ltr'><strong>καὶ</strong></span> <span class='ocrx_word' id='word_1_509' title='bbox 1119 1571 1303 1607; x_wconf 77' lang='grc' dir='ltr'>ἀναμφίϐο).ὁν</span> <span class='ocrx_word' id='word_1_510' title='bbox 1316 1573 1400 1598; x_wconf 81' lang='grc' dir='ltr'>ἐστιν.</span> <span class='ocrx_word' id='word_1_511' title='bbox 1417 1571 1542 1607; x_wconf 76' lang='grc' dir='ltr'>Οὐδαμοῦ</span> <span class='ocrx_word' id='word_1_512' title='bbox 1553 1572 1582 1598; x_wconf 74' lang='grc' dir='ltr'><strong>δὲ</strong></span> <span class='ocrx_word' id='word_1_513' title='bbox 1598 1572 1662 1608; x_wconf 74' lang='grc' dir='ltr'>περὶ</span> <span class='ocrx_word' id='word_1_514' title='bbox 1673 1571 1757 1598; x_wconf 79' lang='grc' dir='ltr'>αὐτοῦ</span> <span class='ocrx_word' id='word_1_515' title='bbox 1773 1572 1857 1598; x_wconf 65' lang='grc' dir='ltr'>τοῦτο</span> 
     </span>
    </p>
   </div>
   <div class='ocr_carea' id='block_1_66' title="bbox 1059 1618 1856 1654">
    <p class='ocr_par' dir='ltr' id='par_1_66' title="bbox 1059 1618 1856 1654">
     <span class='ocr_line' id='line_1_66' title="bbox 1059 1618 1856 1654; baseline -0.001 -9"><span class='ocrx_word' id='word_1_516' title='bbox 1059 1619 1223 1654; x_wconf 84' lang='grc' dir='ltr'>γέγραπται.</span> <span class='ocrx_word' id='word_1_517' title='bbox 1244 1618 1392 1650; x_wconf 79' lang='grc' dir='ltr'>Εὑσεϐεἱας</span> <span class='ocrx_word' id='word_1_518' title='bbox 1410 1618 1439 1646; x_wconf 80' lang='grc' dir='ltr'>δὲ</span> <span class='ocrx_word' id='word_1_519' title='bbox 1452 1619 1531 1654; x_wconf 80' lang='grc' dir='ltr'>χάριν</span> <span class='ocrx_word' id='word_1_520' title='bbox 1545 1619 1755 1654; x_wconf 75' lang='grc' dir='ltr'>ἀναγκαζόμεθα</span> <span class='ocrx_word' id='word_1_521' title='bbox 1767 1619 1856 1645; x_wconf 79' lang='grc' dir='ltr'>ταῦτα</span> 
     </span>
    </p>
   </div>
   <div class='ocr_carea' id='block_1_67' title="bbox 1059 1664 1855 1700">
    <p class='ocr_par' dir='ltr' id='par_1_67' title="bbox 1059 1664 1855 1700">
     <span class='ocr_line' id='line_1_67' title="bbox 1059 1664 1855 1700; baseline 0.001 -10"><span class='ocrx_word' id='word_1_522' title='bbox 1059 1664 1178 1696; x_wconf 75' lang='grc' dir='ltr'>εὐσεϐῶς</span> <span class='ocrx_word' id='word_1_523' title='bbox 1195 1665 1259 1700; x_wconf 73' lang='grc' dir='ltr'>περὶ</span> <span class='ocrx_word' id='word_1_524' title='bbox 1285 1664 1366 1691; x_wconf 77' lang='grc' dir='ltr'>αὑτοῦ</span> <span class='ocrx_word' id='word_1_525' title='bbox 1394 1666 1501 1700; x_wconf 74' lang='grc' dir='ltr'>φρονεῖν</span> <span class='ocrx_word' id='word_1_526' title='bbox 1517 1673 1547 1691; x_wconf 88' lang='grc' dir='ltr'><strong>τε</strong></span> <span class='ocrx_word' id='word_1_527' title='bbox 1568 1665 1616 1691; x_wconf 72' lang='lat' dir='ltr'><strong>xei.</strong></span> <span class='ocrx_word' id='word_1_528' title='bbox 1633 1665 1734 1698; x_wconf 80' lang='grc' dir='ltr'>λέγειν,</span> <span class='ocrx_word' id='word_1_529' title='bbox 1756 1665 1806 1691; x_wconf 72' lang='grc' dir='ltr'>κᾶν</span> <span class='ocrx_word' id='word_1_530' title='bbox 1823 1673 1855 1691; x_wconf 84' lang='grc' dir='ltr'><strong>τε</strong></span> 
     </span>
    </p>
   </div>
   <div class='ocr_carea' id='block_1_68' title="bbox 217 1707 1008 1747">
    <p class='ocr_par' dir='ltr' id='par_1_68' title="bbox 217 1708 1007 1745">
     <span class='ocr_line' id='line_1_68' title="bbox 217 1708 1007 1745; baseline 0.006 -12"><span class='ocrx_word' id='word_1_531' title='bbox 217 1708 349 1742; x_wconf 84' lang='lat' dir='ltr'><strong>temporis</strong></span> <span class='ocrx_word' id='word_1_532' title='bbox 365 1709 460 1742; x_wconf 86' lang='lat' dir='ltr'><strong>ullum,</strong></span> <span class='ocrx_word' id='word_1_533' title='bbox 478 1717 566 1744; x_wconf 89' lang='lat' dir='ltr'><strong>neque</strong></span> <span class='ocrx_word' id='word_1_534' title='bbox 582 1709 673 1742; x_wconf 81' lang='lat' dir='ltr'><strong>tinem,</strong></span> <span class='ocrx_word' id='word_1_535' title='bbox 685 1710 711 1736; x_wconf 94' lang='lat' dir='ltr'><strong>in</strong></span> <span class='ocrx_word' id='word_1_536' title='bbox 721 1709 848 1738; x_wconf 79' lang='lat' dir='ltr'><strong>confesso</strong></span> <span class='ocrx_word' id='word_1_537' title='bbox 858 1714 911 1742; x_wconf 84' lang='lat' dir='ltr'><strong>est,</strong></span> <span class='ocrx_word' id='word_1_538' title='bbox 927 1715 1007 1745; x_wconf 84' lang='lat' dir='ltr'><strong>atque</strong></span> 
     </span>
    </p>
   </div>
   <div class='ocr_carea' id='block_1_69' title="bbox 1060 1707 1854 1747">
    <p class='ocr_par' dir='ltr' id='par_1_69' title="bbox 1061 1707 1854 1747">
     <span class='ocr_line' id='line_1_69' title="bbox 1061 1707 1854 1747; baseline -0.003 -11"><span class='ocrx_word' id='word_1_539' title='bbox 1061 1710 1098 1745; x_wconf 85' lang='grc' dir='ltr'>μὴ</span> <span class='ocrx_word' id='word_1_540' title='bbox 1145 1709 1347 1745; x_wconf 78' lang='grc' dir='ltr'>γεγραμμένον.</span> <span class='ocrx_word' id='word_1_541' title='bbox 1366 1708 1459 1740; x_wconf 76' lang='grc' dir='ltr'>Οὕτως</span> <span class='ocrx_word' id='word_1_542' title='bbox 1475 1709 1506 1735; x_wconf 82' lang='grc' dir='ltr'>τὸ</span> <span class='ocrx_word' id='word_1_543' title='bbox 1527 1709 1591 1743; x_wconf 75' lang='grc' dir='ltr'>περὶ</span> <span class='ocrx_word' id='word_1_544' title='bbox 1607 1708 1655 1735; x_wconf 82' lang='grc' dir='ltr'>τοῦ</span> <span class='ocrx_word' id='word_1_545' title='bbox 1676 1709 1854 1743; x_wconf 78' lang='grc' dir='ltr'>όμοουσὶου,</span> 
     </span>
    </p>
   </div>
   <div class='ocr_carea' id='block_1_70' title="bbox 217 1756 1009 1789">
    <p class='ocr_par' dir='ltr' id='par_1_70' title="bbox 217 1756 1009 1789">
     <span class='ocr_line' id='line_1_70' title="bbox 217 1756 1009 1789; baseline 0.003 -9"><span class='ocrx_word' id='word_1_546' title='bbox 217 1757 294 1780; x_wconf 80' lang='lat' dir='ltr'><strong>extra</strong></span> <span class='ocrx_word' id='word_1_547' title='bbox 321 1761 428 1781; x_wconf 83' lang='lat' dir='ltr'><strong>onmem</strong></span> <span class='ocrx_word' id='word_1_548' title='bbox 462 1756 695 1789; x_wconf 84' lang='lat' dir='ltr'><strong>controversiam,</strong></span> <span class='ocrx_word' id='word_1_549' title='bbox 732 1756 858 1784; x_wconf 84' lang='lat' dir='ltr'><strong>eumdem</strong></span> <span class='ocrx_word' id='word_1_550' title='bbox 888 1764 903 1783; x_wconf 86' lang='lat' dir='ltr'><strong>a</strong></span> <span class='ocrx_word' id='word_1_551' title='bbox 932 1757 1009 1783; x_wconf 83' lang='lat' dir='ltr'><strong>nullo</strong></span> 
     </span>
    </p>
   </div>
   <div class='ocr_carea' id='block_1_71' title="bbox 218 1801 1009 1837">
    <p class='ocr_par' dir='ltr' id='par_1_71' title="bbox 218 1801 1009 1837">
     <span class='ocr_line' id='line_1_71' title="bbox 218 1801 1009 1837; baseline 0.006 -12"><span class='ocrx_word' id='word_1_552' title='bbox 218 1804 340 1827; x_wconf 85' lang='lat' dir='ltr'><strong>creatum</strong></span> <span class='ocrx_word' id='word_1_553' title='bbox 371 1801 467 1829; x_wconf 78' lang='lat' dir='ltr'><strong>fuisse.</strong></span> <span class='ocrx_word' id='word_1_554' title='bbox 483 1802 565 1836; x_wconf 82' lang='lat' dir='ltr'><strong>Atqui</strong></span> <span class='ocrx_word' id='word_1_555' title='bbox 582 1809 717 1837; x_wconf 86' lang='lat' dir='ltr'><strong>nusquam</strong></span> <span class='ocrx_word' id='word_1_556' title='bbox 739 1802 773 1829; x_wconf 93' lang='lat' dir='ltr'><strong>de</strong></span> <span class='ocrx_word' id='word_1_557' title='bbox 787 1809 820 1829; x_wconf 89' lang='lat' dir='ltr'><strong>eo</strong></span> <span class='ocrx_word' id='word_1_558' title='bbox 840 1806 882 1830; x_wconf 89' lang='lat' dir='ltr'><strong>est</strong></span> <span class='ocrx_word' id='word_1_559' title='bbox 898 1802 1009 1837; x_wconf 78' lang='lat' dir='ltr'><strong>scripzis</strong></span> 
     </span>
    </p>
   </div>
   <div class='ocr_carea' id='block_1_72' title="bbox 220 1845 1007 1883">
    <p class='ocr_par' dir='ltr' id='par_1_72' title="bbox 220 1845 1007 1883">
     <span class='ocr_line' id='line_1_72' title="bbox 220 1845 1007 1883; baseline 0.004 -12"><span class='ocrx_word' id='word_1_560' title='bbox 220 1845 287 1872; x_wconf 90' lang='lat' dir='ltr'><strong>illud</strong></span> <span class='ocrx_word' id='word_1_561' title='bbox 304 1854 476 1882; x_wconf 79' lang='lat' dir='ltr'><strong>expressum.</strong></span> <span class='ocrx_word' id='word_1_562' title='bbox 491 1847 615 1875; x_wconf 72' lang='lat' dir='ltr'><strong>&#39;Verhum</strong></span> <span class='ocrx_word' id='word_1_563' title='bbox 641 1849 761 1883; x_wconf 87' lang='lat' dir='ltr'><strong>pietatis,</strong></span> <span class='ocrx_word' id='word_1_564' title='bbox 781 1855 810 1876; x_wconf 90' lang='lat' dir='ltr'><strong>ut</strong></span> <span class='ocrx_word' id='word_1_565' title='bbox 825 1848 892 1880; x_wconf 81' lang='lat' dir='ltr'><strong>dixi,</strong></span> <span class='ocrx_word' id='word_1_566' title='bbox 906 1848 1007 1880; x_wconf 84' lang='lat' dir='ltr'><strong>studio,</strong></span> 
     </span>
    </p>
   </div>
   <div class='ocr_carea' id='block_1_73' title="bbox 218 1890 1009 1929">
    <p class='ocr_par' dir='ltr' id='par_1_73' title="bbox 218 1890 1009 1929">
     <span class='ocr_line' id='line_1_73' title="bbox 218 1890 1009 1929; baseline 0.005 -13"><span class='ocrx_word' id='word_1_567' title='bbox 218 1890 345 1926; x_wconf 80' lang='lat' dir='ltr'><strong>religiose</strong></span> <span class='ocrx_word' id='word_1_568' title='bbox 359 1892 415 1919; x_wconf 75' lang='lat' dir='ltr'><strong>luce</strong></span> <span class='ocrx_word' id='word_1_569' title='bbox 429 1892 463 1919; x_wconf 81' lang='lat' dir='ltr'><strong>de</strong></span> <span class='ocrx_word' id='word_1_570' title='bbox 487 1893 546 1928; x_wconf 87' lang='lat' dir='ltr'><strong>ipso</strong></span> <span class='ocrx_word' id='word_1_571' title='bbox 569 1897 596 1921; x_wconf 89' lang='lat' dir='ltr'><strong>et</strong></span> <span class='ocrx_word' id='word_1_572' title='bbox 613 1894 715 1922; x_wconf 82' lang='lat' dir='ltr'><strong>sentire</strong></span> <span class='ocrx_word' id='word_1_573' title='bbox 728 1899 754 1922; x_wconf 90' lang='lat' dir='ltr'><strong>et</strong></span> <span class='ocrx_word' id='word_1_574' title='bbox 769 1894 918 1929; x_wconf 73' lang='lat' dir='ltr'><strong>prmdieare</strong></span> <span class='ocrx_word' id='word_1_575' title='bbox 929 1894 1009 1929; x_wconf 77' lang='lat' dir='ltr'><strong>cogi-</strong></span> 
     </span>
    </p>
   </div>
   <div class='ocr_carea' id='block_1_74' title="bbox 219 1939 1009 1976">
    <p class='ocr_par' dir='ltr' id='par_1_74' title="bbox 219 1939 1009 1976">
     <span class='ocr_line' id='line_1_74' title="bbox 219 1939 1009 1976; baseline 0.005 -12"><span class='ocrx_word' id='word_1_576' title='bbox 219 1946 291 1969; x_wconf 89' lang='lat' dir='ltr'><strong>mur,</strong></span> <span class='ocrx_word' id='word_1_577' title='bbox 305 1939 368 1966; x_wconf 81' lang='lat' dir='ltr'><strong>licet</strong></span> <span class='ocrx_word' id='word_1_578' title='bbox 379 1939 446 1966; x_wconf 89' lang='lat' dir='ltr'><strong>nihil</strong></span> <span class='ocrx_word' id='word_1_579' title='bbox 460 1939 496 1968; x_wconf 86' lang='lat' dir='ltr'><strong>sit</strong></span> <span class='ocrx_word' id='word_1_580' title='bbox 507 1941 641 1975; x_wconf 81' lang='lat' dir='ltr'><strong>ejusmodi</strong></span> <span class='ocrx_word' id='word_1_581' title='bbox 655 1941 799 1976; x_wconf 91' lang='lat' dir='ltr'><strong>scriptum.</strong></span> <span class='ocrx_word' id='word_1_582' title='bbox 812 1940 913 1968; x_wconf 89' lang='lat' dir='ltr'><strong>Eodem</strong></span> <span class='ocrx_word' id='word_1_583' title='bbox 928 1940 1009 1968; x_wconf 90' lang='lat' dir='ltr'><strong>modo</strong></span> 
     </span>
    </p>
   </div>
   <div class='ocr_carea' id='block_1_75' title="bbox 219 1984 1010 2020">
    <p class='ocr_par' dir='ltr' id='par_1_75' title="bbox 219 1984 1010 2020">
     <span class='ocr_line' id='line_1_75' title="bbox 219 1984 1010 2020; baseline 0.006 -13"><span class='ocrx_word' id='word_1_584' title='bbox 219 1985 327 2011; x_wconf 84' lang='lat' dir='ltr'><strong>tametsi</strong></span> <span class='ocrx_word' id='word_1_585' title='bbox 347 1984 459 2011; x_wconf 89' lang='lat' dir='ltr'><strong>nulloin</strong></span> <span class='ocrx_word' id='word_1_586' title='bbox 477 1984 692 2020; x_wconf 71' lang='lat' dir='ltr'><strong>Scripturzeloco</strong></span> <span class='ocrx_word' id='word_1_587' title='bbox 707 1994 758 2013; x_wconf 80' lang='lat' dir='ltr'><strong>vox</strong></span> <span class='ocrx_word' id='word_1_588' title='bbox 777 1986 821 2013; x_wconf 86' lang='lat' dir='ltr'><strong>illa</strong></span> <span class='ocrx_word' id='word_1_589' title='bbox 838 1986 1010 2013; x_wconf 78' lang='lat' dir='ltr'><strong>consubstan-</strong></span> 
     </span>
    </p>
   </div>
   <div class='ocr_carea' id='block_1_76' title="bbox 221 2028 1008 2066">
    <p class='ocr_par' dir='ltr' id='par_1_76' title="bbox 221 2028 1008 2066">
     <span class='ocr_line' id='line_1_76' title="bbox 221 2028 1008 2066; baseline 0.005 -12"><span class='ocrx_word' id='word_1_590' title='bbox 221 2028 302 2060; x_wconf 75' lang='lat' dir='ltr'><strong>tialis,</strong></span> <span class='ocrx_word' id='word_1_591' title='bbox 320 2029 423 2057; x_wconf 81' lang='lat' dir='ltr'><strong>diserte</strong></span> <span class='ocrx_word' id='word_1_592' title='bbox 439 2036 519 2066; x_wconf 81' lang='lat' dir='ltr'><strong>atque</strong></span> <span class='ocrx_word' id='word_1_593' title='bbox 536 2032 673 2066; x_wconf 76' lang='lat' dir='ltr'><strong>expressis</strong></span> <span class='ocrx_word' id='word_1_594' title='bbox 697 2031 795 2059; x_wconf 86' lang='lat' dir='ltr'><strong>litteris</strong></span> <span class='ocrx_word' id='word_1_595' title='bbox 809 2031 1008 2064; x_wconf 87' lang='lat' dir='ltr'><strong>contineretur,</strong></span> 
     </span>
    </p>
   </div>
   <div class='ocr_carea' id='block_1_77' title="bbox 220 2075 1008 2113">
    <p class='ocr_par' dir='ltr' id='par_1_77' title="bbox 220 2075 1008 2113">
     <span class='ocr_line' id='line_1_77' title="bbox 220 2075 1008 2113; baseline 0.006 -13"><span class='ocrx_word' id='word_1_596' title='bbox 220 2081 271 2101; x_wconf 90' lang='lat' dir='ltr'><strong>nos</strong></span> <span class='ocrx_word' id='word_1_597' title='bbox 287 2075 324 2102; x_wconf 85' lang='lat' dir='ltr'><strong>uti</strong></span> <span class='ocrx_word' id='word_1_598' title='bbox 340 2081 429 2103; x_wconf 84' lang='lat' dir='ltr'><strong>tamen</strong></span> <span class='ocrx_word' id='word_1_599' title='bbox 447 2076 492 2103; x_wconf 85' lang='lat' dir='ltr'><strong>illa</strong></span> <span class='ocrx_word' id='word_1_600' title='bbox 512 2085 624 2104; x_wconf 77' lang='lat' dir='ltr'><strong>necesse</strong></span> <span class='ocrx_word' id='word_1_601' title='bbox 642 2082 811 2112; x_wconf 87' lang='lat' dir='ltr'><strong>putaremus,</strong></span> <span class='ocrx_word' id='word_1_602' title='bbox 831 2079 1008 2113; x_wconf 84' lang='lat' dir='ltr'><strong>quantumvis</strong></span> 
     </span>
    </p>
   </div>
   <div class='ocr_carea' id='block_1_78' title="bbox 1060 1752 1857 1791">
    <p class='ocr_par' dir='ltr' id='par_1_78' title="bbox 1060 1752 1857 1791">
     <span class='ocr_line' id='line_1_78' title="bbox 1060 1752 1857 1791; baseline -0.004 -9"><span class='ocrx_word' id='word_1_603' title='bbox 1060 1755 1271 1791; x_wconf 73' lang='grc' dir='ltr'>ἀναγκαζόμεθα</span> <span class='ocrx_word' id='word_1_604' title='bbox 1298 1755 1398 1789; x_wconf 78' lang='grc' dir='ltr'>λέγειν,</span> <span class='ocrx_word' id='word_1_605' title='bbox 1426 1755 1450 1781; x_wconf 78' lang='grc' dir='ltr'>εἰ</span> <span class='ocrx_word' id='word_1_606' title='bbox 1473 1755 1520 1781; x_wconf 84' lang='grc' dir='ltr'>καὶ</span> <span class='ocrx_word' id='word_1_607' title='bbox 1544 1754 1582 1790; x_wconf 79' lang='grc' dir='ltr'>μὴ</span> <span class='ocrx_word' id='word_1_608' title='bbox 1603 1752 1637 1790; x_wconf 80' lang='grc' dir='ltr'>ἦν</span> <span class='ocrx_word' id='word_1_609' title='bbox 1660 1754 1857 1789; x_wconf 72' lang='grc' dir='ltr'>γεγραμμένον</span> 
     </span>
    </p>
   </div>
   <div class='ocr_carea' id='block_1_79' title="bbox 1060 1800 1854 1838">
    <p class='ocr_par' dir='ltr' id='par_1_79' title="bbox 1060 1800 1854 1838">
     <span class='ocr_line' id='line_1_79' title="bbox 1060 1800 1854 1838; baseline -0.005 -9"><span class='ocrx_word' id='word_1_610' title='bbox 1060 1802 1130 1829; x_wconf 75' lang='grc' dir='ltr'>κατὰ</span> <span class='ocrx_word' id='word_1_611' title='bbox 1143 1803 1193 1838; x_wconf 81' lang='grc' dir='ltr'>τὴν</span> <span class='ocrx_word' id='word_1_612' title='bbox 1211 1801 1278 1828; x_wconf 75' lang='grc' dir='ltr'>ἰδίαν</span> <span class='ocrx_word' id='word_1_613' title='bbox 1296 1801 1432 1835; x_wconf 81' lang='grc' dir='ltr'>γλῶσσαν,</span> <span class='ocrx_word' id='word_1_614' title='bbox 1451 1801 1519 1836; x_wconf 86' lang='grc' dir='ltr'>μετὰ</span> <span class='ocrx_word' id='word_1_615' title='bbox 1532 1801 1672 1836; x_wconf 86' lang='grc' dir='ltr'>στενωπῆς</span> <span class='ocrx_word' id='word_1_616' title='bbox 1686 1800 1740 1826; x_wconf 81' lang='grc' dir='ltr'><strong>τῶν</strong></span> <span class='ocrx_word' id='word_1_617' title='bbox 1755 1800 1854 1834; x_wconf 78' lang='grc' dir='ltr'>λόγων,</span> 
     </span>
    </p>
   </div>
   <div class='ocr_carea' id='block_1_80' title="bbox 1059 1845 1855 1882">
    <p class='ocr_par' dir='ltr' id='par_1_80' title="bbox 1059 1845 1855 1882">
     <span class='ocr_line' id='line_1_80' title="bbox 1059 1845 1855 1882; baseline -0.005 -7"><span class='ocrx_word' id='word_1_618' title='bbox 1059 1849 1083 1875; x_wconf 79' lang='grc' dir='ltr'><strong>εἰ</strong></span> <span class='ocrx_word' id='word_1_619' title='bbox 1104 1849 1149 1875; x_wconf 78' lang='grc' dir='ltr'><strong>καὶ</strong></span> <span class='ocrx_word' id='word_1_620' title='bbox 1170 1848 1253 1881; x_wconf 75' lang='grc' dir='ltr'>δόξειε</span> <span class='ocrx_word' id='word_1_621' title='bbox 1274 1847 1352 1873; x_wconf 83' lang='grc' dir='ltr'>τοῦτο</span> <span class='ocrx_word' id='word_1_622' title='bbox 1369 1845 1439 1874; x_wconf 78' lang='grc' dir='ltr'>εἶναι</span> <span class='ocrx_word' id='word_1_623' title='bbox 1456 1846 1526 1882; x_wconf 76' lang='grc' dir='ltr'>ὑπὲρ</span> <span class='ocrx_word' id='word_1_624' title='bbox 1544 1845 1627 1881; x_wconf 79' lang='grc' dir='ltr'>ἡμᾶς,</span> <span class='ocrx_word' id='word_1_625' title='bbox 1648 1847 1693 1873; x_wconf 75' lang='grc' dir='ltr'>καὶ</span> <span class='ocrx_word' id='word_1_626' title='bbox 1711 1846 1782 1881; x_wconf 76' lang='grc' dir='ltr'>ὑπὲρ</span> <span class='ocrx_word' id='word_1_627' title='bbox 1805 1845 1855 1880; x_wconf 75' lang='grc' dir='ltr'><strong>τὴν</strong></span> 
     </span>
    </p>
   </div>
   <div class='ocr_carea' id='block_1_81' title="bbox 1059 1890 1855 1929">
    <p class='ocr_par' dir='ltr' id='par_1_81' title="bbox 1059 1890 1855 1929">
     <span class='ocr_line' id='line_1_81' title="bbox 1059 1890 1855 1929; baseline -0.005 -9"><span class='ocrx_word' id='word_1_628' title='bbox 1059 1893 1136 1929; x_wconf 60' lang='lat' dir='ltr'><strong>qui»;</strong></span> <span class='ocrx_word' id='word_1_629' title='bbox 1151 1892 1232 1928; x_wconf 72' lang='grc' dir='ltr'>φύσιν</span> <span class='ocrx_word' id='word_1_630' title='bbox 1257 1892 1287 1918; x_wconf 87' lang='grc' dir='ltr'>τὸ</span> <span class='ocrx_word' id='word_1_631' title='bbox 1315 1891 1362 1918; x_wconf 80' lang='grc' dir='ltr'><strong>ἐπὶ</strong></span> <span class='ocrx_word' id='word_1_632' title='bbox 1381 1891 1448 1918; x_wconf 82' lang='grc' dir='ltr'>Θεοῦ</span> <span class='ocrx_word' id='word_1_633' title='bbox 1476 1891 1658 1925; x_wconf 78' lang='grc' dir='ltr'>διαλέγεσθαι.</span> <span class='ocrx_word' id='word_1_634' title='bbox 1682 1890 1753 1916; x_wconf 74' lang='grc' dir='ltr'>Ἀλλ’</span> <span class='ocrx_word' id='word_1_635' title='bbox 1779 1891 1855 1924; x_wconf 77' lang='grc' dir='ltr'>ὅμως</span> 
     </span>
    </p>
   </div>
   <div class='ocr_carea' id='block_1_82' title="bbox 1059 1936 1855 1973">
    <p class='ocr_par' dir='ltr' id='par_1_82' title="bbox 1059 1936 1855 1973">
     <span class='ocr_line' id='line_1_82' title="bbox 1059 1936 1855 1973; baseline -0.005 -7"><span class='ocrx_word' id='word_1_636' title='bbox 1059 1939 1139 1971; x_wconf 73' lang='grc' dir='ltr'>αὐτὸς</span> <span class='ocrx_word' id='word_1_637' title='bbox 1161 1940 1176 1965; x_wconf 85' lang='grc' dir='ltr'>ὁ</span> <span class='ocrx_word' id='word_1_638' title='bbox 1193 1938 1293 1973; x_wconf 78' lang='grc' dir='ltr'>Κύριος</span> <span class='ocrx_word' id='word_1_639' title='bbox 1309 1938 1565 1973; x_wconf 71' lang='grc' dir='ltr'>συγγνωμονήσειεν</span> <span class='ocrx_word' id='word_1_640' title='bbox 1583 1938 1658 1972; x_wconf 82' lang='grc' dir='ltr'>ἡμῖν,</span> <span class='ocrx_word' id='word_1_641' title='bbox 1681 1936 1855 1972; x_wconf 76' lang='grc' dir='ltr'>βουλομένοις</span> 
     </span>
    </p>
   </div>
   <div class='ocr_carea' id='block_1_83' title="bbox 1058 1982 1854 2022">
    <p class='ocr_par' dir='ltr' id='par_1_83' title="bbox 1058 1982 1854 2022">
     <span class='ocr_line' id='line_1_83' title="bbox 1058 1982 1854 2022; baseline -0.006 -9"><span class='ocrx_word' id='word_1_642' title='bbox 1058 1987 1107 2022; x_wconf 84' lang='grc' dir='ltr'>οὺχ</span> <span class='ocrx_word' id='word_1_643' title='bbox 1124 1986 1192 2022; x_wconf 76' lang='grc' dir='ltr'>ὑπὲρ</span> <span class='ocrx_word' id='word_1_644' title='bbox 1216 1986 1341 2021; x_wconf 73' lang='grc' dir='ltr'>θεότητος</span> <span class='ocrx_word' id='word_1_645' title='bbox 1364 1984 1566 2018; x_wconf 74' lang='grc' dir='ltr'>ἀπολογεῖσθαι,</span> <span class='ocrx_word' id='word_1_646' title='bbox 1583 1984 1632 2019; x_wconf 78' lang='grc' dir='ltr'>τῆς</span> <span class='ocrx_word' id='word_1_647' title='bbox 1650 1983 1790 2014; x_wconf 76' lang='grc' dir='ltr'>ἁνενδεοῦς</span> <span class='ocrx_word' id='word_1_648' title='bbox 1806 1982 1854 2008; x_wconf 74' lang='grc' dir='ltr'><strong>οὗ·</strong></span> 
     </span>
    </p>
   </div>
   <div class='ocr_carea' id='block_1_84' title="bbox 1059 2027 1854 2067">
    <p class='ocr_par' dir='ltr' id='par_1_84' title="bbox 1059 2027 1854 2067">
     <span class='ocr_line' id='line_1_84' title="bbox 1059 2027 1854 2067; baseline -0.003 -13"><span class='ocrx_word' id='word_1_649' title='bbox 1059 2040 1109 2067; x_wconf 83' lang='grc' dir='ltr'><strong>σης</strong></span> <span class='ocrx_word' id='word_1_650' title='bbox 1124 2032 1173 2066; x_wconf 82' lang='grc' dir='ltr'>τῆς</span> <span class='ocrx_word' id='word_1_651' title='bbox 1186 2030 1264 2065; x_wconf 67' lang='grc' dir='ltr'>ἡμῶν</span> <span class='ocrx_word' id='word_1_652' title='bbox 1279 2029 1434 2060; x_wconf 79' lang='grc' dir='ltr'>συστάσεως</span> <span class='ocrx_word' id='word_1_653' title='bbox 1445 2029 1451 2055; x_wconf 81' lang='lat' dir='ltr'><strong>l</strong></span> <span class='ocrx_word' id='word_1_654' title='bbox 1475 2028 1555 2055; x_wconf 76' lang='grc' dir='ltr'>’Λλλὰ</span> <span class='ocrx_word' id='word_1_655' title='bbox 1567 2028 1608 2054; x_wconf 82' lang='grc' dir='ltr'>δεῖ</span> <span class='ocrx_word' id='word_1_656' title='bbox 1619 2027 1738 2058; x_wconf 70' lang='grc' dir='ltr'>εὐσεϐῶς</span> <span class='ocrx_word' id='word_1_657' title='bbox 1751 2027 1854 2061; x_wconf 75' lang='grc' dir='ltr'>λέγειν,</span> 
     </span>
    </p>
   </div>
   <div class='ocr_carea' id='block_1_85' title="bbox 1059 2073 1645 2110">
    <p class='ocr_par' dir='ltr' id='par_1_85' title="bbox 1059 2073 1645 2110">
     <span class='ocr_line' id='line_1_85' title="bbox 1059 2073 1645 2110; baseline -0.009 -6"><span class='ocrx_word' id='word_1_658' title='bbox 1059 2077 1106 2104; x_wconf 76' lang='grc' dir='ltr'><strong>καὶ</strong></span> <span class='ocrx_word' id='word_1_659' title='bbox 1122 2075 1242 2107; x_wconf 73' lang='grc' dir='ltr'>εὐσεϐῶς</span> <span class='ocrx_word' id='word_1_660' title='bbox 1259 2076 1339 2107; x_wconf 77' lang='grc' dir='ltr'>νοεῖν,</span> <span class='ocrx_word' id='word_1_661' title='bbox 1357 2075 1400 2100; x_wconf 82' lang='grc' dir='ltr'>ἵνα</span> <span class='ocrx_word' id='word_1_662' title='bbox 1417 2075 1454 2110; x_wconf 85' lang='grc' dir='ltr'><strong>μὴ</strong></span> <span class='ocrx_word' id='word_1_663' title='bbox 1471 2073 1645 2109; x_wconf 72' lang='grc' dir='ltr'>ἀπολώμεθα.</span> 
     </span>
    </p>
   </div>
   <div class='ocr_carea' id='block_1_86' title="bbox 220 2121 1854 2159">
    <p class='ocr_par' dir='ltr' id='par_1_86' title="bbox 220 2121 1854 2159">
     <span class='ocr_line' id='line_1_86' title="bbox 220 2121 1854 2159; baseline 0 -11"><span class='ocrx_word' id='word_1_664' title='bbox 220 2121 253 2148; x_wconf 86' lang='lat' dir='ltr'><strong>de</strong></span> <span class='ocrx_word' id='word_1_665' title='bbox 270 2121 324 2150; x_wconf 86' lang='lat' dir='ltr'><strong>Deo</strong></span> <span class='ocrx_word' id='word_1_666' title='bbox 337 2123 479 2158; x_wconf 86' lang='lat' dir='ltr'><strong>disputare</strong></span> <span class='ocrx_word' id='word_1_667' title='bbox 493 2132 575 2159; x_wconf 88' lang='lat' dir='ltr'><strong>supra</strong></span> <span class='ocrx_word' id='word_1_668' title='bbox 589 2133 638 2152; x_wconf 81' lang='lat' dir='ltr'><strong>nos</strong></span> <span class='ocrx_word' id='word_1_669' title='bbox 653 2133 685 2152; x_wconf 89' lang='lat' dir='ltr'><strong>ac</strong></span> <span class='ocrx_word' id='word_1_670' title='bbox 703 2130 808 2153; x_wconf 66' lang='lat' dir='ltr'><strong>naturae</strong></span> <span class='ocrx_word' id='word_1_671' title='bbox 834 2130 936 2154; x_wconf 65' lang='lat' dir='ltr'><strong>nostra:</strong></span> <span class='ocrx_word' id='word_1_672' title='bbox 966 2125 1151 2153; x_wconf 85' lang='lat' dir='ltr'><strong>conditionem</strong></span> <span class='ocrx_word' id='word_1_673' title='bbox 1177 2133 1239 2153; x_wconf 89' lang='lat' dir='ltr'><strong>esse</strong></span> <span class='ocrx_word' id='word_1_674' title='bbox 1267 2125 1417 2152; x_wconf 86' lang='lat' dir='ltr'><strong>videretur.</strong></span> <span class='ocrx_word' id='word_1_675' title='bbox 1445 2124 1631 2152; x_wconf 86' lang='lat' dir='ltr'><strong>Nihilmninus</strong></span> <span class='ocrx_word' id='word_1_676' title='bbox 1652 2128 1744 2150; x_wconf 90' lang='lat' dir='ltr'><strong>tamen</strong></span> <span class='ocrx_word' id='word_1_677' title='bbox 1774 2122 1854 2150; x_wconf 81' lang='lat' dir='ltr'><strong>facile</strong></span> 
     </span>
    </p>
   </div>
   <div class='ocr_carea' id='block_1_87' title="bbox 220 2163 1852 2207">
    <p class='ocr_par' dir='ltr' id='par_1_87' title="bbox 220 2163 1852 2207">
     <span class='ocr_line' id='line_1_87' title="bbox 220 2163 1852 2207; baseline -0.001 -11"><span class='ocrx_word' id='word_1_678' title='bbox 220 2168 303 2203; x_wconf 76' lang='lat'><strong>798</strong></span> <span class='ocrx_word' id='word_1_679' title='bbox 318 2170 397 2197; x_wconf 87' lang='lat' dir='ltr'><strong>nobis</strong></span> <span class='ocrx_word' id='word_1_680' title='bbox 410 2163 623 2206; x_wconf 74' lang='lat' dir='ltr'><strong>benignissimus</strong></span> <span class='ocrx_word' id='word_1_681' title='bbox 638 2170 770 2202; x_wconf 82' lang='lat' dir='ltr'><strong>Dominus</strong></span> <span class='ocrx_word' id='word_1_682' title='bbox 785 2172 892 2199; x_wconf 86' lang='lat' dir='ltr'><strong>veniam</strong></span> <span class='ocrx_word' id='word_1_683' title='bbox 920 2171 1096 2202; x_wconf 84' lang='lat' dir='ltr'><strong>concederet,</strong></span> <span class='ocrx_word' id='word_1_684' title='bbox 1111 2172 1158 2207; x_wconf 88' lang='lat' dir='ltr'><strong>qui</strong></span> <span class='ocrx_word' id='word_1_685' title='bbox 1172 2179 1225 2198; x_wconf 88' lang='lat' dir='ltr'><strong>non</strong></span> <span class='ocrx_word' id='word_1_686' title='bbox 1252 2171 1278 2198; x_wconf 90' lang='lat' dir='ltr'><strong>id</strong></span> <span class='ocrx_word' id='word_1_687' title='bbox 1303 2170 1507 2203; x_wconf 84' lang='lat' dir='ltr'><strong>all‘ectaremus,</strong></span> <span class='ocrx_word' id='word_1_688' title='bbox 1541 2175 1571 2197; x_wconf 91' lang='lat' dir='ltr'><strong>ut</strong></span> <span class='ocrx_word' id='word_1_689' title='bbox 1593 2170 1758 2201; x_wconf 80' lang='lat' dir='ltr'><strong>divinitatis,</strong></span> <span class='ocrx_word' id='word_1_690' title='bbox 1791 2177 1852 2204; x_wconf 81' lang='lat' dir='ltr'><strong>qua‘.</strong></span> 
     </span>
    </p>
   </div>
   <div class='ocr_carea' id='block_1_88' title="bbox 222 2215 1854 2253">
    <p class='ocr_par' dir='ltr' id='par_1_88' title="bbox 222 2215 1854 2253">
     <span class='ocr_line' id='line_1_88' title="bbox 222 2215 1854 2253; baseline 0.001 -12"><span class='ocrx_word' id='word_1_691' title='bbox 222 2215 349 2249; x_wconf 66' lang='lat' dir='ltr'><strong>praesidio</strong></span> <span class='ocrx_word' id='word_1_692' title='bbox 362 2220 458 2243; x_wconf 89' lang='lat' dir='ltr'><strong>nostro</strong></span> <span class='ocrx_word' id='word_1_693' title='bbox 479 2223 511 2244; x_wconf 90' lang='lat' dir='ltr'><strong>ac</strong></span> <span class='ocrx_word' id='word_1_694' title='bbox 528 2216 736 2244; x_wconf 83' lang='lat' dir='ltr'><strong>conﬁrmatione</strong></span> <span class='ocrx_word' id='word_1_695' title='bbox 757 2225 810 2244; x_wconf 91' lang='lat' dir='ltr'><strong>non</strong></span> <span class='ocrx_word' id='word_1_696' title='bbox 827 2222 898 2252; x_wconf 74' lang='lat' dir='ltr'><strong>eget,</strong></span> <span class='ocrx_word' id='word_1_697' title='bbox 931 2218 1115 2253; x_wconf 87' lang='lat' dir='ltr'><strong>patrocinium</strong></span> <span class='ocrx_word' id='word_1_698' title='bbox 1149 2218 1364 2252; x_wconf 78' lang='lat' dir='ltr'><strong>susciperemus.</strong></span> <span class='ocrx_word' id='word_1_699' title='bbox 1394 2216 1448 2244; x_wconf 86' lang='lat' dir='ltr'><strong>Sed</strong></span> <span class='ocrx_word' id='word_1_700' title='bbox 1470 2217 1602 2244; x_wconf 90' lang='lat' dir='ltr'><strong>nimirum</strong></span> <span class='ocrx_word' id='word_1_701' title='bbox 1624 2216 1657 2243; x_wconf 84' lang='lat' dir='ltr'><strong>de</strong></span> <span class='ocrx_word' id='word_1_702' title='bbox 1682 2215 1785 2243; x_wconf 89' lang='lat' dir='ltr'><strong>divinis</strong></span> <span class='ocrx_word' id='word_1_703' title='bbox 1813 2224 1854 2242; x_wconf 74' lang='lat' dir='ltr'><strong>re-</strong></span> 
     </span>
    </p>
   </div>
   <div class='ocr_carea' id='block_1_89' title="bbox 221 2262 1186 2301">
    <p class='ocr_par' dir='ltr' id='par_1_89' title="bbox 221 2262 1186 2301">
     <span class='ocr_line' id='line_1_89' title="bbox 221 2262 1186 2301; baseline 0.002 -11"><span class='ocrx_word' id='word_1_704' title='bbox 221 2262 273 2290; x_wconf 88' lang='lat' dir='ltr'><strong>bus</strong></span> <span class='ocrx_word' id='word_1_705' title='bbox 295 2264 337 2295; x_wconf 83' lang='lat' dir='ltr'><strong>pic</strong></span> <span class='ocrx_word' id='word_1_706' title='bbox 356 2264 429 2298; x_wconf 91' lang='lat' dir='ltr'><strong>loqui</strong></span> <span class='ocrx_word' id='word_1_707' title='bbox 458 2271 491 2291; x_wconf 87' lang='lat' dir='ltr'><strong>ac</strong></span> <span class='ocrx_word' id='word_1_708' title='bbox 508 2264 610 2292; x_wconf 86' lang='lat' dir='ltr'><strong>sentire</strong></span> <span class='ocrx_word' id='word_1_709' title='bbox 628 2272 679 2292; x_wconf 89' lang='lat' dir='ltr'><strong>nos</strong></span> <span class='ocrx_word' id='word_1_710' title='bbox 700 2270 817 2300; x_wconf 84' lang='lat' dir='ltr'><strong>oportet.</strong></span> <span class='ocrx_word' id='word_1_711' title='bbox 833 2273 867 2292; x_wconf 89' lang='lat' dir='ltr'><strong>ne</strong></span> <span class='ocrx_word' id='word_1_712' title='bbox 890 2266 1011 2300; x_wconf 87' lang='lat' dir='ltr'><strong>pessime</strong></span> <span class='ocrx_word' id='word_1_713' title='bbox 1031 2272 1186 2301; x_wconf 83' lang='lat' dir='ltr'><strong>pereamus.</strong></span> 
     </span>
    </p>
   </div>
   <div class='ocr_carea' id='block_1_90' title="bbox 256 2307 1007 2346">
    <p class='ocr_par' dir='ltr' id='par_1_90' title="bbox 256 2307 1007 2346">
     <span class='ocr_line' id='line_1_90' title="bbox 256 2307 1007 2346; baseline 0.004 -11"><span class='ocrx_word' id='word_1_714' title='bbox 256 2307 348 2336; x_wconf 71' lang='lat' dir='ltr'><strong>LXXI.</strong></span> <span class='ocrx_word' id='word_1_715' title='bbox 378 2308 561 2341; x_wconf 81' lang='lat' dir='ltr'><strong>Quamobrem</strong></span> <span class='ocrx_word' id='word_1_716' title='bbox 587 2310 761 2345; x_wconf 75' lang='lat' dir='ltr'><strong>respondete,</strong></span> <span class='ocrx_word' id='word_1_717' title='bbox 795 2319 899 2346; x_wconf 63' lang='lat' dir='ltr'><strong>quaeso,</strong></span> <span class='ocrx_word' id='word_1_718' title='bbox 917 2311 1007 2343; x_wconf 88' lang='lat' dir='ltr'><strong>nobis,</strong></span> 
     </span>
    </p>
   </div>
   <div class='ocr_carea' id='block_1_91' title="bbox 1097 2309 1853 2346">
    <p class='ocr_par' dir='ltr' id='par_1_91' title="bbox 1097 2309 1853 2346">
     <span class='ocr_line' id='line_1_91' title="bbox 1097 2309 1853 2346; baseline -0.004 -8"><span class='ocrx_word' id='word_1_719' title='bbox 1097 2312 1160 2339; x_wconf 77' lang='lat' dir='ltr'><strong>OA&#39;.</strong></span> <span class='ocrx_word' id='word_1_720' title='bbox 1180 2311 1277 2337; x_wconf 75' lang='grc' dir='ltr'>Τοίνυν</span> <span class='ocrx_word' id='word_1_721' title='bbox 1291 2310 1459 2346; x_wconf 75' lang='grc' dir='ltr'>ἀποκρίθητε</span> <span class='ocrx_word' id='word_1_722' title='bbox 1475 2311 1552 2346; x_wconf 81' lang='grc' dir='ltr'>ἡμῖν,</span> <span class='ocrx_word' id='word_1_723' title='bbox 1571 2310 1595 2336; x_wconf 85' lang='grc' dir='ltr'><strong>οἱ</strong></span> <span class='ocrx_word' id='word_1_724' title='bbox 1606 2309 1653 2336; x_wconf 76' lang='grc' dir='ltr'>τοῦ</span> <span class='ocrx_word' id='word_1_725' title='bbox 1677 2309 1784 2345; x_wconf 72' lang='grc' dir='ltr'>Ἀρείου</span> <span class='ocrx_word' id='word_1_726' title='bbox 1803 2318 1853 2344; x_wconf 59' lang='grc' dir='ltr'>μαι</span> 
     </span>
    </p>
   </div>
   <div class='ocr_carea' id='block_1_92' title="bbox 222 2355 1008 2394">
    <p class='ocr_par' dir='ltr' id='par_1_92' title="bbox 222 2356 1008 2394">
     <span class='ocr_line' id='line_1_92' title="bbox 222 2356 1008 2394; baseline 0.003 -11"><span class='ocrx_word' id='word_1_727' title='bbox 222 2357 278 2384; x_wconf 87' lang='lat' dir='ltr'><strong>Arii</strong></span> <span class='ocrx_word' id='word_1_728' title='bbox 298 2356 419 2385; x_wconf 80' lang='lat' dir='ltr'><strong>fautores</strong></span> <span class='ocrx_word' id='word_1_729' title='bbox 435 2364 466 2384; x_wconf 90' lang='lat' dir='ltr'><strong>ac</strong></span> <span class='ocrx_word' id='word_1_730' title='bbox 477 2357 616 2393; x_wconf 88' lang='lat' dir='ltr'><strong>discipuli,</strong></span> <span class='ocrx_word' id='word_1_731' title='bbox 632 2365 694 2386; x_wconf 94' lang='lat' dir='ltr'><strong>cum</strong></span> <span class='ocrx_word' id='word_1_732' title='bbox 714 2359 865 2394; x_wconf 77' lang='lat' dir='ltr'><strong>ingenitum</strong></span> <span class='ocrx_word' id='word_1_733' title='bbox 881 2365 913 2385; x_wconf 85' lang='lat' dir='ltr'><strong>ex</strong></span> <span class='ocrx_word' id='word_1_734' title='bbox 930 2366 1008 2393; x_wconf 74' lang='lat' dir='ltr'><strong>aequo</strong></span> 
     </span>
    </p>
   </div>
   <div class='ocr_carea' id='block_1_93' title="bbox 1060 2355 1854 2394">
    <p class='ocr_par' dir='ltr' id='par_1_93' title="bbox 1064 2355 1854 2392">
     <span class='ocr_line' id='line_1_93' title="bbox 1064 2355 1854 2392; baseline -0.004 -8"><span class='ocrx_word' id='word_1_735' title='bbox 1064 2357 1158 2392; x_wconf 79' lang='grc' dir='ltr'>θηταί·</span> <span class='ocrx_word' id='word_1_736' title='bbox 1177 2357 1324 2392; x_wconf 83' lang='grc' dir='ltr'>ἀγέννητον</span> <span class='ocrx_word' id='word_1_737' title='bbox 1338 2357 1455 2392; x_wconf 83' lang='grc' dir='ltr'>λέγομεν</span> <span class='ocrx_word' id='word_1_738' title='bbox 1470 2356 1570 2387; x_wconf 80' lang='grc' dir='ltr'>πάντες</span> <span class='ocrx_word' id='word_1_739' title='bbox 1591 2355 1658 2391; x_wconf 79' lang='grc' dir='ltr'>ὁμοῦ</span> <span class='ocrx_word' id='word_1_740' title='bbox 1673 2355 1720 2381; x_wconf 76' lang='grc' dir='ltr'><strong>τὸν</strong></span> <span class='ocrx_word' id='word_1_741' title='bbox 1733 2356 1854 2390; x_wconf 79' lang='grc' dir='ltr'>Πατέρα,</span> 
     </span>
    </p>
   </div>
   <div class='ocr_carea' id='block_1_94' title="bbox 222 2402 1010 2439">
    <p class='ocr_par' dir='ltr' id='par_1_94' title="bbox 222 2402 1010 2439">
     <span class='ocr_line' id='line_1_94' title="bbox 222 2402 1010 2439; baseline 0.001 -10"><span class='ocrx_word' id='word_1_742' title='bbox 222 2402 331 2430; x_wconf 82' lang='lat' dir='ltr'><strong>Patrem</strong></span> <span class='ocrx_word' id='word_1_743' title='bbox 353 2410 448 2430; x_wconf 87' lang='lat' dir='ltr'><strong>omnes</strong></span> <span class='ocrx_word' id='word_1_744' title='bbox 462 2403 667 2439; x_wconf 84' lang='lat' dir='ltr'><strong>increalumque</strong></span> <span class='ocrx_word' id='word_1_745' title='bbox 687 2404 832 2435; x_wconf 80' lang='lat' dir='ltr'><strong>fateamur,</strong></span> <span class='ocrx_word' id='word_1_746' title='bbox 856 2403 946 2438; x_wconf 84' lang='lat' dir='ltr'><strong>sitque</strong></span> <span class='ocrx_word' id='word_1_747' title='bbox 962 2403 1010 2430; x_wconf 88' lang='lat' dir='ltr'><strong>ad-</strong></span> 
     </span>
    </p>
   </div>
   <div class='ocr_carea' id='block_1_95' title="bbox 222 2447 1011 2484">
    <p class='ocr_par' dir='ltr' id='par_1_95' title="bbox 222 2447 1011 2484">
     <span class='ocr_line' id='line_1_95' title="bbox 222 2447 1011 2484; baseline 0.003 -10"><span class='ocrx_word' id='word_1_748' title='bbox 222 2447 357 2475; x_wconf 86' lang='lat' dir='ltr'><strong>mirabilis</strong></span> <span class='ocrx_word' id='word_1_749' title='bbox 382 2448 427 2474; x_wconf 89' lang='lat' dir='ltr'><strong>illa</strong></span> <span class='ocrx_word' id='word_1_750' title='bbox 453 2448 576 2483; x_wconf 82' lang='lat' dir='ltr'><strong>profecto</strong></span> <span class='ocrx_word' id='word_1_751' title='bbox 598 2449 693 2482; x_wconf 84' lang='lat' dir='ltr'><strong>dictio,</strong></span> <span class='ocrx_word' id='word_1_752' title='bbox 716 2449 826 2476; x_wconf 88' lang='lat' dir='ltr'><strong>ubinam</strong></span> <span class='ocrx_word' id='word_1_753' title='bbox 843 2453 885 2476; x_wconf 90' lang='lat' dir='ltr'><strong>est</strong></span> <span class='ocrx_word' id='word_1_754' title='bbox 908 2449 1011 2484; x_wconf 88' lang='lat' dir='ltr'><strong>scripto</strong></span> 
     </span>
    </p>
   </div>
   <div class='ocr_carea' id='block_1_96' title="bbox 223 2493 1010 2530">
    <p class='ocr_par' dir='ltr' id='par_1_96' title="bbox 223 2493 1010 2530">
     <span class='ocr_line' id='line_1_96' title="bbox 223 2493 1010 2530; baseline 0.003 -10"><span class='ocrx_word' id='word_1_755' title='bbox 223 2493 384 2522; x_wconf 77' lang='lat' dir='ltr'><strong>nominatim</strong></span> <span class='ocrx_word' id='word_1_756' title='bbox 412 2496 560 2530; x_wconf 82' lang='lat' dir='ltr'><strong>expressa?</strong></span> <span class='ocrx_word' id='word_1_757' title='bbox 585 2494 708 2523; x_wconf 80' lang='lat' dir='ltr'><strong>Proferte</strong></span> <span class='ocrx_word' id='word_1_758' title='bbox 723 2495 823 2526; x_wconf 89' lang='lat' dir='ltr'><strong>locum,</strong></span> <span class='ocrx_word' id='word_1_759' title='bbox 847 2495 868 2522; x_wconf 85' lang='lat' dir='ltr'><strong>si</strong></span> <span class='ocrx_word' id='word_1_760' title='bbox 886 2496 1010 2530; x_wconf 88' lang='lat' dir='ltr'><strong>potestis.</strong></span> 
     </span>
    </p>
   </div>
   <div class='ocr_carea' id='block_1_97' title="bbox 223 2539 1011 2577">
    <p class='ocr_par' dir='ltr' id='par_1_97' title="bbox 223 2539 1011 2577">
     <span class='ocr_line' id='line_1_97' title="bbox 223 2539 1011 2577; baseline 0.003 -11"><span class='ocrx_word' id='word_1_761' title='bbox 223 2539 316 2575; x_wconf 74' lang='lat' dir='ltr'><strong>Neque</strong></span> <span class='ocrx_word' id='word_1_762' title='bbox 329 2541 401 2568; x_wconf 91' lang='lat' dir='ltr'><strong>enim</strong></span> <span class='ocrx_word' id='word_1_763' title='bbox 421 2545 468 2568; x_wconf 84' lang='lat' dir='ltr'><strong>aut</strong></span> <span class='ocrx_word' id='word_1_764' title='bbox 492 2541 519 2568; x_wconf 91' lang='lat' dir='ltr'><strong>in</strong></span> <span class='ocrx_word' id='word_1_765' title='bbox 544 2541 602 2576; x_wconf 77' lang='lat' dir='ltr'><strong>lege</strong></span> <span class='ocrx_word' id='word_1_766' title='bbox 620 2545 862 2572; x_wconf 82' lang='lat' dir='ltr'><strong>commemoratur,</strong></span> <span class='ocrx_word' id='word_1_767' title='bbox 880 2546 926 2568; x_wconf 87' lang='lat' dir='ltr'><strong>aut</strong></span> <span class='ocrx_word' id='word_1_768' title='bbox 939 2541 1011 2577; x_wconf 85' lang='lat' dir='ltr'><strong>apud</strong></span> 
     </span>
    </p>
   </div>
   <div class='ocr_carea' id='block_1_98' title="bbox 223 2586 1011 2622">
    <p class='ocr_par' dir='ltr' id='par_1_98' title="bbox 223 2586 1011 2622">
     <span class='ocr_line' id='line_1_98' title="bbox 223 2586 1011 2622; baseline 0 -8"><span class='ocrx_word' id='word_1_769' title='bbox 223 2588 380 2622; x_wconf 85' lang='lat' dir='ltr'><strong>prophetas,</strong></span> <span class='ocrx_word' id='word_1_770' title='bbox 396 2591 442 2614; x_wconf 82' lang='lat' dir='ltr'><strong>aut</strong></span> <span class='ocrx_word' id='word_1_771' title='bbox 471 2587 498 2614; x_wconf 90' lang='lat' dir='ltr'><strong>in</strong></span> <span class='ocrx_word' id='word_1_772' title='bbox 513 2587 671 2622; x_wconf 79' lang='lat' dir='ltr'><strong>Evangelia,</strong></span> <span class='ocrx_word' id='word_1_773' title='bbox 695 2590 742 2613; x_wconf 86' lang='lat' dir='ltr'><strong>aut</strong></span> <span class='ocrx_word' id='word_1_774' title='bbox 768 2586 794 2614; x_wconf 91' lang='lat' dir='ltr'><strong>in</strong></span> <span class='ocrx_word' id='word_1_775' title='bbox 825 2587 1011 2622; x_wconf 85' lang='lat' dir='ltr'><strong>apostolorum</strong></span> 
     </span>
    </p>
   </div>
   <div class='ocr_carea' id='block_1_99' title="bbox 223 2632 1011 2670">
    <p class='ocr_par' dir='ltr' id='par_1_99' title="bbox 223 2632 1011 2670">
     <span class='ocr_line' id='line_1_99' title="bbox 223 2632 1011 2670; baseline 0.001 -9"><span class='ocrx_word' id='word_1_776' title='bbox 223 2633 340 2669; x_wconf 87' lang='lat' dir='ltr'><strong>denique</strong></span> <span class='ocrx_word' id='word_1_777' title='bbox 368 2632 563 2661; x_wconf 87' lang='lat' dir='ltr'><strong>monumentis.</strong></span> <span class='ocrx_word' id='word_1_778' title='bbox 584 2632 661 2665; x_wconf 84' lang='lat' dir='ltr'><strong>Quod</strong></span> <span class='ocrx_word' id='word_1_779' title='bbox 681 2633 704 2660; x_wconf 90' lang='lat' dir='ltr'><strong>si</strong></span> <span class='ocrx_word' id='word_1_780' title='bbox 725 2633 887 2661; x_wconf 79' lang='lat' dir='ltr'><strong>vocabulum</strong></span> <span class='ocrx_word' id='word_1_781' title='bbox 903 2635 1011 2670; x_wconf 89' lang='lat' dir='ltr'><strong>aliquod</strong></span> 
     </span>
    </p>
   </div>
   <div class='ocr_carea' id='block_1_100' title="bbox 224 2679 1012 2715">
    <p class='ocr_par' dir='ltr' id='par_1_100' title="bbox 224 2679 1012 2715">
     <span class='ocr_line' id='line_1_100' title="bbox 224 2679 1012 2715; baseline 0.001 -9"><span class='ocrx_word' id='word_1_782' title='bbox 224 2687 359 2715; x_wconf 86' lang='lat' dir='ltr'><strong>nusquam</strong></span> <span class='ocrx_word' id='word_1_783' title='bbox 387 2679 498 2714; x_wconf 88' lang='lat' dir='ltr'><strong>scriptis</strong></span> <span class='ocrx_word' id='word_1_784' title='bbox 516 2685 675 2713; x_wconf 79' lang='lat' dir='ltr'><strong>expressum</strong></span> <span class='ocrx_word' id='word_1_785' title='bbox 693 2686 827 2714; x_wconf 83' lang='lat' dir='ltr'><strong>usurpare</strong></span> <span class='ocrx_word' id='word_1_786' title='bbox 844 2680 917 2712; x_wconf 81' lang='lat' dir='ltr'><strong>licet,</strong></span> <span class='ocrx_word' id='word_1_787' title='bbox 931 2680 1012 2715; x_wconf 89' lang='lat' dir='ltr'><strong>idque</strong></span> 
     </span>
    </p>
   </div>
   <div class='ocr_carea' id='block_1_101' title="bbox 225 2724 1011 2760">
    <p class='ocr_par' dir='ltr' id='par_1_101' title="bbox 225 2724 1011 2760">
     <span class='ocr_line' id='line_1_101' title="bbox 225 2724 1011 2760; baseline 0.004 -10"><span class='ocrx_word' id='word_1_788' title='bbox 225 2729 334 2759; x_wconf 83' lang='lat' dir='ltr'><strong>propter</strong></span> <span class='ocrx_word' id='word_1_789' title='bbox 344 2724 464 2751; x_wconf 88' lang='lat' dir='ltr'><strong>divinam</strong></span> <span class='ocrx_word' id='word_1_790' title='bbox 493 2724 606 2758; x_wconf 77' lang='lat' dir='ltr'><strong>gloriam</strong></span> <span class='ocrx_word' id='word_1_791' title='bbox 629 2729 790 2760; x_wconf 88' lang='lat' dir='ltr'><strong>usurpatum</strong></span> <span class='ocrx_word' id='word_1_792' title='bbox 807 2726 1011 2760; x_wconf 88' lang='lat' dir='ltr'><strong>amplectuntur</strong></span> 
     </span>
    </p>
   </div>
   <div class='ocr_carea' id='block_1_102' title="bbox 221 2769 1011 2804">
    <p class='ocr_par' dir='ltr' id='par_1_102' title="bbox 221 2769 1011 2804">
     <span class='ocr_line' id='line_1_102' title="bbox 221 2769 1011 2804; baseline 0.003 -7"><span class='ocrx_word' id='word_1_793' title='bbox 221 2777 318 2797; x_wconf 77' lang='lat' dir='ltr'><strong>Omnes</strong></span> <span class='ocrx_word' id='word_1_794' title='bbox 353 2775 380 2796; x_wconf 91' lang='lat' dir='ltr'><strong>ct</strong></span> <span class='ocrx_word' id='word_1_795' title='bbox 403 2769 565 2804; x_wconf 85' lang='lat' dir='ltr'><strong>approbant,</strong></span> <span class='ocrx_word' id='word_1_796' title='bbox 590 2770 653 2804; x_wconf 91' lang='lat' dir='ltr'><strong>quis</strong></span> <span class='ocrx_word' id='word_1_797' title='bbox 676 2777 726 2798; x_wconf 82' lang='lat' dir='ltr'><strong>nes</strong></span> <span class='ocrx_word' id='word_1_798' title='bbox 754 2778 885 2799; x_wconf 80' lang='lat' dir='ltr'><strong>accusare</strong></span> <span class='ocrx_word' id='word_1_799' title='bbox 912 2772 1011 2800; x_wconf 84' lang='lat' dir='ltr'><strong>merito</strong></span> 
     </span>
    </p>
   </div>
   <div class='ocr_carea' id='block_1_103' title="bbox 259 2847 1038 2883">
    <p class='ocr_par' dir='ltr' id='par_1_103' title="bbox 259 2847 1038 2883">
     <span class='ocr_line' id='line_1_103' title="bbox 259 2847 1038 2883; baseline 0.004 -10"><span class='ocrx_word' id='word_1_800' title='bbox 259 2847 269 2863; x_wconf 73' lang='grc' dir='ltr'>ί</span> <span class='ocrx_word' id='word_1_801' title='bbox 289 2847 375 2874; x_wconf 77' lang='lat' dir='ltr'><strong>Exod.</strong></span> <span class='ocrx_word' id='word_1_802' title='bbox 394 2854 436 2878; x_wconf 82' lang='grc' dir='ltr'>ιιι,</span> <span class='ocrx_word' id='word_1_803' title='bbox 456 2847 495 2873; x_wconf 61' lang='lat' dir='ltr'><strong>lt.</strong></span> <span class='ocrx_word' id='word_1_804' title='bbox 537 2848 546 2863; x_wconf 82' lang='lat'>&#39;</span> <span class='ocrx_word' id='word_1_805' title='bbox 562 2847 639 2876; x_wconf 82' lang='lat' dir='ltr'><strong>Deut.</strong></span> <span class='ocrx_word' id='word_1_806' title='bbox 658 2857 712 2880; x_wconf 76' lang='lat' dir='ltr'><strong>xtx,</strong></span> <span class='ocrx_word' id='word_1_807' title='bbox 732 2849 779 2882; x_wconf 76' lang='lat' dir='ltr'><strong>l5;</strong></span> <span class='ocrx_word' id='word_1_808' title='bbox 796 2849 888 2876; x_wconf 75' lang='lat' dir='ltr'><strong>Matth.</strong></span> <span class='ocrx_word' id='word_1_809' title='bbox 902 2858 977 2883; x_wconf 81' lang='lat' dir='ltr'><strong>xvm,</strong></span> <span class='ocrx_word' id='word_1_810' title='bbox 997 2850 1038 2876; x_wconf 79' lang='grc'><strong>16.</strong></span> 
     </span>
    </p>
   </div>
   <div class='ocr_carea' id='block_1_104' title="bbox 1060 2401 1854 2439">
    <p class='ocr_par' dir='ltr' id='par_1_104' title="bbox 1060 2401 1854 2439">
     <span class='ocr_line' id='line_1_104' title="bbox 1060 2401 1854 2439; baseline -0.001 -10"><span class='ocrx_word' id='word_1_811' title='bbox 1060 2404 1107 2430; x_wconf 73' lang='grc' dir='ltr'><strong>καὶ</strong></span> <span class='ocrx_word' id='word_1_812' title='bbox 1126 2404 1264 2433; x_wconf 79' lang='grc' dir='ltr'>ἄκτιστον,</span> <span class='ocrx_word' id='word_1_813' title='bbox 1283 2404 1330 2430; x_wconf 69' lang='grc' dir='ltr'><strong>καὶ</strong></span> <span class='ocrx_word' id='word_1_814' title='bbox 1343 2403 1487 2439; x_wconf 77' lang='grc' dir='ltr'>θαυμαστὴ</span> <span class='ocrx_word' id='word_1_815' title='bbox 1509 2404 1525 2439; x_wconf 81' lang='grc' dir='ltr'>ἡ</span> <span class='ocrx_word' id='word_1_816' title='bbox 1542 2402 1615 2436; x_wconf 80' lang='grc' dir='ltr'><strong>λέξις</strong></span> <span class='ocrx_word' id='word_1_817' title='bbox 1639 2402 1777 2437; x_wconf 74' lang='grc' dir='ltr'>δηλονότι·</span> <span class='ocrx_word' id='word_1_818' title='bbox 1804 2401 1854 2428; x_wconf 74' lang='grc' dir='ltr'><strong>ποῦ</strong></span> 
     </span>
    </p>
   </div>
   <div class='ocr_carea' id='block_1_105' title="bbox 1059 2448 1854 2485">
    <p class='ocr_par' dir='ltr' id='par_1_105' title="bbox 1059 2448 1854 2485">
     <span class='ocr_line' id='line_1_105' title="bbox 1059 2448 1854 2485; baseline -0.003 -9"><span class='ocrx_word' id='word_1_819' title='bbox 1059 2449 1149 2476; x_wconf 82' lang='grc' dir='ltr'>τοίνυν</span> <span class='ocrx_word' id='word_1_820' title='bbox 1165 2449 1321 2485; x_wconf 85' lang='grc' dir='ltr'>γέγραπται</span> <span class='ocrx_word' id='word_1_821' title='bbox 1344 2449 1440 2482; x_wconf 84' lang='grc' dir='ltr'>τοῦτο;</span> <span class='ocrx_word' id='word_1_822' title='bbox 1465 2448 1572 2481; x_wconf 73' lang='grc' dir='ltr'>Δείξατε</span> <span class='ocrx_word' id='word_1_823' title='bbox 1595 2449 1640 2475; x_wconf 78' lang='grc' dir='ltr'><strong>τὸν</strong></span> <span class='ocrx_word' id='word_1_824' title='bbox 1664 2448 1758 2475; x_wconf 85' lang='grc' dir='ltr'>τόπον.</span> <span class='ocrx_word' id='word_1_825' title='bbox 1787 2448 1854 2475; x_wconf 75' lang='grc' dir='ltr'>Οὔτε</span> 
     </span>
    </p>
   </div>
   <div class='ocr_carea' id='block_1_106' title="bbox 1060 2493 1854 2531">
    <p class='ocr_par' dir='ltr' id='par_1_106' title="bbox 1060 2493 1854 2531">
     <span class='ocr_line' id='line_1_106' title="bbox 1060 2493 1854 2531; baseline -0.001 -10"><span class='ocrx_word' id='word_1_826' title='bbox 1060 2494 1114 2530; x_wconf 81' lang='grc' dir='ltr'>γὰρ</span> <span class='ocrx_word' id='word_1_827' title='bbox 1129 2495 1210 2530; x_wconf 83' lang='grc' dir='ltr'>νόμος</span> <span class='ocrx_word' id='word_1_828' title='bbox 1224 2495 1345 2531; x_wconf 80' lang='grc' dir='ltr'>εἴρηκεν.</span> <span class='ocrx_word' id='word_1_829' title='bbox 1357 2494 1419 2521; x_wconf 79' lang='grc' dir='ltr'>οὔτε</span> <span class='ocrx_word' id='word_1_830' title='bbox 1434 2494 1584 2530; x_wconf 75' lang='grc' dir='ltr'>προφῆται,</span> <span class='ocrx_word' id='word_1_831' title='bbox 1597 2494 1659 2521; x_wconf 75' lang='grc' dir='ltr'>οὔτε</span> <span class='ocrx_word' id='word_1_832' title='bbox 1675 2493 1854 2528; x_wconf 78' lang='grc' dir='ltr'>Εὐαγγέλιον,</span> 
     </span>
    </p>
   </div>
   <div class='ocr_carea' id='block_1_107' title="bbox 1061 2541 1855 2576">
    <p class='ocr_par' dir='ltr' id='par_1_107' title="bbox 1061 2541 1855 2576">
     <span class='ocr_line' id='line_1_107' title="bbox 1061 2541 1855 2576; baseline -0.001 -8"><span class='ocrx_word' id='word_1_833' title='bbox 1061 2541 1122 2568; x_wconf 80' lang='grc' dir='ltr'>οὔτε</span> <span class='ocrx_word' id='word_1_834' title='bbox 1146 2542 1299 2568; x_wconf 77' lang='grc' dir='ltr'>ἀπόστολοι.</span> <span class='ocrx_word' id='word_1_835' title='bbox 1319 2543 1351 2569; x_wconf 82' lang='grc' dir='ltr'>Εἰ</span> <span class='ocrx_word' id='word_1_836' title='bbox 1364 2542 1453 2568; x_wconf 78' lang='grc' dir='ltr'>τοίνυν</span> <span class='ocrx_word' id='word_1_837' title='bbox 1466 2541 1585 2573; x_wconf 54' lang='grc' dir='ltr'>εὐσεϐῶς</span> <span class='ocrx_word' id='word_1_838' title='bbox 1601 2542 1716 2576; x_wconf 82' lang='grc' dir='ltr'>λέγομεν</span> <span class='ocrx_word' id='word_1_839' title='bbox 1731 2541 1806 2574; x_wconf 81' lang='grc' dir='ltr'>λέξιν</span> <span class='ocrx_word' id='word_1_840' title='bbox 1820 2542 1855 2576; x_wconf 79' lang='grc' dir='ltr'>μὴ</span> 
     </span>
    </p>
   </div>
   <div class='ocr_carea' id='block_1_108' title="bbox 1062 2585 1854 2624">
    <p class='ocr_par' dir='ltr' id='par_1_108' title="bbox 1062 2585 1854 2624">
     <span class='ocr_line' id='line_1_108' title="bbox 1062 2585 1854 2624; baseline -0.001 -10"><span class='ocrx_word' id='word_1_841' title='bbox 1062 2589 1268 2624; x_wconf 79' lang='grc' dir='ltr'>γεγραμμένην,</span> <span class='ocrx_word' id='word_1_842' title='bbox 1290 2589 1337 2615; x_wconf 72' lang='grc' dir='ltr'><strong>καὶ</strong></span> <span class='ocrx_word' id='word_1_843' title='bbox 1361 2588 1434 2614; x_wconf 78' lang='grc' dir='ltr'>ἔστιν</span> <span class='ocrx_word' id='word_1_844' title='bbox 1447 2587 1583 2623; x_wconf 74' lang='grc' dir='ltr'>ἀποδεκτὴ</span> <span class='ocrx_word' id='word_1_845' title='bbox 1601 2587 1670 2622; x_wconf 78' lang='grc' dir='ltr'>ὑπὲρ</span> <span class='ocrx_word' id='word_1_846' title='bbox 1684 2585 1764 2622; x_wconf 80' lang='grc' dir='ltr'>δόξης</span> <span class='ocrx_word' id='word_1_847' title='bbox 1789 2587 1854 2614; x_wconf 69' lang='grc' dir='ltr'>Θεοῦ</span> 
     </span>
    </p>
   </div>
   <div class='ocr_carea' id='block_1_109' title="bbox 1061 2631 1855 2669">
    <p class='ocr_par' dir='ltr' id='par_1_109' title="bbox 1061 2631 1855 2669">
     <span class='ocr_line' id='line_1_109' title="bbox 1061 2631 1855 2669; baseline -0.003 -9"><span class='ocrx_word' id='word_1_848' title='bbox 1061 2633 1215 2668; x_wconf 77' lang='grc' dir='ltr'>λεγομένη·</span> <span class='ocrx_word' id='word_1_849' title='bbox 1233 2634 1275 2665; x_wconf 76' lang='grc' dir='ltr'><strong>τίς</strong></span> <span class='ocrx_word' id='word_1_850' title='bbox 1301 2634 1366 2669; x_wconf 84' lang='grc' dir='ltr'>ἡμῖν</span> <span class='ocrx_word' id='word_1_851' title='bbox 1390 2633 1573 2668; x_wconf 75' lang='grc' dir='ltr'>ἐγκαλέσειεν,</span> <span class='ocrx_word' id='word_1_852' title='bbox 1591 2634 1614 2660; x_wconf 82' lang='grc' dir='ltr'>εἰ</span> <span class='ocrx_word' id='word_1_853' title='bbox 1637 2631 1685 2659; x_wconf 76' lang='grc' dir='ltr'>καὶ</span> <span class='ocrx_word' id='word_1_854' title='bbox 1713 2632 1751 2668; x_wconf 81' lang='grc' dir='ltr'>μὴ</span> <span class='ocrx_word' id='word_1_855' title='bbox 1777 2631 1812 2668; x_wconf 82' lang='grc' dir='ltr'>ἦν</span> <span class='ocrx_word' id='word_1_856' title='bbox 1828 2632 1855 2658; x_wconf 72' lang='grc' dir='ltr'>τὸ</span> 
     </span>
    </p>
   </div>
   <div class='ocr_carea' id='block_1_110' title="bbox 1060 2675 1854 2715">
    <p class='ocr_par' dir='ltr' id='par_1_110' title="bbox 1060 2675 1854 2715">
     <span class='ocr_line' id='line_1_110' title="bbox 1060 2675 1854 2715; baseline -0.003 -9"><span class='ocrx_word' id='word_1_857' title='bbox 1060 2679 1202 2714; x_wconf 77' lang='grc' dir='ltr'>ὀμοοὺσιον</span> <span class='ocrx_word' id='word_1_858' title='bbox 1215 2680 1562 2715; x_wconf 78' lang='grc' dir='ltr'>γεγραμμένον,εὑρόντων</span> <span class='ocrx_word' id='word_1_859' title='bbox 1579 2679 1658 2714; x_wconf 79' lang='grc' dir='ltr'>ἡμῶν</span> <span class='ocrx_word' id='word_1_860' title='bbox 1674 2679 1765 2712; x_wconf 79' lang='grc' dir='ltr'>λόγον,</span> <span class='ocrx_word' id='word_1_861' title='bbox 1780 2679 1813 2705; x_wconf 71' lang='grc' dir='ltr'><strong>δι’</strong></span> <span class='ocrx_word' id='word_1_862' title='bbox 1827 2675 1854 2704; x_wconf 65' lang='grc' dir='ltr'>οὗ</span> 
     </span>
    </p>
   </div>
   <div class='ocr_carea' id='block_1_111' title="bbox 1060 2725 1855 2762">
    <p class='ocr_par' dir='ltr' id='par_1_111' title="bbox 1060 2725 1855 2762">
     <span class='ocr_line' id='line_1_111' title="bbox 1060 2725 1855 2762; baseline -0.003 -10"><span class='ocrx_word' id='word_1_863' title='bbox 1060 2726 1137 2760; x_wconf 78' lang='grc' dir='ltr'>λόγου</span> <span class='ocrx_word' id='word_1_864' title='bbox 1154 2726 1326 2762; x_wconf 84' lang='grc' dir='ltr'>δυνησόμεθα</span> <span class='ocrx_word' id='word_1_865' title='bbox 1343 2727 1373 2753; x_wconf 76' lang='grc' dir='ltr'>τὸ</span> <span class='ocrx_word' id='word_1_866' title='bbox 1389 2726 1507 2760; x_wconf 78' lang='grc' dir='ltr'>ἀσφαλὲς</span> <span class='ocrx_word' id='word_1_867' title='bbox 1523 2726 1688 2762; x_wconf 76' lang='grc' dir='ltr'>ὁμολογῆσαι</span> <span class='ocrx_word' id='word_1_868' title='bbox 1706 2726 1756 2761; x_wconf 82' lang='grc' dir='ltr'>τῆς</span> <span class='ocrx_word' id='word_1_869' title='bbox 1778 2725 1855 2760; x_wconf 78' lang='grc' dir='ltr'>ἡμῶν</span> 
     </span>
    </p>
   </div>
   <div class='ocr_carea' id='block_1_112' title="bbox 1061 2770 1853 2808">
    <p class='ocr_par' dir='ltr' id='par_1_112' title="bbox 1061 2770 1853 2808">
     <span class='ocr_line' id='line_1_112' title="bbox 1061 2770 1853 2808; baseline -0.001 -10"><span class='ocrx_word' id='word_1_870' title='bbox 1061 2772 1215 2808; x_wconf 83' lang='grc' dir='ltr'>σωτηρίας;</span> <span class='ocrx_word' id='word_1_871' title='bbox 1242 2772 1298 2798; x_wconf 78' lang='grc' dir='ltr'>ἀλλ’</span> <span class='ocrx_word' id='word_1_872' title='bbox 1322 2773 1376 2799; x_wconf 73' lang='lat' dir='ltr'><strong>sisi.</strong></span> <span class='ocrx_word' id='word_1_873' title='bbox 1395 2773 1544 2808; x_wconf 87' lang='grc' dir='ltr'>μαρτυρίαι</span> <span class='ocrx_word' id='word_1_874' title='bbox 1566 2772 1634 2808; x_wconf 79' lang='grc' dir='ltr'>μετὰ</span> <span class='ocrx_word' id='word_1_875' title='bbox 1655 2771 1702 2798; x_wconf 80' lang='grc' dir='ltr'>καὶ</span> <span class='ocrx_word' id='word_1_876' title='bbox 1716 2770 1765 2798; x_wconf 80' lang='grc' dir='ltr'>τοῦ</span> <span class='ocrx_word' id='word_1_877' title='bbox 1781 2770 1853 2798; x_wconf 82' lang='grc' dir='ltr'>εὐσε-</span> 
     </span>
    </p>
   </div>
   <div class='ocr_carea' id='block_1_113' title="bbox 1079 2849 1528 2882">
    <p class='ocr_par' dir='ltr' id='par_1_113' title="bbox 1079 2849 1528 2882">
     <span class='ocr_line' id='line_1_113' title="bbox 1079 2849 1528 2882; baseline 0 -6"><span class='ocrx_word' id='word_1_878' title='bbox 1079 2851 1089 2864; x_wconf 85' lang='grc'>³</span> <span class='ocrx_word' id='word_1_879' title='bbox 1111 2849 1191 2877; x_wconf 87' lang='lat' dir='ltr'><strong>llcbr.</strong></span> <span class='ocrx_word' id='word_1_880' title='bbox 1210 2857 1257 2882; x_wconf 74' lang='lat' dir='ltr'><strong>\‘Il,</strong></span> <span class='ocrx_word' id='word_1_881' title='bbox 1273 2849 1299 2876; x_wconf 77' lang='lat'><strong>3.</strong></span> <span class='ocrx_word' id='word_1_882' title='bbox 1338 2851 1346 2866; x_wconf 55' lang='grc'>⁵</span> <span class='ocrx_word' id='word_1_883' title='bbox 1364 2849 1393 2876; x_wconf 62' lang='grc'><strong>1³.</strong></span> <span class='ocrx_word' id='word_1_884' title='bbox 1410 2850 1528 2881; x_wconf 74' lang='grc' dir='ltr'>παντως.</span> 
     </span>
    </p>
   </div>
  </div>
