1929 3039
63 154 109 182 Sil
375 154 560 184 ADVERSUS
578 156 750 183 llrERESES
768 156 831 183 LIB.
852 156 884 183 ll.
905 155 986 183 T0.\l.
1008 154 1038 183 ll.
1059 171 1093 176 -—
1112 154 1249 183 ΠΑΞΒΕΒ.
1262 154 1365 185 LXIX.
1636 158 1687 186 32'}

61 211 125 244 ῦοῦς
153 210 302 247 λογισμοῦ,
329 212 361 238 αἶ
389 222 418 239 τε
452 214 671 249 προτεταγμέναι
701 215 748 241 καὶ
776 215 843 242 ἄλλα

904 214 1001 249 possit,
1024 214 1046 240 si
1065 222 1127 241 cum
1143 222 1194 240 vox
1211 214 1257 241 tlla
1278 211 1514 240 consubstantialis
1540 211 1634 238 nttllibi
1650 211 1691 238 dio

61 258 183 290 πλειους.
201 258 408 294 Παρελεὺσομαι
425 259 453 285 δὲ
467 261 514 286 καὶ
531 259 633 295 ταύτην
645 259 694 296 τὴν
708 259 790 292 λέξιν.
806 261 847 286 xal

905 263 977 287 serte
1009 259 1110 294 scripta
1130 259 1275 292 videretur,
1305 266 1355 285 nos
1375 258 1510 292 ejusmodi
1529 256 1690 284 vocabulum

50 292 110 335 ira;
122 303 207 335 ἄλλας
222 304 311 331 αὐτῶν
326 304 374 331 τοῦ
387 304 535 340 δελεασμοῦ
558 306 628 332 κατὰ
643 306 697 332 τῶν
716 305 847 342 ἀκεραὶω1

905 292 1075 340 excogitasse
1090 304 1255 335 diceremus,
1272 311 1319 338 per
1337 303 1410 338 quod
1427 303 1574 330 salutarent
1590 302 1691 329 doctri—

59 348 211 385 λεγομένας
226 350 256 376 ὲν
280 350 340 386 Θεῷ
355 350 479 385 ἀναξανῶ
502 352 595 387 ῥήσεις
607 360 636 378 τε
653 352 699 378 xai
719 351 847 383 ἐπινοίας.

905 359 978 382 nam,
997 351 1031 378 ab
1053 350 1127 377 omni
1144 349 1265 384 periculo
1282 350 1384 376 erroris
1401 349 1548 375 itntnuttcm
1567 347 1691 382 pzoﬁtcri

59 396 226 430 possemus?
250 395 350 424 Verum
377 398 410 425 ad
440 399 514 433 pium
540 399 616 426 illum
656 400 868 435 religiosuutque
898 406 1008 426 sensum
1034 398 1184 434 Scriptura:
1210 397 1322 432 insuper
1341 396 1518 425 auctoritates
1545 396 1689 426 accedunt,

59 450 123 470 cum
141 451 156 470 a
175 451 219 471 me
237 449 459 472 commemorata-
474 445 684 479 ltartcuus,ttttn
702 447 857 481 complures
871 446 939 472 alite.
963 444 1014 472 Sed
1032 445 1088 479 jam
1105 445 1140 471 ab
1166 443 1247 479 hujus
1278 444 1329 470 loci
1360 445 1519 470 tractatione
1539 442 1688 474 discedattt,

59 496 88 517 ut
103 490 137 518 ad
152 491 221 518 alias
238 490 386 526 Scriptura:
408 494 558 520 sententias
575 497 602 521 ct
621 498 781 530 argumenta
811 493 985 522 discutienda
1002 501 1044 520 tne
1073 492 1223 524 conferant,
1254 500 1323 527 quas
1344 492 1416 519 velut
1447 492 1589 519 illecebras
1619 491 1691 517 rudi-

59 537 111 565 bus
125 545 159 565 ac
176 539 346 573 simplicibus
362 540 506 574 objiciunt.

93 585 155 613 UB’.
176 586 292 620 Λέγουσι
310 588 364 623 γὰρ
387 587 468 614 πάλιν
479 588 517 623 (2)
532 589 556 614 οἱ
569 588 646 616 αὐτοὶ
671 588 739 623 μετᾶ
756 588 849 615 πασῶν

58 629 96 658 ὧν
119 631 174 659 ἀπὸ
197 633 243 659 τοῦ
269 627 430 660 ’Λποστόλου
448 634 494 661 καὶ
512 634 567 660 τῶν
583 633 757 668 Εὑαγγελιων
780 634 850 660 κατὰ.

57 678 103 704 τὶν
120 677 183 704 νοῦν
199 678 289 704 αὐτῶν
310 678 539 715 παραφθείρουσι,
565 679 657 710 κακῶς
675 678 850 710 ὑπονοοῦντες

57 723 156 755 λέξεις,
170 724 217 750 καὶ
231 724 332 759 ταύτην
348 726 387 756 si;
404 725 485 759 μέσον
501 726 628 761 φέροντες
641 726 694 752 ἀπὸ
707 725 753 752 τοῦ
769 725 849 751 Ἀπο-

58 769 165 801 ordino,
176 769 212 800 ὡς
225 770 331 805 εἴρηται
347 770 375 796 ὲν
388 771 420 805 τῇ
433 771 501 806 πρὸς
516 769 674 806 Κορινθίους
695 770 849 805 Ἐπιστολῇ,

57 815 86 841 ὲν
100 814 140 850 τῷ
158 814 221 850 περὶ
238 815 342 850 νεκρῶν
360 815 534 847 ἀναστάσεως
550 816 698 851 κεφαλαίῳ.
716 816 759 847 Ὡς
782 815 850 843 καθ-

56 860 121 896 εξῆς
153 869 253 896 φησιν·
271 859 343 889 Εἶτα
359 862 390 888 τὸ
408 862 504 895 τέλος,
529 862 602 889 ὅταν
623 861 774 896 παραδιδῷ
792 862 850 896 τὴν

53 906 220 938 βασιλείαν
238 905 278 938 τῷ
298 905 359 938 Θεῷ
384 906 433 932 καὶ
456 907 558 941 Harp),
584 906 656 934 ὅταν
673 906 848 942 καταργήσῃ

56 950 162 978 πᾶσαν
171 950 280 985 ἀρχὴν,
295 951 345 978 καὶ
362 951 466 980 πᾶσαν
477 953 631 985 ἐξουσίαν,
648 953 696 980 καὶ
711 953 847 988 δύναμιν.

53 997 105 1025 Δεῖ
119 997 174 1032 γὰρ
190 997 285 1024 αὑτὸν
305 998 496 1032 βασιλεύειν,
512 999 597 1034 ἄχρις
618 998 654 1028 οὗ
675 999 713 1034 θῇ
737 999 850 1033 πάντας

55 1043 128 1076 τοὺς
154 1044 281 1078 ἐχθροὺς
309 1044 401 1072 αὑτοῦ
432 1045 492 1072 ὑπὸ
518 1045 590 1079 τοὺς
615 1046 710 1079 πόδας
737 1045 848 1072 αὐτοῦ·

55 1090 188 1125 ἔσχατος
205 1091 312 1126 ἐχθρὸς
339 1091 526 1126 καταργεῖται
548 1093 564 1119 ὀ
589 1092 727 1127 θάνατος.
758 1093 851 1121 ’Ὅταν

55 1136 88 1162 δὲ
106 1137 196 1171 εἴπῃ,
223 1137 268 1164 ὅτι
294 1137 397 1165 Πάντα
413 1139 493 1172 αὐτῷ
513 1138 720 1172 ὑποτέτακται,
741 1138 848 1173 δῆλον,

55 1182 98 1209 ὅτι
111 1183 200 1216 ἐκτὸς
213 1183 266 1210 τοῦ
276 1184 485 1221 ὑποτάξαντος
494 1185 574 1218 αὺτῷ
588 1186 624 1213 τὰ
639 1184 746 1212 πάντα.
757 1185 851 1212 Ὅταν

55 1228 86 1254 δὲ
104 1229 243 1264 ὑποταγῇ
265 1229 346 1263 αὑτῷ
369 1231 406 1258 τὰ
425 1231 533 1263 πάντα,
550 1232 617 1258 τότε
641 1231 690 1258 καὶ
717 1231 808 1264 αὐτὸς
833 1232 849 1258 ὁ

59 1275 126 1308 Υῖὸς
158 1276 379 1310 ὑποταγήσεται
413 1277 453 1309 τῷ
480 1276 662 1309 ὑποτάξαντι
699 1276 780 1309 αὐτῷ
813 1276 850 1303 τὰ

56 1321 165 1354 πάντα,
186 1322 236 1349 ἵνα
254 1320 274 1358 ᾗ
297 1323 313 1349 ό
330 1322 403 1355 Θεὸς
418 1323 454 1349 τὰ
477 1323 575 1350 πάντα
590 1322 625 1349 ἐν
639 1323 742 1351 πᾶσιν.
774 1322 850 1349 Ἐπι-

56 1367 240 1403 λαμσάνονται
258 1368 348 1395 τοίνυν
363 1368 409 1395 τοῦ
431 1368 524 1404 ῥητοῦ,
539 1369 586 1398 καὶ
606 1369 644 1404 τῷ
666 1368 721 1395 ἔθει
736 1369 785 1405 τῆς
799 1369 849 1395 αὐ-

56 1413 108 1440 τῶν
124 1413 226 1450 ἔχθρας
242 1414 309 1450 πρὸς
319 1415 365 1441 τὸν
374 1414 510 1451 Μονογενῆ
522 1416 770 1447 κατασκευάζοντες
783 1416 791 1431 ¹
800 1414 849 1451 τὴν

57 1459 139 1486 αὐτοῦ
154 1460 294 1496 ἄφραστον
313 1460 360 1487 καὶ
378 1460 482 1494 ἔνδοξον
496 1461 622 1497 Θεότητα,
636 1461 674 1493 ὡς
687 1461 739 1491 καὶ
749 1461 849 1491 πολλά-

56 1512 98 1535 κις
119 1502 207 1535 εἷπον,
226 1504 303 1543 ἀνοίᾳ
320 1505 474 1542 φερόμενοι,
494 1505 548 1532 Kal
564 1514 645 1539 φασιν
657 1514 663 1521 ·
692 1503 783 1541 Ὁρᾷς,
807 1505 847 1532 ὅτι

939 583 1044 611 LXX”.
1071 583 1176 611 Etenim
1207 583 1278 611 inter
1299 583 1352 611 alia
1368 591 1508 610 sacrarum
1525 583 1689 612 Litterarum

904 629 1070 662 testimonia,
1082 637 1142 664 quae
1152 637 1184 656 ex
1196 629 1327 664 Apostolo
1344 634 1370 657 ct
1385 628 1539 664 Evattgeliis
1560 631 1593 657 ad
1610 639 1690 660 suum

903 682 1014 702 sensum
1043 675 1198 710 depravata,
1227 683 1258 702 ac
1273 683 1414 710 perperam
1439 675 1574 703 intellecta
1601 676 1691 711 profc~

902 725 978 753 runt,
1004 721 1056 749 hoc
1084 721 1199 756 insuper
1217 729 1251 749 ex
1279 722 1411 757 Apostolo
1436 722 1516 749 ttobis
1545 723 1689 757 objiciunt.

903 767 976 802 quod
993 767 1020 794 itt
1036 767 1154 803 Epistola
1170 767 1203 795 ad
1215 767 1371 795 Corinthios
1385 767 1493 803 legitur,
1509 769 1555 796 ttbi
1571 769 1605 796 de
1616 776 1690 796 utor-

904 816 1015 839 luorum
1031 813 1235 841 resurrectione
1249 812 1381 847 disputat.
1398 812 1442 840 Sic
1460 815 1531 840 cuitu
1550 814 1689 849 loquitur:

867 851 886 879 Β
902 857 1002 885 Deinde
1026 858 1100 892 ﬁnis,
1128 866 1188 885 cum
1207 858 1347 884 tradiderit
1367 866 1473 893 regnum
1494 859 1548 885 Deo
1564 864 1588 886 et
1601 859 1690 893 l’atri,

901 911 958 930 rum
971 903 1130 929 destruxerit
1155 911 1255 929 onmem
1276 903 1463 937 principatum,
1481 908 1505 930 et
1526 905 1626 931 onmem
1644 913 1691 938 pe-

900 953 1021 976 testatum
1051 956 1082 975 at;
1109 948 1240 975 virtutem.
1260 947 1368 982 Oportet
1391 949 1459 975 enim
1475 950 1560 984 ipsum
1572 957 1690 985 regnare,

899 994 980 1021 donec
989 998 1067 1028 ponat
1093 1001 1181 1020 omnes
1205 993 1325 1020 inimicos
1342 1002 1404 1021 suos
1422 994 1470 1021 sub
1495 986 1604 1029 pedibus
1624 995 1690 1023 suis.

901 1037 1069 1065 Nouissimas
1086 1038 1208 1064 inimicus
1218 1037 1460 1066 destrueturmors.
1476 1039 1542 1067 Cum
1554 1045 1639 1066 autent
1651 1040 1691 1067 di-

902 1086 937 1110 cit
951 1084 1115 1119 subjicienda
1131 1084 1179 1110 t'lla
1189 1084 1290 1118 omnia,
1302 1085 1471 1119 manifestat):
1483 1090 1523 1112 est
1536 1094 1593 1112 cum
1605 1087 1691 1120 excipi

899 1129 1095 1164 quisubjeeerit
1123 1129 1174 1164 ipsi
1199 1130 1299 1157 onmia.
1330 1129 1397 1159 Cum
1421 1135 1507 1157 autem
1529 1131 1646 1164 subjecta
1666 1132 1690 1160 ei

899 1176 999 1209 fuerint
1013 1176 1111 1207 atnnia,
1129 1179 1190 1202 tune
1205 1179 1230 1202 et
1254 1176 1309 1209 ipse
1320 1174 1407 1202 Filius
1423 1175 1580 1209 subjicietur
1591 1176 1627 1209 ei,
1645 1177 1689 1211 qui

899 1223 950 1250 sibi
958 1223 1065 1258 subjicit
1082 1222 1181 1255 omnia,
1208 1226 1236 1248 ut
1251 1222 1285 1248 sit
1301 1221 1370 1249 Deus
1389 1223 1478 1249 omnia
1495 1222 1523 1249 in
1540 1222 1659 1249 munibus
1667 1222 1689 1250 '.

900 1269 979 1296 llunc
996 1276 1061 1304 ergo
1076 1268 1166 1295 locum
1197 1268 1343 1303 arripiunt,
1369 1271 1396 1295 et.
1413 1275 1462 1304 pro
1478 1276 1511 1295 eo
1526 1275 1558 1295 ac
1572 1275 1691 1296 consuc-

899 1317 1008 1345 veruut,
1025 1317 1137 1349 propter
1152 1313 1264 1340 ittsitttttt
1275 1312 1357 1340 iuDei
1371 1305 1470 1341 Filium
1484 1313 1576 1343 odium
1594 1313 1691 1342 adver-

899 1368 948 1388 sus
960 1359 1178 1394 inexplicabilem
1206 1366 1238 1386 ac
1251 1358 1421 1395 magniﬁcam
1434 1359 1508 1386 illius
1523 1358 1690 1387 divinitatem

900 1409 1073 1440 comparant,
1091 1405 1255 1436 incredibili.
1271 1409 1300 1432 ut
1315 1413 1386 1440 saepe
1400 1405 1502 1432 dictum
1517 1409 1569 1437 est,
1584 1405 1691 1433 insania

900 1451 1006 1487 perciti.
1034 1450 1079 1478 Sic
1097 1451 1180 1486 igitur
1196 1451 1329 1486 objiciunt
1346 1460 1352 1478 :
1369 1451 1451 1490 799
1474 1450 1593 1481 Videsne
1607 1459 1688 1486 quam

900 1497 1000 1524 diserte
1013 1496 1086 1524 dicat
1102 1505 1109 1524 :
1125 1496 1191 1525 Cum
1205 1501 1336 1531 postrema
1351 1497 1493 1524 tradiderit
1508 1505 1616 1532 regnum
1635 1495 1690 1527 Deo

56 1531 127 1583 λέγει
139 1558 147 1565 ι
167 1531 261 1576 ’όταν
278 1531 312 1576 τὸ
325 1531 423 1584 ⁸τέλος
439 1531 667 1585 παραδιδίρντὴν
684 1531 847 1583 ,βασιῖίείαν

902 1542 988 1575 Patri,
1003 1551 1062 1573 eum
1077 1543 1508 1577 dutruxeritonmempotestatem
1521 1531 1544 1570 et
1559 1544 1690 1570 virtutem.

56 1593 93 1626 τῷ
112 1594 176 1627 Θεῷ
192 1595 240 1620 καὶ
252 1595 352 1628 Πατρι,
366 1595 439 1622 ὅταν
453 1597 628 1630 καταργήσῃ
647 1596 751 1623 πᾶσαν
764 1595 848 1630 ἐξου-

54 1641 126 1667 σίαν
150 1641 200 1667 καὶ
228 1641 365 1676 δύναμιν.
386 1641 433 1668 Δεῖ
456 1642 511 1676 γὰρ
540 1642 634 1670 αὐτὸν
658 1643 846 1674 βασιλεύειν.

54 1686 141 1720 ἄχρις
165 1685 202 1714 οὗ
219 1686 255 1720 θῇ
274 1687 390 1720 πάντας
405 1687 476 1720 τοὺς
493 1688 619 1723 ἐχθροὺς
631 1688 691 1715 ὑπὸ
708 1688 778 1721 τοὺς
796 1689 848 1715 πό-

53 1731 107 1766 δας
123 1733 230 1760 αὑτοῦ.
243 1733 279 1759 Τὸ
292 1733 330 1765 δὲ,
348 1733 401 1766 δεῖ,
417 1735 473 1765 καὶ.
497 1735 575 1769 ἄχρι,
591 1735 648 1766 καὶ,
667 1734 739 1762 ὅταν
753 1742 847 1769 παρα-

55 1777 126 1811 διδῷ
152 1778 212 1812 τὴν
233 1779 408 1813 βασιλείαν,
430 1781 526 1816 χρόνου
553 1781 627 1807 ἐστὶν
649 1781 771 1817 ὁρισμός.
793 1781 847 1808 Καὶ

57 1823 281 1859 βλασφημοῦντές
297 1833 362 1859 φασι
372 1834 379 1840 ·
396 1827 526 1859 ﬂagitasti);
547 1828 594 1855 mi
608 1827 784 1859 καταλύσεως
798 1827 846 1855 τοῦ

56 1869 247 1905 βασιλεύοντὸς
263 1871 320 1898 ἐστι
335 1871 421 1898 ταῦτα
440 1872 586 1908 δηλωτικὰ,
603 1873 680 1906 Ἕως
699 1871 735 1901 οὗ
755 1880 848 1909 παρα-

54 1915 124 1949 διδῷ
141 1916 200 1950 τὴν
218 1916 384 1948 ,βασιλειαν
405 1917 445 1951 τῷ
459 1918 519 1951 Θεῷ
534 1919 583 1946 καὶ
603 1919 704 1953 Πατρί.
722 1920 777 1946 Kai
796 1920 846 1947 οὐκ

56 1962 144 1988 ἴσασιν
161 1962 192 1997 ἐξ
206 1962 331 1998 ὑπαρχῆς
348 1963 394 1990 τὸν
411 1963 474 1991 νοῦν
487 1964 538 1999 τῆς
551 1965 688 2000 ἀληθείας,
703 1965 743 1992 ὅτι
757 1965 800 1992 διὰ
815 1966 846 1992 τδ

55 2007 253 2042 μετεσχηκέναι
267 2008 313 2034 τὸν
330 2009 471 2044 Μονογενῆ
481 2030 483 2034 ι
493 2009 593 2046 σαρκὸς
610 2011 656 2037 καὶ
672 2011 796 2045 αἳματος,
811 2010 845 2037 τὰ

53 2051 258 2088 ἁνθρωποπαοῆ
280 2053 343 2088 περὶ
365 2053 458 2085 αὑτοῦ,
479 2054 589 2088 καὶτῆς
612 2055 745 2090 ἐνσάρκου
763 2054 844 2081 αὐτοῦ

54 2098 204 2133 παρουσίας
223 2098 414 2134 προσληπτικὰ
435 2099 484 2134 τῆς
499 2099 578 2134 δόξης
592 2100 684 2135 ᾄδεται
707 2100 754 2126 καὶ
768 2100 844 2134 λέγε-

53 2151 112 2170 ταιο
133 2143 191 2170 ἀλλ’
208 2143 258 2170 οὐκ
275 2143 352 2175 ἐκτὸς
371 2144 421 2179 τῆς
434 2145 538 2177 τελείας
551 2145 594 2172 ἀεὶ
613 2146 659 2172 καὶ
675 2145 779 2179 ἐνδόξου
794 2147 844 2173 αὺ-

901 1588 1008 1623 0partet
1022 1589 1091 1616 enim
1109 1589 1194 1622 ipsum
1213 1596 1331 1623 regnare,
1344 1588 1426 1617 donec
1438 1594 1519 1623 pariat
1535 1598 1624 1616 onmes
1638 1589 1692 1618 ini-

899 1636 980 1662 micas
1009 1635 1057 1662 sub
1072 1634 1180 1668 pedibus
1198 1635 1304 1668 ipsius?
1323 1633 1373 1662 Ubi
1392 1634 1449 1662 lucc
1466 1635 1561 1668 verba,
1578 1639 1690 1669 oportet.

898 1685 935 1713 et,
951 1681 1043 1714 donec,
1056 1685 1092 1713 et,
1109 1689 1167 1707 cum
1181 1681 1320 1708 tradiderit
1332 1689 1450 1716 regnum,
1465 1682 1606 1711 deﬁnitum
1622 1687 1691 1711 temo

899 1728 974 1763 poris
993 1727 1111 1762 spatium
1134 1727 1301 1762 signiﬁcant.
1320 1727 1409 1762 Atque
1429 1727 1487 1755 lucc
1505 1729 1564 1763 ipsa
1594 1729 1688 1762 verba,

899 1773 987 1801 Donet:
1011 1773 1152 1801 tradiderit
1183 1781 1291 1808 regnum
1314 1772 1369 1800 Deo
1381 1779 1406 1803 et
1426 1772 1512 1806 Patri,
1526 1774 1628 1801 exitum
1639 1775 1690 1801 ali~

898 1828 989 1855 quetn,
1007 1819 1141 1854 ﬁnemque
1166 1819 1240 1854 regni
1259 1819 1283 1846 ei
1303 1820 1349 1854 qui
1375 1824 1481 1855 regnat,
1503 1820 1627 1848 accidere
1642 1820 1690 1848 de-

898 1870 1045 1893 monstrat.
1063 1864 1124 1892 llazc
1141 1865 1179 1892 illi
1195 1873 1243 1900 per
1254 1872 1389 1892 summam
1402 1865 1428 1892 itt
1444 1865 1527 1893 Deum
1548 1871 1690 1894 contume-

897 1913 961 1940 liam
977 1912 1117 1948 jactitant,
1144 1919 1232 1947 neque
1255 1912 1320 1947 quid
1343 1912 1444 1940 veritas
1472 1913 1531 1948 ipsa
1554 1912 1689 1948 signiﬁcet

898 1959 953 1986 ullo
980 1958 1061 1986 tnodo
1089 1958 1243 1993 percipiunt
1260 1966 1266 1984 :
1281 1958 1408 1986 nimirum
1430 1959 1502 1993 quod
1526 1959 1625 1986 unicus
1642 1958 1688 1986 Dei

897 2003 984 2031 Filius
994 2003 1085 2030 carnis
1094 2010 1125 2030 ac
1140 2002 1284 2038 sanguinis
1295 2004 1431 2037 particeps
1443 2003 1536 2035 fuerit,
1554 2003 1688 2032 humanas

895 2050 983 2078 cidem
999 2048 1168 2080 aliecliones,
1186 2056 1272 2084 eaque
1294 2057 1355 2084 qua:
1372 2049 1466 2084 gloria;
1481 2050 1625 2084 quamdam
1646 2057 1689 2077 ac-

896 2096 1051 2123 cessionem
1075 2095 1208 2126 indicant,
1234 2095 1359 2122 humana:
1379 2095 1453 2122 illius
1473 2101 1578 2123 natura:
1593 2096 1686 2129 tribui,

897 2143 1029 2179 vulgoque
1039 2141 1182 2176 praedicari
1199 2151 1205 2168 :
1222 2141 1293 2176 qttod
1318 2145 1408 2168 tatnen
1422 2149 1438 2168 a
1452 2141 1570 2176 perfecta
1582 2141 1685 2176 gloria:-

54 2189 98 2215 τοῦ
125 2188 261 2223 θεότητος,
277 2189 327 2224 τῆς
353 2190 434 2225 μηδὲν
455 2190 614 2226 ὲνδεομένης
638 2190 820 2226 προλαὸέσθαι
835 2192 844 2207 ¹

901 2197 951 2224 que
985 2187 1143 2223 plenissima
1172 2186 1316 2214 divinitate
1336 2187 1447 2214 minime
1463 2187 1613 2221 putandum
1632 2192 1685 2214 est.

51 2233 141 2269 δόξης,
160 2234 275 2270 ἐχούσης
289 2235 317 2261 δὲ
330 2235 361 2261 τὸ
376 2235 633 2271 αὺτοδεδοξασμένον
655 2236 703 2264 καὶ
719 2237 750 2262 τὸ
764 2237 844 2264 αὐτο-

52 2280 165 2306 τέλειον.
186 2280 323 2312 Ὡσαύτως
336 2280 346 2296 ³
355 2280 483 2316 περὶτῶν
493 2281 540 2307 δύο
555 2280 728 2316 ἀπολογεῖται
743 2282 844 2317 μερῶν,

54 2327 167 2360 φάσκων
193 2325 258 2361 περὶ
283 2326 332 2361 μὲν
355 2325 402 2352 τοῦ
432 2327 606 2362 προσφάτουι
637 2327 774 2360 Δόξασόν
795 2336 844 2362 με,

53 2372 160 2406 Πάτερ,
185 2372 220 2398 ἐν
233 2371 271 2405 τῇ
295 2371 381 2405 δόξῃ.
397 2368 417 2409 ᾖ
435 2370 519 2406 εἷχον
533 2372 612 2406 παρὰ
639 2373 688 2400 σοὶ
710 2373 767 2407 πρὸ
792 2374 844 2401 τοῦ

53 2418 104 2444 τὸν
117 2418 236 2451 κόσμον
248 2417 397 2452 γενέσθαι.
416 2418 446 2444 '0
464 2417 492 2444 δὲ
506 2418 610 2453 Πατὴρ,
630 2418 640 2433 ⁸
653 2419 707 2445 τῶν
723 2419 769 2446 δύο
784 2419 846 2455 σχέ-

53 2472 122 2490 σεων
142 2464 323 2498 ἀπαγγέλλων
339 2464 388 2500 τὴν
409 2464 498 2497 δόξαν,
517 2466 580 2499 περὶ
607 2464 656 2499 μὲν
671 2464 719 2500 τῆς
734 2465 846 2502 πρώτης

52 2510 123 2536 κατὰ
138 2510 169 2536 τὸ
192 2509 314 2545 Πνεῦμα,
329 2510 370 2536 ὅτι
391 2510 547 2543 Ἐδόξασα,
562 2510 605 2537 ἵνα
626 2510 700 2548 δείξῃ
717 2511 748 2538 zu
769 2511 845 2547 ἀόρι-

53 2565 130 2583 στον*
159 2556 226 2591 περὶ
252 2556 280 2582 δὲ
304 2555 350 2582 τοῦ
377 2557 545 2593 προσφάτου,
572 2557 615 2584 διὰ
643 2558 691 2594 τὴν
715 2558 847 2594 ἐνσαρκον

52 2602 215 2638 παρουσίαν,
232 2602 273 2628 ὅτι
288 2601 337 2629 καὶ
351 2602 445 2629 πάλιν
460 2601 591 2635 δοξάσω.

898 2236 964 2268 Quae.
991 2234 1100 2269 quidem
1120 2233 1250 2260 divinitas
1278 2240 1340 2260 cntn
1374 2233 1433 2268 ipsa
1457 2240 1504 2267 per
1523 2241 1583 2260 sese
1601 2233 1686 2268 gloria

898 2281 1010 2317 praedita
1025 2288 1057 2308 ac
1068 2279 1186 2316 perfecta
1201 2280 1248 2311 sit,
1264 2286 1434 2314 nequaquam
1445 2283 1586 2306 extentam
1605 2284 1688 2311 atque

898 2327 1043 2355 ascititiam
1073 2326 1187 2361 glorianti
1211 2324 1334 2360 requirit.
1354 2323 1421 2350 Nam
1440 2327 1467 2350 et
1487 2323 1613 2351 Christus
1629 2324 1687 2359 ipse

897 2382 929 2402 ea
940 2373 1031 2401 verbis
1047 2372 1193 2408 expressit,
1209 2379 1270 2406 quae
1283 2370 1316 2398 ad
1332 2370 1427 2397 ambas
1443 2369 1504 2397 illas
1516 2374 1610 2405 partes
1623 2378 1687 2406 pro-

896 2418 1059 2456 pugnandas
1082 2418 1220 2454 pertinere
1251 2421 1377 2452 possunt.
1397 2415 1492 2451 Itaque
1512 2416 1546 2444 de
1563 2424 1604 2449 ea,
1626 2425 1687 2452 qua:

896 2466 1033 2494 recentior
1053 2468 1106 2498 est,
1131 2464 1217 2499 accipi
1247 2464 1299 2492 ista
1325 2467 1439 2498 possunt
1455 2471 1461 2489 :
1476 2463 1605 2498 Cleri/ica
1631 2473 1687 2497 me,

899 2512 990 2544 Pater,
1016 2520 1047 2539 ea
1074 2511 1170 2546 gloria,
1191 2518 1270 2546 quam
1300 2509 1381 2536 habui
1402 2509 1472 2544 apud
1495 2514 1519 2536 te
1546 2515 1686 2544 antequam

896 2558 1009 2586 mundus
1025 2559 1099 2593 ﬁeret
1119 2558 1139 2584 ‘.
1153 2557 1234 2585 Pater
1258 2561 1347 2584 autent
1367 2556 1483 2584 duarum
1499 2556 1610 2591 perinde
1622 2564 1687 2583 cou-

896 2605 1030 2632 ditionum
1057 2607 1085 2631 el.
1119 2603 1310 2630 ltabitudinum
1341 2603 1457 2638 gloriam
1482 2602 1686 2633 demonstrans,

52 2648 84 2675 de
107 2649 202 2684 priore
233 2648 384 2676 Secundum
406 2648 532 2684 spiritutn
557 2649 597 2677 sic
624 2649 747 2686 loquitur
766 2649 842 2686 :Ego
859 2651 1017 2686 glori/icavi,
1037 2655 1067 2677 ut
1082 2649 1218 2677 ittﬁttitttm
1230 2648 1361 2685 quiddam
1381 2648 1511 2676 declaret.
1531 2648 1569 2676 lle
1597 2656 1688 2676 recen-

54 2696 122 2723 tiore
140 2702 206 2722 vero
229 2699 257 2722 et
280 2695 398 2739 hominis
420 2701 548 2732 suscepta
568 2701 677 2731 natura,
703 2703 727 2725 et
756 2699 851 2726 iterum
865 2699 1050 2735 glori/icabo.’

88 2773 94 2788 '
110 2772 143 2799 F.
161 2772 405 2809 ἀνασκενάζοντες.
443 2774 454 2789 ³
469 2773 499 2800 1⁴“.
513 2774 724 2809 προσλαϐέσθαι.
759 2775 769 2791 ³
780 2775 817 2808 ὡς
830 2775 920 2807 αὑτός.

56 2804 155 2834 ‘Joan.
174 2815 240 2840 xvn,
263 2807 289 2834 5.
327 2807 338 2823 '
353 2807 430 2835 loau.
449 2804 555 2841 καλὲ.

959 2775 1079 2803 ‘Deesse
1095 2774 1219 2802 nonnihil
1229 2774 1365 2809 suspicor.
1404 2774 1416 2790 '
1427 2773 1435 2801 l
1447 2773 1510 2801 Cor.
1527 2780 1571 2805 xv,
1589 2771 1686 2800 24-38.

90 2879 128 2914 (2)
148 2879 279 2914 Λέγουσι
303 2880 359 2915 τὰρ
381 2879 484 2908 πάλιν.
504 2880 542 2909 De
571 2881 622 2909 hoc
637 2879 762 2916 Apostoli
787 2880 847 2908 loco

901 2879 927 2907 lc
945 2878 1078 2906 Hilarium
1099 2879 1146 2907 lib.
1160 2886 1188 2906 x1
1207 2879 1246 2906 De
1263 2878 1358 2906 Trinit.
