1929 3039
77 136 136 164 Ξέὄ

448 135 634 164 ADVERSUS
654 135 825 163 [IERESES
846 135 908 163 LIB.
931 135 962 163 ΙΙ.
986 136 1068 164 1'03].
1095 137 1164 163 l|.—
1183 136 1321 165 HIERES.
1344 138 1439 167 LXIX.

1670 141 1721 168 336

78 194 124 222 ὅτι
146 195 223 221 οὐδὲν
247 195 276 221 ὲν
297 195 335 230 τῷ
356 194 414 230 Υἱῷ
439 195 626 232 πεπλήρωται,
643 195 704 222 οὗτε
727 195 872 230 πληροῦται

932 195 964 222 Ει
979 197 1052 231 regni
1064 197 1120 231 ejus
1130 205 1180 224 non
1191 197 1240 224 erit
1246 198 1311 231 'ﬁnis
1322 198 1334 225 ἒ)
1348 197 1403 225 Hoc
1417 198 1499 233 igitur
1507 198 1660 235 signiﬁcare
1673 206 1722 227 vo-

80 239 233 274 ἀφηνιάζον
274 240 321 267 καὶ
346 239 445 272 ἰδιάζον
470 241 519 276 τῆς
547 240 593 267 τοῦ
619 241 724 276 Πατρὸς
748 241 880 273 ἐνώσεως.

80 285 130 310 καὶ
149 285 210 317 ἑνὸς
236 285 390 321 θελήματος
412 286 529 321 Πατρὺς,
556 287 602 312 καὶ
630 286 707 318 Υἱοῦ,
732 286 780 312 καὶ
803 286 880 320 ἁγίου

73 330 253 377 ,Πιιεύματοᾳ
278 331 402 366 Ὀρῶμεν
425 331 479 366 γὰρ
493 332 541 358 καὶ
558 331 675 358 ἐνταῦθα
692 331 730 363 ὡς
747 331 811 366 περὶ
832 332 881 358 αὑ-

72 376 130 402 ξτοῦ
145 377 194 403 τοῦ
210 376 274 403 Υἱοῦ
290 377 435 415 εἰρημένου
453 378 473 410 ³,
501 378 543 403 ὅτι
560 377 647 403 Ὅταν
659 377 809 410 παραδιδῴ
824 377 881 411 τὴν

77 421 248 453 ,βασιλείαν
264 422 303 455 τῷ
329 422 390 455 Θεῷ
407 422 456 449 καὶ
479 423 581 457 Harp),
607 423 680 449 ὅταν
703 423 878 458 καταργήσῃ

80 465 188 493 πᾶσαν
209 468 319 502 ἀρχὴν,
342 468 391 494 καὶ
412 467 568 500 ἐξουσίαν,
598 468 646 495 καὶ
673 468 816 502 δύναμιν·
841 469 879 500 ὡς

81 512 166 538 αὐτοῦ
194 512 241 538 τοῦ
267 512 330 538 fio-3
356 512 548 547 παραδιδόντος
582 515 632 548 τὴν
656 513 809 548 βασιλείαν,
832 516 878 541 καὶ

82 557 284 593 χαταργοῦντος
301 559 393 585 πᾶσαν
410 558 507 594 ἀρχὴν,
533 559 581 585 καὶ
602 559 636 585 τὰ
660 559 741 595 ἑξῆς·
766 560 813 585 καὶ
836 559 876 591 τὸ,

80 604 132 630 Δεῖ
145 604 239 630 αὑτὸν
255 604 434 636 ,ϐασιλεύειν
447 604 534 638 ἄχρις
548 602 584 632 οὗ
611 603 649 638 θῇ
671 605 786 637 πάντας
806 605 876 638 τοὺς

80 650 209 683 ἐχθροὺς
234 651 294 677 ὑπὸ
314 651 384 682 τοὺς
400 651 495 682 πόδας
509 650 600 677 αὑτοῦ
611 659 617 665 '
640 650 676 682 ὡς
701 651 748 676 τοῦ
761 651 827 677 Υἱοῦ
842 651 876 678 τὰ

82 696 172 722 πάντα
189 696 338 729 ποιοῦντος,
356 697 404 723 καὶ
428 697 631 728 αὑθεντοῦντος,
647 697 694 723 καὶ
712 697 876 730 ἐξουσιάζον-

80 750 138 773 τος,
165 742 212 768 καὶ
231 742 268 776 τῷ
288 743 375 778 Πατρὶ
404 743 596 778 παραδιδόντος
623 743 670 769 σὺν
696 744 728 778 τῇ
753 742 876 780 βασιλείᾳ

79 788 145 818 τοὺς
160 787 408 822 ὑποταττομένους.

116 833 176 859 οΔ¹.
193 831 258 859 Εἶτα
275 833 367 861 λοιπὸν
390 833 546 869 μεταΰαίνει
563 834 600 865 εἰς
622 834 766 869 πρόσωπον
782 835 874 870 ἕτερον

934 238 984 265 luit
1009 239 1167 274 Apostolus,
1180 241 1248 268 nihil
1274 241 1412 276 impletum
1438 243 1467 269 iu'
1489 242 1567 275 Filio,
1583 244 1722 280 implerive

933 285 1004 320 quod
1028 293 1042 312 a
1071 291 1183 320 paterna
1211 287 1291 322 801
1317 288 1530 321 conjunctione,
1557 292 1638 324 atque
1666 297 1722 317 una

931 330 1081 365 cadentque
1100 331 1200 363 Patris,
1215 336 1241 358 et
1253 331 1325 364 Filii,
1342 336 1370 359 et
1385 333 1503 368 Spiritus
1521 335 1610 361 sancti
1624 335 1704 361 volun
1714 351 1720 354 -

931 380 987 404 tate
1000 377 1159 412 discrepans
1176 378 1221 409 sit,
1240 382 1286 405 aut
1303 379 1469 413 sejunctum.
1483 379 1622 414 Siquidem
1633 380 1721 408 ethoc

930 422 990 450 loco
1012 423 1045 450 de
1072 422 1142 450 Filio
1156 424 1215 458 ipso
1237 424 1339 451 dictum
1364 425 1629 453 animadvertimus:
1655 425 1720 453 Cum

930 466 1070 494 tradiderit
1095 475 1204 502 regnum
1232 467 1285 495 Deo
1306 472 1330 495 ct
1356 468 1451 500 Patri,
1481 477 1540 496 cum
1561 469 1720 497 destruxerit

929 520 1030 539 omnem
1045 513 1232 547 principatum,
1252 519 1277 539 et
1291 517 1456 547 potestatem,
1474 519 1498 540 et
1512 515 1645 547 virtutem,
1658 519 1720 542 tan-

927 565 1009 591 quam
1030 556 1115 585 Filius
1147 558 1205 592 ipse
1230 566 1343 593 regnum
1364 559 1465 591 tradat,
1480 567 1512 586 ac
1533 560 1718 595 principatum

927 609 1034 629 onmem
1044 603 1178 635 destruat,
1191 609 1244 630 etc.
1258 603 1296 630 Ad
1310 604 1378 635 hac,
1391 603 1509 638 Oportet,
1523 606 1621 640 inquit,
1633 607 1718 640 ipsum

927 654 1047 681 regnare,
1078 648 1160 674 donec
1182 654 1263 682 portat
1292 649 1412 677 inimicos
1442 651 1490 678 sub
1523 652 1631 686 pedibus
1651 654 1718 686 suis,

927 693 1004 727 quasi
1018 692 1102 721 Filius
1116 694 1207 721 omnia
1224 695 1356 729 perﬁciat,
1371 703 1403 723 ac
1418 704 1468 730 pro
1479 699 1643 726 auctoritate
1668 707 1719 726 sua

926 743 952 766 et
982 743 1117 773 potestate
1138 739 1304 774 moderetur,
1323 745 1350 768 et
1374 741 1448 769 Patri
1461 743 1578 778 denique
1588 752 1642 772 una
1656 753 1719 773 cum

925 793 1008 820 regno
1020 785 1158 820 subjectos
1172 785 1278 813 offerat.

960 830 1076 858 LXXIV.
1097 830 1163 859 Post
1186 832 1244 859 base
1267 832 1347 860 aliam
1368 833 1403 860 ad
1425 841 1571 868 personam
1591 834 1692 862 transit
1709 843 1715 861 :

80 880 163 907 πάλιν
174 888 181 896 ο
200 880 254 906 Τοῦ
269 880 383 913 Πατρὸς
395 879 624 912 ὐποτάσσοντος
638 880 737 907 πάντα
751 881 790 914 τῷ
807 880 872 913 Υἰῷ·

929 875 1011 902 Patre
1033 875 1106 903 Filio
1123 876 1278 910 subjicieute
1295 878 1399 910 omnia;
1420 883 1446 905 et
1460 886 1465 904 :
1484 878 1579 905 Omnia
1594 879 1717 913 subjecit,

80 926 128 952 καί
150 934 233 961 φησν
250 926 352 953 Πάντα
374 926 525 958 ὑπέταξεν
549 926 608 953 ὑπὸ
624 926 697 959 τοὺς
712 927 807 960 πόδας
823 929 877 954 αὺ-

79 971 150 999 τοῦ
169 972 300 1006 ἔσχατος
315 971 422 1006 ἐχθρὸς
439 971 625 1006 καταργεῖται
642 973 658 998 ό
673 972 810 1006 θάνατος.
827 973 877 1000 Οὑ-

80 1017 141 1044 κέτι
156 1018 184 1044 δὲ
200 1017 254 1044 ἀπδ
269 1016 416 1053 προσώπου
430 1017 536 1054 Πατρὸς
553 1018 643 1052 μόνον,
654 1018 714 1045 οὐδὲ
729 1019 783 1045 ἀπὸ
793 1027 877 1054 προσ.

79 1063 156 1090 ώπου
177 1063 242 1089 Υἱοῦ
263 1063 353 1098 μόνον,
374 1063 442 1089 ἀλλὰ
460 1063 613 1097 μεσαίτατα
644 1063 699 1090 τῶν
722 1064 876 1100 προσώπων

81 1109 188 1144 Πατρὸς
203 1109 249 1135 καὶ
269 1108 347 1142 Υἰοὸ,
364 1108 447 1144 φησιν
457 1117 464 1124 '
485 1110 636 1142 Ἕσχατος
649 1109 756 1144 ἐχθρὸς
770 1119 877 1145 καταρ-

80 1154 174 1189 γεῖται
188 1156 204 1181 ὁ
217 1155 355 1187 θάνατος,
374 1155 462 1181 Ὅταν
478 1154 512 1181 δὲ
527 1155 608 1189 εἴπῃ,
625 1155 669 1182 ὅτι
685 1155 783 1182 πάντα
797 1156 876 1189 αὐτῷ

79 1200 297 1232 ὑποτέτακται,
316 1199 411 1236 ἤθελον
433 1200 571 1236 ἐρωτῆσαι
599 1201 662 1233 τοὺς
687 1202 798 1234 αὐτοὺς,
822 1202 876 1229 ἀπὸ

80 1245 227 1282 προσώπου
243 1247 315 1277 τίνος
333 1246 374 1278 τὸ,
393 1247 475 1281 εἴπῃ,
491 1246 582 1280 λέγει;
598 1247 634 1273 Τὸ
649 1247 704 1282 γὰρ
721 1247 802 1282 βάθος
820 1247 875 1273 τῶν

81 1292 241 1328 μυστηρίων
259 1292 307 1319 τοῦ
329 1291 397 1318 Θεοῦ
420 1292 616 1327 πνευματικῶς
635 1293 699 1324 τοὺς
727 1294 875 1329 σαρκικοὺς

81 1339 177 1374 κρίνει.
198 1339 226 1364 Ὁ
243 1338 298 1372 τὰρ
314 1338 459 1371 σαρκικὸς
473 1339 510 1366 οὺ
523 1337 640 1373 δέχεται
657 1339 693 1366 τὰ
711 1339 764 1365 τοῦ
780 1339 875 1365 Πνεῦ-

77 1390 184 1417 ματος·
204 1383 294 1418 μωρία
310 1382 364 1418 γὰρ
376 1383 452 1418 αὑτῷ
467 1383 551 1412 ἐστιν.
562 1383 693 1410 Ἐνταῦθα
704 1384 768 1420 γὰρ,
782 1384 874 1411 Ὅταν

79 1429 160 1462 εἴπῃ,
173 1428 220 1455 ὅτι
238 1428 337 1455 πάντα
351 1428 432 1461 αὐτῷ
451 1429 659 1463 ὑποτέτακται,
683 1430 706 1456 εἰ
725 1429 774 1465 μὲν
789 1431 803 1456 ὁ
816 1431 874 1457 Πα-

79 1474 128 1509 τὴρ
151 1473 226 1508 λέγει
240 1474 308 1509 πρὸς
324 1474 370 1501 τὸν
386 1475 469 1507 Υἱδν,
498 1475 611 1511 ἐλλιπὴς
638 1476 655 1511 ἡ
681 1476 872 1512 πραγματειαι

80 1519 197 1552 ὑπέταξε
214 1520 268 1556 γὰρ
284 1521 298 1546 ὁ
314 1520 379 1552 Υἱὸς
397 1521 432 1547 τὰ
448 1520 537 1548 πάντα
556 1518 596 1556 τῷ
610 1521 716 1557 Πατρί·
733 1522 758 1548 ει
773 1522 802 1549 δὲ
819 1522 874 1549 ἀπὸ

78 1564 226 1600 προσώπου
237 1565 302 1592 Υῐοῦ
312 1565 447 1598 τὺ,’⁷οταν
459 1566 538 1601 εἴπῃ·
550 1566 590 1594 Τὰ
600 1567 698 1594 πάντα
707 1567 787 1600 αὐτῷ
800 1570 874 1596 ὐπο-

930 922 1028 956 inquit,
1037 921 1085 949 sub
1098 921 1208 956 pedibus
1220 922 1288 957 ejus,
1300 923 1458 950 novissimus
1468 924 1590 950 inimicus
1601 925 1719 952 destrue-

930 976 973 996 tur
989 977 1069 996 mors.
1091 969 1142 996 Ubi
1157 977 1212 997 non
1228 971 1346 1005 amplius
1360 979 1392 998 ex
1407 978 1524 1005 persona
1541 971 1632 999 Patris
1646 971 1718 999 dun-

933 1018 1018 1046 taxat.
1034 1023 1122 1049 neque
1137 1022 1169 1042 ex
1187 1015 1273 1043 solius
1290 1022 1407 1050 persona
1423 1014 1496 1047 Filii,
1517 1015 1565 1042 sed
1588 1019 1718 1052 tanquam

927 1061 961 1088 ab
986 1060 1038 1087 alia
1054 1061 1125 1088 inter
1140 1065 1285 1094 utramque
1300 1060 1442 1095 interjecta
1465 1061 1610 1095 subjicitur
1632 1071 1638 1089 :
1660 1061 1718 1088 No-

927 1107 1050 1133 uissimas
1071 1106 1194 1133 inimicus
1216 1106 1366 1133 destruitur
1387 1114 1469 1133 mors.
1491 1106 1557 1134 Cum
1573 1111 1661 1133 autent
1671 1106 1718 1133 1di-

927 1153 973 1184 cit,
989 1152 1079 1178 omnia
1091 1152 1152 1178 ltuit:
1163 1160 1218 1179 esse
1230 1152 1359 1186 subjecta,
1377 1152 1441 1180 libet
1457 1153 1521 1180 illos
1535 1153 1716 1188 interrogare,

927 1198 1006 1232 cujus
1022 1206 1054 1225 ex
1075 1205 1192 1232 persona
1217 1206 1269 1225 vox
1296 1198 1356 1229 illa,
1374 1198 1454 1230 dicit,
1473 1198 1646 1233 pronuntiata
1668 1199 1716 1227 sit.

928 1242 1067 1277 Siquidem
1081 1242 1237 1270 divinorum
1251 1243 1444 1278 mysteriorum
1462 1244 1578 1271 altitudo
1592 1245 1717 1274 carnales

926 1289 1052 1316 homines
1075 1289 1235 1323 spiritaliter
1260 1289 1415 1324 dijudicat:
1435 1289 1507 1316 Nam
1525 1290 1641 1317 carnalia
1664 1298 1718 1318 non

925 1334 1032 1369 percipit
1053 1343 1084 1361 ea
1109 1343 1170 1369 qua:
1193 1334 1241 1362 Dei
1257 1335 1353 1368 suut’;
1369 1336 1485 1362 stultitia
1505 1336 1577 1363 enim
1592 1341 1634 1363 est
1652 1336 1717 1372 ipsi.

927 1380 989 1408 llmc
1004 1381 1089 1412 enim,
1105 1380 1173 1408 Cum
1189 1381 1253 1408 dicit
1275 1381 1364 1408 omnia
1383 1382 1407 1408 ei
1420 1389 1476 1408 esse
1489 1382 1617 1416 subjecta,
1637 1382 1660 1409 si
1680 1382 1716 1410 ita

925 1427 1106 1461 accipiantur,
1121 1427 1200 1461 quasi
1224 1427 1294 1455 Filio
1313 1426 1394 1454 Pater
1408 1427 1525 1460 dixerit,
1557 1435 1653 1454 manca
1674 1432 1718 1455 est

925 1479 957 1499 ac
983 1472 1089 1500 defecta
1115 1473 1248 1500 narratio.
1273 1473 1380 1508 Quippe
1405 1473 1492 1501 Filius
1520 1474 1612 1501 omnia
1642 1473 1717 1501 Patri

926 1517 1050 1552 subjecit.
1069 1518 1117 1545 Sin
1139 1526 1172 1545 ev
1195 1518 1256 1545 Filii
1280 1525 1398 1554 persona
1426 1523 1586 1554 usurpatum
1605 1523 1717 1554 putetur

929 1563 1002 1591 istud
1019 1564 1119 1599 ipsutn,
1138 1564 1204 1591 Cum
1219 1564 1285 1591 dicit
1299 1573 1308 1591 :
1336 1565 1403 1591 lluic
1416 1565 1504 1591 omnia
1515 1566 1643 1600 subjecta,
1659 1573 1716 1593 non

77 1611 225 1644 τέτακται,
233 1611 350 1646 λέγεται,
361 1612 469 1644 ἐλλιπὲς
480 1612 510 1639 τὺ
521 1613 663 1648 φρόνημα,
674 1613 713 1639 ὃτι
727 1613 872 1648 μελλητικά

927 1610 1018 1637 minus
1033 1618 1131 1638 sensus
1150 1611 1208 1645 ipse
1222 1611 1324 1643 deﬁcit,
1349 1618 1381 1638 eo
1395 1611 1468 1645 quod
1484 1618 1560 1638 mora
1590 1611 1715 1646 quaedam

77 1666 137 1685 τινα
150 1659 180 1684 ἐν
200 1658 269 1693 Θεῷ,
284 1658 301 1693 ἢ
316 1659 345 1685 ὲν
357 1659 459 1695 Πατρὶ,
474 1659 490 1694 ἢ
507 1660 535 1685 ὲν
551 1659 606 1694 rte
625 1659 772 1693 λογίζεται.
787 1659 834 1691 Τίς
848 1659 872 1685 δέ

927 1663 959 1682 ac
983 1656 1097 1683 tarditas
1120 1656 1186 1688 Deo,
1212 1657 1269 1684 sive
1288 1656 1374 1689 Patri,
1402 1657 1460 1684 sive
1486 1656 1556 1683 Filio
1573 1657 1713 1685 tribuitur.

78 1705 150 1731 ἐστιν
158 1705 172 1731 ὁ
185 1704 283 1738 λέγων,
291 1705 332 1732 ὅτι
344 1705 441 1732 πάντα
450 1705 645 1732 ὑποτέτακται
652 1714 661 1737 ;
674 1706 712 1731 Οὐ
722 1705 776 1740 γὰρ
789 1703 872 1732 εἶπεν·

927 1701 993 1734 Quis
1011 1701 1092 1736 igitur
1106 1706 1148 1729 est
1161 1701 1208 1736 qui
1229 1701 1346 1735 subjecta
1370 1709 1426 1728 esse
1447 1701 1511 1727 dicit
1528 1701 1638 1729 omnia?
1654 1701 1712 1728 Non

79 1750 161 1777 Ὅταν
172 1751 296 1777 εἴπωσιν.
306 1751 337 1777 El
351 1751 405 1786 γὰρ
414 1749 448 1786 ἦν
459 1750 537 1777 τοῦτο
549 1751 595 1777 τοῦ
605 1751 725 1783 Υἱοῦ,τὸ,
737 1749 823 1777 Ὅταν
838 1750 872 1777 εἴ·

927 1747 998 1774 euim
1014 1748 1145 1782 scriptum
1160 1752 1220 1775 est:
1237 1747 1303 1774 Cum
1319 1746 1422 1774 dicunt.
1444 1746 1511 1773 Nam
1528 1746 1551 1774 si
1567 1746 1600 1773 ad
1615 1745 1712 1773 Filium

79 1805 160 1826 πωσι.
169 1797 622 1833 λεγόμενον,ὴδύνατοπληροῢσθαι
634 1797 650 1833 ἢ
663 1797 710 1824 ἐπὶ
720 1797 783 1829 τοὺς
796 1797 872 1831 ἀγγέ‹

927 1790 1019 1818 referri
1038 1791 1147 1818 deberet
1172 1791 1255 1823 istud,
1271 1791 1338 1818 Cum
1356 1791 1465 1823 dicunt;
1484 1791 1524 1818 vel
1540 1791 1573 1818 ad
1590 1791 1713 1826 angelos,

78 1842 148 1874 ὶους,
157 1842 174 1877 ἦ
184 1843 230 1869 ἐπὶ
237 1843 301 1874 τοὺς
311 1843 510 1877 ὑποταγέντας.
526 1843 634 1879 Ἐπειδὴ
648 1843 676 1869 δὲ
687 1843 743 1870 ἄνω
754 1844 872 1878 ὲσήμανε

927 1837 966 1863 vel
984 1837 1016 1863 ad
1029 1845 1087 1867 eos.
1099 1837 1145 1871 qui
1158 1837 1275 1871 subjecti
1292 1841 1366 1869 sunt,
1383 1837 1520 1872 pertinere
1535 1840 1638 1871 posset.
1651 1835 1711 1863 Jam

78 1887 122 1914 τὸν
144 1887 208 1914 Υἱὸν
226 1888 415 1915 ὕποτάσσοντα
427 1888 466 1923 τῷ
488 1889 593 1924 lla-cpt,
613 1889 659 1915 καὶ
681 1889 872 1924 παραδιδόντα,

927 1889 989 1909 vero
1007 1890 1069 1909 cum
1085 1886 1164 1909 antea
1183 1882 1256 1909 Patri
1275 1882 1373 1909 Filium
1394 1883 1485 1909 omnia
1501 1883 1652 1917 subjecisse
1679 1891 1712 1910 ac

78 1932 124 1958 καὶ
139 1932 185 1958 τὸν
200 1932 310 1968 Πατέρα
326 1933 513 1960 ὑποτάσσοντα
531 1933 570 1969 τῷ
583 1934 639 1969 1Ἱῷ
652 1934 685 1960 τὰ
700 1935 804 1965 πάντα,
821 1944 872 1961 πε-

927 1927 1072 1955 Iradidisse
1085 1928 1235 1962 docuisset,
1252 1935 1284 1955 ac
1300 1928 1421 1956 vicissim
1436 1927 1506 1956 Filio
1525 1928 1632 1956 Patrem
1649 1936 1711 1956 om-

79 1977 230 2011 ριελείπετο
241 1977 269 2004 δὲ
282 1979 337 2008 τοῖς
352 1977 506 2014 λεξιθήρεσι
518 1978 548 2005 τὸ
562 1978 609 2005 τοῦ
624 1979 781 2014 Πνεύματος
793 1979 871 2014 ἁγίου

927 1974 967 2001 nia
982 1974 1144 2009 subjecisse,
1160 1983 1257 2002 vocum
1275 1983 1357 2010 porro
1372 1976 1561 2010 captatoribus
1577 1983 1631 2002 una
1648 1974 1710 2010 Spi-

78 2023 241 2057 πρὸςωπονο
270 2023 366 2050 τούτου
397 2024 480 2050 ἕνεκα
508 2024 716 2059 ἀπαρεμφάτως
746 2023 816 2058 μετὰ
842 2023 872 2050 τὸ

927 2019 992 2047 ritus
1009 2019 1096 2046 sancti
1113 2028 1230 2054 persona
1246 2024 1375 2052 restaret,
1387 2021 1422 2047 ob
1445 2020 1472 2047 id
1493 2020 1555 2047 Filii
1573 2028 1605 2048 ac
1622 2020 1712 2047 Patris

79 2069 224 2104 πρόςωπον
240 2069 287 2096 τοῦ
307 2069 382 2102 Υἰοῦ,
408 2070 456 2096 καὶ
478 2070 509 2096 τὸ
523 2070 667 2106 πρόσωπον
686 2069 734 2096 τοῦ
752 2069 870 2105 Πατρὸς,

77 2115 106 2140 τὸ
130 2115 277 2150 πρόσωπον
303 2115 436 2150 ὑπέφαινε
461 2115 507 2142 τοῦ
536 2117 613 2150 ἁγίου
631 2115 808 2150 Πνεύματος,
823 2115 869 2141 τοῦ

77 2159 290 2194 ἀναγγέλλοντος
314 2161 358 2186 ἀεὶ
380 2160 415 2187 τὰ
438 2160 543 2196 Πατρὸς
566 2161 614 2187 καὶ
637 2160 720 2193 Υξοῦ,
736 2161 784 2187 καὶ
799 2159 870 2186 διδά-

922 2066 1047 2100 personis
1068 2066 1186 2100 Spiritus
1204 2067 1292 2094 sancti
1316 2074 1461 2102 personam
1486 2074 1542 2106 non
1568 2073 1709 2100 expresse.

922 2112 969 2139 sed
995 2113 1099 2139 inlinite
1121 2113 1272 2145 subtexuit,
1291 2113 1352 2147 ejus
1367 2112 1492 2139 videlicet
1514 2112 1643 2146 Spiritus,
1665 2111 1711 2146 qui

921 2157 1010 2185 Patris
1036 2161 1062 2184 ct
1078 2157 1140 2184 Filii
1170 2166 1271 2185 arcana
1288 2159 1397 2185 nuntiat
1421 2165 1453 2184 ac
1475 2157 1612 2192 perdocet.
1632 2158 1710 2190 Quod

79 2213 192 2237 σκοντος
207 2206 252 2232 ἵνα
276 2205 313 2240 μὴ
334 2205 429 2241 ἐλλιπῆ
447 2207 548 2242 ποιήσῃ
569 2206 618 2241 τὴν
641 2206 748 2232 τελείαν
769 2205 868 2240 γνῶσιν

927 2204 982 2231 deo
998 2203 1101 2230 factum
1115 2209 1174 2236 est,
1205 2212 1239 2231 ne
1254 2205 1336 2239 802
1352 2205 1385 2231 ad
1404 2203 1551 2238 perfectam
1567 2202 1710 2230 Trinitatis

77 2251 124 2285 τῆς
140 2251 205 2285 περὶ
220 2251 230 2265 ¹
247 2250 361 2286 Τριάδος
383 2251 429 2277 καὶ
442 2250 492 2285 τῆς
506 2251 640 2286 ὲνσάρκου
661 2249 867 2285 προσληπτικῆς

77 2296 155 2332 δόξης
169 2294 419 2332 παρουσίας.Εἷτα,
430 2297 522 2331 φησιν,
534 2297 663 2330 ἔσχατος
678 2296 784 2331 ἐχθρὸς
800 2304 869 2322 κατ-

77 2343 207 2378 αργεῖται
222 2344 239 2369 ὁ
263 2342 401 2375 θάνατος.
421 2343 450 2369 '0
465 2342 494 2369 δὲ
507 2342 693 2378 καταργηθεὶς
706 2341 867 2377 πεπέδηται,

78 2389 169 2415 οὐκέτι
186 2389 305 2423 ἐνεργῶν
326 2389 340 2414 ὃ
356 2390 476 2424 ἐνεργεῖ,
503 2389 564 2415 οὐδὲ
588 2389 628 2415 ἑτι
647 2388 779 2424 ὑπάρχων
792 2396 799 2404 ⁸
821 2389 868 2415 καὶ

78 2432 129 2468 γὰρ
144 2433 325 2468 κατήργηται.

109 2567 170 2593 OE'.
181 2566 213 2592 Ti
237 2564 283 2593 οὖν
298 2567 323 2592 οἱ
342 2567 372 2593 τὸ
387 2567 506 2593 συνιέναι
519 2567 567 2599 τὰς
582 2567 693 2602 Γραφὰς
708 2567 866 2602 ἀγνοοῦντες

79 2610 168 2646 ἔχουσι
188 2612 253 2647 περὶ
278 2612 372 2638 τούτου
393 2612 497 2646 λέγεινς
520 2614 565 2639 Δεῖ
587 2614 660 2649 ἡμᾶς
676 2613 730 2649 ἄρα
755 2613 865 2648 λογίσα-

80 2655 137 2682 εθαι
165 2657 229 2692 περὶ
252 2656 298 2682 τοῦ
316 2657 394 2689 Υἰοῦ,
423 2658 462 2684 ὅτι
490 2658 606 2693 ἀργήσει
626 2657 672 2684 τοῦ
703 2658 864 2692 βασιλεύειν.

79 2699 106 2726 Εἰ
121 2701 208 2733 οὕτως
227 2702 280 2737 ἄρα
299 2702 371 2736 εἶχεν
387 2703 403 2738 ὴ
426 2702 507 2734 λέξις.
533 2702 613 2729 Ἀλλὰ
634 2702 805 2738 ἀσεϐήσομεν
820 2704 865 2730 καὶ

78 2745 154 2774 αὑτὸν
178 2746 248 2782 μετὰ
270 2747 323 2774 τῶν
353 2748 578 2783 ὑποτασσομένων
607 2748 789 2784 ἐναριθμῆσαι
814 2750 865 2784 μά-

110 2825 115 2839 ¹
133 2824 200 2860 Leg.
215 2825 368 2860 εῐρημένον.
409 2827 419 2842 ¹
433 2826 463 2854 F.
479 2825 615 2861 περὶτῆς.
655 2826 665 2842 ⁸
677 2825 685 2852 l
697 2825 761 2854 Cor.
777 2834 806 2859 ιι,
821 2827 862 2855 Η.

919 2254 947 2276 et
966 2249 1093 2277 humana:
1111 2254 1234 2282 natura},
1261 2251 1295 2277 ad
1319 2258 1401 2286 quam
1423 2249 1517 2285 gloria:
1542 2249 1600 2276 ﬁeri
1621 2253 1710 2284 potest

919 2296 1059 2327 accessio,
1090 2296 1276 2330 cognitionem
1303 2296 1442 2331 quidpiam
1465 2295 1584 2323 deesset.
1611 2294 1710 2322 Deinde

919 2342 1089 2374 novissimus,
1107 2341 1206 2376 inquit,
1220 2342 1342 2368 inimicus
1358 2341 1506 2368 destruitur
1522 2349 1604 2367 mors.
1623 2338 1709 2367 Porro

917 2388 964 2422 qui
980 2387 1132 2415 destruitur
1146 2387 1347 2423 quodammodo
1362 2387 1478 2415 detineri
1495 2387 1604 2415 vinctus
1626 2384 1707 2414 intel-

917 2433 1022 2468 ligitur,
1046 2437 1076 2460 ut
1092 2434 1164 2469 quod
1186 2434 1276 2462 facere
1289 2434 1405 2465 solebat,
1428 2441 1482 2460 non
1499 2433 1628 2460 moliatur
1648 2440 1708 2459 ani-

921 2479 1003 2511 ptius,
1029 2479 1151 2514 adeoque
1173 2487 1235 2506 cum
1258 2480 1416 2508 destructus
1441 2479 1493 2512 sit,
1514 2487 1569 2506 non
1590 2479 1708 2514 amplius

920 2524 1047 2550 exsistat.

955 2567 1061 2594 LXXV.
1081 2567 1151 2601 Quid
1171 2569 1253 2604 igitur
1271 2576 1413 2596 sacrarunt
1431 2568 1596 2596 Litterarum
1623 2568 1709 2602 impe-

920 2612 964 2639 riti
982 2621 1014 2640 ea
1030 2613 1063 2640 de
1083 2621 1112 2641 re
1133 2614 1225 2642 dicere
1243 2615 1376 2649 possunt?
1390 2614 1433 2641 An
1447 2614 1481 2642 de
1499 2613 1570 2641 Filio
1584 2612 1707 2647 cogitan-

920 2658 984 2685 dum
1001 2659 1081 2687 nobis
1098 2660 1163 2688 illud
1188 2665 1241 2692 est,
1265 2660 1396 2696 regnandi
1413 2660 1494 2687 ﬁnem
1509 2665 1626 2693 unquam
1646 2664 1706 2684 esse

921 2704 1081 2732 facturum?
1100 2706 1128 2733 Si
1145 2707 1254 2741 quidem
1271 2707 1308 2734 ita
1324 2714 1386 2734 sese
1399 2705 1445 2732 illa
1458 2712 1510 2732 vox
1523 2704 1644 2731 haberet.
1656 2703 1704 2728 At-

918 2751 965 2786 qui
991 2751 1103 2786 impium
1123 2752 1253 2788 quiddam
1267 2760 1282 2780 a
1298 2751 1378 2780 nobis
1394 2750 1564 2783 admittetur,
1581 2748 1605 2776 si
1627 2747 1704 2775 illum
