1929 3039
224 152 274 180 535

928 156 958 184 S.
979 157 1148 185 EPIPIIANH

1803 158 1852 186 5ίῦ

224 213 326 247 impetu
342 213 473 248 sophista:
492 213 624 246 feruntur,
641 215 802 251 cxcogitatis
818 216 982 251 quibusdam
997 226 1007 245 ιι

1066 220 1204 255 picum-re;
1217 220 1241 246 oi
1260 220 1395 254 σοφισταὶ,
1413 220 1475 254 περὶ
1493 218 1687 254 συλλογισμοὺς
1710 219 1854 254 ἐσχολακό-

224 267 254 286 sc
279 260 431 288 rationibus
449 261 521 293 freti,
543 269 659 296 quorum
678 263 799 290 studium
817 272 897 292 otnne
913 265 940 292 in
957 265 1013 300 syl-

224 305 346 340 logismis
366 310 394 333 et
420 312 642 341 argumentorum
659 308 881 338 cavillationibus
894 319 1013 347 occupa-

223 355 276 376 tur.
296 351 323 377 In
341 358 396 385 quo
410 351 516 378 ridiculi
536 353 648 379 omnino
661 359 735 387 sunt,
751 354 798 389 qui
817 362 879 382 cum
898 356 1010 384 homun-

223 396 317 423 ciones
339 397 392 423 sint
418 396 501 424 Deum
530 398 787 427 ratiocinationibus
804 401 862 429 suis
887 409 1014 437 compre-

225 442 341 469 I.endere
370 447 514 469 conantur.
540 443 662 476 Quorum
689 445 825 473 insaniam
855 447 897 474 his
922 448 1013 475 verbis

223 488 354 522 propheta
393 488 655 524 redarguitzNum
694 492 877 526 supplantubit
916 494 1012 529 aliquis

223 533 316 565 Deum,
335 534 459 568 quouiant
477 543 521 561 vos
540 536 720 570 supplantatis
742 545 781 564 me
797 538 824 564 ‘?
843 538 914 574 Quid
933 539 1014 574 igitur

222 579 341 607 audaces
358 580 396 606 illi
421 588 453 608 ac
476 581 644 610 confidentes
663 583 788 611 homines
804 584 942 612 afferunt?
958 584 1013 613 Nos

222 625 304 651 aliam
327 625 396 653 hanc
417 626 525 653 illorum
559 628 742 662 objectionem
765 632 843 657 antea
868 631 1013 665 proposui-

222 678 294 703 tnns,
313 675 396 706 atque
408 673 617 707 explicavimus,
634 682 715 709 quam
731 675 925 710 interrogando
941 677 1013 709 eius-

222 718 296 744 tnodi
313 718 393 746 nobis
411 720 500 746 solent
514 727 662 755 opponere.
680 721 733 748 Aut
748 722 851 755 volens,
872 722 1011 758 inquiunt,

223 761 321 789 Filium
338 771 418 790 suum
431 766 525 800 genuit
544 765 625 798 Deus,
644 770 691 793 aut
711 767 817 794 nolens.
838 767 891 795 Sed
913 768 1012 796 ibidem

222 808 278 835 Deo
293 809 442 843 opitulante
461 812 692 844 monstravimus,
719 813 786 839 nihil
812 813 838 839 in
865 813 924 848 ipso
940 814 1012 848 quod

221 853 376 882 tarditatetn
404 859 450 882 aut
475 864 578 883 moram
600 857 722 890 haberet,
742 857 834 886 inesse
853 866 943 894 posse,
965 859 1012 886 sed

1063 275 1108 298 τες
1128 267 1174 293 καὶ
1191 267 1336 302 λογισμοὺς
1359 265 1605 301 ματαιοφροσὺνης,
1623 265 1760 300 ἄνθρωποι
1777 265 1854 296 ὄντες

1063 313 1108 340 τὸν
1123 313 1190 340 Θεὸν
1206 312 1415 347 συλλογίσασθαι
1437 311 1614 347 πειρώμενοι,
1630 311 1668 343 ὡς
1688 313 1734 338 καὶ
1752 313 1767 338 ὁ
1787 319 1854 348 προ-

1065 359 1152 394 φήτης
1165 358 1264 390 αὐτοὺς
1272 357 1378 393 ἐλέγχει
1388 358 1500 392 φάσκων
1513 365 1519 371 “
1532 357 1566 383 Et
1576 355 1708 390 πτερνιεῖ
1714 365 1759 388 τις
1767 356 1853 389 Θεὸν,

1064 404 1107 430 ὅτι
1129 403 1211 438 ὑμεῖς
1233 402 1399 437 πτερνίζετέ
1414 409 1470 436 με;
1486 402 1518 427 Τί
1539 401 1593 436 γὰρ
1618 401 1698 427 πάλιν
1726 401 1808 435 φασιν
1829 401 1854 426 οἱ

1063 449 1204 484 γεννάδαι;
1222 449 1267 480 Ὠς
1288 448 1335 475 καὶ
1348 448 1397 483 τὴν
1413 448 1495 483 ἄλλην
1515 447 1588 480 λέξιν
1603 447 1658 474 ἅνω
1675 446 1853 482 ὲρμηνευθεί-

1065 502 1113 520 σαν
1128 492 1272 528 ἐτάξαμεν,
1285 494 1332 519 ὑπ’
1345 493 1434 519 αὐτῶν
1450 493 1478 518 δὲ
1492 493 1557 527 ἡμῖν
1572 491 1640 527 πρὸς
1656 491 1751 517 πεῦσιν
1766 492 1854 518 εκτει-

1064 540 1190 575 νομεένην,
1208 540 1249 572 τὸ,
1264 539 1355 566 Θέλων
1371 539 1500 574 ἐγέννησε
1514 538 1559 564 τὸν
1571 537 1644 568 Υἰὺν,
1662 537 1678 572 ἦ
1694 537 1731 572 μὴ
1749 537 1833 563 θέλων
1845 545 1852 552 ·
1874 564 1875 568 η

1064 587 1101 619 ὡς
1119 588 1147 613 ὲν
1166 586 1225 621 Θεῷ
1247 585 1398 620 ἐδείξαμεν,
1414 585 1454 611 ὅτι
1473 584 1548 611 οὐδέν
1563 593 1588 610 τι
1613 583 1773 619 μελλητικὸν
1786 592 1852 617 τυγ-

1064 633 1139 668 χάνει
1150 631 1233 667 αὐτῷ,
1246 631 1303 658 ἀλλ’
1318 632 1375 666 ἅμα
1387 630 1475 657 πάντα
1488 631 1516 656 ὲν
1527 629 1601 664 αὐτῷ
1614 630 1672 656 ἐστι
1684 629 1782 656 τέλεια.
1802 628 1854 655 Καὶ

1063 678 1093 704 οὑ
1111 677 1218 712 πρῶτον
1234 677 1357 712 βούλεται
1379 676 1462 711 πρινὴ
1485 675 1607 710 ποιῆσαι,
1626 675 1686 700 οὐδὲ
1703 675 1775 700 ποιεί
1789 674 1853 700 ἄνευ

1065 723 1256 759 βουλεύματος,
1280 723 1327 749 καὶ
1350 722 1379 748 οὐ
1409 721 1573 756 βουλεύεται,
1593 721 1635 746 ἵνα
1657 729 1684 746 τι
1708 719 1852 755 ἑτοιμάσῃ,

1063 769 1122 796 οὐδὲ
1137 770 1153 804 ὴ
1168 769 1311 804 ἑτοιμασία
1328 768 1410 795 αὐτοῦ
1428 767 1524 803 βουλῆς
1542 767 1692 793 ἐπιδέεται·
1704 766 1774 792 ὥστε
1788 766 1852 800 παρ’

1063 815 1138 850 αὐτῷ
1155 815 1185 842 τὸ
1202 815 1324 850 γέννημα
1341 814 1384 841 ἀεὶ
1402 813 1579 848 γεγέννηται·
1599 813 1644 839 καὶ
1666 811 1702 847 μὴ
1722 812 1751 838 ἐν
1765 811 1853 846 χρόνῳ
1875 822 1879 825 κ

1064 859 1226 895 ἀρξάμενον,
1246 860 1302 886 ἀλλ’
1319 859 1362 886 ἀεὶ
1378 859 1426 885 σὺν
1441 858 1530 894 Πατρὶ
1543 857 1741 892 γεγεννημένον
1763 856 1852 892 ὑπάρ-

221 900 313 926 omnia
341 901 423 927 simul
452 902 479 928 in
505 910 537 929 eo
561 910 621 929 esse
646 903 776 937 perfecta.
810 903 900 936 Quare
924 912 1007 940 nequc

1065 914 1117 940 χει.
1134 906 1180 932 καὶ
1202 906 1329 932 οὐδέποτε
1343 904 1493 932 διαλείπει·
1509 904 1547 935 ὡς
1572 903 1619 930 καὶ
1636 903 1752 930 ἐνταῦθα
1773 903 1852 928 πάλιν

222 946 297 979 prius
311 947 368 973 vult
382 954 464 982 quam
484 947 590 980 fecerit,
614 956 702 983 neque
717 949 777 976 sine
793 950 908 977 consilio
929 951 1010 985 quid-

221 992 293 1025 piam
312 993 433 1025 molitur,
453 1001 541 1028 neque
561 994 594 1020 ad
610 995 816 1029 praeparandum
839 995 942 1032 aliquid
960 995 1008 1023 de-

221 1035 384 1068 liberat,nec
402 1037 474 1065 illius
491 1038 653 1073 praeparatio
668 1039 896 1066 consultationem
913 1040 1004 1074 requi-

220 1081 265 1108 rit.
286 1082 466 1114 Quatnobrcm
487 1084 533 1118 qui
555 1084 589 1110 ab
615 1091 647 1111 eo
672 1084 821 1118 productus
846 1089 888 1112 est
913 1085 1008 1117 Filius,

1064 949 1233 985 δευτερώσας
1252 949 1301 985 τὴν
1323 949 1394 981 λέξιν
1410 948 1491 975 πάλιν
1510 947 1615 983 τίθημι,
1633 948 1672 974 ὅτι
1686 947 1752 978 ἶοΰτε
1769 947 1853 973 θέλων

1060 995 1217 1031 ἐγέννησεν,
1239 995 1301 1021 οὔτε
1317 995 1353 1030 μὴ
1378 995 1463 1021 θέλων
1476 1002 1482 1008 ·
1498 994 1565 1021 ἀλλὰ
1581 995 1609 1020 ὲν
1621 995 1655 1029 τῇ
1671 993 1740 1029 ὑπὲρ
1756 993 1853 1028 βουλὴν

1062 1042 1152 1076 φύσει.
1175 1041 1283 1072 Φύσεως
1308 1041 1362 1076 γάρ
1381 1040 1453 1066 ἐστιν
1469 1040 1482 1066 ὁ
1499 1039 1564 1071 Θεὸς
1581 1039 1650 1074 ὑπὲρ
1676 1039 1783 1074 βουλὴν,
1807 1038 1853 1065 καὶ

1061 1086 1151 1112 πᾶσαν
1167 1085 1281 1117 ἔννοιαν,
1296 1086 1343 1112 καὶ
1361 1084 1500 1112 ὑπόνοιαν,

220 1135 328 1162 semper
344 1133 386 1156 est
410 1129 537 1164 genitus;
563 1137 613 1157 nec
635 1130 690 1157 ullo
720 1135 842 1165 tempore
862 1131 956 1167 ccepit,
974 1132 1022 1159 sed
1056 1140 1071 1159 a
1098 1132 1179 1160 Patre
1202 1133 1311 1167 genitus
1337 1140 1399 1158 cum
1428 1131 1523 1159 eodem
1552 1131 1626 1158 nulla
1655 1131 1854 1164 interruptione

220 1175 350 1208 temporis
367 1175 484 1203 exsistit.
503 1175 595 1210 Itaque
607 1177 678 1204 tdetn
692 1179 765 1212 quod
782 1182 862 1205 antea
879 1178 1003 1206 dixeram
1022 1179 1073 1207 hoc
1090 1180 1150 1207 loco
1179 1184 1310 1214 repetam.
1334 1178 1427 1213 Neque
1459 1178 1590 1206 volentem
1620 1177 1747 1212 gemuisse
1767 1185 1854 1211 neque

220 1219 367 1253 nolentem,
386 1220 434 1247 sed
455 1221 482 1248 in
503 1229 535 1249 ea
560 1222 640 1258 795
667 1230 776 1256 natura,
810 1232 871 1259 qua:
893 1226 967 1252 omni
994 1229 1036 1253 est
1065 1225 1264 1253 deliberatione
1292 1225 1428 1260 superior.
1458 1223 1600 1259 Ejusmodi
1631 1223 1731 1259 quippe
1755 1227 1854 1250 natura

220 1266 265 1293 Dei
290 1271 341 1299 est,
369 1273 397 1295 ut
413 1276 492 1296 omne
509 1271 655 1297 consilium
672 1275 699 1298 et
716 1279 824 1299 onmem
851 1273 1060 1309 intelligentiam
1092 1274 1332 1310 cognitionemque
1348 1273 1535 1301 transcendat.

254 1312 346 1340 LXIX.
367 1313 436 1340 lluie
460 1320 621 1349 argumento
636 1325 690 1344 non
714 1318 848 1346 dissimile
869 1323 912 1346 est
932 1320 1005 1346 alittd

219 1356 255 1383 ab
278 1358 356 1385 novis
383 1359 437 1386 illis
455 1359 638 1389 Aristotelicis
664 1363 814 1391 invetttum.
841 1364 908 1391 Nam
927 1365 1009 1400 hujus

219 1402 372 1438 philosophi
391 1404 468 1432 virus
484 1413 563 1433 omne
579 1407 606 1433 in
632 1408 730 1443 seipsis
757 1416 966 1446 expresserunt,
982 1417 1008 1440 et

218 1448 390 1476 innocentem
418 1449 538 1485 Spiritus
566 1454 654 1480 sancti
694 1455 897 1490 simplicitatem
933 1458 1011 1484 beni-

218 1493 401 1530 gnitatemque
428 1497 608 1531 reliquerunt.
635 1499 673 1527 De
696 1502 796 1535 quibus
812 1502 848 1529 ita
877 1502 1007 1531 Dominus

1093 1321 1153 1349 ΞΘ’.
1171 1321 1287 1356 Ὁμοίως
1301 1320 1330 1347 δὲ
1347 1320 1433 1356 ταύτῃ
1445 1319 1527 1351 λέξει,
1541 1319 1579 1350 ὡς
1596 1319 1675 1354 ἔφην,
1689 1318 1773 1354 ἄλλην
1784 1319 1852 1354 ἡμῖν

1061 1366 1269 1402 ἐφευρίσκουσιν
1291 1367 1316 1392 οἱ
1341 1365 1395 1392 νέοι
1419 1363 1638 1399 Ἀριστοτελικοί.
1652 1363 1780 1390 Ἒκείνου
1798 1363 1853 1399 γὰρ

1060 1412 1236 1448 ἀπεμάξαντο
1252 1412 1300 1447 τὴν
1324 1410 1451 1442 ἰοϐολίαν,
1474 1411 1521 1437 καὶ
1545 1410 1690 1436 κατέλιπον
1706 1409 1753 1436 τοῦ
1774 1409 1852 1444 ἁγίου

1060 1459 1218 1494 1Ινεύματος
1232 1458 1262 1485 τὺ
1278 1458 1381 1485 ἄκακον
1405 1457 1453 1484 καὶ
1471 1456 1502 1484 τὸ
1516 1458 1614 1492 πρᾶον,
1627 1456 1665 1487 ὡς
1680 1456 1754 1490 λέγει
1765 1458 1780 1483 ό
1796 1456 1852 1482 Κύ-

1062 1513 1134 1540 ριος·
1156 1504 1270 1532 Μάθετε
1298 1504 1348 1531 ἀπ’
1364 1504 1448 1538 ἐμοῦ,
1467 1504 1511 1530 ὅτι
1531 1502 1625 1536 πρᾶός
1647 1503 1704 1536 εἰμι
1726 1502 1776 1529 καὶ
1803 1511 1852 1529 ται

218 1539 361 1573 loquitur:
381 1541 477 1569 Discite
499 1551 515 1569 a
533 1552 572 1575 me
596 1545 659 1580 quia
684 1547 755 1574 mitis
777 1556 835 1574 sum
856 1553 880 1575 et
902 1549 1007 1576 humilia

1062 1539 1163 1582 ἐτεινὸς
1175 1549 1211 1584 τῇ
1222 1549 1327 1583 καρδίᾳ
1337 1557 1344 1564 ·
1357 1549 1405 1576 καὶ
1415 1548 1560 1582 εὑρήσετε
1572 1547 1635 1580 ταῖς
1645 1547 1759 1581 Δψυχαῖς
1769 1546 1854 1582 ὑμῶν

218 1585 311 1617 rorde,
331 1590 355 1612 et
373 1586 508 1615 invenietis
526 1591 637 1623 requiem
660 1593 799 1620 animabus
818 1595 909 1621 restria
926 1595 946 1621 ³.
973 1596 1009 1622 At

221 1629 268 1662 illi,
287 1634 498 1662 niausurtudine
515 1636 621 1665 relicta.
638 1638 816 1666 calliditatem
841 1640 932 1674 potitus
950 1648 1008 1667 am-

219 1677 288 1710 plexi
314 1681 395 1709 sunt.
414 1687 497 1714 seque
523 1685 550 1707 et
572 1681 605 1708 ad
631 1681 805 1710 Aristotelem
834 1691 866 1710 ac
895 1690 1008 1712 caeteros

218 1722 311 1750 mundi
327 1723 410 1758 hujus
427 1720 586 1754 dialecticos
601 1729 808 1756 accommodare
832 1731 1006 1758 maluerunt:

218 1777 333 1803 quorum
349 1770 454 1798 fructtts
469 1771 505 1798 ita
519 1778 722 1807 consectantur,
735 1775 838 1802 nullam
858 1777 1010 1810 utjustitite

218 1813 322 1849 frugem
337 1816 485 1850 proferant,
498 1826 548 1845 nec
566 1819 650 1846 ullunt
665 1819 782 1855 Spiritus
804 1821 892 1848 sancti
907 1822 1009 1850 beneﬁ-

218 1860 301 1893 cium,
316 1866 407 1895 utpote
430 1865 611 1893 contentionis
628 1866 688 1900 plus
704 1874 782 1901 tequo
794 1867 897 1902 cupidi,
917 1869 1001 1903 impe—

218 1909 291 1933 trare
307 1913 462 1936 meruerint.
479 1909 549 1945 Ergo
567 1911 603 1937 ita
622 1918 671 1938 nos
685 1912 795 1946 aggredi
821 1913 919 1946 solent,
939 1922 1001 1942 cum

218 1951 344 1984 dicimus,
367 1954 541 1982 exsistentem
561 1954 658 1982 Filium
675 1957 745 1991 apttd
759 1957 935 1986 exsistentem
959 1959 1009 1987 l’a-

218 2001 285 2024 trem
295 1997 388 2031 fuisse,
397 2000 616 2036 quandoquidem
626 2001 660 2028 ita
673 2001 752 2029 Pater
759 2002 844 2038 Moysi
854 2005 1006 2033 mandavit:

219 2042 282 2070 Haec
305 2044 374 2072 dices
395 2045 428 2071 ad
445 2047 513 2080 ipsos
529 2054 538 2072 :
554 2046 606 2078 Qui
629 2051 668 2073 est
689 2048 761 2074 misit
788 2055 827 2076 me
855 2049 883 2082 ³;
911 2050 1008 2078 deinde

218 2088 258 2115 sic
281 2089 454 2125 Evangeliunt
469 2092 501 2118 de
516 2091 585 2118 Filio
602 2096 719 2120 testatur
734 2103 739 2120 :
761 2094 794 2121 In
812 2095 941 2128 principio
951 2102 1007 2123 erat

225 2134 342 2168 Verbum,
361 2143 386 2164 et
407 2137 517 2163 Veritum
539 2143 596 2164 erat
615 2140 685 2172 apud
704 2140 799 2172 Deum,
820 2145 845 2168 et
867 2141 938 2168 Deus
951 2147 1009 2170 erat

223 2180 333 2208 Verbum
352 2183 373 2208 ⁸.
391 2182 431 2208 Ex
447 2182 547 2216 quibus
562 2184 755 2219 eolligentibus
769 2187 860 2219 nobis,
873 2188 1004 2215 exsisten-

1058 1595 1242 1623 ἀνάπαυσιν.
1255 1593 1333 1623 Οὗτοι
1345 1595 1383 1626 δὲ,
1400 1595 1448 1630 τὴν
1462 1594 1604 1631 πραότητα
1616 1593 1852 1626 καταλελοιπότες,

1058 1643 1190 1677 δεινότητι
1207 1641 1308 1677 μᾶλλον
1328 1641 1439 1672 ἑαυτοὺς
1465 1639 1655 1671 ὲκδεδώκασιν,
1675 1639 1852 1674 ἐνδυσάμενοι

1065 1688 1252 1723 Ἀριστοτέλην
1266 1696 1295 1714 τε
1307 1687 1354 1714 καὶ
1372 1686 1434 1718 τοὺς
1447 1685 1542 1716 ἄλλους
1557 1685 1605 1711 τοῦ
1627 1684 1730 1719 κόσμου
1765 1685 1853 1711 διαλε-

1059 1735 1180 1766 κτικοὺς,
1199 1731 1236 1760 ὧν
1253 1734 1300 1760 καὶ
1318 1733 1381 1764 τοὺς
1399 1732 1522 1767 καρποὺς
1542 1731 1660 1765 μετίασι,
1672 1730 1772 1765 μηδένα
1786 1740 1853 1767 καρ-

1059 1780 1109 1806 πὸν
1122 1780 1296 1814 δικαιοσύνης
1316 1778 1426 1809 εἰδότες.
1446 1777 1513 1813 μηδὲ
1538 1776 1696 1812 Πνεύματος
1714 1777 1852 1809 καταξιω-

1059 1826 1151 1857 θέντες
1161 1825 1265 1860 δωρεὰν
1279 1824 1351 1859 ἔχειν
1363 1824 1391 1850 ὲν
1404 1824 1510 1854 ἑαυτοῖς
1521 1823 1546 1848 οἱ
1562 1822 1719 1856 φιλόνεικοι.
1735 1823 1852 1856 Λέγουσι

1058 1870 1123 1905 γοῦν
1143 1870 1210 1905 πρὸς
1225 1870 1309 1905 ἡμᾶς,
1322 1869 1385 1895 ὅταν
1399 1868 1520 1902 εἴπωμεν
1536 1867 1638 1899 αὐτοῖς,
1650 1867 1690 1893 ὅτι
1706 1868 1720 1893 ὁ
1737 1866 1775 1893 ὢν
1790 1867 1852 1898 Υἱὸς

1059 1916 1127 1951 πρὸς
1145 1916 1190 1942 τὸν
1206 1915 1270 1942 ὄντα
1287 1914 1397 1949 Πατέρα
1418 1911 1466 1948 ἦν·
1486 1912 1580 1948 ἐπειδὴ
1611 1912 1664 1948 γὰρ
1686 1911 1725 1947 τῷ
1747 1913 1851 1948 Moriar]

1059 1959 1133 1987 εἶπεν
1153 1962 1166 1987 ὁ
1194 1960 1299 1995 Πατὴρ,
1322 1960 1363 1986 ὅτι
1387 1958 1481 1993 Ἐρεῖς
1509 1958 1584 1992 πρὸς
1611 1958 1734 1990 αὐτούς·
1759 1957 1792 1987 ὀ
1810 1958 1853 1984 ὢν

1059 2005 1231 2033 ἁπέσταλκέ
1243 2014 1282 2040 με
1299 2013 1306 2019 '
1325 2005 1372 2031 καὶ
1399 2003 1479 2030 πάλιν
1492 2003 1522 2029 τὸ
1540 2002 1704 2037 Εὐαγγέλιον
1725 2003 1788 2038 περὶ
1804 2002 1852 2029 τοῦ

1059 2051 1124 2078 Tim":
1141 2052 1250 2086 φάσκει,
1270 2051 1310 2077 ὅτι
1331 2051 1382 2077 Ἑν
1396 2049 1473 2084 ἀρχῇ
1493 2048 1532 2084 ἦν
1547 2051 1562 2075 ὀ
1579 2050 1684 2083 Λόγος,
1702 2049 1751 2075 καὶ
1766 2050 1782 2076 ὁ
1795 2050 1851 2076 Λό-

1059 2106 1110 2132 γος
1123 2095 1162 2132 ἦν
1176 2097 1250 2131 πρὸς
1263 2096 1316 2123 τὸν
1332 2096 1416 2128 Θεὸν,
1432 2095 1481 2122 καὶ
1499 2095 1571 2127 Θεὸς
1592 2093 1631 2130 ἦν
1647 2096 1663 2121 ὁ
1677 2095 1788 2130 Λόγος·
1805 2094 1851 2122 ἐὰν

1058 2143 1190 2178 εἴπωμεν,
1209 2143 1250 2169 ὅτι
1264 2142 1278 2167 ὁ
1294 2141 1332 2168 ὢν
1349 2139 1383 2177 ἦν
1407 2141 1475 2176 πρὸς
1494 2141 1539 2168 τὸν
1553 2141 1628 2173 ὄντα,
1650 2141 1758 2175 λέγουσι
1785 2142 1850 2176 πρὸς

1058 2190 1131 2224 ἡμᾶς
1143 2198 1149 2204 ·
1165 2189 1202 2215 Τὸ
1220 2189 1249 2215 ὃν
1261 2189 1349 2215 τοίνυν
1366 2188 1510 2222 ἐγεννήθη,
1526 2188 1542 2222 ἧ
1557 2188 1586 2214 τὸ
1602 2188 1638 2223 μὴ
1657 2187 1685 2214 ὃν
1697 2188 1849 2223 ὲγεννήθη;

217 2231 270 2253 tetu
292 2227 391 2254 Filium
418 2227 490 2262 apud
518 2229 695 2258 cxsistcntem
721 2231 830 2260 Patrem
859 2232 945 2261 fuisse
969 2235 1006 2261 ita

1060 2235 1160 2270 Εἰ.γὰρ
1173 2233 1217 2270 ἦν,
1233 2235 1290 2266 πῶς
1302 2234 1450 2270 ἐγεννήθης
1470 2235 1500 2261 Et
1519 2234 1548 2260 δὲ
1558 2234 1706 2269 ἐγεννήθη,
1724 2235 1784 2266 πῶς
1795 2233 1848 2270 ἦνς

215 2275 411 2302 ratiocinantur
427 2284 434 2301 :
456 2279 612 2304 utrumnam
629 2279 702 2312 quod
717 2280 773 2313 jam
792 2284 860 2313 erat,
876 2287 910 2307 an
934 2281 1006 2315 quod

215 2321 335 2347 nondum
352 2325 410 2347 crat
427 2325 468 2349 est
484 2323 625 2357 genitura?
638 2324 706 2351 Nam
728 2325 751 2352 si
772 2325 828 2360 jam
845 2331 914 2359 erat,
938 2334 1006 2362 quo-

215 2366 293 2393 modo
307 2366 427 2400 genitum
443 2369 504 2394 est?
521 2369 550 2396 Si
568 2377 632 2397 vero
654 2371 775 2405 genitum
793 2375 845 2405 est,
861 2373 1001 2407 quomodo

212 2411 268 2445 jam
293 2412 372 2438 erat?
387 2411 476 2447 Atque
491 2414 542 2442 hoc
557 2415 591 2442 ab
606 2416 700 2443 cadent
716 2417 835 2445 vanitate
850 2418 1002 2452 profectura

213 2460 266 2488 est,
284 2464 345 2491 quae
370 2457 397 2483 in
423 2459 632 2493 quaestiunculis
659 2461 808 2494 volutatur,
837 2466 864 2488 ct
876 2463 1001 2489 sublimia

215 2504 386 2533 consectans,
402 2510 435 2530 ac
460 2504 581 2530 coelestia
606 2505 715 2534 curiose
733 2510 920 2540 perscrutans,
937 2507 1001 2534 boni

214 2545 295 2572 ctlieit
309 2546 386 2573 nihil.
406 2547 459 2575 Nos
471 2553 561 2576 autern
576 2550 616 2577 sic
632 2559 679 2578 eos
695 2551 865 2586 alloquemur
882 2561 888 2578 :
907 2552 1001 2579 Unde—

215 2599 276 2617 uatn
303 2592 360 2619 hazc
379 2594 479 2622 animis
496 2597 593 2624 vestris
611 2596 710 2632 injecta
733 2597 861 2632 cogitatio
885 2598 946 2626 est?
973 2598 1000 2625 Si

213 2637 333 2665 dixerint
356 2639 427 2668 hanc
452 2641 607 2676 inquirendi
623 2644 693 2669 viam
713 2650 774 2670 etttn
793 2647 867 2670 recta
895 2643 1000 2672 ratione

214 2689 425 2713 consentaneam
450 2688 547 2719 videri,
572 2692 629 2715 tuttt
646 2696 696 2716 nos
710 2693 806 2716 contra
827 2689 867 2716 sic
888 2690 998 2725 urgebi-

214 2736 274 2757 tntts
294 2738 301 2757 :
321 2731 423 2760 Audire
445 2741 479 2760 ex
499 2735 576 2762 vobis
599 2735 736 2769 cupimus,
765 2742 828 2761 ntnn
859 2735 892 2763 de
917 2737 998 2764 rebus

1057 2282 1112 2308 Καὶ
1129 2281 1186 2308 ἔστι
1198 2281 1246 2316 τῆς
1262 2281 1349 2316 αὐτῆς
1367 2280 1605 2316 ματαιοφροσύνης
1621 2282 1670 2315 τῆς
1688 2281 1753 2316 περὶ
1767 2281 1850 2316 ζητή-

1057 2335 1113 2358 σεις
1128 2326 1340 2362 ἀσχολουμένης,
1365 2326 1413 2353 καὶ
1431 2326 1463 2353 τὰ
1488 2326 1612 2361 μετέωρα
1632 2326 1848 2362 ὲμϐατευοὺσης,

1055 2373 1102 2399 καὶ
1116 2373 1149 2399 τὰ
1164 2373 1220 2400 ἄνω
1235 2372 1499 2408 περιεργαζομένης,
1523 2373 1569 2398 καὶ
1590 2372 1673 2407 μηδὲν
1691 2373 1794 2406 ἀγαθὸν
1807 2374 1849 2408 ἐρ-

1055 2418 1218 2454 γαζομένης.
1237 2417 1367 2454 Ἐροῦμεν
1383 2419 1437 2453 γὰρ
1455 2418 1523 2453 πρὸς
1542 2418 1657 2449 αὐτούς·
1680 2417 1766 2444 Πόθεν
1785 2418 1848 2452 ὑμῖν

1056 2465 1072 2500 ἠ
1088 2464 1200 2491 ὑπόνοια
1215 2464 1284 2499 αὕτη
1300 2463 1348 2490 τοῦ
1371 2463 1456 2490 ταῦτα
1473 2463 1666 2499 διανοηθῆναι;
1691 2463 1754 2489 Ἐὰν
1765 2464 1794 2490 δὲ
1811 2463 1848 2489 εῖ-

1055 2518 1152 2542 πωσιν,
1169 2510 1209 2536 ὅτι
1232 2509 1324 2540 Οὕτως
1349 2510 1460 2535 ἁπαιτεί
1480 2509 1510 2535 τὺ
1536 2509 1664 2544 φρόνημα
1689 2508 1845 2540 ἐξετάζειν·

1054 2556 1169 2591 λέγομεν
1183 2556 1230 2583 καὶ
1244 2556 1321 2582 αὐτοι
1331 2564 1337 2570 ·
1353 2555 1456 2583 Οὐκοῦν
1472 2555 1566 2589 λέγετε
1583 2556 1658 2591 ἡμῖν,
1676 2553 1698 2581 ὧ
1713 2552 1799 2586 οὗτοι,
1814 2555 1846 2581 τὰ

1054 2602 1159 2628 ἑαυτῶν
1182 2601 1333 2636 λογίζεσθε,
1352 2602 1368 2637 ἢ
1384 2602 1418 2628 ei
1435 2601 1481 2628 τοῦ
1501 2601 1588 2634 Θεοῦ;
1613 2599 1679 2627 Εἶτά
1696 2610 1779 2635 φασιν
1799 2601 1845 2635 ἀφ’

1054 2647 1168 2678 ἑαυτῶν,
1193 2646 1229 2678 ὡς
1247 2647 1367 2680 λογικοί·
1387 2647 1427 2672 Τὰ
1449 2646 1496 2672 τοῦ
1513 2646 1580 2672 Θεοῦ
1604 2645 1778 2680 λογιζόμεθα.
1795 2646 1844 2672 Οὐ-

1051 2693 1094 2719 δὲν
1111 2691 1157 2719 οὖν
1174 2692 1325 2719 διαλλάττει
1342 2692 1406 2723 Θεὸς
1422 2691 1471 2726 τῆς
1494 2691 1569 2726 ὑμῶν
1582 2692 1675 2724 ἕξεως,
1693 2691 1801 2725 φύσεώς
1816 2699 1842 2718 τε

1211 2732 1216 2740 ⁸
1384 2738 1390 2746 r

1053 2739 1098 2765 καὶ
1115 2739 1224 2771 οὐσίαςς
1243 2739 1306 2771 Ναὶ,
1324 2748 1415 2772 φασιν.

215 2779 322 2809 vrstris.
340 2787 372 2807 an
388 2781 422 2808 de
448 2781 502 2813 his,
530 2790 590 2816 quac
620 2782 652 2809 ad
685 2782 767 2810 Deum
792 2782 928 2817 pertinent
955 2785 991 2811 ita
1011 2786 1145 2823 cogitetis.
1170 2785 1383 2820 liesputtdebltnt
1408 2790 1500 2822 utpote
1524 2786 1629 2814 ratione
1655 2783 1783 2820 praediti,
1809 2782 1840 2810 dc

254 2859 386 2887 'Malath.
409 2869 448 2890 ιιι,
466 2859 491 2886 3.
532 2862 539 2875 ’
557 2861 649 2890 Matth.
670 2871 707 2895 xl,

814 2864 821 2878 ³
837 2864 920 2890 ἱξκιιιΙ.
938 2871 978 2897 111⁷
997 2864 1036 2890 Η.

1076 2862 1174 2890 "Joan.
1192 2871 1209 2896 ι,
1230 2864 1250 2889 l.
