1929 3039
168 171 179 178 ί
208 129 258 157 519

911 131 939 158 S.
955 129 1124 158 EPlI'iI.\NlI

1788 131 1846 161 5ἓο

207 187 296 222 ipsum
314 187 386 222 quod
404 192 455 218 est,
474 187 544 215 sicut
558 183 666 224 Moyses
683 186 752 216 dixit
767 198 774 216 :
793 188 846 222 Qui
858 194 908 221 est,
922 190 993 215 misit

1051 198 1097 216 νει.
1116 190 1153 216 Τὸ
1175 189 1202 215 δὲ
1221 189 1288 225 ὁμοῦ
1302 190 1350 225 οὐχ
1372 189 1420 216 ἕνα
1435 189 1515 216 πάλιν
1539 189 1678 225 σημαίνει,
1693 190 1762 216 ἀλλὰ
1786 191 1845 217 ἀπὸ

208 241 248 260 me
263 233 283 266 ',
297 233 383 268 inquit
398 232 430 259 ad
444 233 513 260 lilios
529 232 623 261 Israel.
637 233 730 269 Itaque
744 234 789 269 qui
806 238 859 266 est,
876 243 926 262 ens
942 239 994 266 est,

208 283 238 304 ut
262 278 299 305 ita
326 278 434 305 dicam:
453 279 505 306 hoc
529 283 618 306 autem
642 281 710 306 nihil
737 280 809 307 aliud
837 285 889 311 cst.
910 288 992 316 quam

207 324 370 351 substantia.
389 323 448 350 1am
471 324 604 359 particula
623 325 667 352 illa
683 325 751 360 ὁμοῦ
767 333 821 352 non
836 333 918 352 unum
946 326 995 352 ali-

208 377 287 404 quem
315 373 341 396 et
368 370 533 404 singularem
556 372 695 406 exprimit,
722 371 770 399 sed
797 372 824 398 in
851 371 995 407 ὁμοουσῐου

206 423 272 443 voce
282 416 335 442 duo
343 417 465 451 quaedam
485 417 511 443 in
527 417 621 445 eadem
634 418 753 445 essentia
771 417 892 452 perfecta
911 417 992 453 signi—

207 463 279 495 licat,
296 470 357 496 quae
376 470 424 490 nec
441 470 456 489 ιι
472 471 501 490 se
527 463 642 490 invicem
661 463 779 496 diversa,
805 471 855 490 nec
879 463 913 490 ab
935 463 995 490 uni-

207 513 261 537 tate
275 517 323 537 sua
339 510 394 537 sint
413 511 511 537 aliena.
529 510 597 542 Quid
619 511 640 538 si
665 511 773 546 pietatis
795 511 892 546 gratia,
912 514 995 546 atque

208 555 240 582 ad
269 557 482 584 consociandam
517 557 641 584 veritatis
667 556 864 592 prolessionem
894 563 995 583 novum

207 602 316 637 aliquod
333 603 497 629 vocabulum
515 611 647 638 usurpare
664 603 819 630 voluimus?
844 602 901 630 Nisi
923 602 995 630 enim

205 649 442 676 ronsubstantiale
457 649 521 676 illud
537 650 741 679 retinuerimus.
757 658 790 676 ex
804 649 932 677 omnibus
945 649 997 676 hce-

206 695 315 723 resibus
333 695 445 723 refutari
465 697 537 723 nulla
560 700 659 731 potest.
681 695 748 722 Nam
770 700 799 722 ut
821 704 935 731 serpens
954 695 997 722 bi-

206 741 320 769 tuminis
346 742 458 769 odorem
483 742 593 778 refugit,
619 746 666 769 aut
689 750 776 769 cerva)
801 741 926 774 halitum,
949 746 996 768 aut.

205 791 311 821 gagata:
330 787 429 822 lapidis
456 788 586 818 sumtum,
615 791 661 813 aut
686 787 802 823 styracis
818 788 932 819 fumum,
956 787 995 814 sic

205 832 287 860 Arius
302 837 328 860 et
343 833 477 861 Sabellius
491 833 727 860 consubstantialis
753 840 845 860 vocem
864 833 936 859 illan:
963 840 995 859 ac

1048 235 1095 261 τοῦ
1112 234 1257 270 ὁμοουσίου
1271 235 1318 261 δύο
1333 235 1459 270 σημαίνει
1475 234 1581 261 τέλεια·
1601 234 1658 261 ἀλλ’
1677 235 1729 261 οὐκ
1746 235 1841 261 ἀλλοῖα.

1047 280 1170 315 ἀλλήλων
1187 280 1271 310 ἐστὶν,
1284 279 1344 306 οὐδὲ
1357 279 1484 315 ἀλλότρια
1493 280 1542 314 τῆς
1557 279 1645 305 αὐτῶν
1655 280 1792 315 ἑνότητός.
1806 280 1841 305 Εἰ

1047 325 1076 352 δὲ
1099 324 1277 361 ἐχρησάμεθα
1301 324 1440 356 εὐσεϐείας
1463 325 1542 360 χάριν
1566 324 1620 350 τινὶ
1643 323 1715 357 λέξει
1732 323 1778 350 διὰ
1793 324 1842 350 τὸν

1049 372 1196 406 σύνδεσμον
1215 373 1266 407 τῆς
1287 370 1425 406 ἀληθείας.
1444 371 1524 396 ’Δνευ
1551 370 1604 406 γὰρ
1625 370 1672 396 τοῦ
1697 369 1843 405 ὁμολογεῖν

1047 419 1199 454 όμοούσιον,
1216 418 1325 445 πάντων
1342 417 1352 432 ⁸
1369 417 1500 452 αἱρέσεων
1515 416 1546 442 οὑ
1558 416 1670 443 δύναται
1682 414 1752 442 εἶναι
1764 415 1843 449 ἐλεγ-

1047 472 1103 498 χος.
1118 463 1222 498 ’Ὠσπερ
1243 461 1298 497 γὰρ
1315 462 1389 496 μισεῖ
1406 462 1420 487 ὁ
1436 461 1497 496 ὄφις
1511 461 1559 496 τὴν
1572 461 1659 496 ὀσμὴν
1672 459 1722 496 τῆς
1736 461 1843 495 ἀσφάλ-

1047 517 1105 541 του,
1123 509 1169 535 καὶ
1182 509 1232 543 τὴν
1248 508 1332 542 πνοὴν
1344 507 1394 541 τῆς
1415 507 1525 541 ἐλάεςου,
1542 507 1588 533 καὶ
1599 506 1629 532 τὸ
1649 506 1776 541 θυμίαμα
1793 505 1842 532 τοῦ

1047 555 1168 590 γαγάτου
1182 554 1268 584 λίθου,
1284 553 1330 580 καὶ
1343 553 1373 580 τὸ
1385 553 1528 588 κάπνισμα
1544 552 1591 578 τώ
1603 551 1737 588 στύρακος
1748 562 1754 567 ·
1769 552 1843 578 οὕτω

1048 603 1094 629 καὶ
1109 603 1216 638 ’Λρειος
1225 601 1270 627 καὶ
1280 599 1422 631 Σαῦέλλιος
1436 601 1509 635 μισεῖ
1521 598 1565 626 τὸν
1577 599 1655 633 λόγον
1668 599 1718 633 τῆς
1734 600 1763 624 ἐν
1778 599 1842 633 ἀλη-

1048 648 1108 684 θείᾳ
1135 647 1280 683 ὁμολογίας
1303 646 1349 673 τοῦ
1372 645 1545 680 diruet-olori.
1565 644 1645 671 Ὰλλὰ
1670 644 1717 670 καὶ
1747 645 1842 675 αὐτοῖς

1047 694 1163 730 ἐροῦμεν
1176 701 1182 708 ·
1199 693 1230 719 Εἰ
1245 692 1291 719 καὶ
1310 692 1346 727 μὴ
1362 686 1396 727 ἦν
1410 692 1426 727 ἡ
1447 691 1519 723 λέξις
1538 691 1567 717 ὲν
1583 691 1641 722 ταῖς
1662 689 1748 722 θείαις
1767 690 1842 725 Γρα-

1047 737 1110 775 qui;
1133 739 1201 775 (ἐστι
1224 738 1264 770 δὲ,
1301 739 1348 765 καὶ
1374 737 1466 772 σαφῶς
1486 736 1608 771 ἔγκειται
1631 737 1660 763 ὲν
1679 736 1767 771 νόμῳ,
1794 736 1845 762 καὶ

1048 785 1124 821 παρὰ
1137 784 1295 815 ἀποστόλοις
1308 783 1355 810 καὶ
1378 784 1433 811 τοῖς
1451 783 1617 816 προφήταις.
1639 781 1689 808 Ἐκ
1712 783 1767 817 γὰρ
1788 781 1848 808 δύο

1044 832 1202 867 μαρτύρων
1219 831 1238 865 ἣ
1254 829 1341 864 τριῶν
1353 829 1535 864 σταθήσεται
1548 828 1610 856 πᾶν
1617 827 1720 863 ῥῆμα).

207 879 404 912 professionem
419 879 594 907 vehementer
614 879 742 906 oderunt.
768 879 820 906 Sed
844 879 880 905 ita
897 879 1030 906 adversus
1055 879 1116 906 illos
1142 885 1276 913 agemus:
1309 877 1439 910 Quamvis
1466 883 1600 910 nusquam
1617 875 1642 902 in
1667 875 1754 901 sacris
1785 873 1844 900 Lit-

207 927 272 953 teris
296 934 326 952 ea
360 934 413 953 vox
433 930 555 956 exstaret
579 927 655 961 (qua:
693 934 788 954 revera
819 932 908 954 tamen
933 931 1022 954 exstat

1050 932 1132 962 atque
1156 926 1182 953 in
1212 927 1278 962 lege,
1302 930 1330 953 et
1359 925 1562 960 apostolorum,
1589 931 1620 950 ac
1647 922 1844 958 prophetarum

206 973 317 1007 scriptis
333 973 476 1000 manifeste
493 974 647 1009 reperitur:
667 974 772 1001 Duobus
788 982 870 1009 [orro
883 974 922 1001 vel
939 975 1021 1002 tribus
1039 975 1146 1002 testibus
1160 979 1211 1001 stat
1226 981 1301 1000 omne
1316 973 1418 1000 verbum
1434 972 1466 1008 ¹).

243 1017 295 1046 Sed
310 1022 338 1045 ut
367 1019 439 1046 nulla
456 1019 515 1054 ejus
532 1021 634 1048 mentio
651 1021 743 1052 fleret,
761 1021 866 1055 liceret,
884 1022 993 1057 opinor,
1010 1027 1031 1055 Β

206 1063 240 1091 ad
268 1063 346 1091 [idem
371 1065 624 1098 corroboi‘andam,
665 1072 846 1102 opportunam
877 1069 995 1103 aliquam

206 1115 287 1146 atque
304 1111 397 1138 utilem
426 1119 519 1139 vocem
541 1112 634 1139 studio
649 1114 759 1148 pietatis
780 1121 922 1148 usurpare.
942 1112 997 1139 \‘os

207 1160 296 1184 autem
314 1156 381 1191 quid
413 1158 521 1185 tandem
537 1158 651 1186 dicitis?
679 1158 766 1187 Velim
792 1159 858 1187 illud
876 1159 940 1186 mihi
955 1167 998 1186 re—

207 1201 383 1236 spondeatis,
412 1210 473 1237 qua:
498 1203 534 1230 sit
562 1208 654 1230 vestra
683 1203 716 1231 de
742 1202 823 1231 Patre
849 1204 996 1231 sententia.

207 1247 290 1275 Estne
303 1252 332 1275 ut
343 1248 493 1276 increalum
513 1250 589 1276 illum
599 1250 788 1278 existimemus
803 1249 944 1278 ?0mnino
961 1250 998 1276 ita

207 1299 268 1319 csse
285 1292 421 1319 intendant
438 1297 489 1321 est.
504 1293 571 1326 Quis
588 1295 660 1322 enim
691 1295 759 1322 adeo
784 1295 886 1322 stultus
903 1299 953 1325 cst.
969 1298 999 1321 ut

208 1346 239 1364 ca
252 1338 286 1365 de
302 1346 331 1365 I'c
345 1338 470 1366 dubitet?
484 1339 562 1372 Quis,
588 1341 710 1375 inquam,
731 1341 772 1368 sic
785 1341 877 1368 animo
891 1340 999 1376 percul-

208 1390 256 1410 sus
269 1391 300 1410 ac
309 1392 426 1412 vesanus
440 1391 491 1417 est,
503 1389 532 1412 ut
542 1385 625 1413 Deum
639 1391 665 1414 et
678 1386 784 1413 Patrem
793 1386 899 1414 Domini
912 1386 997 1414 nostri

210 1427 275 1456 Jesu
293 1430 395 1457 Christi
411 1431 561 1458 int-reatum
576 1440 636 1459 esse
655 1440 708 1459 non
721 1432 843 1467 judicet?
855 1431 909 1459 Vos
926 1432 998 1459 enim

210 1474 303 1510 utique
336 1483 390 1503 non
408 1477 513 1511 negatis
527 1477 678 1512 ingenitum
708 1477 797 1510 ipsum
822 1485 893 1509 esse,
912 1482 939 1503 ct
961 1478 999 1502 in-

209 1523 342 1554 creatum,
359 1525 464 1556 atquca
476 1523 551 1548 nullo
564 1522 738 1557 productum.
755 1521 848 1557 Neque
865 1522 936 1550 enim
952 1521 1000 1548 Pa-

210 1569 280 1593 trem
296 1566 387 1598 habet,
405 1568 451 1602 qui
464 1567 500 1594 sit
513 1567 572 1602 ipso
588 1568 664 1603 prior
674 1589 682 1601 ,
698 1576 784 1603 neque
797 1568 938 1595 deﬁnitum
951 1575 999 1594 an-

209 1618 307 1638 norum
321 1612 450 1646 spatium,
469 1616 516 1639 aut
531 1613 616 1640 ullum
631 1613 737 1640 dierum
754 1613 873 1644 initium,
888 1617 918 1640 ut.
930 1613 1001 1640 Scri-

209 1662 288 1691 ptura
309 1657 429 1693 loquitur
447 1659 468 1687 ³.
489 1658 516 1686 Si
536 1659 619 1695 igitur
634 1667 722 1695 neque
736 1659 900 1695 principium
918 1660 999 1686 habet

1083 1023 1178 1058 Ὅμως
1194 1022 1253 1055 ἐξὸν
1269 1019 1302 1056 ἦν
1317 1021 1381 1056 ἡμῖν
1396 1021 1430 1046 δι’
1444 1019 1585 1046 εὐσέϐειαν
1597 1017 1750 1054 χρήσασθαι
1767 1017 1844 1050 λέξει

1051 1067 1184 1104 χρησίμῃ,
1197 1065 1459 1101 ὲπασφαλιζομένοις
1469 1065 1518 1101 τὴν
1534 1064 1612 1099 ἁγίαν
1629 1063 1729 1090 πίστιν.
1747 1063 1847 1098 Ὑμεῖς

1048 1114 1076 1140 δὲ
1089 1114 1116 1140 τί
1135 1122 1219 1148 (pass;
1238 1113 1339 1147 Λέγε-ιε
1353 1113 1407 1148 γὰρ
1424 1113 1499 1148 ἡμῖν,
1509 1106 1621 1141 ὼοῦτοι,
1636 1110 1662 1137 τί
1673 1110 1764 1144 λέγετε
1779 1109 1848 1145 περὶ

1049 1157 1096 1184 τοῦ
1123 1158 1246 1194 Πατρός;
1266 1158 1409 1189 Ἀκτιστος
1430 1158 1443 1183 ό
1463 1157 1570 1192 Πατήρ;
1594 1156 1705 1187 Πάντως
1730 1155 1771 1181 ὅτι
1786 1155 1846 1181 ναί.

1048 1205 1096 1235 Τίς
1126 1204 1180 1239 γὰρ
1209 1203 1329 1239 ἠλίθιος.
1362 1204 1406 1230 ἵνα
1433 1202 1598 1238 ἀμοιϐάλλοι
1633 1201 1696 1237 περὶ
1726 1201 1846 1234 τούτους

1048 1249 1127 1280 Ποῐος
1145 1249 1174 1275 δὲ
1196 1248 1379 1284 ἐμϐρόντητος
1394 1247 1553 1282 λογίσασθαι
1569 1247 1605 1283 μὴ
1631 1245 1699 1272 εἶναι
1715 1246 1846 1273 ἄκτιστον

1048 1295 1094 1321 τὸν
1122 1294 1206 1327 Θεὸν,
1232 1294 1279 1320 καὶ
1305 1294 1415 1329 Πατέρα
1440 1293 1487 1320 τοῦ
1514 1292 1616 1328 Κυρίου
1643 1292 1720 1327 ἡμῶν
1753 1291 1845 1327 Ἰησοῦ

1048 1339 1185 1376 Χριστοῦ;
1211 1340 1323 1371 Πάντως
1349 1339 1403 1376 γὰρ
1428 1339 1475 1366 καὶ
1500 1339 1577 1365 αὐτοὶ
1603 1338 1768 1373 ὁμολογεῖτε,
1802 1338 1848 1364 ὅτι

1049 1385 1210 1420 ἀγέννητος,
1227 1384 1274 1410 καὶ
1290 1384 1425 1416 ἄκτιστος,
1442 1385 1487 1410 καὶ
1503 1384 1643 1419 ἀγένητος.
1665 1384 1702 1409 Οὐ
1718 1383 1771 1418 γὰρ
1787 1382 1847 1417 ἔχει

1050 1431 1103 1466 πρὸ
1117 1430 1200 1457 αὑτοῦ
1216 1430 1334 1465 Πατέρα,
1346 1430 1406 1456 οὐδὲ
1420 1430 1546 1464 ὁρισμὸν
1560 1429 1643 1460 ἐτῶν,
1656 1428 1727 1455 οὐδὲ
1743 1429 1847 1462 ἀρχὴν

1049 1475 1176 1511 ἡμερῶν,
1193 1475 1263 1502 κατὰ
1285 1475 1316 1501 τὸ
1332 1475 1534 1510 γεγραμμένον.
1555 1475 1586 1501 Εἰ
1602 1474 1692 1501 τοίνυν
1707 1473 1769 1500 οὔτε
1794 1475 1848 1507 ἀρ-

1050 1520 1084 1556 χὴ
1093 1521 1187 1557 χρᾶνου
1200 1520 1284 1556 αὐτῷ,
1293 1519 1355 1547 οὔτε
1365 1520 1450 1551 τέλος,
1463 1521 1642 1555 ὁμολογεῖται,
1654 1520 1694 1546 ὅτι
1706 1520 1846 1550 ﬁxus-10;,

1050 1568 1096 1594 καὶ
1111 1567 1294 1603 ἀναμφίϐολόν
1307 1568 1391 1594 ἐστιν.
1409 1566 1534 1602 Οὐδαμοῦ
1545 1567 1573 1593 δὲ
1590 1567 1653 1603 περὶ
1665 1566 1748 1593 αὐτοῦ
1764 1567 1848 1592 τοῦτο

1050 1615 1214 1650 γέγραπται.
1236 1614 1384 1646 Εὑσεὸεἰας
1402 1613 1430 1640 δὲ
1444 1614 1523 1649 χάριν
1536 1614 1747 1649 ἀναγκαζόμεθα
1759 1613 1847 1640 ταῦτα

1051 1660 1169 1692 εὐσεϐῶς
1187 1661 1250 1696 περὶ
1276 1660 1358 1686 αὐτοῦ
1385 1661 1492 1696 φρονεῖν
1509 1668 1538 1686 τε
1561 1660 1607 1686 καὶ
1625 1660 1725 1693 λέγειν,
1748 1660 1799 1685 κᾶν
1815 1668 1846 1685 τε

208 1704 340 1738 temporis
356 1705 451 1738 ullum,
469 1713 557 1741 neque
573 1706 664 1739 ﬁnem,
677 1707 703 1733 in
712 1705 840 1734 confesso
850 1710 902 1738 est,
919 1711 999 1741 atque

1053 1706 1090 1741 μὴ
1137 1704 1339 1741 γεγραμμένον.
1358 1704 1451 1735 Οὕτως
1467 1703 1498 1730 τὸ
1519 1704 1583 1738 περὶ
1599 1703 1647 1730 τοῦ
1667 1703 1845 1738 (ignouerit/1;,

209 1753 285 1776 extra
312 1758 420 1778 omnem
454 1753 687 1786 controversiam,
724 1753 850 1780 eumdem
880 1760 895 1780 a
924 1753 1000 1779 nullo

209 1800 332 1824 creatum
362 1797 458 1825 fuisse.
475 1799 556 1833 Atqui
574 1806 709 1834 nusquam
731 1799 764 1826 de
779 1807 812 1826 eo
831 1803 873 1826 est
890 1799 1000 1833 scripzis

211 1841 278 1869 illud
295 1850 468 1878 expressum.
483 1844 607 1872 'Vcrbum
633 1845 753 1880 pietatis,
773 1851 802 1872 ut
816 1845 884 1876 dixi,
898 1844 999 1876 studio,

210 1887 337 1922 religiose
350 1888 407 1916 lucc
420 1889 454 1916 de
479 1890 538 1924 ipso
561 1894 587 1917 et
604 1891 707 1918 sentire
719 1896 746 1918 et
760 1891 910 1925 praedicare
920 1891 1000 1925 ,cogi-

211 1942 282 1965 mur,
297 1935 359 1962 licet
371 1936 437 1963 nihil
451 1936 488 1964 sit.
498 1936 633 1971 ejusmodi
646 1937 790 1972 scriptum.
804 1936 904 1964 Eodem
919 1935 1001 1963 modo

210 1982 319 2007 tametsi
339 1981 451 2008 nulloin
468 1980 684 2016 Scripturaeloco
699 1989 751 2009 vox
769 1982 813 2008 illa
830 1981 1002 2008 consubstan-

212 2025 294 2056 tiulis,
311 2025 414 2053 diserte
430 2031 511 2061 atque
527 2027 665 2062 expressis
689 2027 787 2054 litteris
801 2027 1000 2058 contineretur,

212 2078 263 2098 nos
279 2071 316 2098 uti
332 2077 421 2099 tamen
438 2073 484 2099 illa
503 2080 616 2100 necesse
634 2077 803 2108 putaremus,
823 2074 1001 2108 quantumvis

1051 1751 1263 1786 ἀναγκαζόμεθα
1290 1751 1389 1784 λέγειν,
1418 1751 1442 1776 εί
1465 1750 1512 1776 καὶ
1536 1749 1573 1784 μὴ
1595 1747 1629 1785 ἦν
1652 1749 1848 1784 γεγραμμένον

1051 1798 1122 1825 κατὰ
1135 1798 1184 1833 τὴν
1202 1797 1270 1823 ἰδίαν
1287 1796 1423 1831 γλῶσσαν,
1442 1796 1511 1831 μετὰ
1524 1796 1663 1831 στενωπῆς
1678 1795 1732 1821 τῶν
1746 1794 1844 1829 λόγων,

1051 1845 1075 1871 εἰ
1096 1844 1142 1870 καὶ
1162 1843 1245 1876 δόξειε
1265 1842 1344 1868 τοῦτο
1361 1840 1431 1869 εἶναι
1448 1841 1518 1877 ὑπὲρ
1535 1840 1619 1876 ἡμᾶς,
1639 1841 1686 1868 καὶ
1702 1840 1773 1875 ὑπὲρ
1797 1840 1846 1875 τὴν

1051 1889 1128 1924 ἡμῶν
1143 1887 1224 1922 φύσιν
1248 1887 1279 1914 τὸ
1307 1887 1354 1914 ἐπὶ
1373 1886 1440 1913 Θεοῦ
1468 1886 1650 1920 διαλέγεσθαι.
1674 1885 1744 1911 Ἀλλ’
1770 1885 1846 1919 ὅμως

1051 1934 1130 1966 αὐτὸς
1153 1934 1168 1960 ὁ
1185 1933 1285 1968 Κύριος
1301 1933 1557 1968 συγγνωμονήσειεν
1575 1933 1650 1967 ἡμῖν,
1673 1931 1846 1966 βουλομένοις

1050 1983 1099 2017 οὐχ
1116 1981 1184 2018 ὑπὲρ
1208 1980 1333 2016 θεότητος
1355 1979 1558 2013 ἀπολογεῖσθαι,
1575 1979 1625 2014 τῆς
1642 1977 1781 2008 ἀνενδεοῦς
1799 1977 1846 2003 οὖ-

1051 2035 1101 2062 σης
1116 2028 1165 2061 τῆς
1178 2025 1256 2061 ἡμῶν
1271 2024 1426 2055 συστάσεως
1437 2024 1443 2050 ί
1467 2023 1547 2050 Ἀλλὰ
1559 2023 1600 2050 δεῖ
1611 2022 1730 2053 εὖσεὸὦς
1743 2021 1846 2055 λέγειν,

1051 2072 1098 2099 καὶ
1114 2070 1234 2102 εὐσεϐῶς
1251 2072 1332 2103 νοεῖν,
1349 2070 1393 2096 ἵνα
1409 2070 1446 2105 μὴ
1463 2069 1637 2104 ἀπολώμεθα.

212 2118 244 2145 de
262 2118 315 2146 Deo
329 2119 470 2154 disputare
485 2128 568 2155 supra
581 2128 631 2148 nos
645 2129 677 2148 ac
695 2125 800 2149 natura:
827 2125 928 2149 nostra:
958 2121 1143 2148 conditionem
1170 2129 1231 2149 esse
1259 2121 1409 2148 videretur.
1437 2119 1623 2147 Nihilominus
1644 2123 1736 2145 tamen
1766 2117 1847 2144 facile

211 2164 295 2200 798
310 2166 389 2193 nobis
401 2159 614 2202 benignissimus
630 2166 762 2198 Dominus
777 2167 884 2195 veniam
912 2166 1088 2198 concederet,
1103 2167 1150 2202 qui
1164 2175 1218 2194 non
1244 2167 1270 2194 id
1296 2166 1499 2198 affectaremus,
1533 2170 1563 2192 ut
1585 2165 1750 2196 divinitatis,
1783 2171 1845 2199 qua!

213 2211 340 2245 praesidio
353 2217 450 2239 nostro
471 2219 503 2239 ac
519 2212 728 2240 confirmatione
750 2221 803 2240 non
819 2217 891 2248 eget,
923 2213 1107 2248 patrocinium
1141 2213 1357 2248 susciperemus.
1386 2211 1440 2239 Sed
1463 2212 1593 2239 nimirum
1616 2211 1650 2238 de
1675 2210 1777 2237 divinis
1806 2219 1847 2237 re-

212 2259 265 2286 bus
287 2260 329 2291 pie
347 2260 421 2295 loqui
450 2267 482 2287 ac
499 2260 601 2288 sentire
620 2268 671 2288 nos
692 2265 809 2296 oportet.
825 2268 860 2288 ne
883 2261 1003 2296 pessime
1023 2268 1178 2297 pereamus.

247 2304 339 2332 LXXI.
370 2305 552 2338 Quamobrem
578 2306 754 2341 respondete,
787 2314 891 2342 quaso,
909 2307 1000 2339 nobis,

1090 2307 1152 2334 ΟΧ.
1173 2306 1269 2333 Τοίνυν
1282 2305 1451 2342 ἀποκρίθητέ
1467 2306 1545 2341 ἡμῖν,
1563 2305 1588 2331 οἱ
1598 2303 1645 2331 τοῦ
1670 2304 1776 2339 Ἀρείου
1795 2312 1847 2338 μα-

214 2353 270 2380 Arii
290 2352 410 2381 fautores
426 2361 458 2380 ac
469 2354 608 2389 discipuli,
625 2361 686 2381 cum
707 2354 857 2390 ingenitum
873 2361 906 2382 ex
923 2362 999 2389 azquo

1056 2353 1151 2388 θηταί·
1170 2353 1317 2388 ἀγέννητον
1330 2352 1447 2387 λέγομεν
1463 2351 1562 2383 πάντες
1583 2350 1651 2386 ὁμοῦ
1666 2349 1712 2376 τὸν
1725 2350 1848 2385 Πατέρα,

214 2398 323 2426 Patrem
345 2406 441 2427 omnes
454 2399 659 2435 increatumque
679 2400 824 2431 fateamur,
848 2399 938 2434 sitque
954 2400 1003 2426 ad-

215 2443 349 2470 mirabilis
374 2444 419 2471 illa
446 2444 569 2479 profecto
590 2445 685 2479 dictio,
708 2445 819 2472 ubinam
835 2449 878 2472 est
901 2445 1003 2480 scripto

215 2490 376 2518 nominatim
404 2491 552 2526 expressa?
578 2490 700 2519 Proferte
715 2491 815 2523 locum,
839 2491 861 2518 si
878 2492 1003 2526 potestis.

215 2535 308 2571 Neque
322 2536 393 2563 enim
413 2541 461 2564 aut
485 2537 512 2564 in
536 2537 595 2572 lege
613 2542 855 2569 commemoratur,
873 2542 919 2564 aut
932 2537 1003 2572 apud

216 2584 373 2618 prophetas,
389 2587 435 2610 aut
464 2583 491 2610 in
506 2583 663 2618 Evangelio.
688 2587 734 2610 aut
761 2583 787 2610 in
817 2584 1003 2618 apostolorum

215 2629 333 2665 denique
361 2629 556 2657 monumentis.
577 2629 654 2662 Quod
674 2630 697 2657 si
717 2630 880 2657 vocabulum
895 2631 1004 2665 aliquod

217 2683 352 2710 nusquam
380 2676 491 2710 scriptis
508 2682 668 2710 expressum
686 2683 820 2710 usurpare
837 2675 910 2708 licet,
923 2676 1005 2711 idque

217 2720 457 2755 proptcrdivinam
485 2720 600 2754 gloriam
622 2725 783 2755 usurpatum
800 2722 1003 2756 amplectuntur

214 2772 311 2793 omnes
346 2771 373 2792 ct
396 2765 558 2800 approbant,
583 2765 646 2801 quis
669 2773 719 2794 nos
747 2774 878 2794 accusare
905 2767 1003 2795 merito

253 2841 262 2858 ‘
282 2842 368 2870 Exod.
387 2849 429 2875 tu,
449 2843 488 2869 ll.
530 2844 538 2859 '
554 2842 632 2872 Deut.
651 2852 705 2876 λιιι,
724 2844 772 2878 lii;
788 2844 881 2871 .‘latth.
895 2853 971 2878 xvm,
990 2845 1031 2871 16.

1052 2400 1100 2426 καὶ
1119 2399 1257 2429 ἄκτιστον.
1276 2399 1322 2425 καὶ
1336 2398 1480 2434 θαυμαστὴ
1501 2399 1517 2433 ἡ
1535 2397 1608 2430 λέξις
1632 2396 1769 2432 δηλονότι·
1797 2396 1848 2423 ποῦ

1052 2445 1141 2472 τοίνυν
1158 2445 1313 2480 γέγραπται
1336 2444 1432 2477 τοῦτο;
1457 2443 1565 2476 Δείξατε
1587 2443 1633 2470 τὸν
1657 2443 1750 2469 τόπον.
1779 2443 1848 2470 οὔτε

1052 2490 1106 2526 γὰρ
1122 2491 1203 2526 νόμος
1217 2490 1337 2526 εἴρηκεν.
1350 2489 1412 2516 οὔτε
1426 2489 1576 2526 προφῆται,
1589 2489 1651 2516 οὔτε
1668 2489 1848 2522 Εὺατγέλιον,

1053 2536 1115 2564 οὔτε
1138 2537 1291 2564 ἀπόστολοι.
1312 2538 1344 2564 Et
1356 2537 1445 2563 τοίνυν
1459 2536 1578 2568 εὐσεϐῶς,
1593 2537 1709 2571 λέγομεν
1723 2536 1799 2569 λέξιν
1813 2537 1850 2571 μὴ

1055 2584 1261 2620 γεγραμμένην,
1283 2584 1330 2610 καὶ
1353 2583 1426 2610 ἐστιν
1440 2583 1576 2618 ἀποδεκτὴ
1593 2583 1662 2618 ὑπὲρ
1677 2581 1757 2617 δόξης
1781 2582 1849 2608 Θεοῦ

1053 2629 1208 2664 λεγομένη⁹
1226 2629 1268 2660 τίς
1294 2629 1359 2664 ἡμῖν
1383 2629 1566 2663 ἐγκαλέσειεν,
1584 2629 1607 2655 εἰ
1630 2627 1678 2654 καὶ
1705 2627 1743 2663 μὴ
1769 2625 1804 2663 ἦν
1822 2628 1851 2654 τὸ

1053 2674 1194 2710 ὀμοούσιον
1208 2675 1410 2710 γεγραμμένον,
1420 2675 1555 2710 εὑρόντων
1573 2674 1651 2710 ἡμῶν
1667 2674 1758 2707 λόγον,
1772 2673 1806 2700 δι’
1820 2670 1850 2699 οὺ

1052 2722 1130 2756 λόγου
1147 2722 1319 2757 δυνησόμεθα
1336 2722 1366 2748 τὺ
1382 2721 1500 2756 ἀσφαλὲς
1515 2721 1681 2757 ὁμολογῆσαι
1699 2721 1749 2756 τῆς
1771 2720 1850 2755 ἡμῶν

1054 2767 1208 2802 σωτηρίας;
1235 2767 1291 2793 ἀλλ’
1316 2768 1369 2794 εἰσὶ
1388 2768 1537 2803 μαρτυρίαι
1559 2768 1627 2803 μετὰ
1648 2765 1758 2794 καὶτοῦ
1774 2765 1849 2794 £665-

1072 2846 1081 2859 ³
1103 2844 1184 2872 llcbr.
1203 2853 1250 2877 vlt,
1266 2844 1292 2871 5.
1331 2846 1339 2860 ‘
1358 2844 1386 2871 l".
1404 2845 1522 2876 παντως.
