1929 3039
62 153 110 182 Sil
376 154 562 183 ADVERSUS
580 155 751 183 llﬁRESES
770 156 833 183 LIB.
854 156 886 183 ll.
907 155 988 183 T0,“.
1010 155 1040 182 Il.
1061 171 1095 176 —-
1114 153 1250 183 liA'IllES.
1264 154 1367 185 LXIX.
1637 158 1688 186 δαὶ-2

61 211 126 243 ῦοῦς
153 210 303 246 λογισμοῦ,
331 211 362 238 αῖ
390 221 420 238 τε
454 213 672 249 προτεταγμέναι
703 215 750 241 καὶ
778 215 845 242 ἄλλα

905 214 1003 249 possit,
1026 213 1048 240 si
1067 222 1128 240 ctnn
1145 222 1196 240 vox
1213 214 1259 240 tlla
1279 211 1516 240 consubstantialis
1542 211 1636 238 nullibi
1651 211 1693 238 di-

61 257 185 289 πλειους.
202 257 410 293 Παρελεὺσομαι
427 258 454 285 δὲ
469 261 516 285 καὶ
532 259 634 295 ταύτην
646 259 695 295 τὴν
710 259 792 292 λέξιν,
808 261 848 286 κατ

907 263 979 287 sorte
1011 259 1112 294 scripta
1131 259 1277 291 videretur,
1306 266 1357 285 nos
1376 257 1512 292 ejusmodi
1530 257 1691 284 vocabulum

50 291 110 334 ξτάς
123 302 208 334 ἄλλας
223 303 313 330 αὐτῶν
328 303 375 330 τοῦ
389 304 537 340 δελεασμοῦ
559 305 630 332 κατὰ
645 305 699 332 τῶν
718 305 848 341 ἀκεραίω1

906 291 1077 340 excogitasse
1092 303 1256 334 diceremus,
1273 311 1321 338 per
1339 303 1412 337 quod
1429 303 1576 330 salutarem
1591 302 1692 329 doctri—

59 348 213 384 λεγομένας
228 350 257 375 ὲν
282 349 341 385 Θεῷ
356 350 480 385 ἀναξανῶ
504 352 597 386 ῥήσεις
609 360 638 377 τε
655 352 700 378 καὶ
721 351 848 383 ὲπινοέαςη

907 358 980 382 nam,
999 351 1033 377 ab
1055 350 1128 377 omni
1146 349 1267 384 periculo
1284 349 1386 376 erroris
1402 349 1550 375 innnunem
1568 347 1692 383 pzoliteri

60 396 227 430 possemus?
251 395 352 424 Verum
378 398 412 424 ad
441 398 515 433 piunt
541 399 618 426 illum
657 400 870 434 religiosumqne
900 406 1010 426 sensum
1036 397 1186 433 Scriptura:
1212 397 1323 432 insuper
1342 395 1520 425 auctoritates
1546 395 1690 426 accedunt,

60 450 124 469 cum
142 450 157 469 a
176 451 220 470 1110
239 449 461 472 commemoratio
476 445 686 478 llﬂt'lCltll5,llllll
704 446 859 480 complures
873 445 941 472 alite.
964 444 1016 472 Sed
1034 445 1090 479 jam
1107 444 1141 471 ab
1167 443 1249 478 hujus
1279 444 1331 470 loci
1361 445 1521 470 tractatione
1541 442 1689 474 discedam,

60 496 90 517 ut
104 490 139 517 ad
154 490 223 518 alias
239 489 388 526 Scriptura:
410 494 559 520 sententias
577 497 603 521 et
623 498 783 529 argumenta
813 493 986 521 discutienda
1004 501 1046 520 me
1074 492 1225 524 conferam,
1256 500 1324 526 quas
1345 492 1417 519 velut
1448 492 1590 519 illecebras
1620 490 1692 516 rudi-

59 537 112 565 bus
127 545 160 564 ac
178 538 348 573 simplicibus
363 539 508 573 objiciunt.

95 585 156 612 οβ’.
178 586 293 620 Λέγουσι
311 587 366 622 γὰρ
388 587 469 614 πάλιν
481 587 519 623 (2)
534 588 557 614 oi
571 587 648 616 αὐτοὶ
672 587 740 623 μετὰ
758 588 851 614 πασῶν

59 628 97 658 ὧν
120 631 176 658 ἀπὸ
199 632 244 658 τοῦ
271 628 431 659 ’Λποστόλου
450 633 568 660 καὶτῶν
585 633 759 667 Εὑαγγελιων
782 633 851 659 κατά

58 678 104 703 τὸν
121 677 184 704 νοῦν
201 677 290 704 αὐτῶν
312 678 540 714 παραφθείρουσι,
566 678 659 710 κακῶς
676 678 852 710 ὑπονοοῦντες

58 723 157 755 λέξεις,
171 724 219 750 καὶ
233 723 334 759 ταύτην
349 725 388 755 εἰς
406 724 487 759 μέσον
502 725 629 761 φέροντες
642 725 695 752 ἀπὸ
709 724 755 751 τοῦ
770 725 850 750 Ἀπο-

59 768 166 801 στόλου,
177 768 214 800 ὡς
227 769 332 804 εἴρηται
348 769 377 795 ὲν
390 770 422 804 τῇ
435 770 502 806 πρὸς
518 769 676 805 Κορινθίους
696 769 851 804 Ἐπιστολῇ,

57 814 87 840 ὲν
101 814 140 849 τῷ
158 814 223 849 περὶ
239 813 344 849 νεκρῶν
361 815 536 846 ἀναστάσεως
552 815 699 850 κεφαλαίῳ.
718 815 761 846 Ὠς
784 814 851 842 καθ-

940 582 1045 611 ωιχυ.
1072 583 1177 610 Etenim
1208 583 1279 610 inter
1301 583 1353 610 alia
1370 591 1509 610 sacrartnn
1526 583 1690 611 Litterarum

905 629 1071 662 testimonia,
1083 637 1143 663 quae
1153 636 1185 655 ex
1197 628 1328 664 Apostolo
1345 633 1372 656 et
1386 628 1540 664 Evangeliis
1561 631 1594 656 ad
1611 639 1691 659 suum

905 681 1015 702 sensum
1044 674 1200 710 depravata,
1228 682 1260 702 ac
1275 682 1416 710 perperam
1440 675 1576 702 intellecta
1603 675 1692 710 profe-

903 725 979 753 runt,
1005 721 1058 748 hoc
1084 721 1200 756 insuper
1219 729 1252 749 ex
1281 722 1412 756 Apostolo
1438 722 1517 749 nobis
1546 723 1690 757 objiciunt,

904 767 977 802 quod
995 767 1021 794 in
1037 767 1155 802 Epistola
1171 766 1204 794 ad
1216 767 1372 795 Corinthios
1387 767 1494 802 legitur,
1511 769 1556 795 ubi
1572 769 1606 796 de
1617 777 1691 795 mor-

905 815 1016 839 tuorum
1032 812 1236 840 resurrectione
1251 812 1382 847 disputat.
1399 812 1443 840 Sic
1461 815 1532 840 cnim
1551 814 1690 849 loquitur:

57 860 121 895 εξῆς
153 869 237 895 φησιν
249 868 255 874 ·
272 859 344 889 Εἶτα
360 861 392 888 τὸ
409 861 505 894 τέλος,
530 862 603 888 ὅταν
624 861 775 895 παραδιδῷ
794 861 848 896 τὴν

904 856 1004 884 Deinde
1027 857 1101 892 ﬁnis,
1129 865 1189 885 cum
1209 857 1348 884 tradiderit
1369 866 1474 893 regnum
1495 858 1549 885 Deo
1565 864 1589 886 ct
1602 858 1690 892 Patri,

55 905 222 937 βασιλείαν
240 904 280 938 τῷ
299 904 360 938 Θεῷ
385 905 434 932 καὶ
457 906 559 940 Harp),
586 906 658 933 ὅταν
674 906 850 941 καταργήσῃ

56 949 162 978 πᾶσαν
171 950 281 985 ἀρχὴν,
297 951 347 978 καὶ
363 951 467 978 πᾶσαν
479 952 632 984 ἐξουσίαν,
650 953 698 980 καὶ
712 953 848 988 δύναμιν.

54 996 106 1025 Δεῖ
118 997 175 1032 γὰρ
191 997 286 1024 αὑτὸν
307 997 497 1031 βασιλεύειν,
513 998 599 1033 ἄχρις
619 997 655 1027 οὗ
677 999 715 1033 0ιῖ
738 999 851 1032 πάντας

55 1043 127 1076 τοὺς
155 1043 283 1078 ἐχθροὺς
310 1043 403 1071 αὐτοῦ
434 1044 493 1071 ὑπὸ
520 1045 591 1078 τοὺς
616 1045 711 1079 πόδας
739 1045 849 1072 αὑτοῦ·

54 1090 190 1124 ἔσχατος
206 1090 314 1126 ἐχθρὸς
341 1090 527 1126 καταργεῖται
549 1093 565 1118 ὀ
590 1091 728 1126 θάνατος.
759 1093 852 1119 Ὅταν

54 1135 88 1162 δὲ
106 1136 198 1170 stay,
224 1136 269 1163 ὅτι
296 1137 398 1164 Πάντα
414 1138 494 1171 αὐτῷ
514 1137 721 1171 ὑποτέτακται,
742 1138 849 1172 δῆλον,

54 1182 98 1208 ὅτι
111 1182 202 1215 ἐκτὸς
214 1183 267 1210 τοῦ
277 1183 486 1220 ὑποτάξαντος
495 1185 575 1218 αὐτῷ
589 1185 625 1212 τὰ
641 1184 748 1212 πάντα.
759 1185 852 1211 Ὅταν

54 1227 86 1254 δὲ
103 1228 244 1263 ὑποταγῇ
266 1229 347 1262 αὐτῷ
370 1230 406 1257 τὰ
427 1230 535 1263 πάντα,
551 1231 618 1257 τότε
642 1231 691 1257 καὶ
718 1230 810 1263 αὐτὸς
834 1231 850 1257 ὁ

58 1274 126 1307 Υιὸς
158 1275 381 1309 ὑποταγήσεται
414 1276 454 1309 τῷ
481 1275 664 1308 ὑποτάξαντι
700 1275 780 1308 αὐτῷ
814 1275 851 1302 τὰ

55 1320 165 1353 πάντα,
186 1321 238 1348 ἵνα
255 1319 276 1357 ᾖ
298 1323 314 1348 ὀ
331 1321 404 1355 Θεὸς
419 1323 455 1349 τὰ
478 1322 576 1349 πάντα
591 1322 626 1348 ἐυν
640 1322 744 1350 πᾶσιν.
775 1321 851 1349 Ἐπι-

55 1367 240 1402 λαμσάνονται
259 1368 349 1394 τοίνυν
363 1368 410 1394 τοῦ
432 1367 526 1404 ῥητοῦ,
540 1368 587 1398 καὶ
607 1368 646 1404 τῷ
667 1367 722 1395 ἔθει
737 1368 787 1404 τῆς
800 1368 850 1394 αὑο

56 1413 108 1439 τῶν
124 1413 227 1449 ἔχθρας
242 1413 310 1448 πρὸς
321 1413 366 1440 τὸν
375 1413 511 1450 Μονογενῆ
523 1415 771 1447 κατασκευάζοντες
784 1415 792 1430 ¹
801 1413 850 1450 τὴν

57 1458 138 1485 αὑτοῦ
154 1460 294 1495 ἄφραστον
315 1459 361 1486 καὶ
379 1460 482 1494 ἔνδοξον
498 1460 622 1496 θεάτητα,
637 1460 675 1492 ὡς
688 1461 740 1490 καὶ
750 1460 849 1491 πολλά-

56 1511 98 1534 κις
120 1501 208 1534 εἶπον,
227 1503 304 1542 ἀνοίᾳ
321 1504 476 1541 φερόμενοι.
495 1505 549 1531 Καί
565 1513 646 1538 φασιν
658 1513 664 1520 ·
694 1503 784 1540 Ὁρᾷς,
807 1504 847 1531 ὅτι

902 911 960 930 cum
972 902 1131 929 destruxerit
1156 911 1257 929 omnem
1277 903 1465 937 principatum,
1482 908 1507 930 et
1527 904 1627 930 oﬁtnem
1645 912 1692 938 po-

901 953 1022 975 testatem
1052 955 1084 974 ac
1110 947 1241 974 virtutem.
1261 947 1369 982 Oportet
1392 949 1460 975 enim
1476 949 1561 983 ipsum
1573 957 1691 984 regnare,

900 993 981 1020 donec
990 997 1068 1028 ponat
1094 1001 1182 1020 omnes
1206 993 1326 1020 inimicos
1343 1001 1405 1020 suos
1424 994 1471 1021 sub
1496 985 1605 1029 pedibus
1625 995 1690 1022 suis.

903 1037 1070 1064 Nouissimas
1087 1038 1209 1064 inimicus
1219 1037 1369 1064 destruetur
1379 1047 1461 1065 mors.
1477 1038 1543 1066 Cum
1555 1044 1639 1066 autent
1651 1040 1692 1067 di-

903 1086 938 1110 cit
952 1083 1116 1119 subjicienda
1133 1084 1181 1110 illa
1190 1084 1291 1118 omnia,
1303 1084 1472 1119 manifestum
1485 1090 1523 1112 est
1537 1093 1594 1112 eum
1605 1086 1692 1120 excipi

900 1129 945 1163 qui
957 1127 1096 1163 subjecerit
1124 1128 1175 1163 ipsi
1200 1129 1300 1157 onmia.
1331 1128 1398 1158 Cum
1422 1135 1508 1157 autent
1530 1131 1648 1164 subjecta
1667 1131 1690 1160 ei

900 1175 999 1208 fuerint
1014 1175 1112 1207 omnia,
1130 1179 1192 1201 tunc
1206 1179 1231 1201 et
1256 1176 1310 1208 ipse
1321 1173 1408 1202 Filius
1424 1175 1581 1209 subjicietur
1592 1175 1628 1209 ei,
1646 1177 1690 1210 qui

900 1222 951 1250 sibi
959 1222 1066 1257 subjicit
1083 1222 1182 1254 omnia,
1208 1226 1236 1248 ut
1252 1222 1286 1248 sit
1302 1221 1372 1248 Deus
1390 1223 1479 1249 omnia
1496 1222 1524 1249 in
1541 1222 1659 1249 omnibus
1667 1222 1690 1250 ⁸.

900 1267 979 1295 1111110
997 1275 1062 1303 ergo
1077 1267 1167 1294 locum
1198 1267 1344 1302 arripiunt,
1370 1271 1397 1295 ct
1414 1275 1463 1303 pro
1479 1275 1512 1295 eo
1527 1276 1559 1296 ac
1573 1276 1692 1296 consue-

899 1317 1009 1345 verunt,
1025 1317 1137 1348 propter
1153 1312 1265 1339 insitum
1276 1313 1303 1339 in
1312 1312 1358 1339 Dei
1372 1304 1471 1342 Filium
1485 1313 1577 1340 odium
1595 1313 1692 1340 adver-

900 1367 948 1387 sus
960 1359 1179 1393 inexplicabilem
1207 1366 1239 1385 ac
1252 1358 1422 1395 tnagniiicatn
1435 1359 1509 1386 illius
1524 1358 1691 1389 divinitatem

900 1409 1074 1440 comparant,
1092 1404 1256 1436 incredibili,
1272 1409 1301 1431 ut
1316 1412 1387 1440 saepe
1401 1405 1503 1432 dictntn
1518 1409 1570 1436 est.
1585 1405 1691 1432 insania

901 1450 1007 1487 perciti.
1035 1450 1080 1478 Sic
1098 1450 1181 1486 igitur
1197 1451 1330 1485 objiciunt
1347 1460 1353 1478 ε
1371 1450 1452 1490 799
1475 1449 1594 1480 Videsne
1608 1458 1689 1486 quam

901 1497 1001 1524 diserte
1014 1496 1086 1523 dicat
1104 1504 1110 1523 :
1126 1495 1192 1523 Cum
1206 1500 1338 1530 postremo
1353 1496 1494 1523 tradiderit
1509 1505 1616 1531 regnum
1636 1495 1690 1527 Deo

56 1531 128 1582 λέγει
139 1557 147 1564 ·
167 1531 262 1575 ’όταν
280 1531 313 1576 τὸ
326 1531 424 1583 Ιτέλος
440 1531 593 1584 παραδιὸίῖι
611 1550 668 1585 τὴν
684 1531 848 1583 ,βασιλείαν

902 1542 989 1575 Patri,
1004 1550 1064 1573 eum
1078 1542 1509 1576 destruxeritomnempatestatem
1521 1549 1545 1570 et
1560 1543 1690 1570 virtutem.

57 1593 93 1626 τῷ
113 1593 176 1626 Θεῷ
193 1594 241 1620 καὶ
253 1594 353 1628 "arpi,
367 1594 440 1621 ὅταν
454 1596 628 1630 καταργήσῃ
647 1595 752 1623 πᾶσαν
765 1595 849 1630 ἐξου-

55 1640 128 1666 σίαν
150 1640 201 1666 καὶ
229 1640 366 1676 δύναμιν.
387 1640 434 1667 Δεῖ
457 1641 512 1676 ’μὰρ
541 1641 635 1670 αὑτὸν
659 1643 847 1674 βασιλεύειν,

55 1685 142 1719 ἄχρις
166 1684 202 1713 οὗ
219 1685 256 1720 θῇ
275 1686 391 1719 πάντας
406 1687 478 1720 τοὺς
494 1687 620 1723 ἐχθροὺς
632 1688 692 1717 ὑπὸ
708 1688 779 1721 τοὺς
796 1689 849 1715 πό·-

55 1731 110 1764 δας
125 1732 231 1759 αὑτοῦ.
244 1733 280 1759 Τὸ
293 1733 331 1764 δὲ,
349 1733 402 1766 δεῖ,
418 1734 474 1764 καὶ.
498 1734 576 1769 ἄχρι,
592 1735 649 1766 καὶ,
668 1734 740 1761 ὅταν
754 1742 847 1768 παρα-

56 1777 128 1810 διδῷ
153 1777 213 1812 τὴν
234 1778 409 1813 βασιλείαν,
431 1780 527 1815 χρόνον
553 1781 627 1808 ἐστὶν
649 1781 772 1816 ὁρισμός.
793 1781 848 1808 Καὶ

58 1823 282 1858 βλασφημοῦντές
298 1833 363 1858 φασι
373 1833 380 1840 ·
397 1826 526 1858 “etiam;
547 1827 594 1854 ml.
609 1826 784 1859 καταλύσεως
799 1827 847 1854 τοῦ

58 1869 248 1905 βασιλεῦοντός
264 1870 321 1898 ἐστι
335 1870 422 1898 ταῦτα
441 1872 587 1908 δηλωτικὰ,
604 1873 681 1905 Ἕως
700 1871 736 1900 οὗ
756 1880 848 1909 παρα-

55 1915 126 1948 ὄιδῷ
143 1915 201 1949 τὴν
219 1916 384 1948 ,ϐασιλείαν
405 1916 446 1950 τῷ
460 1917 520 1950 Θεῷ
535 1918 584 1945 καὶ
603 1919 704 1953 Πατρι.
723 1919 778 1945 Καὶ
797 1919 847 1946 οὐκ

58 1961 145 1987 ἴσασιν
162 1961 192 1996 ἐξ
207 1961 332 1998 ὑπαρχῆς
349 1962 395 1989 τόν
412 1963 475 1991 νοῦν
488 1963 539 1998 τῆς
552 1964 689 1999 ἀληθείας,
704 1965 744 1991 ὅτι
758 1964 801 1992 διὰ
817 1965 847 1992 τὸ

57 2007 254 2041 μετεσληκέναι
268 2007 314 2034 τὸν
331 2008 472 2044 Μονογενῆ
482 2028 484 2034 ι
494 2009 594 2044 σαρκὸς
610 2010 657 2036 καὶ
673 2010 797 2045 αἳματος,
812 2010 846 2037 τὰ

56 2050 260 2087 ἀνθρωποπαοῆ
281 2052 343 2088 περὶ
365 2052 458 2084 αὑτοῦ,
480 2053 590 2088 καὶτῆς
613 2055 745 2090 ἔνσάρκου
764 2054 845 2081 αὑτοῦ

56 2096 206 2132 παρουσίας
224 2097 414 2133 προσληπτικὰ
436 2099 485 2133 τῆς
501 2098 579 2134 δόξης
593 2100 685 2135 ᾄδεται
708 2100 755 2126 καὶ
769 2100 845 2134 λέγε-

56 2151 113 2169 ται·
135 2142 193 2169 ἀλλ’
209 2143 259 2169 οὐκ
276 2143 353 2175 me;
371 2144 422 2178 τῆς
434 2144 539 2176 τελείας
552 2145 596 2171 ἀεὶ
615 2146 660 2172 καὶ
676 2145 780 2179 ἐνδόξου
795 2147 844 2173 αὑ-

902 1588 1009 1622 Oportel
1024 1589 1092 1615 enim
1110 1588 1195 1621 ipsum
1213 1596 1332 1623 regnare,
1346 1588 1428 1617 donec
1439 1593 1520 1623 ponat
1536 1597 1625 1616 ontncs
1638 1589 1692 1617 ini-

900 1635 981 1661 micos
1010 1635 1058 1662 sub
1073 1634 1181 1668 pedibus
1199 1634 1304 1667 ipsius?
1324 1633 1374 1661 Ubi
1393 1634 1450 1661 luet:
1467 1634 1562 1668 verba,
1579 1639 1690 1668 oportet.

899 1684 936 1712 et,
952 1680 1043 1713 donec,
1057 1684 1093 1713 et,
1109 1689 1168 1706 cum
1182 1680 1321 1708 tradiderit
1333 1688 1451 1716 regnum,
1466 1681 1606 1710 deﬁnitum
1622 1687 1692 1711 tem-

899 1727 975 1763 poris
994 1726 1111 1761 Spatium
1135 1727 1302 1762 signiﬁcant.
1321 1727 1410 1762 Atque
1431 1727 1488 1754 11ωο
1506 1728 1564 1762 ipsa
1595 1728 1689 1761 verba,

900 1773 988 1801 Donec
1012 1773 1153 1801 tradiderit
1184 1781 1292 1807 regnum
1315 1772 1370 1799 Deo
1382 1778 1407 1803 et
1427 1772 1513 1805 Patri,
1527 1774 1629 1801 exitum
1639 1774 1691 1801 ali-

899 1827 990 1855 quem,
1008 1819 1142 1853 ﬁnemque
1167 1818 1241 1854 regni
1260 1818 1284 1845 ei
1303 1819 1350 1854 qui
1376 1823 1482 1855 regnat,
1504 1819 1627 1847 accidere
1643 1819 1691 1848 de-

899 1870 1046 1893 monstrat.
1063 1864 1125 1892 llzec
1142 1865 1180 1892 illi
1196 1872 1244 1900 per
1255 1872 1390 1891 summam
1403 1865 1429 1892 in
1445 1864 1528 1892 Deum
1549 1870 1690 1893 contume-

898 1912 962 1940 liam
978 1912 1118 1947 jactitant,
1145 1919 1233 1946 neque
1256 1911 1320 1947 quid
1343 1911 1445 1939 veritas
1473 1912 1532 1947 ipsa
1556 1911 1690 1948 signiﬁcet

898 1959 954 1985 ullo
981 1958 1062 1985 ntodo
1090 1958 1244 1992 percipiunt
1261 1966 1267 1984 :
1282 1958 1409 1985 nimirum
1431 1958 1503 1992 quod
1527 1958 1626 1986 unicus
1643 1957 1689 1986 Dei

898 2003 985 2031 Filius
995 2003 1086 2030 carnis
1095 2010 1126 2029 ac
1141 2002 1284 2038 sanguinis
1296 2003 1432 2036 particeps
1444 2002 1537 2034 fuerit,
1555 2002 1689 2031 humanas

896 2049 983 2077 eidem
1000 2049 1168 2080 atiectiones.
1186 2056 1272 2084 eaque
1295 2056 1355 2084 qua:
1373 2048 1467 2083 gloriae
1482 2049 1626 2084 quamdam
1647 2057 1690 2076 ac-

897 2096 1052 2123 cessionem
1076 2094 1209 2126 indicant,
1234 2095 1360 2122 humana:
1380 2095 1454 2122 illius
1474 2100 1579 2122 naturae
1593 2095 1686 2128 tribui,

897 2142 1030 2179 vulgoque
1040 2141 1183 2176 przcdicari
1200 2150 1206 2168 :
1223 2141 1294 2176 quod
1318 2145 1408 2168 tamen
1423 2148 1438 2168 a
1453 2141 1571 2176 perfecta
1583 2141 1686 2175 gloriae-

56 2188 100 2214 τοῦ
126 2188 262 2223 θεότητος,
277 2189 328 2224 τῆς
353 2189 434 2224 μηδὲν
456 2189 616 2226 ἐνδεομένης
640 2190 821 2226 προλαὸέοθαι
835 2192 845 2206 ¹

902 2196 951 2223 que
985 2187 1144 2223 plenissima
1173 2186 1316 2214 divinitate
1337 2187 1448 2214 minime
1464 2187 1614 2221 putandum
1633 2191 1686 2214 est.

55 2233 142 2268 δόξης,
161 2234 276 2269 ἐχούσης
290 2234 318 2260 δὲ
331 2234 361 2261 τὸ
377 2235 634 2270 αὐτοδεδοξασμένον
656 2235 703 2263 καὶ
720 2236 751 2262 τὸ
765 2237 845 2264 αὑτο-

55 2279 166 2305 τέλειον.
188 2279 324 2311 Ὡσαύτως
337 2279 346 2295 ³
356 2279 484 2315 περὶτῶν
494 2280 541 2306 δύο
556 2280 728 2315 ἀπολογεῖται
743 2281 845 2317 μερῶν,

57 2326 168 2359 φάσκων
195 2325 259 2360 περὶ
283 2326 332 2360 μὲν
355 2325 402 2352 τοῦ
433 2326 607 2362 προσφάτου·
638 2326 774 2361 Δόξασόν
796 2336 844 2362 με,

56 2371 162 2405 Ιιιὶτερ,
186 2372 221 2397 ἐν
235 2370 272 2404 τῇ
296 2371 382 2405 δόξῃ.
398 2368 418 2408 ᾖ
436 2370 520 2406 εἶχον
534 2371 613 2406 παρὰ
640 2373 688 2399 σοι
710 2373 768 2406 πρὸ
792 2374 845 2401 τοῦ

56 2417 106 2443 τὸν
119 2417 237 2451 κόσμον
249 2417 398 2452 γενέσθαι.
417 2418 447 2444 '0
465 2417 493 2444 δὲ
507 2417 611 2453 Πατὴρ,
631 2417 642 2433 ⁸
654 2418 708 2445 τῶν
724 2418 770 2445 δύο
785 2419 847 2454 σχέ-

57 2471 124 2489 σεων
144 2463 324 2497 ἀπαγγέλλων
339 2463 389 2500 τὴν
410 2463 499 2496 δόξαν,
518 2465 582 2499 περὶ
607 2463 657 2498 μὲν
672 2464 720 2500 τῆς
735 2464 847 2501 πρώτης

56 2509 125 2535 κατά
140 2509 170 2536 τὸ
192 2508 315 2544 Πνεῦμα,
329 2510 370 2536 ὅτι
391 2509 548 2542 Ἑὸόξασα,
563 2510 606 2536 ἵνα
627 2509 701 2547 δείξῃ
717 2511 748 2538 τδ
769 2511 846 2546 ἀόρι-

57 2564 132 2582 στον·
161 2555 226 2590 περὶ
253 2555 281 2582 δὲ
304 2555 350 2582 τοῦ
378 2556 546 2592 προσφάτου,
573 2556 616 2583 διὰ
644 2558 692 2593 τὴν
716 2557 848 2594 ἔνσαρκον

57 2601 215 2636 παρουσίαν,
233 2602 274 2628 ὅτι
288 2601 337 2628 καὶ
351 2601 445 2628 πάλιν
461 2601 592 2635 δοξάσω.

899 2235 965 2267 Quae.
992 2234 1101 2269 quidem
1121 2232 1250 2259 divinitas
1278 2239 1341 2259 cum
1375 2233 1434 2268 ipsa
1457 2240 1505 2268 per
1524 2240 1584 2260 sese
1602 2233 1687 2268 gloria

899 2281 1011 2317 praedita
1026 2288 1058 2307 ac
1069 2279 1187 2315 perfecta
1202 2279 1248 2310 sit,
1264 2286 1434 2313 nequaquam
1446 2283 1587 2305 externam
1606 2283 1688 2311 atque

899 2327 1044 2354 aseititiam
1073 2325 1188 2360 gloriam
1212 2324 1335 2359 requirit.
1355 2323 1421 2350 Nam
1441 2327 1468 2349 et
1488 2323 1614 2351 Christus
1630 2323 1688 2358 ipse

898 2381 929 2402 ea
941 2373 1032 2401 verbis
1048 2371 1194 2407 expressit,
1210 2378 1271 2406 quae
1284 2369 1317 2397 ad
1333 2369 1428 2396 ambas
1443 2369 1504 2396 illas
1517 2374 1610 2405 partes
1624 2378 1687 2405 pro-

897 2418 1060 2455 pugnandas
1083 2417 1221 2453 pertinere
1252 2420 1378 2452 possunt.
1398 2415 1493 2451 Itaque
1513 2416 1546 2443 de
1563 2423 1605 2448 ea,
1626 2425 1688 2452 quae

897 2465 1034 2493 recentior
1054 2468 1106 2497 est,
1131 2464 1217 2499 accipi
1247 2463 1300 2491 ista
1325 2466 1440 2498 possunt
1456 2470 1462 2488 :
1477 2462 1606 2497 Cleri/ica
1632 2472 1688 2496 me,

900 2511 991 2544 Pater,
1016 2519 1048 2538 ea
1074 2511 1171 2546 gloria,
1191 2518 1271 2545 quant
1300 2509 1382 2536 habui
1403 2509 1473 2544 apud
1495 2513 1519 2536 te
1547 2514 1686 2544 antequam

897 2557 1010 2585 mundus
1026 2558 1099 2592 ﬁeret
1120 2557 1139 2584 ⁸.
1154 2556 1235 2585 Pater
1258 2560 1348 2584 autent
1368 2555 1483 2583 duarum
1500 2555 1610 2590 perinde
1622 2564 1688 2582 cun-

897 2604 1030 2632 ditionum
1058 2607 1086 2631 et
1119 2603 1312 2630 habitudinutn
1343 2602 1457 2638 gloriam
1482 2601 1687 2633 demonstrans,

57 2647 88 2674 de
111 2648 202 2683 priore
233 2647 385 2675 Secundum
407 2647 533 2683 spiritum
558 2649 598 2677 sic
626 2648 748 2684 l0quitur
766 2648 843 2685 :Ego
860 2650 1018 2686 σιω-ἰήσαυῂ
1038 2654 1067 2676 111
1082 2649 1218 2677 11111111111111
1231 2647 1361 2684 quiddatn
1383 2647 1512 2676 declaret.
1532 2647 1570 2676 De
1598 2655 1688 2674 recen-

59 2695 125 2722 tiore
141 2702 206 2722 vero
230 2699 257 2722 et
280 2695 399 2738 hominis
420 2701 549 2732 suscepta
569 2700 678 2730 natttra,
704 2703 727 2724 et
757 2699 852 2725 iterum
866 2698 1051 2734 gloriﬁcato.’

92 2772 99 2788 '
113 2771 144 2798 F.
162 2771 406 2804 ἀνασκευάζοντες.
444 2774 454 2788 ¹
470 2772 500 2800 Ρ.
514 2782 534 2799 π

61 2803 155 2834 ‘Joan.
173 2815 240 2840 xvn,
263 2806 290 2834 5.
328 2807 338 2823 '
353 2803 431 2835 loau.
449 2816 498 2842 xu,
510 2803 555 2836 28.

569 2773 724 2802 πλαδέσθαι.
759 2775 769 2791 ³
781 2774 818 2807 ὡς
830 2775 921 2807 αὑτός.

960 2774 1080 2803 ‘Deesse
1095 2774 1219 2802 nonnihil
1230 2773 1366 2808 suspicor.
1405 2773 1416 2789 '
1427 2773 1436 2800 Ι
1448 2772 1510 2800 Cor.
1527 2779 1572 2804 xv,
1590 2770 1686 2799 2448.

95 2878 131 2914 (2)
147 2880 280 2914 Λέγουσι
305 2879 360 2914 τὰρ
381 2879 485 2908 πάλιν.
505 2880 542 2909 De
571 2880 623 2909 hoc
637 2879 763 2916 Apostoli
788 2880 848 2908 loco

902 2878 928 2907 le
945 2878 1079 2906 llilat‘lum
1100 2879 1147 2907 lib.
1160 2885 1189 2905 xt
1208 2878 1247 2905 De
1264 2877 1359 2904 Trinit.
