1929 3039
86 135 143 164 325

456 135 641 165 ADVERSUS
662 135 832 163 lMﬂRESES
852 136 915 164 LIB.
939 137 970 164 ll.
993 138 1076 166 T031.
1102 138 1172 164 ll.—
1191 137 1328 166 HASRES.
1352 139 1446 169 LXIX.

1677 143 1728 170 3’28

86 194 131 222 ὅτι
152 195 230 221 οὐδὲν
254 196 283 222 ὲν
304 195 342 230 τῷ
364 194 421 230 Υιῷ
446 195 633 232 πεπλήρωται,
650 195 712 222 οὕτε
735 195 878 231 πληροῦται

939 196 972 222 Et
986 198 1060 232 regni
1071 198 1128 232 ejus
1137 206 1187 225 non
1198 199 1341 233 erit'ﬁnis?
1356 199 1410 226 Hoc
1424 200 1506 235 igitur
1515 200 1667 237 signiﬁcare
1681 208 1730 229 vo-

88 238 241 274 ἀφηνιάζον
281 241 328 267 καὶ
353 240 453 272 ἰδιάζον
477 241 526 276 τῆς
554 241 600 268 τοῦ
627 242 732 276 Πατρὸς
755 241 887 274 ἑνώσεως,

87 285 137 310 καὶ
156 285 217 317 ἐνὸς
243 285 397 321 Θελήματος
419 286 536 322 Πατρὸς,
563 287 609 313 καὶ
637 287 714 318 Υἱοῦ,
739 287 787 314 καὶ
810 287 888 322 ἁγίου

80 329 260 377 ὶῐῐνεύματος.
285 332 409 367 Ὀρῶμεν
432 331 486 367 γὰρ
500 332 548 359 καὶ
565 331 681 358 ἐνταῦθα
699 332 738 364 ὡς
754 332 818 367 περὶ
839 333 888 359 αὺ-

79 375 137 407 ξτοῦ
152 377 200 403 τοῦ
217 376 281 403 Υἱοῦ
296 377 442 415 εἰρημένου
461 378 480 410 ⁸,
509 378 550 404 ὅτι
567 377 654 404 Ὅταν
666 377 816 411 παραδιδῷ
831 377 888 412 τὴν

85 421 255 452 ,βασιλείαι-
271 422 310 455 τῷ
337 422 398 455 Θεῷ
414 423 463 449 καὶ
487 424 588 457 Harp),
614 424 686 450 ὅταν
710 423 885 458 καταργήσῃ

88 465 195 493 πᾶσαν
215 468 326 502 ἀρχὴν,
348 468 398 494 καὶ
419 468 575 501 ἐξουσίαν,
605 469 653 495 καὶ
680 469 823 503 δύναμιν
848 470 886 502 ὡς

88 511 172 538 αὐτοῦ
201 512 248 538 τοῦ
273 513 337 539 Υἱοῦ
362 513 555 548 παραδιδόντος
589 515 638 549 τὴν
663 514 815 549 βασιλείαν,
839 517 885 542 καὶ

88 558 291 593 καταργοῦντος
308 560 399 585 πᾶσαν
417 559 514 595 ἀρχὴν,
539 559 588 586 καὶ
609 560 643 586 τὰ
667 560 748 595 ἑξῆς-
773 561 819 587 καὶ
843 561 883 592 τὸ,

87 604 139 630 Δεῖ
151 605 246 631 αὐτὸν
261 605 441 637 βασιλεύειν
455 605 540 639 ἄχρις
555 603 591 633 οὗ
618 604 655 639 θῇ
677 605 793 638 πάντας
813 607 883 639 τοὺς

87 650 216 683 ἐχθροὺς
241 651 300 677 ὑπὸ
320 651 390 683 τοὺς
407 651 502 683 πόδας
516 651 606 678 αὐτοῦ
617 660 623 666 ·
647 651 682 682 ὡς
708 652 755 678 τοῦ
768 651 834 678 Υὶοῦ
849 653 883 679 τὰ

88 696 179 722 πάντα
195 696 345 729 ποιοῦντος,
362 697 410 724 καὶ
435 697 638 729 αὑΟεντοῦντος,
655 699 701 724 καὶ
718 698 883 731 ἐξουσιάζον-

86 751 144 774 τος,
173 742 275 777 καὶτῷ
295 743 382 778 Πατρὶ
410 743 602 778 παραδιδόντος
629 744 677 770 σὺν
702 745 735 779 τῇ
760 743 883 781 βασιλείᾳ

85 788 151 819 τοὺς
167 788 414 823 ὑποτασσομένους.

122 834 182 860 οΔ¹.
199 832 265 860 Εἶτα
281 834 373 861 λοιπὸν
396 834 552 870 μεταϐαίνει
570 835 606 865 εἰς
627 835 772 870 πρόσωπον
788 837 880 872 ἕτερον

941 239 992 266 luit
1017 241 1174 276 Apostolus,
1187 242 1255 269 nihil
1281 242 1420 278 impletum
1445 244 1475 271 in'
1497 244 1575 277 Filio,
1591 246 1729 282 implerive

940 287 1012 320 quod
1036 294 1050 313 a
1078 292 1190 322 paterna
1219 288 1298 323 801
1324 290 1537 322 coniunctione.
1564 294 1645 326 atque
1673 299 1728 319 una

939 331 1088 367 eademque
1107 332 1208 365 Patris,
1223 338 1248 360 et
1260 332 1332 365 Filii,
1349 337 1377 361 ct
1392 334 1511 370 Spiritus
1528 336 1617 363 sancti
1630 337 1727 364 volun~

939 382 994 405 tate
1007 378 1166 413 discrepans
1183 379 1228 411 sit,
1247 383 1294 406 aut
1310 380 1476 415 scjunctum.
1490 381 1630 416 Siquidem
1640 382 1728 410 ethoc

938 423 998 450 loco
1019 424 1052 451 de
1079 423 1148 452 Filio
1163 425 1222 459 ipso
1244 426 1346 452 dictum
1371 426 1636 455 animadvertimus:
1661 428 1727 455 Cum

937 467 1077 495 tradiderit
1102 477 1211 504 regnum
1239 469 1292 496 Deo
1313 474 1337 496 et
1363 470 1458 502 Patri,
1488 479 1547 498 cum
1568 471 1727 499 destruxerit

936 521 1037 540 onmem
1053 514 1240 548 principatum,
1259 520 1284 541 et
1298 519 1463 549 potestatem,
1481 521 1505 542 et
1519 517 1652 549 virtutem,
1665 521 1726 544 tan-

935 566 1016 592 quam
1037 558 1122 586 Filius
1155 559 1212 594 ipse
1237 567 1350 595 regnum
1371 561 1472 593 tradat,
1487 569 1518 589 ac
1540 563 1724 598 principatum

934 610 1041 631 omnem
1051 605 1185 637 destruat,
1198 611 1250 632 etc.
1264 605 1304 632 Ad
1317 605 1384 637 haec,
1397 605 1516 641 Oportet,
1530 608 1628 643 inquit,
1640 610 1725 643 ipsum

934 656 1054 683 regnare,
1085 650 1167 676 donec
1189 655 1269 683 ponat
1299 651 1419 679 inimicos
1449 653 1497 680 sub
1530 654 1638 687 pedibus
1657 656 1724 688 suis,

933 694 1011 728 quasi
1024 694 1108 722 Filius
1123 696 1214 722 omnia
1230 697 1363 730 perﬁciat,
1378 705 1409 725 ac
1424 706 1474 733 pro
1486 701 1649 728 auctoritate
1675 709 1726 729 sua

932 745 959 768 et
988 745 1124 775 potestate
1145 742 1311 775 moderetur,
1329 747 1356 770 et
1381 743 1455 771 Patri
1467 745 1584 781 denique
1595 754 1648 774 una
1662 755 1725 775 cum

932 794 1015 821 regno
1027 787 1164 821 subjectos
1179 787 1284 815 oﬂ‘erat.

967 832 1082 860 LXXIV.
1104 832 1169 860 Post
1193 834 1251 861 luce
1273 834 1353 861 aliam
1375 835 1409 862 ad
1432 843 1577 870 personam
1598 837 1722 864 transit:

85 880 170 907 πάλιν
181 889 188 896 ·
206 880 260 907 Τοῦ
275 881 390 914 Πατρὸς
401 881 630 914 exercitium-rei;
645 881 742 908 πάντα
757 882 796 915 τῷ
814 871 878 915 Υὶῷ·

935 877 1017 904 Patre
1040 876 1112 904 Filio
1130 877 1285 912 subjiciente
1301 879 1406 912 omnia;
1425 884 1472 907 et:
1490 879 1586 907 Omnia
1601 881 1723 915 subjecit,

85 927 135 952 καί
156 934 240 962 φησιο
257 927 358 954 Πάντα
380 927 532 959 ὑπέταξεν
555 927 614 954 ὑπὸ
631 928 703 961 τοὺς
718 929 814 961 πόδας
829 930 883 956 ab.

85 971 156 999 7017'
175 973 306 1006 ἔσχατος
321 971 428 1006 ἐχθρὸς
445 972 631 1007 καταργεῖται
648 974 664 1000 ό
679 973 816 1007 θάνατος.
833 975 884 1001 Οὑ-

85 1018 146 1044 κέτι
162 1018 191 1044 δὲ
207 1018 260 1045 ἀπὸ
275 1017 422 1054 προσώπου
436 1018 542 1054 Πατρὸς
558 1019 650 1053 μόνον,
660 1019 720 1046 οὐδὲ
735 1020 789 1046 ἀπὸ
799 1029 882 1056 προσ-

83 1063 162 1090 ώπου
183 1063 248 1090 Υἱοῠ
269 1063 359 1098 μόνον,
380 1063 448 1090 ἀλλὰ
466 1063 619 1098 μεσαίτατα
650 1064 705 1091 τῶν
729 1065 882 1101 προσώπων

85 1109 194 1144 [ἰατρὸς
208 1109 255 1136 καὶ
275 1109 353 1142 Υἱοό,
370 1109 453 1144 φησιν
464 1117 470 1124 ·
491 1110 642 1143 Ἔσχατος
655 1110 762 1144 ἐχθρὸς
776 1120 883 1146 καταρ-

84 1154 180 1189 ⁴Γεῒται
194 1157 211 1182 ό
223 1155 361 1188 θάνατος.
380 1155 468 1182 Ὅταν
484 1155 518 1182 δὲ
533 1155 614 1189 εἴπῃ,
631 1156 675 1182 ὅτι
691 1156 789 1183 πάντα
803 1157 882 1190 αὐτῷ

84 1200 302 1233 ὑποτέτακται,
322 1200 417 1236 ἢθελον
439 1201 577 1236 ἐρωτῆσαι
605 1202 668 1234 τοὺς
693 1203 804 1235 αὐτοὺς,
828 1203 882 1230 ἀπὸ

84 1246 232 1282 προσώπου
249 1247 320 1278 τινος
339 1247 380 1278 τὸ,
399 1248 481 1282 ειπῃ,
497 1247 588 1281 λέγει;
604 1248 640 1274 Τὸ
655 1247 710 1283 γὰρ
727 1248 808 1284 βάθος
826 1249 880 1274 τῶν

86 1292 247 1328 μυστηρίων
265 1292 313 1319 τοῦ
335 1292 403 1319 Θεοῦ
426 1293 622 1328 πνευματικῶς
640 1293 704 1326 τοὺς
732 1295 881 1330 σαρκικοὺς

85 1339 183 1373 κρίνει.
204 1338 232 1364 Ὁ
249 1338 304 1373 τὰρ
320 1339 465 1372 σαρκικὸς
479 1339 516 1366 οὺ
529 1338 646 1374 δέχεται
662 1339 699 1367 τὰ
716 1339 770 1366 τοῦ
786 1340 881 1366 nm-

81 1390 190 1417 ματος’
210 1383 300 1419 μωρία
316 1383 369 1419 γὰρ
382 1384 458 1419 αὐτῷ
472 1385 556 1412 ἐστιν.
567 1384 698 1411 Ἐνταῦοα
709 1385 774 1420 γὰρ,
787 1385 880 1412 Ὅταν

83 1428 166 1462 εἴπῃ,
179 1428 227 1455 ὅτι
244 1429 342 1456 πάντα
357 1428 438 1461 αὐτῷ
456 1430 665 1463 ὑποτέτακται,
688 1431 712 1457 ει
730 1430 780 1466 μὲν
795 1433 809 1458 ὁ
823 1431 880 1458 Πα-

82 1474 133 1510 τὴρ
156 1474 231 1508 λέγει
245 1475 314 1509 πρὸς
330 1475 375 1501 τὸν
392 1475 474 1508 Υἱὸν,
503 1475 616 1512 ἐλλιπὴς
643 1477 660 1512 ἠ
687 1477 877 1513 πραγματεία·

84 1520 202 1552 ὑπέταξε
220 1521 273 1556 γὰρ
289 1521 304 1546 ὁ
320 1521 384 1553 Υῑὸς
403 1521 437 1548 τὰ
453 1521 542 1548 πάντα
562 1519 601 1557 τῷ
615 1521 721 1558 ’Πατρί-
739 1523 763 1549 ει
779 1523 807 1550 δὲ
825 1523 878 1550 ἀπὸ

82 1565 232 1601 προσώπου
242 1566 308 1592 Υἱοῦ
318 1566 452 1599 τὺ,”οταν
465 1567 544 1601 εἴπῃ·
556 1567 595 1595 Τὰ
606 1568 703 1595 πάντα
713 1568 792 1602 αὐτῷ
805 1571 880 1596 ὐπο-

81 1612 230 1644 τέτακται,
238 1612 355 1646 λέγεται,
367 1613 474 1644 ἐλλιπὲς
485 1613 516 1640 τὸ
527 1614 653 1648 φρόνημα
661 1633 668 1645 ,
680 1614 718 1640 ὅτι
732 1614 882 1650 μελλητικά

81 1666 142 1685 τινα
156 1659 186 1684 ὲν
205 1658 274 1694 θεῷ,
289 1659 306 1694 ἢ
322 1659 350 1685 ἐν
363 1660 464 1695 Πατρὶ,
479 1659 495 1695 ἥ
511 1661 540 1686 ὲν
557 1660 612 1695 Υἱῷ
630 1660 777 1694 λογίζεται.
792 1661 839 1692 Τίς
853 1661 882 1687 δέ

82 1705 155 1731 ἐστιν
163 1706 178 1731 ὁ
190 1704 288 1738 λέγων,
296 1706 337 1732 ὅτι
349 1705 446 1732 πάντα
456 1705 667 1738 ὑποτέτακται;
679 1707 717 1732 Οὐ
727 1706 782 1742 γὰρ
794 1704 879 1733 εἶπεν·

83 1750 166 1777 Ὅταν
177 1751 301 1778 εἴπωσιν.
311 1751 342 1778 Et
356 1751 410 1787 γὰρ
419 1749 453 1787 ἦν
464 1751 542 1778 τοῦτο
554 1751 599 1778 τοῦ
610 1752 730 1784 Υζοῦ,τὺ,
741 1751 828 1779 Ὅταν
842 1752 881 1778 εἴ-

83 1805 165 1827 πωσι,
175 1797 452 1832 λεγόμενον,ὴδύνατο
458 1798 627 1834 πληροῦσθαι
639 1799 655 1834 ἢ
668 1798 715 1824 ἐπὶ
725 1799 788 1830 τοὺς
802 1799 880 1833 ἀγγέ-

82 1842 153 1874 λους,
163 1842 180 1877 ἢ
189 1843 236 1869 ἐπὶ
243 1843 306 1874 τοὺς
316 1843 515 1878 ὐποταγέντας.
531 1844 639 1880 Ἐπειδὴ
653 1844 681 1871 δὲ
692 1844 748 1871 ἄνω
759 1845 879 1880 ὲσήμανε

82 1887 126 1914 τὸν
148 1888 213 1914 Υἰὸν
232 1888 420 1915 ὑποτάσσοντα
433 1888 471 1924 τῷ
493 1889 598 1924 Πατρὶ,
617 1891 664 1916 καὶ
686 1890 877 1925 παραδιδόντα,

82 1932 129 1958 καὶ
143 1932 190 1958 τδν
204 1932 314 1968 Πατέρα
331 1933 518 1961 ὑποτάσσοντα
536 1934 575 1970 τῷ
589 1935 644 1970 Υῑῷ
657 1935 690 1962 τὰ
705 1936 808 1967 πάντα,
826 1945 876 1963 πε-
901 1953 920 1963 ς

83 1977 235 2011 ριελείπετο
246 1977 274 2004 δὲ
286 1979 342 2008 τοῖς
357 1977 510 2015 λεξιθήρεσι
523 1979 553 2006 τὸ
567 1979 614 2006 τοῦ
629 1980 786 2015 Πνεῦματος
798 1981 875 2015 ἁγίου

82 2023 246 2057 πρόςωπον⁸
274 2023 371 2050 τούτου
403 2024 485 2051 ἕνεκα
513 2024 721 2060 ἀπαρεμφάτως
751 2025 820 2060 μετὰ
847 2024 877 2051 τὸ

83 2069 229 2104 πρόςωπον
245 2070 292 2096 τοῦ
311 2070 388 2102 Υἱοῦ,
413 2071 461 2097 καὶ
484 2071 514 2097 τὸ
528 2071 672 2106 πρόσωπον
691 2071 739 2097 τοῦ
757 2071 874 2106 Πατρὸς,

81 2115 111 2141 τὸ
136 2115 282 2150 πρόσωπον
308 2116 441 2150 ὑπέφαινε
466 2116 512 2143 τοῦ
541 2117 618 2151 ἁγίου
636 2116 812 2152 Πνεὺματος,
827 2116 874 2143 τοῦ

81 2159 295 2193 ἁναγγέλλοντος
319 2161 362 2187 ἀεὶ
384 2160 420 2187 τὰ
443 2161 549 2196 [ἰατρὸς
571 2162 618 2188 καὶ
642 2161 724 2194 Υῐοῦ,
741 2162 788 2188 καὶ
804 2161 874 2188 διδά-

82 2213 198 2237 σκοντος
213 2207 256 2233 ἱνα
280 2205 318 2241 μὴ
340 2206 434 2241 ἐλλιπῆ
451 2207 552 2242 ποιήσῃ
575 2207 623 2242 τὴν
646 2207 752 2233 τελείαν
774 2206 873 2241 γνῶσιν
890 2223 910 2249 D

80 2250 130 2285 τῆς
146 2250 210 2285 περὶ
225 2251 234 2265 ¹
252 2250 365 2286 Τριὰδος
387 2251 434 2278 καὶ
447 2251 497 2286 τῆς
511 2251 645 2286 ὲνσὰρκου
666 2251 871 2287 προσληπτιχῆς

80 2297 161 2332 δόξης
174 2295 424 2332 παρουσίας-Εἶτα,
435 2297 527 2332 φησὶν,
539 2297 668 2331 ἔσχατος
683 2297 789 2332 ἐχθρὸς
804 2306 873 2324 κατ-

80 2343 212 2377 αργεῖται
227 2344 243 2369 ὀ
268 2343 406 2376 θάνατος.
426 2343 455 2370 Ὀ
469 2343 499 2369 δὲ
512 2343 698 2378 καταργηοεὶς
711 2343 871 2379 πεπέδηται,

80 2388 174 2415 οὐκέτι
191 2389 309 2424 ἐνεργῶν
331 2389 344 2415 ὖ
360 2390 481 2424 ἐνεργεῖ,
508 2389 569 2416 οὐδὲ
592 2390 633 2416 ἔτι
652 2389 783 2425 ὑπάρχων
797 2398 804 2405 ·
825 2390 873 2417 καὶ

79 2433 135 2468 γὰρ
149 2434 330 2468 κατήργηται.

115 2567 175 2593 ΟΕ’.
186 2566 218 2592 Τί
241 2564 287 2593 οὗν
302 2567 327 2593 οἱ
347 2567 377 2593 τὸ
391 2568 511 2594 συνιέναι
523 2567 571 2600 τὰς
586 2568 698 2603 Γραφὰς
713 2569 870 2603 ἀγνοοῦντες

81 2611 172 2646 ἔχουσι
193 2612 257 2648 περὶ
282 2613 377 2639 τούτου
397 2613 501 2647 λέγειν;
525 2615 570 2640 Δεῖ
591 2615 664 2650 ἡμᾶς
681 2614 734 2650 ἄρα
759 2615 869 2649 λογίσα-

81 2656 142 2682 σθαι
170 2658 233 2692 περὶ
256 2656 302 2683 τοῦ
319 2657 398 2689 Υἱοῦ,
427 2659 467 2684 ὅτι
494 2659 610 2694 ἀργήσει
631 2659 677 2685 τοῦ
708 2659 867 2694 βασιλεύειν.

80 2702 110 2727 ΕΞ
127 2701 212 2733 οὕτως
231 2702 284 2738 ἄρα
303 2702 375 2737 εἶχεν
392 2704 408 2738 ἡ
430 2703 511 2735 λέξις.
537 2703 617 2730 Ἀλλὰ
639 2703 809 2739 ἁσεϐήσομεν
824 2705 869 2730 καὶ

79 2746 160 2774 αὑτὸν
183 2747 252 2782 μετὰ
274 2748 327 2774 τῶν
357 2749 583 2784 ὑποτασσομένων
611 2749 793 2785 ἐναριθμῆσαι
818 2751 869 2785 μά-

114 2826 120 2840 ¹
139 2824 204 2860 ch.
219 2826 373 2860 εἰρημένον.
413 2828 423 2842 ¹
437 2827 467 2855 Γ.
484 2827 548 2862 περὶ
560 2827 619 2862 τῆς.
659 2827 669 2842 ³
681 2826 690 2853 1
702 2826 765 2854 Cor.
781 2828 866 2860 ιι,14.

937 923 1034 958 inquit,
1043 924 1091 950 sub
1105 923 1214 958 pedibus
1227 924 1294 958 ejus,
1306 925 1464 952 nouissimus
1475 926 1596 952 inimicus
1607 927 1725 954 destrue-

936 977 979 997 tur
994 979 1075 998 ntors.
1097 970 1148 998 Ubi
1163 979 1218 999 non
1234 972 1351 1007 amplius
1366 981 1398 1000 ex
1413 980 1531 1007 persona
1548 972 1638 1001 Patris
1653 973 1724 1001 dun-

939 1020 1025 1047 taxat,
1041 1024 1128 1050 neque
1143 1024 1176 1043 ex
1194 1016 1279 1044 solius
1296 1024 1413 1052 persona
1429 1017 1502 1049 Filii,
1523 1017 1572 1044 sed
1594 1022 1725 1054 tanquam

933 1062 968 1089 ab
992 1062 1044 1088 alia
1060 1062 1131 1089 inter
1146 1066 1291 1096 utramque
1306 1062 1448 1097 interjccta
1471 1063 1616 1096 subjicitur
1638 1073 1645 1091 :
1667 1063 1724 1090 Νο-

933 1108 1056 1134 vissimus
1077 1108 1200 1135 inimicus
1222 1107 1372 1135 destruitur
1393 1115 1475 1136 ntors.
1497 1108 1564 1136 Cum
1580 1113 1667 1135 autem
1678 1108 1725 1135 di-

933 1154 979 1185 cit,
995 1154 1085 1180 omnia
1097 1153 1158 1180 huic
1169 1162 1224 1180 esse
1236 1154 1365 1188 subjecta,
1383 1154 1448 1182 libet
1463 1155 1527 1182 illos
1541 1155 1722 1190 interrogare,

933 1199 1012 1233 cujus
1028 1207 1060 1226 ex
1081 1207 1197 1234 persona
1222 1208 1275 1226 vox
1302 1199 1362 1232 illa,
1379 1199 1460 1233 dicit,
1478 1201 1652 1235 pronuntiata
1674 1201 1722 1229 sit.

933 1243 1073 1278 Siquidem
1087 1243 1242 1272 divinorum
1257 1245 1450 1280 mysteriorum
1468 1246 1584 1273 altitudo
1598 1247 1723 1276 carnales

932 1290 1057 1318 homines
1081 1291 1240 1325 spiritaliter
1266 1290 1421 1325 dijudicat:
1441 1291 1512 1318 Nam
1531 1293 1647 1319 carnalis
1670 1301 1723 1320 non

930 1336 1038 1370 percipit
1058 1344 1089 1362 ea
1115 1344 1176 1370 qua:
1198 1336 1246 1363 Dei
1262 1337 1358 1370 sunt‘;
1375 1337 1490 1364 stultitia
1510 1338 1582 1365 enim
1598 1343 1640 1366 est
1658 1339 1722 1374 ipsi.

932 1381 994 1409 Haec
1010 1383 1094 1414 enim,
1111 1382 1179 1410 Cum
1194 1383 1258 1409 dicit
1281 1383 1370 1410 omnia
1389 1383 1413 1410 ei
1426 1391 1482 1410 esse
1495 1384 1622 1418 subjecta,
1642 1384 1666 1411 si
1685 1385 1722 1412 ita

930 1428 1112 1462 accipiantur,
1127 1429 1206 1463 quasi
1230 1428 1299 1457 Filio
1319 1428 1399 1456 Pater
1414 1429 1530 1461 dixerit,
1562 1437 1659 1456 manca
1680 1434 1723 1457 est

930 1480 962 1500 ac
989 1473 1094 1502 defecta
1120 1475 1254 1502 narratio.
1279 1475 1386 1510 Quippe
1411 1475 1498 1503 Filius
1526 1476 1618 1503 omnia
1648 1475 1722 1504 Patri

931 1518 1056 1553 subjecit.
1075 1519 1122 1546 Sin
1144 1527 1177 1547 ex
1200 1520 1261 1547 Filii
1286 1528 1403 1555 persona
1432 1525 1592 1556 usurpatum
1611 1525 1723 1556 putetur

934 1565 1007 1592 istud
1025 1565 1124 1600 ipsum,
1143 1565 1210 1592 Cum
1225 1566 1290 1593 dicit
1304 1575 1312 1594 :
1341 1567 1408 1593 ltuit:
1421 1567 1510 1594 omnia
1520 1568 1648 1601 subjecta,
1665 1575 1721 1595 non

932 1611 1024 1638 minus
1038 1619 1137 1639 sensus
1155 1612 1213 1647 ipse
1228 1613 1329 1646 deﬁcit,
1354 1620 1387 1640 eo
1400 1613 1473 1647 quod
1490 1620 1565 1640 mora
1595 1613 1721 1648 quaedam

933 1664 964 1683 ac
988 1657 1102 1685 tarditas
1126 1657 1191 1689 Deo.
1217 1659 1274 1686 sive
1293 1658 1379 1691 Patri,
1407 1659 1465 1686 sive
1491 1658 1561 1686 Filio
1578 1660 1718 1687 tribuitur.

932 1702 998 1735 Quis
1016 1703 1098 1738 igitur
1112 1703 1212 1738 estqui
1234 1703 1352 1738 subjecta
1375 1711 1431 1730 esse
1452 1703 1516 1729 dicit
1533 1704 1644 1731 omnia?
1659 1703 1717 1731 Non

931 1748 1003 1775 enim
1019 1750 1150 1783 scriptum
1165 1753 1226 1776 est:
1242 1749 1308 1776 Cum
1325 1749 1427 1776 dicunt.
1449 1748 1515 1775 Nam
1533 1749 1556 1776 si
1572 1748 1606 1775 ad
1620 1748 1718 1776 Filium

931 1791 1025 1820 referri
1043 1792 1153 1820 deberet
1177 1793 1260 1825 istud,
1276 1793 1343 1820 Cum
1361 1794 1470 1825 dicunt;
1488 1793 1529 1820 vel
1545 1793 1578 1820 ad
1595 1794 1718 1829 angelos,

930 1838 971 1864 vel
989 1838 1021 1864 ad
1035 1846 1092 1868 eos,
1105 1839 1150 1873 qui
1163 1838 1280 1873 subjecti
1297 1843 1371 1871 sunt,
1388 1839 1524 1874 pertinere
1540 1843 1643 1873 posset.
1656 1838 1716 1866 Jam

929 1891 994 1910 vero
1012 1892 1074 1910 cum
1090 1887 1169 1911 antea
1188 1884 1261 1911 Patri
1280 1883 1378 1911 Filium
1399 1885 1490 1911 omnia
1506 1885 1657 1920 subjecisse
1684 1893 1717 1913 ac

929 1929 1076 1957 tradidisse
1089 1930 1240 1964 docuisset,
1257 1937 1289 1957 ac
1304 1930 1426 1958 vicissim
1441 1929 1510 1958 Filio
1529 1930 1636 1958 Patrem
1654 1939 1715 1958 om—

928 1976 972 2002 nia
987 1976 1148 2011 SUbjt‘CiSSC,
1165 1985 1261 2004 vocum
1280 1985 1361 2012 porro
1377 1978 1565 2013 captatoribus
1582 1985 1636 2005 una
1652 1977 1714 2012 Spi-

928 2021 997 2048 ritus
1014 2021 1101 2048 sancti
1118 2029 1234 2056 persona
1251 2026 1380 2054 restaret,
1391 2023 1427 2050 ob
1450 2022 1476 2049 id
1498 2022 1559 2050 Filii
1578 2031 1610 2050 ac
1627 2022 1717 2050 Patris

927 2068 1051 2102 personis
1073 2068 1191 2102 Spiritus
1209 2069 1296 2096 sancti
1321 2076 1465 2104 personam
1491 2077 1546 2109 non
1573 2076 1714 2102 expresse.

926 2114 973 2141 sed
1000 2115 1104 2141 inlinite
1126 2115 1277 2147 subtexuit,
1296 2115 1357 2149 ejus
1371 2115 1496 2141 videlicet
1519 2114 1648 2148 Spiritus,
1669 2115 1715 2148 qui

926 2159 1015 2186 Patris
1041 2163 1067 2186 et
1083 2159 1145 2186 Filii
1174 2167 1275 2187 arcana
1293 2161 1401 2187 nuntiat
1425 2167 1457 2187 ac
1480 2159 1616 2194 perdocet.
1637 2161 1715 2192 Quod

926 2205 986 2232 ideo
1003 2205 1105 2232 factum
1119 2210 1179 2238 cst,
1210 2214 1243 2234 nc
1259 2206 1340 2241 802
1356 2207 1388 2234 ad
1408 2205 1556 2240 perfectam
1571 2205 1715 2233 Trinitatis

924 2255 952 2278 et
971 2251 1098 2279 humana)
1115 2256 1239 2284 naturae,
1265 2253 1299 2280 ad
1324 2261 1406 2288 quam
1427 2252 1521 2287 gloria:
1546 2252 1605 2279 ﬁeri
1626 2255 1715 2286 potest

923 2298 1064 2329 accessio,
1095 2298 1280 2333 cognitionem
1307 2298 1446 2333 quidpiam
1469 2297 1588 2325 deesset.
1615 2297 1715 2324 Deinde

923 2343 1094 2375 novissimus,
1111 2343 1210 2378 inquit,
1225 2344 1346 2370 inimicus
1362 2343 1510 2370 destruitur
1527 2351 1608 2369 mors.
1627 2341 1714 2370 Porro

922 2389 968 2423 qui
985 2389 1136 2416 destruitur
1150 2389 1351 2424 quodammodo
1366 2389 1482 2417 detineri
1499 2390 1608 2417 vinetus
1630 2385 1711 2416 intel-

922 2434 1026 2469 ligitur,
1050 2439 1080 2462 ut
1097 2436 1169 2470 quod
1191 2436 1279 2464 facere
1293 2436 1409 2468 solebat,
1431 2443 1486 2462 non
1503 2435 1632 2462 moliatur
1651 2443 1712 2462 am-

925 2480 1007 2512 ptius,
1034 2480 1155 2516 adeoque
1177 2489 1239 2508 cmn
1261 2482 1420 2509 destructus
1444 2481 1497 2514 sit,
1518 2489 1574 2509 non
1593 2481 1712 2516 amplius

924 2525 1051 2552 exsistat.

959 2568 1065 2596 LXXV.
1086 2569 1156 2603 Quid
1175 2570 1257 2605 igitur
1275 2579 1416 2598 sacrarum
1435 2570 1600 2599 Litterarum
1627 2571 1713 2604 impc-

924 2614 968 2640 riti
986 2622 1018 2641 ea
1034 2614 1067 2642 de
1086 2623 1115 2642 rc
1137 2616 1229 2643 dicere
1247 2617 1380 2651 possunt?
1395 2617 1436 2643 An
1451 2617 1484 2644 de
1503 2615 1574 2644 Filio
1588 2615 1710 2650 cogitan-

924 2659 987 2687 dum
1005 2661 1084 2689 nobis
1102 2661 1167 2688 illud
1192 2666 1245 2694 est,
1268 2662 1400 2698 regnandi
1417 2662 1497 2690 ﬁncm
1512 2667 1629 2696 unquam
1649 2667 1710 2687 esse

925 2705 1085 2733 facturum?
1104 2708 1132 2734 Si
1149 2708 1258 2742 quidem
1275 2709 1312 2735 ita
1328 2716 1389 2736 sese
1403 2707 1449 2735 illa
1462 2715 1514 2734 vox
1527 2706 1648 2733 haberet.
1660 2705 1708 2730 Αι-

922 2753 968 2787 qui
995 2753 1106 2788 impium
1127 2753 1257 2789 quiddam
1271 2762 1286 2782 a
1302 2753 1381 2782 nobis
1398 2753 1568 2786 admittetur,
1585 2750 1609 2778 si
1631 2750 1708 2778 illum
