1929 3039
51 159 54 162 .
95 135 150 162 52⁸)

418 133 605 162 ADVERSUS
626 133 796 162 IIERESES
816 133 879 162 LIB.
900 133 932 162 ll.
955 133 1035 162 TOM.
1057 133 1089 162 ll.
1109 149 1143 154 ——
1162 133 1300 162 HERES.
1319 133 1410 161 LXIX.

1668 135 1718 163 5.30

94 191 357 220 contumeliosorum
386 191 414 219 in
442 191 489 218 Dei
518 191 625 224 Filium,
652 199 683 219 ac
714 192 844 227 Spiritum
875 196 1001 220 sanctum
1035 192 1124 226 impia
1145 199 1237 224 voces.
1259 199 1291 219 ac
1316 192 1475 227 sacrilegae;
1507 194 1720 226 argumentaquc

95 238 170 265 omni
190 238 218 265 in
233 238 344 265 eosdem
362 237 511 265 hostilitate
535 237 645 265 referta.
672 237 727 265 Nos
743 242 834 265 autem
851 241 948 266 caetera
969 238 1038 265 male
1066 238 1101 265 ab
1124 237 1178 265 illis
1197 237 1360 274 excogitata,
1376 242 1403 266 et
1423 238 1473 265 hoc
1503 238 1564 265 loco
1585 236 1720 272 patefacta

60 299 67 324 ς
94 284 243 312 diluemus.

131 332 201 366 οςι.
218 331 301 358 Πάλιν
318 312 476 367 λέγουσι
493 331 546 358 τῶν
559 333 590 358 ἐκ
607 331 653 359 τοῦ
667 332 831 366 Εὖαγγελίου
843 332 887 359 λέ-

973 330 1089 358 LXXVI.
1109 330 1177 358 Aliis
1193 330 1274 366 igitur
1289 337 1319 356 cx
1337 329 1482 364 Evangelio
1495 330 1609 365 prolatis
1626 334 1721 358 aucto-

96 377 152 410 εεις
175 377 262 408 τινὰς,
283 378 330 404 καί
351 385 447 412 φασιν·
472 377 521 404 Διὰ
541 378 566 404 τί
582 379 617 405 οὺ
638 378 761 405 δύναται
791 378 887 405 ποιεῖν

97 423 188 451 οὐδὲν
205 424 222 450 ό
233 423 297 456 Υἱὸς
311 423 361 457 ἀφ’
381 422 499 455 ἑαυτοῦ,
514 423 568 450 ἐὰν
576 423 619 458 μὴ
638 423 688 458 ιδῃ
704 423 756 451 τὸν
772 423 886 458 Πατέρα

97 467 261 499 ποιοῦν-τίκ
283 468 340 494 Καὶ
356 467 386 494 οὐ
405 467 510 495 νοοῦσιν
531 468 659 504 ἁπαρχῆς
681 468 716 495 τὰ
740 468 884 503 λεγόμενα,

97 513 139 539 ὅτι
150 513 270 546 καίτοιγε
281 512 296 537 ὁ
306 512 400 548 Πατὴρ
413 512 443 538 οὐ
466 513 598 548 πρότερον
612 513 733 548 ἐποίησε,
748 513 795 540 καὶ
807 512 886 538 ὓστε-

100 559 170 590 ρονό
186 557 249 589 Υἱὸς
271 556 441 591 ὲτεχνάσατο.
467 557 544 583 Ποῖον
565 557 619 593 γὰρ
639 557 750 592 οὐρανὸν
775 558 885 592 ἐποίησε

98 602 159 628 καθ’
175 602 270 628 ἑαυτὸν
287 603 300 628 ὁ
316 602 420 636 Πατὴρ,
438 601 481 628 ἴνα
491 621 498 633 ,
514 601 569 628 ἀπὸ
584 601 631 628 τοῦ
650 604 735 628 τύπου
749 602 796 628 τοῦ
812 601 886 638 πρὼ-

98 656 146 674 sou
165 647 280 682 οὐρανοῦ
294 647 384 674 λαϐὼν
401 647 431 673 τὸ
445 647 569 682 ὁμοίωμα
583 648 597 674 ὁ
613 647 687 680 Υἱὸς,
704 647 789 680 οὕτως
803 647 885 682 ἐργά-

100 701 196 728 meat;
218 691 288 718 Ἀλλ’
300 692 386 723 οὐδεὶς
399 691 477 718 τοῦτο
489 691 599 718 δύναται
611 691 693 724 δεῖξαι
705 693 760 719 τῶν
772 693 822 728 τὴν
835 702 885 720 κα-

99 738 163 764 ιίαν
180 737 368 764 ἐπινοούντων.
384 738 437 764 Ἔν
454 736 533 771 ἀρχῆ
554 737 609 771 γὰρ
621 737 765 771 ἐποίησεν
785 739 802 765 ὀ
814 738 887 770 Θεὸς

98 783 153 809 τὸν
165 783 294 818 οὐρανὸν
310 781 359 809 καὶ
370 782 428 816 τὴν
438 781 497 816 γῆν
529 782 596 808 Ἀλλ’
614 782 672 817 ἅμα
686 782 715 808 ὲν
729 783 799 818 ἀρχῇ
813 783 842 808 ὲν
853 784 885 818 τῇ

98 828 264 862 κοσμοποιίᾳ
296 827 411 861 φάσκει·
441 825 614 860 Ποιήσωμεν
640 825 796 860 ἄνθρωπον
821 827 886 853 κατ’

99 873 203 899 εἰκόνα
218 872 363 907 ἡμετέραν
379 871 425 897 κα)
443 871 670 905 καθζόμοίωσιν.
684 870 738 897 Καὶ
752 871 802 897 οὐκ
815 868 886 898 εἴπεο

97 917 196 951 Δεῦρο,
223 917 327 951 ποιήσω
349 916 395 942 καὶ
417 915 548 948 ὑποδείξω
565 916 623 946 πῶς
639 915 752 952 ἐργάσῃ.
772 916 886 942 Ἔπειτα

98 962 138 993 δὲ,
158 961 210 989 Kal
227 961 371 994 ἐποίησεν
390 961 406 987 ὸ
424 960 496 992 Θεὸς
511 960 564 986 τὸν
584 960 749 994 ἄνθρωπον.
768 961 822 987 Καὶ
836 961 885 986 οὐκ

98 1006 188 1039 εἶπεν,
207 1007 344 1043 Ἐποίησε,
363 1006 409 1033 καὶ
421 1005 504 1038 ἔδειξε
525 1005 564 1040 τῷ
588 1005 645 1041 Υἱῷ
672 1005 729 1038 πῶς
743 1006 782 1032 δεῖ
803 1007 888 1032 ποιεῖν
904 994 926 1024 ⁸

100 1054 146 1081 τὸν
169 1054 319 1089 ἄνθρωπον.
335 1052 403 1079 Οὔτε
423 1052 477 1087 γὰρ
501 1052 529 1078 ὲν
549 1051 645 1087 ἀγνοίᾳ
661 1049 695 1086 ἦν
716 1051 731 1077 ὁ
751 1051 828 1083 Υίὺς,
845 1051 889 1078 ἵνα

103 1099 175 1135 μετὰ
190 1100 220 1126 τὸ
240 1099 333 1134 μαθεῖν
346 1098 452 1133 τέχνην,
467 1097 527 1124 τότε
542 1097 576 1124 τὰ
589 1097 618 1131 ἐξ
631 1098 713 1132 αὐτῆς
727 1097 886 1133 ἐργάσηται.

109 1146 179 1172 Ἀλλ’
196 1145 287 1180 ἐπειδὴ
301 1145 381 1171 πάλιν
397 1143 480 1171 ἐλθὼν
496 1143 510 1169 ὁ
526 1143 627 1179 Κύριος
642 1143 720 1178 ἡμῶν
735 1144 784 1178 τὴν
800 1143 889 1179 σάρκα

101 1191 259 1224 ἐνεδύσατο,
277 1191 323 1217 καὶ
346 1191 487 1226 ἄνθρωπος
503 1190 624 1224 ἐγένετο,
641 1189 687 1216 καὶ
701 1190 729 1216 ὲν
748 1190 813 1224 ἡμῖν
828 1198 888 1216 συν-
898 1199 905 1203 ·ν

101 1237 277 1273 ανεστράφη,
293 1235 348 1272 εἶχε
361 1237 389 1263 δὲ
410 1236 477 1272 πρὸς
497 1237 559 1268 τοὺς
577 1235 720 1266 Ἰουδαίους
739 1235 785 1262 τὸν
799 1234 887 1269 λόγον,

100 1284 200 1315 οἵτινες
213 1282 337 1317 ἐνόμιζον
349 1282 429 1309 αὐτὸν
440 1283 474 1308 τὰ
483 1282 529 1309 τοῦ
545 1281 651 1317 Πατρὺς
661 1280 814 1313 καταλύειν,
828 1280 888 1316 βου-

101 1330 216 1364 λόμενος
229 1330 375 1363 ἀναγαγεῖν
388 1329 437 1364 τὴν
458 1328 576 1355 διάνοιαν
588 1327 634 1354 τοῦ
650 1327 687 1362 μὴ
700 1327 843 1362 προσέχειν
854 1327 886 1362 τῇ

101 1374 184 1401 αὐτοῦ
206 1374 412 1409 ὲνανθρωπήσει
432 1374 521 1409 μόνον,
539 1373 644 1407 ελεγενι
663 1371 758 1400 Οὐδὲν
774 1371 854 1399 ποιεῖ
871 1373 888 1398 ό

100 1421 176 1454 Υἱὸς,
193 1421 246 1447 ἐὰν
261 1420 303 1456 μὴ
319 1420 367 1454 ιδῃ
381 1420 435 1446 τὸν
449 1419 564 1453 Πατέρα
583 1418 726 1445 ποιοῦντα
736 1427 743 1434 ”
758 1418 800 1445 ἵνα
814 1418 889 1454 δείξῃ

100 1467 131 1493 τὸ
148 1467 229 1502 ἔργον
249 1466 294 1493 τοῦ
316 1464 380 1492 Υἱοῦ
400 1463 469 1491 εἴναι
484 1465 563 1500 ἔργον
577 1464 624 1490 τοῦ
637 1464 753 1500 Πατρὺς,
776 1463 822 1490 καὶ
843 1464 888 1490 τὸν

101 1512 213 1547 Πατέρα
226 1511 384 1538 εὐδοκοῦντα
396 1511 442 1537 ἐπὶ
454 1511 487 1546 τῇ
498 1509 581 1537 αὑτοῦ
596 1509 644 1544 τῆς
658 1509 746 1545 πάσης
757 1509 888 1544 ἐργασίας

100 1557 252 1592 οἰκονομίᾳ.
267 1556 345 1583 Οὕτω
359 1556 405 1583 καὶ
418 1556 488 1583 κατὰ
503 1556 661 1583 ἀκολουθίαν
684 1554 731 1582 mli.
743 1555 792 1586 τὰς
805 1555 888 1586 ἄλλας

100 1603 190 1635 λέξεις
211 1601 438 1638 προσκόπτοντες,
462 1601 499 1632 ὼς
527 1600 624 1636 θῆρες,
649 1601 696 1627 καὶ
715 1601 888 1635 ἐλεγχόμενοι

101 1648 156 1674 ἀπὸ
178 1647 324 1683 προσώπου
346 1646 396 1681 τῆς
412 1646 459 1673 τοῦ
478 1646 557 1680 λόγου
582 1647 734 1682 ἀστραπῆς,
750 1646 800 1680 τῆς
820 1646 888 1681 ἀλη-
902 1663 923 1691 c

101 1693 179 1724 θείας
210 1692 415 1727 διωχθήσονται.
443 1692 614 1726 Ἀστραψον
639 1691 816 1725 ἀστραπὴν.
839 1691 888 1718 καὶ

101 1738 254 1773 σκορπιεῖς
264 1739 383 1771 αὐτούς·
394 1738 610 1770 ὲΕαπόστειλον
622 1737 658 1764 τὰ
668 1737 748 1772 ,βέλη
760 1745 828 1770 σου,
840 1736 889 1764 καὶ

101 1784 300 1819 συνταράξεις
317 1784 437 1817 αὐτούς.

137 1872 196 1899 οΖ’.
205 1871 368 1906 Πρόσκειται
377 1871 432 1907 γὰρ
444 1871 531 1908 ταύτῃ
541 1872 573 1907 τῇ
585 1870 654 1903 λέξει
663 1871 696 1898 ἂν
708 1871 715 1886 ¹
728 1871 889 1906 ὰναλέγουσι

102 1918 164 1944 καθ’
184 1917 288 1953 εἱρμὸν,
309 1918 354 1944 καὶ
374 1917 496 1951 λέγουσιν
511 1917 564 1944 ἀπὸ
585 1916 631 1943 τοῦ
652 1916 834 1951 Εὑαγγελίου·
857 1918 890 1944 '0

102 1962 158 1996 τὰρ
178 1962 279 1995 Πατὴρ
290 1961 370 1996 φιλεῖ
381 1961 434 1988 τὸν
457 1960 536 1994 Υιὸν,
552 1960 600 1987 καὶ
617 1959 890 1987 πάντα,δε[κνυσιν

101 2007 183 2040 αὐτῷ
193 2028 199 2035 .
212 2005 231 2033 d
249 2006 341 2040 αὐτὸς
360 2006 446 2038 ποιεῖ,
462 2006 510 2033 καὶ
529 2005 649 2041 μείζονα
665 2007 778 2033 τούτων
798 2005 889 2039 δείξει

100 2047 183 2085 ἀὺτῷ
200 2052 281 2087 ἔργα,
298 2053 347 2079 ἵνα
365 2052 446 2087 ὑμεῖς
462 2051 626 2086 θαυμάζητε
640 2059 647 2066 ·
670 2051 718 2077 καὶ
742 2051 836 2078 πάλιν·
858 2051 889 2077 '0

102 2098 205 2132 Πατὴρ
212 2099 316 2133 ἐγείρει
329 2098 399 2131 τοὺς
408 2098 541 2132 νεκροὺς,
553 2097 602 2124 καὶ
613 2096 752 2127 ζωοποιεῖ.
768 2097 888 2132 Ὁμοίως

102 2143 152 2170 καὶ
166 2145 182 2170 ό
194 2143 260 2176 Υἱὸς
273 2143 327 2176 οὓς
341 2142 420 2170 θέλει
434 2141 578 2179 ζωοποιεῖ·
600 2142 647 2168 καὶ
661 2142 741 2168 πάλιν
750 2150 758 2158 ι
776 2142 890 2168 Οὐδένα

102 2188 157 2223 γὰρ
181 2189 198 2214 ὀ
215 2187 316 2221 Πατὴρ
330 2187 432 2220 κρίνει,
444 2186 524 2213 ἀλλὰ
537 2185 592 2220 τὴν
611 2185 712 2218 κρίσιν
725 2183 827 2211 ,πᾶσαν
842 2183 889 2210 δέ-

101 2233 178 2260 δωκε
193 2232 232 2265 τῷ
245 2232 310 2265 Υἰῷ,
324 2233 374 2259 ἵνα
388 2232 498 2265 πάντες
511 2231 614 2266 τιμῶσι
628 2231 682 2257 τὸν
700 2230 779 2262 Υιύν,
794 2229 890 2262 καθὼς

102 2278 207 2313 τιμῶσι
220 2278 274 2304 τὸν
292 2277 416 2312 Πατέρα.
433 2277 504 2313 Ὅρα
523 2277 550 2303 δέ
568 2285 613 2312 μοι
624 2276 727 2307 λοιπὸν,
744 2276 845 2311 Ἀρειε,
860 2275 890 2302 τὸ

936 376 1063 404 ritatibus
1090 376 1125 402 ita
1140 375 1300 410 disputant:
1319 375 1388 408 Quid
1406 379 1448 402 est
1469 375 1541 410 quod
1558 375 1625 402 nihil
1641 383 1657 402 a
1676 383 1720 403 se-

936 422 993 456 ipso
1009 421 1095 456 facere
1118 419 1206 447 Filius
1222 424 1317 453 potest.
1335 420 1386 447 nisi
1402 419 1509 447 Patrem
1526 421 1665 454 facientem
1682 421 1720 448 νὶ-

936 466 1003 494 derit
1016 465 1047 492 ’ἲ
1064 465 1117 494 Sed
1133 465 1209 493 nullo
1223 464 1302 493 modo
1323 465 1420 492 horum
1444 466 1588 492 verborum
1609 469 1720 493 senten-

937 512 1002 539 tiam
1018 516 1217 547 assequuntur;
1233 518 1321 546 neque
1336 511 1428 538 vident
1444 511 1510 538 nihil
1527 519 1597 543 esse,
1613 511 1685 546 quod
1705 518 1719 538 a

936 557 1016 584 Patre
1034 561 1112 584 antea
1129 556 1241 590 factum,
1258 560 1285 584 et
1309 564 1324 587 τι
1347 555 1416 584 Filio
1439 556 1536 584 deinde
1560 556 1719 584 fabricatum

937 603 1027 631 fuerit.
1045 602 1122 635 Quod
1139 602 1212 629 enim
1227 602 1324 630 cmlum
1341 602 1416 630 solus
1437 609 1484 638 per
1497 610 1556 630 sese
1568 602 1648 629 Pater
1663 610 1721 629 mo-

937 649 1001 676 litus
1017 651 1069 679 est.
1084 652 1114 675 ut
1129 647 1162 674 ad
1176 647 1276 682 prioris
1291 647 1373 682 hujus
1394 647 1534 682 exemplar
1547 648 1634 674 simile
1657 647 1722 674 alte-

936 700 996 720 rum
1013 692 1100 720 Filius
1119 693 1307 728 expresserit?
1327 693 1398 720 Nihil
1418 693 1552 728 ejusmodi
1568 693 1602 720 ab
1618 694 1651 721 iis
1667 693 1719 720 im-

935 737 1043 772 pietatis
1060 737 1216 764 arcliiteCIis
1238 737 1418 765 demonstrari
1439 741 1538 773 potest.
1568 737 1600 764 In
1620 737 1719 772 princi-

935 784 979 818 pio
1007 783 1075 810 enim
1098 782 1158 816 fecit
1180 781 1250 809 Deus
1272 783 1365 810 cretum
1385 787 1410 810 et
1435 787 1534 810 terram
1544 783 1565 810 '.
1588 783 1644 811 lmo
1664 784 1720 818 iam

936 832 993 856 tum
1008 829 1068 864 ipso
1085 827 1236 855 fabricandi
1252 828 1345 856 mundi
1363 829 1498 864 principio
1512 829 1582 857 dixit
1597 837 1604 855 :
1623 828 1721 856 Facia~

937 883 995 901 mus
1019 874 1149 900 hominem
1172 873 1206 900 ad
1226 874 1366 908 imaginem
1387 879 1506 901 nostram
1525 879 1550 901 et
1566 875 1722 905 similitudi-

937 928 995 948 nem
1007 919 1029 947 ⁸.
1042 919 1101 946 Non
1119 919 1187 946 dixit
1204 928 1211 947 :
1227 919 1298 954 Age,
1319 918 1416 946 faciam
1436 919 1525 954 prius,
1551 924 1578 947 et
1593 921 1723 955 quemad—

939 967 1050 993 modum
1074 965 1163 992 moliri
1193 965 1294 992 debeas
1317 967 1470 992 ostendam.
1495 965 1620 993 Deinde:
1648 965 1722 993 Fecit

939 1010 1010 1038 Deus
1033 1010 1163 1038 hominem
1177 1010 1197 1036 '.
1212 1009 1270 1037 Non
1287 1009 1367 1042 dixit,
1384 1009 1460 1037 Fecit
1473 1013 1500 1037 et
1511 1011 1630 1038 ostendit
1641 1011 1721 1044 Filio,

938 1056 1168 1092 quemadmodum
1197 1055 1374 1084 t'abricandus
1398 1056 1479 1084 homo
1505 1057 1551 1084 sit.
1584 1057 1721 1092 Siquidem

938 1103 1011 1130 nulla
1028 1103 1055 1130 in
1070 1102 1138 1129 Filio
1154 1102 1242 1130 inerat
1262 1102 1427 1136 ignorantia,
1440 1106 1470 1128 ut
1482 1106 1658 1137 posteaquam
1679 1110 1723 1129 ar-

938 1150 991 1174 tem
1008 1146 1218 1178 condidicisset,
1236 1154 1269 1173 ex
1284 1146 1358 1173 illius
1370 1146 1453 1182 θοή
1467 1147 1627 1182 praescripto
1644 1147 1723 1174 moli-

938 1197 1022 1219 retur.
1038 1191 1140 1219 Verum
1152 1191 1198 1219 ubi
1221 1191 1256 1219 ad
1274 1199 1325 1219 nos
1339 1191 1467 1226 delapsus
1480 1191 1608 1220 Christus
1629 1192 1722 1220 Domi-

938 1245 991 1265 nus
1005 1237 1122 1264 humana
1137 1244 1220 1264 carne
1231 1237 1346 1264 vestitus
1363 1240 1415 1269 est,
1433 1243 1458 1264 et
1475 1237 1557 1265 homo
1575 1238 1664 1265 factus
1680 1241 1723 1266 est

937 1289 964 1312 et
984 1284 1126 1311 nobiscum
1146 1288 1272 1311 versatus
1284 1303 1291 1316 ,
1317 1291 1380 1310 cum
1398 1282 1506 1311 Judasns
1526 1284 1723 1319 alloqueretur,

938 1328 985 1364 qui
1002 1329 1036 1356 ab
1050 1328 1110 1363 ipso
1124 1335 1206 1362 opera
1230 1328 1318 1354 Patris
1336 1327 1421 1355 everti
1441 1328 1492 1355 sibi
1516 1333 1722 1363 persuaserant.

938 1382 994 1409 quo
1010 1381 1104 1402 eorum
1131 1373 1237 1400 animos
1255 1380 1270 1399 a
1293 1372 1379 1400 solius
1394 1373 1519 1401 humanae
1535 1379 1638 1401 naturae
1657 1381 1722 1401 con-

939 1418 1116 1454 templatione
1130 1421 1271 1446 revocaret
1287 1425 1294 1443 :
1315 1416 1402 1449 Nihil.
1419 1417 1528 1452 inquit,
1545 1417 1631 1446 Filius
1646 1418 1721 1453 facit.

938 1465 991 1492 nisi
1011 1465 1149 1499 facientem
1169 1463 1278 1491 Patrem
1298 1463 1409 1496 uiderit;
1432 1468 1461 1492 ut
1484 1471 1553 1499 opus
1574 1465 1636 1492 Filii
1661 1473 1723 1493 esse

938 1511 1026 1538 Patris
1039 1518 1108 1545 opus
1124 1509 1295 1542 ostenderet.
1312 1510 1457 1545 eidemque
1480 1510 1553 1538 Patri
1569 1518 1647 1539 suam
1663 1519 1723 1539 om-

938 1563 1001 1583 nem
1023 1555 1288 1582 administrationem
1301 1562 1332 1581 ac
1348 1554 1516 1582 iunctionem
1534 1555 1653 1590 placere.
1678 1557 1697 1585 S
1708 1567 1723 1585 c

940 1602 1024 1636 igitur
1037 1600 1166 1635 deinceps
1190 1600 1314 1627 infelices
1334 1600 1400 1633 isti,
1425 1600 1470 1635 qui
1491 1600 1558 1629 alias
1575 1601 1724 1637 Scriptura:

940 1644 1100 1675 sententias.
1121 1648 1250 1679 tanquam
1273 1644 1405 1671 immanes
1433 1644 1507 1677 fere,
1523 1646 1674 1674 concidunt
1692 1655 1724 1675 ac

940 1691 1079 1722 lacerant,
1096 1690 1225 1721 convicti,
1241 1689 1329 1716 divini
1355 1689 1431 1717 verbi
1450 1697 1482 1717 ac
1497 1691 1619 1719 veritatis
1635 1693 1721 1727 splen-

939 1736 1048 1768 dorem,
1066 1735 1139 1763 velut
1156 1735 1261 1770 fulgure
1274 1735 1392 1770 quodam
1409 1736 1589 1767 consternati,
1609 1735 1723 1771 fugient.

942 1781 1072 1817 Fulgura,
1096 1781 1194 1816 inquit,
1219 1781 1444 1812 coruscationem,
1461 1785 1486 1808 et
1504 1781 1645 1816 diseipubis
1667 1790 1723 1810 eos.

940 1827 1038 1855 Emitte
1053 1828 1166 1862 sagittas
1182 1832 1252 1857 tuas,
1265 1831 1289 1854 ct
1304 1827 1473 1854 conturbabit
1488 1835 1532 1854 eos
1544 1827 1565 1855 ⁵.

977 1871 1092 1899 LXXVII
1126 1872 1230 1900 Etenim
1259 1872 1297 1899 illi
1313 1871 1462 1907 Scriptum
1485 1873 1562 1905 loco,
1589 1881 1669 1908 quem
1692 1881 1724 1901 ex

941 1918 1087 1954 Evangelio
1102 1917 1264 1952 proferunt,
1288 1919 1381 1946 statim
1406 1918 1473 1946 illud
1490 1918 1586 1947 ordine
1605 1919 1726 1947 subtexi-

941 1968 985 1992 tur
1001 1973 1006 1990 :
1027 1964 1107 1991 Pater
1117 1964 1185 1990 enim
1205 1963 1292 1999 diligit
1309 1963 1408 1991 Filium
1423 1969 1449 1992 et
1459 1964 1548 1992 omnia
1564 1965 1727 1993 demonstrat

940 2011 974 2040 ei.
989 2018 1047 2045 quae
1062 2010 1116 2044 ipse
1130 2009 1205 2044 facit,
1222 2014 1247 2036 et
1263 2010 1296 2037 iis
1309 2010 1411 2044 majora
1426 2019 1504 2045 opera
1517 2012 1724 2043 demonstrabit.

941 2060 969 2081 ut
986 2063 1029 2082 vos
1050 2054 1209 2081 miremini’.
1232 2055 1318 2082 Item:
1340 2055 1423 2082 Pater
1446 2058 1559 2084 suscitat
1573 2062 1689 2085 mortuos
1701 2063 1726 2085 et

941 2099 1072 2130 uiviﬁcat;
1096 2099 1220 2127 similiter
1246 2105 1271 2127 et
1300 2099 1389 2128 Filius
1414 2109 1478 2136 quos
1494 2103 1548 2129 vult
1579 2103 1693 2138 vivi/ica!
1704 2104 1724 2130 '.

941 2144 1007 2172 Item
1026 2153 1033 2172 :
1053 2143 1135 2172 Pater
1157 2145 1285 2172 neminem
1307 2146 1423 2179 iudicat,
1439 2146 1484 2174 sed
1501 2155 1576 2174 omne
1597 2148 1727 2179 iudicium

940 2189 1013 2216 dedit
1028 2188 1110 2222 Filio,
1131 2194 1158 2216 ut
1177 2198 1265 2217 omnes
1283 2190 1410 2218 honorent
1433 2191 1548 2225 Filium,
1561 2193 1628 2220 sicut
1644 2193 1727 2221 Itono-

941 2239 1001 2260 ranl
1018 2234 1124 2261 Patrem
1132 2235 1153 2261 '.
1170 2235 1360 2264 Animadverte
1375 2244 1458 2269 nunc,
1475 2239 1533 2269 Διὶ,
1550 2238 1623 2266 hunc
1636 2239 1726 2274 ipsum

943 2280 1072 2307 instituta:
1095 2284 1191 2307 contra
1213 2285 1239 2308 te
1255 2289 1270 2307 a
1290 2282 1369 2310 nobis
1393 2283 1589 2318 disputationis
1612 2286 1725 2313 exitum.

102 2324 191 2359 πέρας
210 2322 260 2358 τῆς
280 2323 347 2359 πρὸς
363 2323 393 2349 σὲ
412 2322 552 2357 διαλογῆς,
569 2321 620 2348 ποῦ
634 2321 796 2349 ἀπετέλεσεν
812 2321 826 2347 ὁ
847 2320 888 2347 λό-

941 2323 1000 2351 Non
1024 2324 1093 2352 dixit
1117 2332 1132 2351 a
1156 2325 1319 2359 quibusdam
1347 2327 1477 2355 honorari
1492 2328 1602 2363 debere,
1617 2330 1652 2357 ab
1665 2330 1727 2359 aliis

101 2376 159 2402 γος.
177 2368 234 2394 Οὐκ
247 2366 307 2394 εἷπε
323 2368 398 2399 τινὰς
413 2368 467 2400 ναὶ,
479 2367 526 2394 καὶ
537 2367 612 2399 τινὰς
624 2366 653 2394 οὔ
665 2375 672 2382 ·
686 2367 742 2394 ἀλλ’
752 2367 802 2394 ἵνα
814 2366 888 2394 πάν-

101 2422 152 2446 τες
170 2412 276 2448 τιμῶσι
292 2414 345 2439 τὸν
361 2413 427 2440 Υὶὸν
442 2413 482 2445 ὡς
499 2412 604 2447 τιμῶσι
627 2412 680 2438 τὸν
696 2412 819 2446 Πατέρα.
843 2412 888 2447 Μὴ

102 2459 219 2494 ἀτίμαζε
235 2458 325 2486 τοίνυν
340 2459 386 2486 τὸν
404 2459 485 2490 Υίδν,
503 2458 547 2485 ἵνα
563 2458 600 2493 μὴ
619 2458 755 2493 ἀτιμάσῃς
770 2458 815 2484 τὸν
835 2458 890 2484 Πα-

101 2505 184 2540 τέρα·
202 2506 226 2531 εἰ
239 2504 293 2540 γάρ
308 2513 336 2530 τι
356 2505 395 2536 είς
413 2504 458 2531 τὸν
476 2504 540 2530 Υιδν
559 2503 654 2539 λογίζῃ
668 2503 836 2538 ὐποόεὖηχὸς
848 2523 855 2535 ,
873 2503 889 2538 ἢ

102 2549 247 2584 ὶλάττιυμα
266 2549 443 2582 διανοεῖσθαι,
465 2549 562 2576 οὐκοῦν
587 2549 633 2575 καὶ
654 2549 700 2575 ὲπὶ
717 2549 762 2576 τὸν
779 2548 889 2585 Πατέρα

101 2595 243 2622 ἁναῆαίνει
258 2603 304 2621 σου
319 2596 335 2630 ἡ
354 2595 468 2622 διάνοια.
491 2596 547 2630 Τῆς
570 2595 624 2630 γὰρ
636 2594 720 2630 αὐτῆς
734 2603 775 2621 σοι
788 2595 889 2630 τολμη-

102 2641 162 2676 9'11;
177 2642 236 2667 ἐστὶ
255 2641 286 2667 τὸ
306 2642 344 2673 εἰς
361 2641 406 2667 τὸν
421 2641 485 2668 Υἱδν
499 2640 677 2673 διανοεῖσθαι,
691 2640 739 2667 καὶ
755 2640 792 2676 μὴ
807 2641 891 2676 τιμᾷν

940 2377 994 2397 non
1007 2369 1123 2397 debere:
1140 2370 1187 2398 sed
1199 2375 1227 2396 ut
1242 2379 1342 2403 omnes,
1357 2372 1455 2407 inquit,
1471 2373 1597 2402 honorent
1615 2374 1726 2408 Filium,

939 2416 1006 2443 sicut
1030 2415 1160 2443 honorant
1180 2416 1287 2444 Patrem
1303 2418 1334 2445 ¹⁰.
1360 2418 1433 2447 Cave
1460 2421 1543 2456 igitur
1566 2421 1730 2451 dehonestes

941 2459 1051 2494 Filium,
1065 2469 1098 2489 ne
1114 2461 1278 2490 dehonestes
1290 2467 1317 2491 et
1333 2463 1450 2493 Patrem.
1475 2466 1542 2493 Nam
1568 2467 1590 2495 si
1615 2469 1680 2503 quid
1702 2470 1728 2496 in

941 2505 1013 2534 Filio
1037 2507 1187 2542 suspiceris
1203 2508 1326 2542 inferius,
1344 2515 1391 2537 aut
1404 2511 1538 2539 defectum
1555 2514 1679 2548 reperiri,
1701 2515 1729 2542 in

942 2550 1032 2580 Patris
1057 2553 1233 2588 ignominiam
1259 2560 1304 2582 tua
1329 2556 1374 2583 illa
1397 2558 1530 2593 cogitatio
1553 2559 1728 2588 redundabit.

943 2596 991 2624 Est
1002 2597 1074 2624 enim
1089 2598 1210 2633 ejusdem
1229 2601 1256 2627 in
1268 2605 1293 2628 te
1309 2602 1482 2635 temeritatis,
1494 2608 1521 2631 et
1537 2605 1658 2632 audaciae
1670 2605 1729 2633 sive

944 2642 1079 2677 ejusmodi
1099 2644 1201 2679 aliquid
1215 2646 1347 2674 adversus
1364 2647 1462 2675 Filium
1487 2649 1659 2684 conceperis.
1672 2650 1730 2677 sivo

139 2720 196 2760 [ιι
210 2721 246 2760 tv.
259 2721 345 2760 ἀνὲλτ.
358 2722 387 2760 ,ξ
403 2720 482 2760 εφη·
493 2721 596 2760 me
610 2721 646 2760 ,ξ
657 2720 724 2748 Gen-
753 2728 772 2754 ι,
792 2721 817 2748 ιο
857 2721 888 2748 ιε

941 2743 948 2751 .
961 2722 1006 2750 26.
1045 2723 1056 2739 ⁵
1070 2723 1135 2752 ibid.
1147 2724 1192 2753 27.
1231 2726 1242 2742 ⁸
1256 2725 1328 2754 Psal.
1349 2735 1442 2760 cuin,
1458 2728 1484 2755 6.
1525 2729 1535 2743 ⁷
1549 2727 1628 2756 Joan.
1642 2735 1669 2759 v,
1683 2727 1730 2757 20.

98 2755 111 2772 ⁸
129 2756 195 2783 ibid.
216 2755 262 2783 Ἡ.
302 2756 312 2772 ⁹
329 2756 394 2784 ibid.
408 2756 452 2784 Ὠ.
493 2757 514 2771 ¹⁰
528 2755 593 2783 ibid.
609 2755 654 2784 23.

137 2834 176 2869 (3)
190 2836 287 2862 Πιυιι·
301 2833 436 2868 λέγουσι.
454 2833 520 2861 Vide
538 2833 622 2861 llilar.
644 2834 691 2862 lib.
708 2841 743 2862 VII
758 2832 797 2862 De
815 2832 912 2862 Trinit.

262 2881 400 2912 Ριτιιοι..
417 2881 475 2910 Gn.
493 2881 588 2912 XLII.

1535 2885 1572 2916 11
