1929 3039
216 179 266 208 55!

913 179 940 205 S.
967 177 1134 205 EI’IPIIANII

1782 172 1841 200 333

217 247 272 268 non
296 239 412 266 honores
434 239 538 274 ipsum,
555 243 583 265 ut
606 239 721 266 honora;
738 236 855 264 Patrem.
881 236 949 263 Nam
971 241 999 263 ut

1065 236 1142 268 ,t‘nbv,
1158 234 1290 268 καθάπερ
1309 231 1395 268 τιμᾷς
1410 232 1463 260 τὸν
1483 232 1608 266 Πατέρα.
1632 224 1694 259 Ἵνα
1716 231 1771 266 γὰρ
1793 232 1847 258 καὶ

217 285 269 320 ipsi
294 285 339 311 det
356 285 456 319 aliquid
475 284 565 315 Pater,
583 285 647 317 dic,
672 284 770 311 amabo
796 287 840 314 te,
860 283 1001 310 hominum

217 329 462 360 conﬁdentissime.
488 329 553 364 quid
572 329 658 356 dicit?
685 328 718 356 Ut
734 337 809 365 quem
831 328 884 356 vult
901 327 1002 359 Filius,

218 375 340 409 oiviﬁcet.
357 374 415 401 Non
430 375 499 401 dixit
512 383 593 410 quenl
606 375 720 409 jubetur
735 384 741 402 :
755 375 813 402 haec
823 375 894 401 enim
912 374 1003 402 omnia

221 428 236 447 a
256 419 335 447 Patre
351 418 436 447 Filius
449 420 573 454 accipere
586 420 690 452 debuit,
706 420 753 447 sed
768 428 821 448 non
837 423 867 447 ut
882 420 943 454 ipso
958 427 1002 447 es~

218 469 260 492 set
276 464 399 492 inferior.
409 465 487 498 Quod
502 465 611 500 quidem
629 465 738 492 duobus
753 465 842 492 modis
854 465 1005 500 intelligere

218 517 365 544 possumus
379 518 386 536 :
408 509 537 544 primum,
553 513 582 536 ut
599 514 715 536 mentem
734 513 855 536 nostram
872 509 905 536 ad
923 516 1004 536 unam

218 559 244 582 et
264 555 429 590 singularem
449 554 550 586 Patris,
570 553 632 581 Filii
655 558 682 582 et
709 553 827 590 Spiritus
850 554 936 582 sancti
966 554 1006 580 di—

221 600 360 628 vinitatem
375 601 512 632 eveheret,
527 607 594 628 neve
607 600 640 627 ad
656 600 778 635 quaedam
791 599 914 628 deorum.
933 600 1007 627 velut

221 647 338 675 divortia
359 647 510 677 hominum,
528 646 707 681 cogitationes
726 646 830 673 demitti
850 649 1005 681 pateretur;

223 691 271 718 sed
287 690 321 718 ad
336 698 420 717 unum
436 695 463 717 et
476 690 557 726 805
571 691 709 726 singulare
719 690 845 725 quiddam
857 690 1007 723 attolleret;

223 737 354 767 secundo,
371 740 401 762 ut
421 735 454 762 ad
476 739 644 771 assumptam
662 735 781 763 hominis
794 739 932 767 naturam,
948 743 1008 771 quae

221 782 313 816 gloria:
327 781 544 810 vicissitudinem
579 782 814 816 mutationemque
833 784 953 816 caperet,
967 785 1009 807 at-

221 835 275 861 que
286 825 320 853 ad
338 826 488 854 divinitatis
502 834 558 854 sua:
571 826 791 860 conjunctionem
809 826 1009 861 intelligendam

222 871 385 905 perduceret
411 870 479 898 Cum
495 871 568 898 enim
589 871 622 898 ad
642 871 792 906 discipulos
809 878 885 900 suos.
902 870 1009 905 pollici-

1053 280 1090 315 δῷ
1106 280 1180 314 αὐτῷ
1200 280 1214 305 ὁ
1236 279 1342 314 Πατὴρ,
1357 277 1420 311 λέγε
1435 286 1498 313 μοι,
1515 274 1538 303 ὦ
1554 275 1686 311 γεννάδα,
1700 275 1728 301 τί
1752 275 1846 309 λέγεις

1055 327 1118 354 Ἵνα
1129 325 1165 353 ὃν
1181 325 1254 359 θέλῃ
1270 325 1286 352 ὸ
1301 324 1366 356 Υἱὸς
1381 322 1560 358 ζωογονήσῃ.
1579 323 1635 348 Οὐκ
1655 321 1741 353 εἶπεν,
1759 321 1787 347 ὃν
1801 329 1850 347 κε-

1053 371 1161 398 λεύεται
1171 379 1177 386 ·
1194 370 1246 396 ἔδει
1265 369 1294 396 δὲ
1309 369 1395 395 ταῦτα
1410 367 1456 394 τὸν
1473 367 1536 393 Υὶὸν
1551 366 1678 398 δέξασθαι
1695 365 1772 401 παρὰ
1787 365 1850 392 Πα-

1053 417 1128 453 τρὸς,
1151 416 1208 443 ἀλλ’
1232 415 1282 442 οὐκ
1305 414 1434 441 ἐλάττονα
1453 410 1522 439 εἶναι
1546 411 1622 447 παρὰ
1648 411 1695 438 τὸν
1715 411 1848 446 Πατέρα,

1057 462 1174 497 μάλιστα
1188 461 1258 488 κατὰ
1274 459 1320 486 δύο
1338 459 1473 495 τρόπους·
1489 458 1596 493 πρῶτον
1612 457 1661 492 μὲν
1671 477 1678 488 ,
1693 456 1738 483 διὰ
1751 457 1782 482 τὸ
1801 457 1852 482 ἁν-

1055 509 1168 542 αγαγεῖν
1181 506 1259 542 ἡμῶν
1274 507 1324 541 τὴν
1338 505 1456 532 διάνοιαν
1470 505 1508 536 εἰς
1521 504 1585 538 μίαν
1600 503 1696 530 ἕνωσιν
1707 502 1850 536 θεότητος,

1056 554 1173 589 Πατρὺς,
1189 553 1235 579 καὶ
1249 552 1325 581 Υίοῦ.
1345 551 1391 578 καὶ
1407 551 1484 584 ἁγίου
1502 549 1671 585 Πνεύματος,
1693 549 1740 575 καὶ
1757 548 1794 584 μὴ
1806 549 1851 579 εἰς

1058 599 1220 636 μερισμοὺς,
1238 599 1285 625 καὶ
1308 597 1453 624 πολυθεῖαν
1473 597 1639 630 καταγαγεῖν
1660 595 1705 621 τὺν
1725 595 1781 620 τῶν
1800 594 1853 620 ἀν-

1057 645 1174 680 Θρώπων
1189 643 1328 679 λογισμὸν,
1345 642 1412 669 ἀλλὰ
1426 642 1573 677 ἀναφέρειν
1590 642 1630 672 εἰς
1643 640 1706 676 μίαν
1720 640 1852 673 tvo-tnta:

1057 690 1182 726 δεύτερον
1193 690 1232 722 δὲ,
1245 690 1293 716 καὶ
1308 690 1347 721 εἰς
1360 689 1410 724 τὴν
1422 689 1470 724 τῆς
1483 687 1615 724 ὲνσάρκου
1630 686 1783 722 παρουσίας
1800 694 1854 720 με·

1056 736 1170 772 ταὸολὴν
1189 735 1278 770 δόξης,
1299 735 1347 761 καὶ
1369 733 1514 760 συνένωσιν
1532 733 1583 768 τῆς
1599 731 1681 758 αὑτοῦ
1707 731 1851 767 Θεότητος.

1066 782 1174 817 Ἐπειδὴ
1187 781 1240 817 γὰρ
1255 779 1321 816 ἦλθε
1336 781 1400 811 τοὺς
1413 779 1536 815 μαθητὰς
1557 778 1639 806 αὐτοῦ
1656 778 1790 812 εὐφρᾶναι
1805 777 1854 804 διὰ

1059 825 1108 860 τῆς
1121 826 1294 861 ὑποσχέσεως
1313 823 1346 861 ἧς
1370 823 1463 856 εἶπεν,
1477 825 1518 851 ὅτι
1539 825 1606 851 Εἰσὶ
1627 823 1687 850 τῶν
1700 824 1853 853 ἑστώτων,

1060 870 1168 902 οἵτινες
1187 871 1222 896 οὐ
1236 869 1280 904 μὴ
1297 870 1460 904 γεύσωνται
1474 869 1604 897 θανάτου
1614 888 1622 899 .
1636 868 1690 901 ἕως
1705 868 1744 894 ἂν
1760 868 1852 894 Ῐδωσι

223 916 335 944 tationis
368 916 522 950 huiusmodi
555 923 603 951 spe
635 916 837 947 exhilarandos.
873 916 1007 947 venisset.

1065 914 1112 942 τὸν
1126 914 1194 941 Υίὸν
1204 914 1257 941 τοῦ
1269 914 1426 948 ἀνθρώπου
1438 914 1602 948 ἐρχόμενον
1611 914 1646 940 ἐν
1658 913 1694 947 τῇ
1707 913 1782 946 δόξῃ
1797 914 1855 939 αὐ-

224 969 306 996 qnam
328 962 505 989 ostenderat:
521 961 588 989 Sunt
614 962 646 988 de
670 962 712 988 hic
729 962 871 993 stantibus,
887 962 932 996 qui
958 970 1009 988 non

227 1006 371 1042 gustabunt
392 1012 512 1037 mortem.
534 1006 615 1034 donec
639 1006 752 1033 viderint
775 1005 877 1033 Filium
898 1006 1010 1034 hominis

223 1050 364 1076 venientem
386 1050 412 1076 in
434 1050 519 1084 gloria
538 1050 616 1077 rua'.
636 1049 737 1077 Deinde
752 1053 848 1077 octava
864 1050 918 1082 die,
936 1055 966 1078 ut
983 1051 1010 1078 in

226 1093 370 1129 Evangelia
386 1094 519 1128 scriptum
537 1095 610 1126 est‘,
629 1094 672 1122 vel
690 1095 730 1127 (ut
746 1094 819 1121 aliud
837 1094 1010 1130 Evangelium

225 1139 334 1174 narrat)
349 1144 410 1174 post
427 1147 473 1167 sex
489 1139 566 1168 dies'
586 1148 593 1166 ε
619 1147 673 1167 non
690 1139 763 1175 quod
786 1140 922 1176 Evangelii
942 1141 1011 1169 scri-

225 1188 317 1218 ptores
334 1184 490 1212 hallucinati
506 1185 578 1218 sint,
604 1185 651 1213 sed
664 1206 671 1218 ,
689 1185 761 1220 quod
783 1186 846 1213 licet
861 1186 955 1214 eadem
975 1187 1012 1215 sit

225 1229 346 1263 omnium
364 1230 514 1262 certitudo,
539 1231 634 1258 eadem
651 1235 742 1258 tamen
757 1232 903 1260 munienda
921 1233 1012 1261 videa-

227 1279 282 1307 tur,
304 1283 338 1302 ne
355 1275 512 1303 hominibus
527 1275 561 1302 ad
578 1283 620 1308 ea,
634 1284 694 1310 qua:
713 1277 849 1312 praecipua
872 1285 904 1305 ac
919 1286 1013 1306 neces-

229 1319 302 1347 saria
331 1324 404 1352 sunt,
432 1320 583 1348 olTendendi
612 1322 667 1348 ulla
696 1323 849 1356 pra-bentur
874 1324 1010 1352 occasio:

228 1364 448 1399 quandoquidem
469 1373 553 1400 prona
578 1371 620 1394 cst
643 1366 794 1401 impensius
809 1367 836 1394 in
858 1368 960 1395 malum
980 1369 1013 1396 ah

228 1410 409 1438 adolescentia
425 1411 544 1439 hominis
565 1412 692 1447 cogitatio
709 1412 729 1439 ⁵.
743 1412 892 1448 Propterea
916 1418 1013 1442 octava

229 1455 272 1483 die
299 1457 409 1491 scripsnt
433 1456 660 1492 evangelistarum
691 1457 769 1491 alter,
793 1458 884 1493 quod,
913 1466 974 1486 cum
998 1467 1014 1487 a

228 1500 338 1527 Christo
360 1500 404 1527 illa
430 1501 603 1536 pronuntiata
627 1506 707 1534 sunt,
727 1503 857 1530 nonnulla
881 1510 945 1538 pars
959 1503 1012 1531 diei

229 1549 394 1579 superesset,
417 1553 432 1572 a
447 1553 499 1580 qua
519 1545 562 1573 die
583 1550 610 1573 et
629 1547 694 1573 hora
717 1547 875 1574 numerandi
906 1547 1011 1575 initium

230 1590 313 1622 fecit;
340 1594 444 1625 utputa.
469 1598 530 1618 cum
553 1591 608 1626 jam
635 1591 662 1618 in
688 1599 797 1623 nonam.
815 1597 862 1620 aut
880 1593 1013 1620 decimam

232 1636 327 1662 horam
351 1635 409 1663 dies
432 1635 611 1664 incumberet.
633 1635 735 1664 Deinde
758 1640 854 1664 octavo
875 1637 919 1665 die
946 1638 1014 1666 hora

231 1679 340 1706 circiter
355 1679 452 1712 tertia,
475 1679 516 1707 vel
531 1684 629 1715 quarta
653 1687 698 1708 res
723 1680 782 1716 ipsa
804 1681 917 1718 contigit
929 1702 937 1715 ,
955 1690 1016 1718 quae

230 1726 289 1754 dies
310 1730 404 1754 octava
423 1731 582 1759 numerata;
599 1735 663 1754 cum
679 1727 750 1755 alius
763 1729 940 1763 evangelista,
956 1737 1015 1756 ma-

1061 960 1127 987 τοῦ·
1142 960 1188 986 καὶ
1209 961 1243 996 τῇ
1265 959 1344 995 ὀγδόῃ
1360 960 1462 996 ἡμέρᾳ,
1478 959 1515 991 ὡς
1531 960 1605 994 λέγει
1623 959 1653 986 τὸ
1669 959 1853 993 Εὐαγγέλιον.

1060 1005 1077 1040 ἢ
1093 1005 1132 1036 ὡς
1147 1004 1178 1031 τὸ
1198 1005 1290 1041 ἕτερον
1306 1005 1391 1039 λέγει,
1413 1005 1481 1040 μετὰ
1497 1005 1526 1037 ἒξ
1542 1004 1649 1040 ἡμέρας
1684 1005 1715 1030 οὐ
1739 1004 1795 1030 τῶν
1811 1004 1856 1030 εὖ·

1060 1050 1230 1084 αγγελιστῶν
1251 1050 1334 1085 ἕτερα
1348 1050 1406 1077 ἀνθ’
1421 1050 1521 1086 ἑτέρων
1536 1050 1669 1084 λεγόντων
1679 1070 1685 1081 ,
1700 1049 1768 1076 ἀλλά
1784 1050 1854 1084 μιᾶς

1061 1095 1144 1130 οὔσης
1156 1095 1205 1130 τῆς
1221 1095 1373 1131 ἀκριϐείας,
1387 1095 1430 1122 ἀεί
1442 1103 1508 1121 ποτε
1520 1095 1548 1121 δὲ
1558 1094 1788 1129 ἀσφαλιζομένης,
1809 1095 1856 1120 ἵνα

1063 1140 1101 1174 μὴ
1116 1139 1251 1174 πρόφασις
1261 1139 1373 1174 γένηται
1386 1138 1417 1165 τὸ
1426 1140 1488 1170 τοὺς
1498 1138 1655 1174 ἀνθρώπους
1667 1139 1856 1174 προσκόπτειν

1062 1186 1091 1212 ἐν
1107 1187 1162 1216 τοῖς
1178 1185 1352 1219 ἀναγκαίοις·
1369 1185 1516 1220 ἐπειδήπερ
1531 1184 1652 1219 ἔγκειται
1668 1186 1684 1219 ἠ
1699 1185 1789 1210 ἔννοια
1804 1185 1856 1211 τοῦ

1062 1230 1205 1267 ἀνθρώπου
1219 1231 1264 1257 ἐπὶ
1278 1230 1313 1258 τὰ
1327 1231 1434 1266 πονηρὰ
1451 1231 1482 1257 ὲκ
1498 1231 1622 1266 νεότητος
1641 1230 1778 1265 ἐπιμελῶς
1788 1237 1795 1243 ·
1810 1230 1856 1256 διὰ

1062 1273 1201 1307 τοῦτοεῖς
1220 1276 1414 1311 εὐαγγελιστὴς
1422 1277 1459 1312 τῇ
1478 1276 1558 1312 ὀγδόῃ
1577 1275 1669 1311 ἡμέρᾳ
1691 1273 1779 1302 εἶπεν.
1799 1273 1857 1301 ἾΙν

1063 1323 1117 1358 γὰρ
1132 1322 1213 1358 μέρος
1225 1331 1251 1348 τι
1265 1322 1314 1357 τῆς
1327 1322 1434 1358 ἡμέρας
1448 1321 1670 1356 ὑπολειπόμενον,
1684 1321 1727 1346 ὅτε
1746 1320 1793 1346 τὸν
1810 1319 1856 1346 λό-

1063 1375 1111 1401 γον
1127 1367 1189 1402 έφη,
1209 1368 1256 1394 καὶ
1275 1366 1476 1402 συνηρίθμησεν
1491 1367 1537 1393 ἀπ’
1555 1365 1662 1401 ἐκείνης
1677 1365 1727 1400 τῆς
1743 1365 1857 1400 ἡμέρας

1064 1413 1112 1439 καὶ
1124 1414 1173 1448 τῆς
1187 1413 1272 1448 ὥρας,
1286 1413 1310 1439 εί
1323 1410 1357 1448 ἦν
1375 1413 1393 1448 ἡ
1511 1412 1653 1438 κεκλικυῖα
1671 1411 1736 1447 περὶ
1755 1411 1857 1445 ἐνάτην

1064 1458 1138 1494 ὥραν
1153 1458 1169 1494 ἢ
1184 1458 1309 1493 δεκάτην.
1331 1458 1386 1485 Καὶ
1397 1457 1479 1485 πάλιν
1490 1458 1520 1484 ἐν
1534 1458 1567 1492 τῇ
1581 1457 1661 1492 ὀγδόῃ
1675 1457 1767 1492 ἡμέρᾳ
1789 1456 1858 1491 περὶ

1065 1503 1114 1538 τὴν
1137 1503 1232 1539 τρίτην
1250 1504 1266 1538 ἢ
1288 1504 1419 1538 τετάρτην
1436 1502 1509 1538 ὥραν
1527 1502 1574 1529 τοῦ
1593 1502 1754 1538 πράγματος
1775 1509 1859 1536 γεγο-

1065 1551 1150 1582 νότος,
1161 1550 1241 1585 ὀγδόη
1253 1550 1323 1585 αὕτη
1334 1550 1466 1577 ἐκαλεῖτο.
1487 1550 1515 1576 '0
1524 1549 1551 1577 δὲ
1561 1549 1640 1581 ἄλλος
1660 1549 1858 1584 εὑαγγελιστὴς

1068 1596 1244 1630 ἁσφαλίζεται
1277 1597 1324 1623 καὶ
1345 1596 1432 1629 λέγει,
1451 1595 1519 1631 μετὰ
1541 1595 1570 1628 ἐξ
1587 1595 1704 1630 ἡμέρας.
1725 1594 1783 1621 Οὐχ
1800 1594 1860 1630 ἠρί-

1069 1641 1156 1676 θμησε
1168 1641 1221 1677 γὰρ
1241 1642 1270 1668 ἐν
1291 1638 1368 1678 ᾖτδν
1388 1641 1466 1676 λόγον
1487 1641 1538 1676 ἔφη
1557 1642 1613 1672 τοῖς
1628 1641 1772 1677 μαθηταῖς,
1796 1640 1859 1667 οὐδὲ

1068 1687 1098 1713 ἐν
1145 1686 1175 1713 τὸ
1188 1687 1267 1723 ἔργον
1288 1686 1464 1720 ἐπετέλεσεν,
1485 1686 1554 1714 ἀλλὰ
1577 1687 1626 1719 τὰς
1648 1687 1731 1722 μέσον
1745 1686 1777 1719 ἓξ
1789 1686 1860 1722 πλη-

1070 1731 1204 1767 ρεστάτας
1223 1731 1340 1767 ἡμέρας.

229 1772 298 1808 joris
320 1774 456 1802 cautionis
471 1775 568 1810 gratia.
592 1778 655 1809 post
677 1782 725 1803 sex
740 1774 799 1803 dies
816 1775 843 1803 id
860 1777 1008 1812 contigisse
1024 1782 1137 1811 narret,
1173 1779 1300 1813 quoniam
1322 1784 1411 1812 neque
1443 1777 1513 1818 diem
1539 1777 1616 1804 illum
1639 1776 1859 1812 comprehendit,

231 1828 285 1856 quo
302 1820 433 1849 Dominus
450 1822 580 1857 apostolis
597 1821 647 1850 ista
664 1822 771 1850 locutus
787 1827 846 1856 est,
862 1831 913 1853 nec
937 1824 1022 1858 illam,
1051 1826 1078 1852 in
1099 1833 1152 1860 qua
1168 1833 1238 1860 opus
1254 1825 1320 1852 illud
1336 1823 1463 1856 absolvit,
1491 1823 1538 1851 sed
1555 1823 1713 1858 interjeclos
1741 1831 1773 1850 ac
1802 1824 1859 1859 ple-

233 1876 283 1896 nos
298 1866 486 1895 tantummodo
500 1875 558 1895 scx.

267 1912 407 1940 LXXVIII.
421 1913 493 1948 Ergo
506 1913 671 1948 evangelista
685 1921 748 1941 cum
761 1915 794 1941 ad
808 1915 944 1950 ejusmodi
958 1923 1019 1943 nar-

233 1956 366 1984 rationem
381 1957 514 1989 venissct.
529 1957 566 1984 ita
581 1965 638 1984 rem
654 1965 761 1986 onmem
773 1959 899 1993 exponit:
919 1959 1018 1993 Quem-

234 2000 379 2028 admodum
410 2000 520 2028 Petrum
539 2005 565 2028 et
583 1999 714 2028 Joannem
733 2006 759 2029 et
787 2001 918 2029 Jacobnm
938 2003 1018 2030 adhi-

234 2045 312 2077 bens,
327 2045 420 2073 eduxit
443 2045 505 2073 illos
520 2046 547 2072 in
564 2049 692 2078 montem,
714 2050 738 2073 et
751 2047 955 2082 transﬁguratus
967 2052 1017 2080 ut,

233 2094 257 2116 et
274 2090 433 2124 resplenduit
454 2086 613 2125 facies'ejus
636 2090 703 2117 sicut
724 2091 798 2118 εοι⁵ε
819 2099 849 2118 ea
867 2091 961 2125 facies,
975 2092 1019 2119 in-

234 2142 327 2170 quam,
347 2143 406 2170 quae
424 2141 482 2163 erat
499 2143 561 2163 cum
586 2135 729 2163 divinitate
750 2136 914 2171 conjuncta:
941 2138 1020 2164 resti-

235 2186 323 2208 menta
349 2186 436 2209 autem
461 2190 517 2216 ejus
540 2181 654 2208 candida
680 2182 754 2216 facta
778 2187 838 2210 sunt
868 2184 937 2210 sicut
962 2184 1008 2210 nix

235 2227 415 2260 Quamobrem
430 2228 475 2255 illa
492 2235 556 2255 caro
567 2236 626 2263 qua:
637 2234 661 2255 et
675 2236 706 2255 cx
725 2227 805 2256 Maria
817 2228 927 2264 Virgine
946 2238 1021 2257 sum-
1037 2227 1054 2269 ’ξ

234 2278 290 2308 pta,
301 2277 328 2301 ct
341 2281 373 2301 ex
388 2278 482 2302 nostro
495 2282 593 2309 genere
607 2278 734 2309 suscepta
753 2274 850 2307 fuerat,
865 2276 892 2303 in
904 2276 1020 2311 gloriam

237 2319 464 2355 splendoremque
478 2324 642 2347 commutata
658 2325 710 2353 est,
726 2324 753 2348 et
769 2321 877 2355 quidem
894 2321 1021 2348 divinita-

236 2366 271 2392 tis
291 2366 414 2400 gloriam,
434 2366 511 2399 cujus
528 2366 560 2393 ad
579 2366 654 2404 illam
670 2371 712 2394 est
728 2368 848 2395 accessio
866 2367 948 2400 facta,
962 2375 1023 2395 nec-

236 2417 290 2437 non
305 2414 332 2437 et
347 2411 469 2442 honoris,
482 2418 514 2437 ac
529 2411 714 2446 perfectionis,
730 2413 926 2447 dignitatisque
938 2413 1021 2441 coele-

236 2455 296 2486 stis,
314 2463 406 2490 quam,
421 2463 483 2482 cum
499 2456 632 2484 hactenus
650 2465 714 2485 caro
729 2466 783 2485 non
799 2458 949 2490 habuisset,
965 2459 1020 2490 hic.

237 2503 412 2535 [osteaqunm
428 2508 490 2528 cum
513 2501 605 2530 divino
621 2502 710 2530 Verbo
734 2504 860 2538 copulata
877 2509 930 2536 est.
951 2505 1022 2532 obti-

237 2545 306 2572 nuit.
334 2545 373 2572 Ad
387 2553 448 2572 eum
467 2546 558 2581 itaque
575 2547 683 2574 modum
700 2555 761 2582 qua:
776 2553 853 2575 antea
868 2549 940 2576 dicta
958 2553 1022 2577 sunt

237 2591 372 2626 accipies:
391 2590 472 2618 Omne
480 2591 613 2626 judicium
627 2592 698 2620 dedit
709 2592 779 2620 Filio
789 2594 813 2626 l‘;
827 2593 956 2630 quoniam
970 2594 1020 2621 De-

237 2637 276 2664 dit
298 2637 322 2664 ei
339 2642 502 2671 potestatem,
521 2642 550 2664 ut
566 2646 642 2672 quem
659 2639 713 2665 vult
732 2639 870 2674 vivi/icct’.
887 2638 977 2672 Quare
993 2644 1021 2667 ut

237 2687 264 2711 et
286 2683 402 2718 primum
422 2682 584 2718 principium
607 2682 768 2714 declararet,
794 2687 821 2709 et
843 2690 923 2710 unam
939 2683 1023 2718 806

237 2727 406 2756 divinitatem
426 2735 458 2754 ac
479 2727 645 2762 singularem
663 2727 690 2754 in
708 2727 840 2756 Trinitate
855 2728 1021 2756 voluntatem

273 2816 282 2831 '
301 2815 395 2842 Matth.
411 2823 465 2846 va,
481 2815 524 2842 28.
561 2816 571 2831 ¹
587 2814 652 2842 Luc.
670 2823 707 2848 lx,
721 2816 766 2844 ‘28.
804 2816 814 2831 ³
830 2815 924 2843 Matth.
943 2823 1010 2850 xvu,
1027 2815 1051 2842 Ι.

240 2848 296 2878 22.‘
321 2851 330 2867 "
349 2849 415 2878 ibid.
432 2850 477 2877 2t.
516 2850 527 2866 ⁵
543 2850 574 2878 C.
592 2851 675 2881 ὅπως.

1106 1913 1170 1941 OH'.
1186 1911 1250 1940 Ὧδε
1264 1913 1293 1940 δὲ
1309 1913 1372 1949 περὶ
1390 1913 1436 1940 τὸν
1454 1912 1532 1947 λόγον
1550 1913 1703 1948 γενόμενος,
1720 1913 1770 1950 τὴν
1789 1915 1860 1951 φρά-

1071 1967 1114 1986 σιν
1141 1958 1279 1992 ὑπέδειξεν
1295 1967 1302 1974 ·
1329 1959 1424 1994 Ὅμως
1445 1958 1456 1975 ⁸
1489 1957 1653 1993 παραλαϐὼν
1680 1959 1784 1995 Πέτρον
1811 1962 1858 1988 καὶ

1077 2005 1203 2041 Ἰωάννην
1235 2006 1281 2033 καὶ
1307 2005 1451 2037 Ἰάκωϐον,
1469 2004 1618 2040 ἀνήνεγκεν
1636 2005 1735 2038 αὐτοὺς
1758 2008 1799 2039 είς
1829 2008 1859 2034 τὸ

1070 2051 1142 2087 ὅρος,
1157 2051 1211 2079 Καὶ
1225 2050 1444 2086 μετεμορφώθη,
1459 2051 1508 2077 καὶ
1522 2050 1640 2085 ἔλαμψε
1649 2051 1681 2078 τὸ
1695 2051 1858 2085 ,πρόσωπον

1069 2098 1163 2125 αὐτοῦ
1177 2097 1218 2131 ὡς
1233 2099 1249 2124 d
1261 2097 1346 2130 ἥλιος
1357 2105 1364 2112 ο
1381 2096 1411 2123 τὺ
1429 2097 1459 2123 ὲν
1476 2096 1557 2133 σαρκὶ
1572 2097 1716 2132 πρόσωπον
1734 2097 1816 2124 συνὸν
1830 2101 1857 2125 ἐν

1072 2144 1104 2179 τῇ
1120 2143 1241 2178 θεότητι·
1262 2142 1309 2170 καὶ
1326 2142 1361 2169 τὰ
1375 2142 1472 2177 Quieta
1488 2142 1580 2170 αὑτοῦ
1599 2143 1693 2170 λευκὰ
1707 2143 1748 2176 ὡς
1765 2144 1856 2179 χιὼν-

1071 2188 1192 2223 δηλονάτι
1208 2189 1225 2224 ἡ
1250 2188 1317 2224 σὰρξ
1338 2189 1354 2222 ὴ
1381 2188 1436 2215 ἀπὸ
1459 2188 1567 2223 Μαρίας
1585 2185 1653 2214 οὖσα
1665 2207 1672 2219 ,
1687 2188 1735 2214 καὶ
1758 2188 1792 2217 ἐκ
1810 2189 1856 2215 τοῦ

1072 2234 1209 2269 ἡμετέρου
1226 2233 1320 2267 γένους
1335 2233 1503 2268 τυγχάνουσα
1517 2241 1523 2248 ’
1542 2233 1587 2259 καὶ
1602 2232 1806 2268 μετεμορφοῦτυ
1819 2234 1856 2264 εἰς

1073 2278 1162 2310 δόξαν,
1179 2278 1257 2312 δόξαν
1268 2278 1441 2314 ὲπικτωμένη
1455 2278 1505 2315 τῆς
1519 2277 1653 2313 θεότητος,
1668 2277 1717 2313 τὴν
1730 2278 1815 2314 τιμήν
1828 2286 1856 2304 τε

1074 2324 1119 2350 καὶ
1134 2324 1288 2359 τελειότητα
1301 2343 1308 2355 ,
1324 2324 1370 2350 καὶ
1394 2323 1472 2356 δόξαν
1494 2323 1543 2358 τὴν
1569 2323 1728 2358 ἐπουράνιον
1740 2341 1748 2354 ,
1768 2323 1803 2358 ἠν
1820 2322 1856 2357 μὴ

1073 2364 1146 2402 εἶχεν
1163 2366 1260 2402 ἡσὰρξ
1281 2367 1421 2402 άπαρχῆς,
1440 2366 1556 2393 ἐνταῦθα.
1574 2366 1603 2392 δὲ
1627 2365 1748 2393 λαϐοῦσα
1771 2366 1801 2392 ὲν
1824 2367 1857 2400 τῇ

1074 2411 1218 2438 συνενώσει
1232 2411 1279 2439 τοῦ
1298 2412 1366 2438 Θεοῦ
1379 2412 1475 2446 Λόγου.
1501 2411 1594 2444 Οὕτως
1617 2411 1650 2438 τὰ
1672 2411 1856 2447 προειρημένα

1073 2457 1144 2487 νόει,
1167 2457 1208 2483 ὅτι
1239 2456 1299 2491 Τὴν
1322 2456 1425 2484 πᾶσαν
1449 2457 1549 2492 κρίσιν
1578 2455 1687 2483 δέδωκε
1714 2455 1754 2488 τῷ
1782 2455 1854 2488 ΥΙῷ·

1073 2503 1114 2528 ὅτι
1141 2503 1270 2530 Ἔδωκεν
1287 2503 1366 2535 αὑτῷ
1380 2503 1535 2535 ἐξουσίαν,
1552 2503 1601 2529 ἵνα
1613 2502 1649 2529 ὃν
1663 2501 1746 2530 θέλει
1756 2501 1855 2536 ζωοτο-

1073 2547 1154 2582 νήσῃ
1165 2556 1172 2563 ο
1193 2548 1236 2575 ἵνα
1249 2549 1298 2583 τὴν
1313 2549 1362 2583 μὲν
1376 2547 1486 2584 πρώτην
1505 2547 1591 2583 ἀρχὴν
1606 2547 1681 2584 δείξῃ
1695 2547 1745 2583 τὴν
1763 2547 1856 2573 ἕνωσιν

1073 2593 1124 2627 τῆς
1138 2594 1202 2628 μιᾶς
1216 2593 1350 2629 ϐεότητος,
1368 2593 1456 2620 καὶτὸ
1470 2593 1499 2619 ἓν
1515 2593 1619 2629 θέλημα
1634 2593 1679 2620 ἐπὶ
1691 2592 1738 2620 τδν
1751 2593 1856 2627 Πατέρα

1074 2637 1168 2673 φέρειν
1183 2639 1217 2665 τὰ
1243 2639 1291 2665 ὅλα
1312 2639 1361 2674 τῆς
1378 2639 1567 2673 ἀγαϐοσύνης,
1585 2638 1632 2665 καὶ
1658 2638 1705 2664 ἐπὶ
1724 2636 1775 2672 τὴν
1797 2638 1856 2672 μίαν

1074 2684 1162 2719 ἀρχὴν
1175 2684 1220 2710 καὶ
1231 2683 1345 2719 θεότητα
1359 2684 1413 2710 τῶν
1427 2683 1509 2719 τριῶν
1523 2683 1610 2710 οὐσῶν
1622 2682 1732 2709 τελείων
1742 2681 1853 2709 ὑποστά-

1075 2737 1166 2762 σεων,
1197 2731 1262 2765 μιᾶς
1285 2731 1314 2757 δὲ
1342 2730 1483 2766 Θεότητος,
1499 2730 1615 2766 Πατρδς,
1639 2729 1686 2756 καὶ
1711 2728 1790 2760 Tini,
1815 2727 1856 2755 καὶ

1106 2817 1117 2833 ⁵
1128 2817 1184 2846 Gen
1209 2827 1266 2853 VIII,
1284 2819 1309 2846 I.

1360 2819 1370 2835 '
1386 2818 1482 2847 Matth.
1500 2827 1566 2852 xvu,
1582 2819 1593 2846 Ι
1615 2825 1675 2854 sqq.
1715 2814 1815 2845 ἰονι-
1831 2822 1855 2848 ν,
