1929 3039
86 199 142 227 555

389 193 572 223 ADVERSUS
602 190 774 221 HEBESES
802 190 865 218 LIB.
887 189 918 216 ll.
950 188 1033 217 TUM.
1054 188 1085 216 ll.
1106 203 1139 208 —
1170 186 1308 215 HIEBES.
1330 184 1410 213 LXIX

1654 186 1708 215 554

86 254 168 289 ἁγίου
186 253 355 288 Πνεύματος,
373 254 420 280 καὶ⁸
440 253 489 287 τῆς
514 251 646 285 ἐνσὰρκου
671 249 750 276 πάλιν
768 257 871 283 παρου-
887 273 889 278 ,

940 254 983 275 sse
1001 249 1176 278 monstraret,
1203 252 1263 280 qua:
1284 244 1318 272 ad
1337 244 1485 271 bonitatem
1509 243 1656 278 pertinent.
1675 242 1708 269 ad

89 300 151 330 σίας
166 297 428 334 προσλαμϐανούσης
443 297 512 333 μετὰ
538 296 589 332 τῆς
611 296 737 331 θεότητος
760 295 809 330 τὴν
823 293 876 320 ἀπὸ

88 344 197 380 Πατρὸς
228 344 274 370 καὶ
290 342 355 369 Υίοῦ
372 343 571 379 κεχαρισμένην
589 342 656 377 αὐτῇ
679 340 726 368 τοῦ
757 339 877 375 ἀξιώμα-

88 397 137 421 τος
153 389 259 424 δωρεάν
287 397 316 415 τε
333 389 380 415 καὶ
399 389 520 421 ἐξουσίαν
547 388 594 414 καὶ
609 387 762 422 τελειότητα
779 385 827 413 καὶ
838 385 877 417 εις

91 435 157 470 μίαν
173 434 287 469 θεότητα
302 434 487 470 πνευματικὴν
502 434 657 461 συνένωσιν.

928 290 1034 319 Patrem
1049 291 1149 326 ipsum,
1165 291 1216 318 hoc
1228 295 1271 318 est
1287 289 1320 317 ad
1337 297 1420 317 unum
1436 289 1598 324 principium
1614 295 1710 315 unam-

929 345 981 373 que
994 337 1162 364 divinitatem
1173 336 1275 364 retulit.
1289 334 1357 363 Cum
1369 335 1442 363 enim
1453 338 1509 362 tres
1520 334 1645 370 perfectae
1656 335 1712 362 sint

928 383 1099 419 hypostases,
1117 390 1170 410 una
1189 386 1279 409 tamen
1293 381 1420 409 divinitas
1431 383 1483 412 est,
1499 379 1587 408 Patris
1602 384 1628 407 et
1651 379 1712 407 Filii

929 433 957 458 et
972 429 1092 465 Spiritus
1104 428 1202 457 sancti.
1218 428 1341 455 Hominis
1353 434 1435 462 porro
1448 434 1463 454 a
1480 426 1569 454 Verbo
1584 429 1713 460 suscepta

91 485 190 508 natura
206 487 259 507 una
282 488 344 507 cum
358 480 498 507 divinitate
515 486 629 507 summa:
652 478 792 514 dignitatis
806 485 821 504 a
844 475 926 503 Patre
943 475 1064 510 Filioque
1082 474 1254 506 beneﬁcium,
1272 481 1377 501 necnon
1396 477 1423 500 et
1438 475 1598 507 potestatem
1624 471 1714 507 perfe-

90 525 266 559 ctionemque
284 532 315 552 ac
331 525 480 559 spiritalem
500 525 527 552 in
542 531 623 552 unam
640 523 809 552 divinitatem
827 521 1049 556 coniunctionem
1067 520 1182 555 accepit.

130 570 191 597 08'.
208 570 264 596 Καὶ
280 569 352 605 μάλα
366 570 442 605 μόλις
459 569 637 606 διεδράσαμεν
647 570 678 596 τὸ
689 568 879 595 δυσθαλάττιον

91 615 172 642 τοῦτο
189 614 288 651 χωρίον
300 635 308 648 ,
333 615 381 641 καὶ
395 615 445 651 τὴν
470 616 560 642 πᾶσαν
577 615 680 650 ταύτην
698 614 878 650 θηριοὸολίαν,

91 660 177 696 ἂγριά
200 669 230 687 τε
256 661 384 696 κυμάτων
398 660 582 696 κυρτώματα,
603 661 756 696 ἀφρισμοὺς
780 660 808 687 δὲ
833 660 881 687 καὶ

94 707 192 738 σάλους
208 705 325 737 δεινούςο
349 705 412 742 βέλη
438 714 467 733 τε
483 705 612 733 ἐναντίων
633 706 680 734 καὶ
694 705 806 741 θυρεοὺς
832 713 882 731 κα-

92 751 280 783 τακαύσαντες
303 751 373 778 κατὰ
397 751 443 778 τδν
465 751 546 786 ὸρθδν
569 750 697 786 λογισμὸν
713 751 741 777 ὲν
765 749 879 784 διανοίᾳ,

94 796 160 829 τόξα
188 803 219 822 τε
246 795 300 823 τῶν
330 796 364 823 δι’
391 796 516 828 ἐναντίας
540 796 760 827 κατακλάσαντες
779 794 825 821 ἐπὶ
851 794 881 820 τδ

95 840 211 877 ιρπετδν
224 840 303 867 τοῦτο
316 840 346 868 τὸ
360 840 547 876 πολυκέφαλον
568 840 649 877 ὕδρας
663 841 785 878 ἄμορφον
798 840 882 869 κατά-

97 895 201 921 στημα,
218 885 344 917 λαϐόντες
358 886 390 912 ὲκ
402 885 469 913 Θεοῦ
489 886 537 922 τὴν
557 886 669 922 δύναμιν
695 886 743 913 καὶ
767 886 817 921 τὴν
835 885 884 920 χά-

964 565 1083 594 LXXIX.
1110 565 1163 593 Sed
1177 565 1234 600 jam
1248 565 1336 593 locum
1356 558 1616 592 ιιυιιο’‹1ἱ1ἣεὶ11ἰιιιίε
1631 563 1715 592 maris

931 611 1139 646 tempestatibus
1153 611 1295 644 infestum,
1310 615 1391 646 atque
1403 618 1510 638 omnem
1529 610 1601 638 illam
1618 610 1714 638 veneni

931 655 985 682 vim
1017 655 1075 683 sive
1092 656 1183 690 potius
1213 659 1349 683 tumentes
1371 656 1403 683 a'c
1423 655 1589 690 proccllosos
1617 654 1715 682 ﬂuetus

931 705 959 729 et
976 708 1122 736 spumosus
1141 701 1276 730 undarum
1294 700 1413 728 vortices
1433 704 1460 728 et
1472 700 1635 734 jactationes
1650 700 1716 727 hor-

931 745 1031 772 rcndas
1046 752 1118 780 aegre
1134 744 1279 772 admodum
1294 745 1442 772 evasimus.
1465 744 1532 771 Nam
1551 748 1578 771 et
1598 744 1715 772 hastium

931 790 984 817 tela
998 793 1129 825 scutaque
1143 793 1217 817 recta
1238 790 1343 817 ratione
1354 798 1386 817 ac
1401 792 1491 817 mente
1505 788 1575 820 freti,
1591 789 1716 817 combus-

933 833 1030 866 simus,
1046 838 1073 861 et
1087 834 1196 861 illorum
1212 841 1293 862 arcus
1309 833 1490 869 infregimus;
1510 841 1541 861 ac
1557 838 1660 860 tantam
1676 834 1717 861 di-

932 878 1034 906 vinitus
1053 878 1108 905 vim
1127 882 1154 906 et
1167 879 1292 914 gratiam,
1308 879 1372 906 licet
1390 879 1575 912 immerentes,
1602 878 1635 907 ad
1651 879 1716 906 illud

97 915 178 964 ρινᾞὶ
194 915 325 960 ανίκανοι,
335 915 417 959 thura.
434 929 463 955 έν
473 915 532 965 Θεῷ
547 915 715 964 ἰσχύσαντες,
732 930 781 964 τὴν
795 915 884 956 ὶπὶξιι-

940 927 1084 951 nonstrum
1096 923 1221 958 pluribus
1232 915 1368 959 capitihus
1378 924 1562 959 turpissimam
1582 924 1616 952 ad
1627 924 1719 960 hydra:

97 981 158 999 κιον
168 972 241 1008 ᾄδειν
255 972 344 1008 φωνὴν
357 972 487 1007 λέγουσαν
497 982 505 989 ·
516 974 652 1010 ’ᾼσωμεν
663 973 703 1007 τῷ
710 974 822 1008 Κυρίῳ·
834 974 883 1000 ἐν·

96 1017 193 1050 δόξως
206 1017 260 1052 γὰρ
269 1017 445 1051 δεδόξασται
458 1027 466 1034 ·
480 1019 574 1046 ἵππον
583 1019 631 1046 καὶ
646 1019 801 1052 ἀναϐάτην
813 1019 886 1053 tript-

97 1064 159 1097 ψεν
171 1064 215 1095 είς
233 1062 392 1090 θάλασσαν
402 1072 409 1079 ο
426 1064 473 1090 καὶ
490 1064 684 1100 συντρίψαντες
702 1064 750 1100 τὴν
764 1064 885 1099 κεφαλὴν

98 1107 146 1134 τοῦ
171 1107 316 1143 δράκοντος
336 1108 428 1135 ἐπάνω
449 1108 495 1136 τοῦ
515 1108 629 1142 ὓδατος,
646 1109 692 1136 τοῦ
710 1108 816 1144 ἡσύχως
835 1118 885 1136 πο‹

100 1152 245 1188 ρευομένου
259 1171 266 1185 ,
291 1150 322 1180 οὗ
339 1153 390 1180 οὐκ
407 1153 542 1188 ἠθέλησαν
565 1153 614 1190 τὴν
641 1155 757 1190 μετοχὴν
785 1155 810 1181 ot
832 1154 884 1182 νέοι

101 1198 172 1233 μετὰ
193 1198 326 1225 Ἰουδαίων
353 1198 533 1234 κληρονομίαν
549 1199 729 1234 κεκτημένοι·
754 1199 823 1234 πρὸς
839 1199 886 1231 οὓς

100 1242 308 1277 ἀποτεινόμενος
323 1243 337 1269 ό
352 1244 493 1279 προφήτης
510 1243 586 1278 ἔλεγε
597 1252 604 1259 ·
622 1244 673 1271 Διὰ
687 1244 719 1270 τὸ
728 1243 771 1278 μὴ
788 1245 887 1271 θέλειν

101 1286 180 1321 ὑμᾶς
194 1287 272 1320 ὕδωρ
293 1287 346 1315 τοῦ
364 1288 483 1323 Σιλωὰμ
500 1288 533 1316 τὸ
554 1289 756 1323 πορευόμενον
771 1289 886 1324 ἡσυχῆ,

102 1331 183 1358 ἀλλὰ
199 1331 365 1363 ,βούλεσθαι
389 1333 471 1367 ἔχειν
484 1332 562 1367 ὑμᾶς
575 1333 629 1361 τὸν
648 1333 819 1361 Ῥαασσὼν¹
834 1334 888 1361 τὸν·

105 1376 233 1403 Βασιλέα
265 1377 314 1403 καὶ
330 1377 383 1407 τὸν
404 1377 516 1411 Ταϐεὴνι
542 1377 609 1405 utor
634 1378 794 1412 Ῥομελίου,
824 1378 888 1405 ἰδοὺ

103 1420 206 1455 ἐπάτει
218 1422 325 1456 Κύριος
338 1422 385 1456 ἐφ’
399 1421 478 1456 ὑμᾶς
497 1422 530 1450 τὸ
546 1423 624 1457 ὕδωρ
638 1423 692 1451 τοῦ
707 1423 841 1458 ποταμοῦ
855 1423 888 1450 τὸ

104 1465 232 1500 ὶσχυράν
245 1486 253 1499 ,
268 1466 321 1493 τὸν
337 1467 471 1499 ,βασιλέα
497 1465 558 1495 τῶν
587 1469 766 1503 Ἀσσυρίων,
790 1469 837 1497 καὶ
855 1470 890 1495 τὰ

106 1510 178 1547 ιξῆς.
200 1511 295 1547 Ἡμεῖς
315 1512 362 1544 δὲ,
382 1512 508 1545 λαϐόντες
523 1514 552 1540 έν
570 1513 664 1549 Κυρίῳ
686 1513 735 1549 τὴν
752 1513 888 1550 βοήθειαν,

108 1556 155 1583 καὶ
176 1556 209 1583 ab
231 1556 285 1584 ἀπὸ
301 1557 431 1593 ἀληθινῆς
451 1559 550 1594 σαρκὸς
573 1559 684 1595 moon:
704 1560 751 1588 ὲπὶ
771 1561 821 1596 τῆς
837 1560 889 1595 γῆς

109 1601 291 1637 βεϐλημένον,
309 1603 355 1630 καὶ
375 1603 406 1629 τὸ
434 1604 505 1638 μετὰ
525 1605 682 1639 πτύσματος
705 1605 818 1642 φύραμα
843 1605 890 1632 τοῦ

106 1647 193 1683 πη)έοῦ
209 1648 238 1674 ἑν
251 1649 306 1680 τοῖς
318 1648 465 1684 ὀφθαλμοῖς
481 1650 558 1685 ἡμῶν
571 1651 785 1686 κεχαραγμένον,
805 1651 849 1678 ῑνα
866 1651 894 1678 οἴ

107 1699 173 1718 ποτε
187 1692 216 1718 ιν
229 1692 326 1728 ἀγνοίᾳ
344 1693 393 1720 νῦν
408 1693 457 1728 τὴν
477 1693 606 1730 ἀλήθειαν
620 1695 728 1730 γνῶμεν
740 1714 747 1727 ,
762 1695 891 1722 ἀπελθόν⁴

108 1744 154 1768 τις
174 1737 222 1764 καὶ
234 1737 377 1773 νιψάμενοι
393 1739 422 1765 ἑν
438 1738 476 1774 τῷ
489 1739 609 1776 Σιλωὰμ,
629 1740 668 1775 τῷ
677 1740 894 1775 ἀπεσταλμένοι

109 1781 330 1817 ἑρμηνευομένῳ,
345 1782 484 1810 τουτέστιν
497 1785 526 1811 έν
540 1785 573 1819 τῇ
596 1784 720 1820 ὲνσάρκῳ
747 1783 893 1820 παρουσίᾳ.

109 1826 157 1853 καὶ
172 1827 202 1852 ὲν
227 1825 332 1862 θεότητι
345 1827 510 1862 τελειότητος
523 1849 531 1860 ,
553 1829 599 1855 καὶ
615 1828 706 1855 λοιπὸν
732 1829 893 1864 ἑωρακότες,

109 1871 199 1897 οὐκέτι
214 1870 368 1906 ἀρνούμεθα
380 1872 426 1899 τὸν
438 1873 550 1908 Κύριον,
566 1874 589 1900 εί
604 1874 650 1901 καὶ
664 1873 894 1909 ἀποσυναγώγους

109 1916 183 1951 ἡμᾶς
200 1917 349 1951 ποιήσωσιν
362 1918 387 1944 oi
410 1918 460 1954 τῆς
481 1919 586 1955 Ἀρείου
615 1919 730 1956 φατρίας
755 1920 802 1947 καὶ
827 1920 892 1947 Ἰου-

109 1961 191 1988 δαίων
202 1962 317 1998 διάδοχοι
343 1963 455 1990 Ἐθεντο
469 1963 522 2000 γὰρ
537 1965 585 1992 καὶ
602 1962 674 1992 οὗτοι
683 1985 691 1997 ,
706 1964 832 2001 καθάπερ
846 1966 895 1992 κὰ-

111 2007 204 2039 κείνοι,
226 2006 315 2034 πάντα
331 2007 376 2034 τὸν
389 2008 569 2043 ὁμολογοῦντα
586 2009 630 2035 τὸν
653 2009 754 2045 Κύριον
775 2010 896 2036 ἀποσυν-

110 2051 218 2085 άγωγον
232 2051 320 2079 αὐτῶν
331 2052 466 2087 γενέσθαι·
480 2053 524 2080 ἵνα
535 2053 640 2086 satam:
652 2054 697 2080 τὸν
710 2053 896 2088 ἀναϐλέψαντα

111 2096 221 2131 ἔλεγχον
234 2097 365 2130 γεγονότα
378 2097 432 2124 τῶν
448 2098 662 2126 ἁδλεπτούντων.
679 2100 711 2126 El
725 2100 763 2135 μὴ
786 2100 842 2135 γὰρ
861 2098 895 2135 ἧν

112 2141 129 2176 ἡ
144 2142 289 2177 συναγωγὴ
302 2142 390 2169 αὐτῶν
401 2143 487 2178 τυφλὴ
499 2143 547 2178 δλη
557 2162 565 2174 .
580 2144 630 2170 οὐκ
644 2144 677 2170 ἂν
691 2141 721 2170 οὗ
734 2144 896 2180 ἠνοίχθησαν

111 2186 137 2212 ot
150 2186 284 2221 ὀφθαλμοὶ
303 2187 490 2216 ἁποσύνακτον
509 2189 628 2216 ἐποίουν.
651 2190 896 2226 Εὑχαριστήσωμεν

112 2231 201 2258 τοίνυν
214 2232 254 2266 τῷ
274 2232 378 2268 Κυρίῳ,
393 2233 434 2260 ὅτι
455 2234 502 2262 καὶ
522 2234 719 2270 ἀνεόλέψαμεν,
733 2235 780 2262 καὶ
803 2236 895 2270 ὁμολο-

113 2277 215 2312 γοῦμεν
229 2277 274 2304 τδν
290 2277 400 2313 Κύριον,
414 2279 460 2305 καὶ
475 2279 697 2314 έθεραπεύσαμιν
709 2279 744 2306 τὰ
756 2280 815 2315 σίνη
825 2299 833 2313 ,
848 2280 896 2309 ἐὰν

114 2322 158 2349 καὶ
177 2322 208 2348 τὸ
234 2322 314 2358 ἔργον
332 2323 385 2350 τῶν
415 2324 530 2351 ἐντολῶν
545 2324 628 2351 αὐτοῦ
658 2325 822 2362 πράξωμεν·
850 2327 897 2354 καὶ

114 2368 341 2403 κατεπατήσαμεν
349 2368 395 2396 τὸν
405 2369 476 2404 ὅφιν,
487 2370 534 2397 καὶ
547 2371 745 2407 συνετρίψαμεν
752 2372 801 2408 τὴν
812 2381 896 2408 κεφα-

114 2412 161 2448 λὴν
183 2413 231 2441 τοῦ
255 2413 399 2448 δράιιοντος
416 2415 444 2441 ιν
460 2417 494 2451 τῇ
519 2416 565 2443 τοῦ
583 2416 651 2443 Θεοῦ
672 2417 802 2452 δυνάμει.⁸
827 2416 850 2452 ᾧ
878 2420 895 2455 ἡ

114 2458 192 2491 δόξα,
206 2458 287 2494 τιμὴ.
312 2459 426 2495 κράτος,
444 2461 531 2497 Πατρὶ
546 2462 574 2488 ὲν
587 2462 660 2498 Υἰῷ,
677 2462 734 2498 Υἰῷ
752 2464 782 2490 ὲν
797 2464 895 2500 Πατρὶ,

115 2505 162 2530 σὺν
186 2504 258 2539 ἁγίῳ
278 2504 414 2541 Πνεύματι
435 2507 476 2539 εἰς
497 2508 559 2539 τοὺς
583 2508 684 2540 αἰῶνας
707 2508 761 2538 τῶν
781 2509 894 2537 αἰώνων.

121 2550 217 2586 Ἀμήν.

148 2642 368 2677 Καταλείψαντες
377 2643 405 2670 δὲ
415 2643 463 2679 τὴν
476 2645 681 2680 νενεκρωμένην
688 2644 790 2679 ταύτην
803 2644 895 2680 ὕδραν,

115 2688 163 2723 τὴν
177 2688 364 2722 ὲπτακέφαλον
379 2689 425 2715 καὶ
440 2689 607 2725 πολύσχιδον,
628 2689 674 2715 ἐπὶ
695 2689 743 2720 τὰς
760 2688 822 2724 ἑξῆς
833 2698 897 2716 συν-

116 2733 187 2768 ήθως
201 2734 394 2769 προέλθωμεν,
420 2735 557 2770 ἀγαπητοὶ
568 2754 574 2766 ,
594 2734 660 2762 θεὸν
677 2735 723 2761 τὸν
741 2735 785 2762 ἀεὶ
802 2735 898 2770 βοηθὸν

115 2777 322 2813 ιπκαλοὺμινοι
343 2780 392 2815 τὴν
417 2781 502 2815 αὐτὴν
527 2780 604 2816 ἡμῶν
623 2780 783 2816 ποιήσασθαι
799 2781 897 2815 ἐπιμέ-

156 2863 167 2881 ¹
185 2865 246 2894 Scr.
265 2865 384 2894 Ῥαασίν.
423 2867 432 2883 ³
449 2867 532 2895 Exod.
547 2875 591 2901 xv,
611 2867 636 2895 ί.
675 2868 685 2884 ³
702 2868 752 2896 lsa.
771 2875 827 2901 rm,
843 2868 868 2900 ti,
890 2868 914 2895 7.

935 969 1139 997 sitnilitudinem
1168 969 1312 1005 pmditum
1339 969 1537 998 conﬁciendum
1565 970 1718 1002 hausimus.

936 1019 965 1041 ut
978 1013 1074 1042 eodem
1097 1014 1188 1042 divina
1202 1023 1254 1050 ope
1265 1015 1339 1042 victo
1348 1023 1380 1042 ac
1393 1014 1543 1050 proﬂigato,
1557 1015 1721 1050 triumphale

934 1059 1002 1086 illud
1018 1067 1128 1087 carmen
1142 1060 1266 1088 accinere
1279 1061 1432 1095 possimus:
1445 1059 1585 1087 Contentus
1596 1060 1719 1091 Domino,

934 1103 1047 1138 gloriose
1063 1104 1133 1131 enim
1150 1104 1333 1139 magniﬁcatus
1346 1108 1396 1136 est,
1412 1112 1505 1139 equum
1519 1109 1544 1131 et
1557 1112 1720 1131 ascensorem

935 1149 1028 1183 deject't
1040 1150 1067 1177 in
1077 1154 1176 1177 mam.
1193 1149 1281 1185 Caput
1293 1150 1376 1184 igitur
1388 1149 1516 1178 draconis
1529 1157 1610 1185 supra
1623 1157 1720 1185 aquam

936 1194 1009 1221 illam
1035 1194 1226 1227 contrivimus,
1252 1202 1313 1230 quae
1334 1195 1438 1230 placide
1456 1195 1566 1228 labitur,
1589 1195 1722 1230 cujusque

937 1240 1000 1267 novi
1014 1241 1053 1267 illi
1069 1245 1130 1276 post
1143 1240 1252 1268 Judnos
1266 1240 1431 1269 haereditatis
1445 1248 1619 1276 possessores
1634 1241 1721 1276 parti-

937 1285 1012 1321 cipes
1027 1293 1088 1314 esse
1102 1286 1263 1314 noluerunt:
1283 1290 1378 1314 contra
1394 1293 1464 1321 quos
1479 1286 1609 1321 propheta
1624 1287 1664 1314 sic
1678 1286 1717 1313 in-

937 1331 1045 1358 vehitur
1058 1340 1064 1358 :
1075 1331 1206 1364 Quoniam
1221 1331 1344 1359 noluistis
1357 1339 1454 1367 aquam
1465 1331 1612 1366 Siloe,qua
1628 1331 1721 1358 leuiter

937 1377 1032 1407 currit,
1051 1376 1096 1403 sed
1119 1377 1251 1404 maluistis
1267 1376 1335 1404 Rase
1357 1385 1452 1411 regem.
1476 1381 1501 1404 et
1521 1376 1615 1404 Tabcet
1632 1376 1718 1411 ﬁlium

939 1419 1073 1453 Itonielia,
1090 1428 1147 1448 ecce
1159 1421 1280 1448 immittet
1296 1420 1424 1449 Dominus
1438 1421 1466 1448 in
1481 1429 1523 1449 vos
1538 1429 1634 1456 aquam
1645 1421 1719 1455 ﬂuvii

939 1466 1090 1499 violentam,
1101 1474 1185 1501 regem
1197 1466 1367 1501 Assyriorum
1375 1466 1398 1500 ³,
1409 1470 1461 1496 etc.
1476 1465 1531 1494 Nos
1543 1470 1633 1496 autem
1645 1474 1722 1502 opem

940 1518 956 1538 a
973 1511 1088 1540 Domino
1111 1513 1262 1544 consecuti.
1288 1512 1340 1540 hoc
1358 1516 1401 1541 est
1416 1516 1526 1548 sputum
1543 1512 1609 1541 illud
1629 1519 1645 1539 a
1662 1520 1723 1540 vera

941 1565 1023 1585 carne
1044 1557 1070 1585 in
1095 1563 1196 1585 terram
1210 1557 1352 1590 emissum.
1374 1561 1402 1586 et
1417 1558 1503 1586 lutum
1518 1565 1551 1586 ex
1572 1557 1619 1585 illo
1644 1561 1725 1593 sputo

942 1602 1066 1630 factum‘
1086 1607 1168 1638 atque
1199 1603 1285 1630 oculis
1309 1603 1412 1631 nostris
1435 1603 1545 1635 illitum.
1570 1608 1598 1631 ut
1621 1603 1669 1638 qui
1697 1603 1725 1631 in

943 1655 1048 1676 summa
1059 1648 1122 1676 olim
1134 1648 1285 1685 ignorantia
1296 1647 1483 1680 versabamur,
1492 1647 1633 1676 veritatem
1644 1648 1726 1675 modo

943 1693 1135 1728 percipiantus,
1158 1693 1300 1726 abeuntes,
1321 1697 1348 1720 et
1368 1693 1395 1719 in
1410 1692 1483 1720 Siloe
1498 1693 1570 1727 quod
1592 1693 1726 1728 interpre-

943 1743 1016 1766 tatur
1027 1739 1147 1772 mium',
1161 1739 1211 1766 hoc
1223 1743 1276 1770 est,
1291 1739 1318 1766 in
1334 1738 1453 1765 humana
1467 1738 1568 1766 Christi
1584 1743 1679 1766 natura
1692 1746 1726 1766 ac

942 1784 1083 1812 divinitate
1101 1784 1220 1820 perfecta
1239 1785 1296 1817 loti,
1312 1787 1472 1819 recuperato
1493 1784 1564 1816 visu,
1580 1783 1724 1812 Dominum

943 1836 1113 1864 nequaquam
1136 1829 1252 1864 amplius
1273 1830 1450 1865 abnegamus,
1470 1829 1595 1864 quamvis
1615 1828 1650 1856 ab
1668 1829 1728 1858 Arii

944 1874 1061 1902 factione
1081 1877 1109 1901 et
1127 1872 1282 1901 ludentum
1319 1874 1526 1902 successoribus
1544 1873 1580 1902 ab
1599 1874 1728 1902 omnibus

946 1918 1089 1957 synagogis
1107 1918 1330 1947 exterminemnr.
1362 1918 1502 1953 Siquidem
1517 1922 1544 1946 et
1561 1918 1606 1946 isti
1619 1918 1728 1946 illorum

943 1963 1032 1992 instar
1043 1963 1234 1995 decreverunt.
1254 1967 1300 1996 ut,
1317 1962 1364 1998 qui
1383 1962 1525 1990 Dominum
1542 1962 1727 1995 conﬁteretur.

944 2008 980 2036 ab
993 2007 1114 2043 ipsorum
1127 2007 1308 2036 conventibus
1320 2007 1401 2043 807
1416 2007 1634 2039 excluderetur',
1650 2011 1679 2034 ut
1693 2007 1728 2035 ab

945 2061 987 2086 eo,
1014 2053 1058 2080 cui
1081 2053 1158 2080 visus
1179 2053 1324 2081 restitutus
1349 2052 1450 2085 fuerat,
1465 2052 1533 2080 nihil
1552 2052 1676 2081 videntes
1699 2059 1730 2080 se

945 2097 1072 2125 convinci
1101 2104 1132 2124 ac
1147 2097 1272 2132 redargui
1289 2101 1481 2126 monstrarent.
1500 2096 1605 2124 Etenim
1623 2097 1674 2126 nisi
1688 2101 1730 2124 to-

946 2148 1003 2171 tum
1020 2144 1126 2170 illorum
1139 2144 1358 2175 conventiculum
1374 2148 1538 2171 excaecatum
1552 2147 1636 2176 esset,
1658 2151 1730 2171 nun-

946 2196 1028 2223 quam
1051 2189 1138 2221 illum.
1165 2189 1244 2223 cujus
1269 2189 1355 2224 aperti
1378 2189 1485 2216 fuerant
1500 2188 1583 2221 oculi.
1608 2188 1641 2215 ab
1654 2189 1730 2216 omni

946 2235 1139 2262 communione
1162 2234 1374 2269 proscriberent.
1401 2234 1518 2270 Agendae
1541 2233 1655 2269 proinde
1676 2233 1730 2261 Do-

947 2280 1022 2308 mino
1041 2279 1134 2315 gratia
1149 2283 1224 2312 sunt,
1241 2280 1314 2314 quod
1328 2284 1356 2308 et
1368 2279 1474 2308 videndi
1492 2286 1602 2309 sensum
1619 2286 1731 2315 recupe-

945 2325 1076 2357 ravimus,
1091 2328 1119 2352 et
1136 2324 1208 2352 hunc
1229 2325 1318 2359 ipsum
1335 2324 1499 2352 conﬁtemur
1515 2328 1598 2359 atque
1627 2323 1731 2352 incom-

946 2370 1035 2401 modis
1057 2370 1185 2399 omnihus
1205 2371 1355 2399 remedium
1375 2370 1565 2402 adhibuimus,
1593 2370 1617 2398 si
1640 2374 1730 2398 tamen

946 2416 1088 2452 praeceptis
1102 2415 1175 2444 illius
1188 2423 1291 2444 morem
1306 2423 1444 2451 geramus.
1457 2420 1484 2444 et
1499 2419 1652 2450 serpean
1667 2423 1731 2451 pro-

946 2463 1123 2494 culravimus.
1140 2462 1267 2490 draconis
1284 2465 1366 2497 caput
1379 2461 1425 2490 Dei
1437 2469 1489 2497 ope
1505 2469 1536 2489 ac
1553 2461 1653 2489 virtute
1670 2469 1732 2497 pro-

947 2508 1084 2536 trivimus.
1114 2508 1165 2536 Cui
1186 2509 1283 2544 gloria,
1306 2508 1405 2540 honor.
1432 2507 1586 2542 imperium.
1606 2507 1680 2535 Patri
1704 2508 1730 2534 in

948 2551 1029 2585 Filio,
1046 2552 1114 2580 Filio
1130 2553 1158 2580 in
1175 2552 1264 2587 Patre,
1281 2560 1343 2581 cum
1359 2553 1462 2587 Spiritu
1478 2557 1573 2581 sancto
1588 2552 1616 2580 in
1632 2552 1732 2580 smnia

949 2598 1121 2626 saeculorum.
1141 2599 1238 2626 Amen.

982 2642 1059 2670 Nune
1083 2643 1118 2671 ab
1151 2643 1202 2672 bac
1236 2648 1377 2679 septenum
1401 2644 1520 2680 capitum
1537 2650 1569 2670 ac
1588 2640 1731 2676 multiplici

948 2687 995 2716 sed
1008 2692 1113 2717 mortua
1122 2689 1179 2724 jam
1187 2689 1272 2725 hydra
1287 2689 1413 2724 digressi,
1424 2689 1543 2724 reliquas
1557 2687 1591 2714 ad
1602 2686 1730 2717 hereses.

947 2742 965 2761 ο
979 2734 1148 2766 charissimi,
1165 2739 1348 2763 transeamus.
1363 2733 1416 2762 Sed
1433 2733 1480 2762 Dei
1500 2734 1527 2761 in
1542 2731 1636 2767 primis
1654 2731 1732 2758 auxi-

950 2781 1015 2808 lium
1049 2780 1236 2816 imploremtts,
1261 2783 1291 2808 ut
1314 2780 1435 2808 eamdem
1462 2779 1541 2807 nobis
1567 2778 1664 2814 iisque,
1686 2776 1732 2812 qni

954 2867 1054 2896 ‘Joan.
1074 2868 1150 2902 “,6.
1193 2868 1280 2907 "ibid.
1297 2868 1321 2894 7.
1361 2868 1371 2883 '
1395 2866 1460 2894 ibid.
1477 2865 1522 2892 22.
