1929 3039
97 132 150 161 337

609 133 792 162 ADVERSUS
806 133 975 163 HERESES
984 115 1054 164 \LlB.
1073 134 1221 163 lll.~T0&l.
1242 134 1261 161 1.

1672 133 1727 163 5'58

135 188 393 225 Πνευματομάχοι.
411 187 490 217 οὗτοι
509 191 573 226 περὶ
588 192 639 228 μὲν
658 193 776 228 Χριστοῦ
800 193 889 225 καλῶς

979 194 1227 223 Pneumatomachi.
1243 192 1280 220 De
1299 191 1408 220 Christo
1434 191 1478 220 isti
1499 199 1553 219 non
1573 191 1643 219 male
1665 199 1727 219 scn-

97 239 203 271 ἔχουσι,
226 234 257 261 τδ
276 235 388 270 Πνεῦμα
406 235 437 262 τὺ
460 235 537 270 ἄτιον
559 236 760 272 βλασψημοῦσι,
781 238 889 264 χτιστδν

98 280 168 307 αὐτὸ
186 280 351 318 ὁριζόμενοι,
366 280 413 307 καὶ
429 281 479 307 οὐκ
493 280 522 308 ὂν
536 282 567 308 ὲκ
577 282 626 317 τῆς
644 282 779 318 θεότητος,
792 283 890 318 μᾶλλον

99 326 129 352 δὲ
146 326 376 362 καταχρηστικῶς
390 326 434 353 διὰ
448 327 588 363 ἐνέργειαν
599 329 752 361 κεκτίσθαι,
764 330 891 364 ἁγιαστι-

101 372 154 407 χὴν
169 372 236 399 αὐτὸ
249 371 364 407 δύναμιν
375 372 525 407 φάσκοντες
538 372 607 401 εἶναι
625 375 714 409 μόνον,

146 473 299 507 Ἄρρων-οἰ.
325 470 409 505 Οὗτος
433 473 537 509 ’Λέριος
557 474 610 500 ἀπὸ
639 475 738 502 Πόντου
765 476 891 511 ὀρμᾶται.

106 519 167 545 'Et.
198 518 226 545 δὲ
248 518 328 554 δεῦρο
359 519 482 554 περίεστι
500 520 653 555 πειρασμὸς
683 520 720 555 τῷ
743 520 801 556 βίῳ.
825 522 895 556 Πρε-

105 564 238 600 σδὺτερος
262 560 340 595 οὗτος
355 561 389 599 ἦν
405 564 452 591 τοῦ
473 565 621 591 ἐπισκόπου
636 565 685 592 τοῦ
697 566 845 593 Εὑσταθίου
865 568 895 593 ὲν

112 610 261 645 ’Δρειανοτς
281 609 470 644 διαϐληθέντος
483 618 490 626 ι
512 610 560 636 καὶ
583 611 676 646 ἐπειδὴ
694 611 774 644 αὐτὸς
793 612 895 648 ’Λέριος

106 656 137 682 οὐ
148 655 303 690 κατεστάθη
321 655 478 689 ἐπίσκοπος,
494 655 580 682 πολλὰ
591 656 661 683 κατὰ
670 657 719 692 τῆς
735 657 896 693 Ἐκκλησιας

107 700 280 736 ἐδογμάτισε,
295 701 327 736 τῆ
343 700 391 735 μὲν
407 701 497 727 πίστει
509 700 548 727 ὣν
570 701 707 736 Ἀρειανὸς
719 702 895 736 τελειότατος,

107 746 298 782 περιττότερον
327 746 355 772 δὲ
380 745 547 781 δογματίζει.
580 748 625 783 Μὴ
648 747 702 775 δεῖν
728 757 794 784 φησι
819 758 898 785 προσ-

108 792 202 828 φέρειν
218 792 288 826 ὑπὲρ
317 791 372 818 τῶν
399 793 669 828 προκεκοιμημένων.
701 794 849 829 Νηστεύειν
869 794 898 821 δὲ

108 837 227 873 τετράδα
252 837 300 864 καὶ
323 837 512 873 προσαπατον
528 838 575 864 καὶ
601 838 826 875 Τεσσαρακοστὴν
853 840 899 866 καὶ

111 884 208 918 Πάσχα
231 883 346 910 κωλύει⁸
362 883 511 916 ἁποταξίαν
537 884 679 920 κηρύσσει.
696 876 899 921 Σαρκοφαγίαις

110 928 138 955 δὲ
154 928 294 960 παντοίαις
309 928 439 964 κέχρηται
459 929 505 955 καὶ
516 930 633 964 τρυφαῖς
646 929 742 961 ἀδεῶς.
758 930 789 956 El
811 930 839 956 δέ
858 939 900 962 τις

111 974 167 1000 τῶν
193 973 275 1000 αὑτοῦ
301 974 420 1008 βούλοιτο
446 974 597 1010 νηστεύειν.
619 975 657 1010 μὴ
674 975 703 1002 ὲν
725 976 842 1011 ἡμέραις
857 985 900 1003 τε-

112 1019 264 1054 ταγμέναις
283 1019 375 1054 φησὶν,
399 1019 456 1046 ἀλλ’
476 1020 520 1046 ὅτε
541 1019 674 1055 βούλεται.
696 1021 733 1047 Οὐ
746 1020 799 1056 γὰρ
811 1019 835 1048 εἶ
849 1021 902 1048 ὑπὸ

113 1065 207 1099 νόμον.
224 1065 324 1091 Φάσκει
337 1065 365 1092 δὲ
377 1065 445 1100 μηδὲ
461 1062 529 1091 εἶναι
543 1064 742 1102 διαφορώτερον
754 1066 902 1093 ἐπίσκοπον

114 1109 314 1145 πρεσϐυτέρου.

157 1209 307 1236 Ἇετιανοι.
331 1210 363 1236 Οί
381 1209 435 1236 ἀπὸ
455 1209 557 1236 ’Δετὶου
573 1208 619 1236 τοῦ
643 1208 764 1240 Κίλικος,
781 1208 904 1235 διακόνου

116 1254 263 1289 γενομένου
279 1254 332 1281 ὑπὸ
343 1254 479 1290 Γεωργίου
493 1254 540 1281 τοῦ
556 1254 611 1281 τῶν
629 1253 775 1290 Ἀρειανῶν
795 1253 905 1280 ἐπισκόσ

117 1308 169 1326 που
181 1300 231 1334 τῆς
252 1299 464 1335 ’Δλεξανδρείας,
478 1301 502 1327 οἰ
518 1300 564 1327 καὶ
582 1300 716 1335 Ἀνόμοιοι
732 1299 904 1335 καλούμενοι,

118 1344 194 1380 παρὰ
224 1352 279 1370 τισι
304 1344 332 1371 δὲ
349 1344 509 1379 Εὑνομιανοὶ
527 1344 559 1370 δι’
584 1343 714 1379 Εὑνὸμιόν
737 1351 798 1370 τινα
820 1343 908 1378 μαθη-

118 1389 167 1424 τὴν
181 1389 228 1416 τοῦ
256 1389 358 1416 ’Λετὶου
378 1390 521 1424 γενόμενον
534 1389 573 1416 ἔτι
591 1389 732 1425 περιόντα.
747 1389 800 1416 Σὺν
816 1389 907 1420 αὐτοῖς

119 1433 146 1460 δὲ
159 1431 193 1468 ἦν
205 1433 251 1460 καὶ
265 1433 388 1466 Εὑδόξιος
400 1441 406 1448 ·
421 1433 488 1460 ἀλλὰ
502 1433 581 1469 δῆθεν
599 1433 643 1460 διὰ
654 1433 700 1460 τὸν
715 1433 783 1469 πρὸς
796 1433 841 1460 τὺν
859 1432 908 1468 βα-

120 1479 197 1506 σιλέα
212 1479 258 1505 τὸν
284 1479 471 1506 Κωνστάντιον
487 1479 568 1514 φόϐον
591 1479 728 1515 ἀφώρισεν
743 1480 848 1511 ἑαυτὸν,
861 1479 908 1506 καὶ

940 240 1031 275 tiunt;
1057 241 1104 269 sed
1130 241 1157 268 in
1184 239 1316 275 Spiritum
1332 241 1458 266 sanctum
1483 236 1665 265 contumelias
1682 236 1724 271 ja-

941 287 1036 319 ciunt,
1065 294 1128 314 cum
1145 290 1173 315 et
1194 288 1315 313 creatum
1331 287 1498 315 asseverant,
1514 287 1541 310 et
1555 290 1570 309 a
1586 282 1730 309 divinitate

942 331 1084 366 rejiciant:
1102 331 1157 359 imo
1173 338 1237 358 vero
1250 329 1381 358 abusione
1394 328 1511 364 quadam
1528 329 1604 356 vocis
1617 330 1730 363 propter

943 377 1079 404 actionem
1101 376 1188 412 ipsam
1217 379 1339 403 creatum
1367 381 1427 402 esse
1456 373 1567 406 dicant;
1588 380 1638 401 nec
1655 372 1729 400 aliud

943 428 1005 449 esse
1019 421 1178 456 quidquam.
1197 424 1295 457 praeter
1311 420 1364 446 vim
1383 418 1584 447 sanetilicandi.

980 477 1100 504 Aeriani.
1113 476 1211 504 Acrius
1221 484 1236 503 e
1245 474 1330 502 Ponto
1344 474 1477 502 oriundus
1489 474 1624 509 hodieque
1633 481 1729 508 magna

945 521 1058 549 humani
1075 521 1184 557 generis
1207 520 1364 548 calamitate
1383 522 1518 554 superest.
1543 518 1644 546 Fuerat
1666 518 1731 545 olim

946 566 1081 594 Eustathii
1105 566 1225 601 episcopi
1239 586 1246 599 ,
1263 565 1309 600 qui
1324 564 1418 592 Ariani
1433 565 1535 592 erroris
1555 564 1732 592 insimulatus

946 615 1008 644 est,
1026 612 1183 647 presbyter;
1211 611 1257 646 qui
1277 610 1350 645 quod
1369 610 1514 645 episcopus
1541 614 1650 637 creatus
1677 617 1733 637 non

947 661 1030 688 esset.
1039 657 1123 684 multa
1133 657 1264 684 adversus
1276 656 1438 683 catholicam
1448 655 1595 683 Ecclesiam
1607 655 1733 690 dogmata

947 706 1121 730 commentus
1134 706 1187 735 est,
1203 709 1246 735 ac,
1264 702 1338 737 quod
1352 701 1386 728 ad
1402 700 1482 729 [idem
1503 701 1612 732 attinet,
1625 708 1734 736 germa-

948 756 1001 776 nus
1012 748 1068 776 Arii
1081 751 1200 776 sectator
1216 752 1267 776 est.
1283 747 1336 776 Sed
1351 747 1470 785 amplius
1484 746 1613 782 quiddam
1626 746 1736 782 proﬁte-

948 797 1011 821 tur:
1029 793 1180 821 oblationes
1203 800 1251 828 pro
1277 793 1393 820 mortuis
1421 800 1475 820 non
1490 799 1551 820 esse
1576 792 1736 826 faciendas;

948 839 1053 874 jejunia
1082 842 1187 874 quarta:
1204 838 1277 866 feriae
1289 857 1296 871 ,
1316 843 1343 866 et
1361 838 1527 866 Parasceves
1538 857 1546 871 ,
1562 845 1594 865 ac
1613 837 1738 871 Quadra-

951 884 1084 919 gesimaa,
1114 891 1223 911 necnon
1248 887 1275 911 et
1300 883 1443 910 Paschatis
1471 883 1627 916 interdicit;
1644 890 1737 911 rerum

950 929 1071 957 omnium
1089 929 1320 956 renuntiationem
1336 928 1482 963 praedicat;
1497 928 1620 956 carnium
1638 936 1669 955 ac
1690 928 1739 956 de-

951 974 1076 1002 liciarqu
1100 975 1134 1002 ad
1154 975 1238 1001 vitam
1263 981 1345 1001 omne
1363 981 1449 1009 genus
1473 973 1592 1001 adhibet.
1612 972 1689 1006 Quod
1714 972 1739 1001 si

951 1019 1014 1055 quis
1039 1023 1203 1051 sectatorum
1228 1025 1341 1046 suorum
1366 1017 1491 1052 jejunare
1514 1018 1596 1049 velit,
1619 1017 1740 1045 detinitis

952 1066 1004 1093 hoc
1021 1066 1117 1093 diebus
1140 1064 1230 1092 facere
1247 1063 1392 1099 prohibet,
1410 1063 1458 1091 sed
1485 1064 1593 1098 quando
1617 1064 1738 1091 libuerit.

952 1110 1046 1146 Neque
1060 1110 1144 1143 enim,
1159 1109 1260 1145 inquit,
1275 1109 1328 1144 legi
1350 1108 1490 1144 subjectus
1511 1116 1552 1136 es.
1574 1108 1740 1144 Episcopum

955 1156 1033 1184 docet
1047 1155 1134 1183 nihilo
1154 1155 1370 1190 praestantiorem
1387 1161 1447 1182 esse
1463 1154 1633 1189 presbytero.

990 1211 1105 1238 Aetiani.
1130 1210 1217 1245 liuius
1233 1210 1345 1238 haeresis
1368 1209 1463 1238 Aetius
1488 1210 1598 1245 quidam
1615 1211 1742 1238 inventor

955 1257 1074 1289 exstitit,
1090 1263 1189 1291 genere
1213 1255 1300 1287 Cilix.
1325 1255 1372 1290 qui
1402 1262 1417 1281 a
1435 1254 1550 1290 Georgio
1574 1255 1741 1283 Arianorum

955 1301 1084 1336 episeopo
1102 1300 1235 1327 diaconus
1260 1298 1403 1326 ordinatus
1435 1302 1487 1326 est.
1514 1299 1660 1327 Anomrnos
1681 1298 1742 1326 illos

957 1346 1111 1381 appellant;
1136 1345 1182 1372 alii
1197 1343 1382 1372 Ennomianos
1393 1363 1402 1375 ,
1425 1343 1460 1371 ab
1477 1343 1610 1371 Eunomio
1624 1343 1742 1378 quodam

957 1391 1028 1418 Aetii
1047 1390 1193 1425 discipulo,
1209 1389 1255 1425 qui
1269 1389 1320 1417 hoc
1334 1393 1455 1424 tempore
1471 1392 1606 1424 superest.
1627 1387 1743 1416 Earum-

959 1437 1020 1463 dem
1036 1436 1153 1471 partium
1167 1439 1265 1463 eratet
1279 1434 1419 1462 Eudoxius
1433 1442 1440 1467 ;
1456 1433 1505 1462 sed
1518 1433 1672 1461 Constantii
1691 1433 1742 1460 im-

959 1482 1093 1517 peratoris
1106 1485 1180 1509 metu
1195 1481 1229 1508 ab
1243 1480 1298 1508 illis
1319 1488 1349 1508 se
1366 1487 1513 1516 segregans
1527 1478 1636 1507 Aetium
1655 1479 1744 1507 solum

122 1524 223 1560 μᾶλλον
245 1524 290 1550 τὸν
315 1523 416 1550 ’Λέτιον
444 1523 582 1559 ἐξώρισεν.
600 1525 710 1559 Ἔμεινε
732 1524 760 1551 δὲ
784 1525 904 1558 Εὐδόξιος

960 1528 1073 1563 relegari
1098 1535 1196 1563 passus
1210 1530 1268 1558 est,
1286 1534 1441 1562 quanquam
1463 1526 1490 1553 in
1501 1526 1606 1553 Ariano
1620 1525 1746 1560 dogmate

121 1571 293 1607 ἀρειανὲζων,
323 1570 353 1597 οὒ
376 1570 467 1606 μέντοι
487 1579 519 1605 γε
541 1570 610 1597 κατὰ
631 1570 677 1597 τδν
699 1571 809 1597 ’Δέτιον.
829 1567 908 1598 Οὗτοι

128 1614 271 1647 ’Δνόμοιοι,
301 1613 325 1640 oi
352 1614 398 1640 καὶ
422 1613 563 1646 Ἀετιανοὶ,
581 1614 605 1640 οἳ
623 1614 780 1641 παντάπασι
796 1614 910 1650 Χριστὸν

122 1658 170 1685 καί
185 1658 216 1684 τὸ
235 1658 310 1692 ἅγιον
330 1657 444 1694 Πνεῦμα
469 1659 678 1694 ἀπαλλοτριοῦσι
702 1658 782 1692 Θεοῦ,
804 1660 910 1688 κτιστδν

122 1704 202 1730 αὑτὸν
217 1703 457 1740 διασεὸαιούμενοι,
470 1705 517 1732 καὶ
531 1705 591 1732 οὐδὲ
604 1705 749 1740 ὁμοιότητά
762 1714 823 1732 τινα
839 1705 911 1741 ἔχειν

123 1750 258 1785 λέγουσιν.
277 1751 330 1777 Ἐκ
347 1751 533 1787 συλλογισμῶν
545 1751 601 1787 γὰρ
621 1751 668 1777 καὶ
689 1751 911 1787 ’Δριστοτελικῶν

124 1796 171 1824 καὶ
186 1796 380 1832 γεωμετρικῶν
393 1796 438 1823 τὸν
457 1796 522 1823 Θεὸν
547 1797 682 1832 παριστᾷν
698 1796 847 1831 βούλονται,
865 1797 912 1824 καὶ

124 1841 240 1877 Χριστὸν
251 1841 329 1875 δῆθεν
345 1841 382 1877 μὴ
401 1841 530 1868 δύνασθαι
548 1839 617 1868 εἶναι
638 1843 670 1868 ὲκ
680 1841 747 1868 Θεοῦ
764 1842 808 1870 διὰ
826 1841 912 1869 τοιού-

124 1894 188 1913 των.
203 1886 234 1912 Ol
253 1885 280 1912 δὲ
296 1886 343 1912 ἀπ’
355 1884 438 1912 αὑτοῦ
459 1886 619 1921 Εὑνομιανοὶ
639 1886 646 1902 ¹
672 1886 833 1922 καλούμενοι
849 1888 914 1914 ἀνα-

125 1930 286 1962 ϐαπτίζουσι
302 1931 405 1962 πάντας
417 1932 479 1962 τοὺς
494 1931 562 1966 πρὸς
580 1931 678 1963 αὐτοὺς
695 1932 868 1967 ἐρχομένους,
883 1933 913 1960 οὐ

127 1976 208 2011 μόνον
223 1977 245 2007 ³,
263 1975 329 2002 ἀλλὰ
344 1976 463 2007 καὶτοὺς
475 1975 529 2002 ἀπὸ
546 1975 701 2011 ’Δρειανῶν,
717 1977 786 2004 κατὰ
794 1977 915 2012 κεφαλῆς

126 2021 183 2047 ἄνω
204 2021 268 2052 τοὺς
288 2021 371 2052 πόδας
398 2021 559 2057 στρέφοντες
575 2021 628 2048 τῶν
645 2020 860 2057 βαπτιζομένων,
878 2023 916 2054 ὡς

126 2067 212 2098 πολὺς
231 2067 322 2102 ᾄδεται
341 2066 428 2101 λόγος.
448 2067 484 2093 Τὸ
500 2066 528 2093 δὲ
542 2066 674 2102 σφαλῆναι
693 2066 722 2093 ἐν
738 2075 789 2094 τινι
804 2068 916 2104 πορνείᾳ

126 2111 144 2146 ἦ
159 2111 240 2147 ἑτέρᾳ
253 2112 375 2148 ἁμαρτία
392 2112 467 2139 οὐδὲν
479 2109 549 2138 εῖναι
569 2120 649 2146 φασιν
659 2120 666 2127 ·
679 2111 756 2138 οὐδὲν
772 2112 827 2148 γὰρ
842 2114 917 2148 ζητεῖ

127 2156 194 2188 Θεὸς
209 2157 277 2183 ἀλλὰ
293 2157 323 2184 τδ
338 2155 407 2185 εἶναι
421 2159 450 2184 ὲν
465 2157 551 2194 ταύτῃ
569 2157 637 2193 μόνῃ
656 2158 689 2192 τῇ
704 2157 795 2184 αὐτῶν
808 2159 916 2194 νομιζο-

127 2203 199 2238 μένῃ
213 2203 314 2230 πίστει.

164 2256 248 2286 Aorsi
272 2260 302 2286 τέ
330 2258 399 2288 εἰσιν
425 2260 526 2296 ὁμοίως
547 2261 594 2287 καὶ
614 2261 660 2288 τοῦ
681 2261 773 2297 τρίτου
801 2260 914 2296 βιϐλίου,

128 2303 210 2330 ἕκτου
223 2304 252 2331 δὲ
264 2303 340 2337 ὄντος
359 2305 443 2339 τόμου
460 2305 530 2332 κατὰ
544 2304 592 2340 τὴν
613 2305 785 2340 ἀκολουθίαν,
796 2305 918 2341 αἱρέσεις

129 2349 210 2377 ἑπτά.

167 2478 177 2496 ¹
194 2478 223 2507 lu
244 2478 311 2516 lleg.
333 2480 500 2515 Εὑγενιανοι.
541 2481 552 2497 ³
566 2480 825 2518 θεοδιὸροοδόξους.

959 1573 1163 1609 perseveravit,
1192 1572 1239 1600 sed
1269 1572 1377 1600 Aetium
1409 1572 1521 1599 minime
1551 1576 1662 1600 secutus
1693 1575 1744 1598 est.

960 1618 1046 1646 Porro
1059 1619 1194 1651 Anommi,
1212 1618 1269 1646 sive
1283 1617 1390 1645 Aetiani
1408 1617 1557 1649 Christum,
1573 1621 1601 1645 et
1615 1617 1746 1652 Spiritum

961 1669 1086 1693 sanctum
1104 1671 1119 1691 a
1140 1663 1197 1692 Deo
1217 1663 1341 1691 funditus
1363 1663 1481 1690 alienum
1499 1670 1561 1691 esse
1587 1662 1746 1698 praedicant.

962 1716 1031 1743 quos
1044 1712 1152 1736 creatos
1167 1715 1228 1735 esse
1241 1727 1248 1739 ,
1264 1715 1353 1742 neque
1365 1706 1514 1742 quidquam
1529 1706 1630 1734 habere
1650 1706 1749 1733 simili-

961 1753 1065 1781 tudinis
1093 1756 1233 1780 asserunt.
1256 1751 1361 1787 Quippe
1389 1751 1555 1787 syllogismis
1582 1751 1748 1786 quibusdam

961 1798 1144 1826 Aristotelicis
1159 1805 1191 1825 ac
1214 1797 1388 1832 geometricis
1400 1796 1447 1824 Dei
1470 1801 1597 1824 naturam
1611 1796 1749 1831 explicare

962 1843 1094 1876 student;
1113 1843 1264 1878 iisdemque
1283 1842 1398 1877 probare
1412 1841 1554 1870 Christum
1571 1849 1586 1869 a
1607 1841 1665 1869 Deo
1681 1841 1749 1868 oriri

962 1890 1045 1925 810
1062 1896 1116 1917 non
1136 1897 1227 1924 posse.
1242 1887 1404 1916 Eunomiani
1421 1895 1487 1915 vero
1503 1887 1538 1915 ab
1554 1886 1615 1922 ipso
1629 1886 1746 1922 profecti

963 1943 1059 1963 omnes
1072 1955 1080 1968 ,
1097 1936 1144 1971 qui
1160 1935 1193 1963 ad
1210 1935 1361 1963 seveniunt
1372 1955 1380 1968 ,
1402 1935 1501 1963 iterato
1517 1934 1657 1969 baptizant
1668 1953 1676 1966 ,
1694 1940 1750 1960 non

964 1978 1120 2007 Catholicos
1135 1979 1238 2012 solum,
1255 1978 1302 2006 sed
1319 1978 1361 2006 vel
1383 1978 1500 2006 Arianos
1515 1978 1610 2013 ipsos;
1624 1976 1706 2012 idque
1718 1983 1751 2003 eo

965 2024 1046 2052 modo
1059 2043 1067 2056 ,
1094 2028 1124 2052 ut
1143 2025 1258 2059 pedibus
1284 2024 1312 2052 in
1330 2024 1430 2052 omium
1449 2023 1590 2052 conversis
1615 2023 1645 2050 in
1669 2025 1753 2057 eaput

967 2070 1028 2097 illos
1044 2070 1196 2105 intingant,
1210 2070 1283 2105 quod
1306 2070 1340 2098 de
1357 2070 1411 2097 illis
1425 2069 1591 2104 percrebuit.
1609 2067 1751 2102 Stuprum,

967 2117 1013 2140 aut
1026 2113 1100 2140 aliud
1123 2113 1264 2148 quodlibet
1286 2117 1428 2148 peccatum
1445 2112 1514 2140 nihil
1530 2119 1591 2140 esse
1605 2111 1750 2144 dictitant;

967 2166 1055 2194 neque
1069 2158 1141 2186 enim
1163 2159 1248 2186 Deum
1263 2159 1336 2186 aliud
1356 2165 1479 2192 quaerere
1490 2177 1498 2190 ,
1514 2164 1596 2192 quam
1622 2159 1652 2183 ut
1674 2156 1701 2183 in
1718 2162 1751 2184 ea

931 2200 957 2231 D
969 2203 1036 2233 sola,
1051 2211 1132 2238 quam
1152 2204 1204 2239 ipsi
1219 2204 1379 2239 praedicant,
1399 2203 1450 2230 tide
1465 2205 1663 2238 perseverctur.

1004 2258 1051 2287 Hae
1068 2265 1132 2287 sunt
1149 2260 1266 2288 haereses
1290 2259 1343 2286 illa:
1366 2263 1491 2293 septem,
1505 2265 1574 2294 quas
1594 2261 1688 2286 sextus
1702 2256 1754 2285 iste

969 2304 1032 2333 libri
1053 2304 1126 2332 tertii
1141 2309 1233 2333 tomus
1252 2304 1453 2340 complectitur.
