  <div class='ocr_page' id='page_1' title='image "/cluster/home/n/w/nwhite01/storage/ocr_20150623/42/njp.32101077772588/183.png"; bbox 0 0 1929 3039; ppageno 0'>
   <div class='ocr_carea' id='block_1_1' title="bbox 193 147 245 175">
    <p class='ocr_par' dir='ltr' id='par_1_1' title="bbox 193 147 245 175">
     <span class='ocr_line' id='line_1_1' title="bbox 193 147 245 175; baseline 0 0"><span class='ocrx_word' id='word_1_1' title='bbox 193 147 245 175; x_wconf 77' lang='lat'><strong>539</strong></span> 
     </span>
    </p>
   </div>
   <div class='ocr_carea' id='block_1_2' title="bbox 871 152 1088 181">
    <p class='ocr_par' dir='ltr' id='par_1_2' title="bbox 871 152 1088 181">
     <span class='ocr_line' id='line_1_2' title="bbox 871 152 1088 181; baseline 0.005 -2"><span class='ocrx_word' id='word_1_2' title='bbox 871 152 898 179; x_wconf 90' lang='lat' dir='ltr'><strong>S.</strong></span> <span class='ocrx_word' id='word_1_3' title='bbox 919 152 1088 181; x_wconf 77' lang='lat' dir='ltr'><strong>EPIPllANll</strong></span> 
     </span>
    </p>
   </div>
   <div class='ocr_carea' id='block_1_3' title="bbox 1761 152 1814 184">
    <p class='ocr_par' dir='ltr' id='par_1_3' title="bbox 1761 152 1814 184">
     <span class='ocr_line' id='line_1_3' title="bbox 1761 152 1814 184; baseline 0.038 -2"><span class='ocrx_word' id='word_1_4' title='bbox 1761 152 1814 184; x_wconf 71' lang='grc' dir='ltr'>διο</span> 
     </span>
    </p>
   </div>
   <div class='ocr_carea' id='block_1_4' title="bbox 874 263 1813 278">
    <p class='ocr_par' dir='ltr' id='par_1_4' title="bbox 874 263 1813 278">
     <span class='ocr_line' id='line_1_4' title="bbox 874 263 1813 278; baseline 0.003 -3"><span class='ocrx_word' id='word_1_5' title='bbox 874 263 1813 278; x_wconf 57' lang='lat'><strong>—.“‘_———_-—_—-—~</strong></span> 
     </span>
    </p>
   </div>
   <div class='ocr_carea' id='block_1_5' title="bbox 455 335 1552 384">
    <p class='ocr_par' dir='ltr' id='par_1_5' title="bbox 455 335 1552 384">
     <span class='ocr_line' id='line_1_5' title="bbox 455 335 1552 384; baseline 0.005 -7"><span class='ocrx_word' id='word_1_6' title='bbox 455 335 645 380; x_wconf 74' lang='grc' dir='ltr'><strong>ΤΟΜΟΣ</strong></span> <span class='ocrx_word' id='word_1_7' title='bbox 677 335 896 380; x_wconf 84' lang='grc' dir='ltr'>ΠΡΩΤΟΣ</span> <span class='ocrx_word' id='word_1_8' title='bbox 934 338 1048 381; x_wconf 87' lang='grc' dir='ltr'><strong>ΤΟΥ</strong></span> <span class='ocrx_word' id='word_1_9' title='bbox 1082 339 1282 383; x_wconf 87' lang='grc' dir='ltr'><strong>ΤΡΙΤΟΥ</strong></span> <span class='ocrx_word' id='word_1_10' title='bbox 1321 339 1552 384; x_wconf 86' lang='grc' dir='ltr'><strong>ΒΙΒΛΙΟΥ.</strong></span> 
     </span>
    </p>
   </div>
   <div class='ocr_carea' id='block_1_6' title="bbox 722 496 1318 545">
    <p class='ocr_par' dir='ltr' id='par_1_6' title="bbox 722 496 1318 545">
     <span class='ocr_line' id='line_1_6' title="bbox 722 496 1318 545; baseline 0.007 -6"><span class='ocrx_word' id='word_1_11' title='bbox 722 496 884 542; x_wconf 79' lang='lat' dir='ltr'><strong>LIBRI</strong></span> <span class='ocrx_word' id='word_1_12' title='bbox 926 499 997 542; x_wconf 87' lang='lat' dir='ltr'><strong>Ill</strong></span> <span class='ocrx_word' id='word_1_13' title='bbox 1037 497 1241 545; x_wconf 87' lang='lat' dir='ltr'><strong>TOMUS</strong></span> <span class='ocrx_word' id='word_1_14' title='bbox 1279 500 1318 543; x_wconf 89' lang='grc' dir='ltr'><strong>Ι.</strong></span> 
     </span>
    </p>
   </div>
   <div class='ocr_carea' id='block_1_7' title="bbox 278 643 886 680">
    <p class='ocr_par' dir='ltr' id='par_1_7' title="bbox 278 643 886 680">
     <span class='ocr_line' id='line_1_7' title="bbox 278 643 886 680; baseline 0.007 -10"><span class='ocrx_word' id='word_1_15' title='bbox 278 645 360 680; x_wconf 71' lang='lat'><strong>811</strong></span> <span class='ocrx_word' id='word_1_16' title='bbox 375 643 418 671; x_wconf 84' lang='lat' dir='ltr'><strong>DE</strong></span> <span class='ocrx_word' id='word_1_17' title='bbox 438 643 633 671; x_wconf 76' lang='lat' dir='ltr'><strong>SCIIISMATE</strong></span> <span class='ocrx_word' id='word_1_18' title='bbox 646 643 886 679; x_wconf 71' lang='lat' dir='ltr'><strong>AUDIANORUM,</strong></span> 
     </span>
    </p>
   </div>
   <div class='ocr_carea' id='block_1_8' title="bbox 351 699 808 734">
    <p class='ocr_par' dir='ltr' id='par_1_8' title="bbox 351 699 808 734">
     <span class='ocr_line' id='line_1_8' title="bbox 351 699 808 734; baseline 0.007 -8"><span class='ocrx_word' id='word_1_19' title='bbox 351 700 417 734; x_wconf 77' lang='lat' dir='ltr'><strong>Qua:</strong></span> <span class='ocrx_word' id='word_1_20' title='bbox 431 705 468 727; x_wconf 83' lang='lat' dir='ltr'><strong>eu</strong></span> <span class='ocrx_word' id='word_1_21' title='bbox 486 699 593 728; x_wconf 67' lang='lat' dir='ltr'><strong>haeresis</strong></span> <span class='ocrx_word' id='word_1_22' title='bbox 612 701 644 734; x_wconf 83' lang='lat' dir='ltr'><strong>L,</strong></span> <span class='ocrx_word' id='word_1_23' title='bbox 658 701 712 728; x_wconf 69' lang='lat' dir='ltr'><strong>sive</strong></span> <span class='ocrx_word' id='word_1_24' title='bbox 727 701 808 730; x_wconf 75' lang='lat' dir='ltr'><strong>LXX.</strong></span> 
     </span>
    </p>
   </div>
   <div class='ocr_carea' id='block_1_9' title="bbox 226 754 976 793">
    <p class='ocr_par' dir='ltr' id='par_1_9' title="bbox 226 754 976 793">
     <span class='ocr_line' id='line_1_9' title="bbox 226 754 976 793; baseline 0.005 -10"><span class='ocrx_word' id='word_1_25' title='bbox 226 757 245 784; x_wconf 90' lang='lat' dir='ltr'><strong>l.</strong></span> <span class='ocrx_word' id='word_1_26' title='bbox 260 757 387 789; x_wconf 81' lang='lat' dir='ltr'><strong>Audiani,</strong></span> <span class='ocrx_word' id='word_1_27' title='bbox 403 756 460 784; x_wconf 82' lang='lat' dir='ltr'><strong>sive</strong></span> <span class='ocrx_word' id='word_1_28' title='bbox 477 754 584 789; x_wconf 86' lang='lat' dir='ltr'><strong>Odiani,</strong></span> <span class='ocrx_word' id='word_1_29' title='bbox 595 757 622 784; x_wconf 88' lang='lat' dir='ltr'><strong>in</strong></span> <span class='ocrx_word' id='word_1_30' title='bbox 639 761 739 785; x_wconf 70' lang='lat' dir='ltr'><strong>coetum</strong></span> <span class='ocrx_word' id='word_1_31' title='bbox 752 758 895 793; x_wconf 81' lang='lat' dir='ltr'><strong>quemdam</strong></span> <span class='ocrx_word' id='word_1_32' title='bbox 910 767 976 787; x_wconf 88' lang='lat' dir='ltr'><strong>eon-</strong></span> 
     </span>
    </p>
   </div>
   <div class='ocr_carea' id='block_1_10' title="bbox 191 802 976 838">
    <p class='ocr_par' dir='ltr' id='par_1_10' title="bbox 191 802 976 838">
     <span class='ocr_line' id='line_1_10' title="bbox 191 802 976 838; baseline 0.006 -10"><span class='ocrx_word' id='word_1_33' title='bbox 191 806 356 838; x_wconf 75' lang='lat' dir='ltr'><strong>ventumque</strong></span> <span class='ocrx_word' id='word_1_34' title='bbox 373 802 489 834; x_wconf 81' lang='lat' dir='ltr'><strong>collecti,</strong></span> <span class='ocrx_word' id='word_1_35' title='bbox 505 803 534 830; x_wconf 93' lang='lat' dir='ltr'><strong>in</strong></span> <span class='ocrx_word' id='word_1_36' title='bbox 559 804 734 831; x_wconf 75' lang='lat' dir='ltr'><strong>monasteriis</strong></span> <span class='ocrx_word' id='word_1_37' title='bbox 754 804 878 833; x_wconf 72' lang='lat' dir='ltr'><strong>habitant</strong></span> <span class='ocrx_word' id='word_1_38' title='bbox 898 809 925 832; x_wconf 87' lang='lat' dir='ltr'><strong>et</strong></span> <span class='ocrx_word' id='word_1_39' title='bbox 942 805 976 833; x_wconf 87' lang='lat' dir='ltr'><strong>ab</strong></span> 
     </span>
    </p>
   </div>
   <div class='ocr_carea' id='block_1_11' title="bbox 192 847 976 884">
    <p class='ocr_par' dir='ltr' id='par_1_11' title="bbox 192 847 976 884">
     <span class='ocr_line' id='line_1_11' title="bbox 192 847 976 884; baseline 0.006 -11"><span class='ocrx_word' id='word_1_40' title='bbox 192 847 331 874; x_wconf 85' lang='lat' dir='ltr'><strong>hominum</strong></span> <span class='ocrx_word' id='word_1_41' title='bbox 347 847 545 875; x_wconf 74' lang='lat' dir='ltr'><strong>consuetudine</strong></span> <span class='ocrx_word' id='word_1_42' title='bbox 558 849 689 883; x_wconf 77' lang='lat' dir='ltr'><strong>separati,</strong></span> <span class='ocrx_word' id='word_1_43' title='bbox 704 849 802 884; x_wconf 86' lang='lat' dir='ltr'><strong>partim</strong></span> <span class='ocrx_word' id='word_1_44' title='bbox 814 849 841 877; x_wconf 93' lang='lat' dir='ltr'><strong>in</strong></span> <span class='ocrx_word' id='word_1_45' title='bbox 850 851 976 878; x_wconf 83' lang='lat' dir='ltr'><strong>solitudi-</strong></span> 
     </span>
    </p>
   </div>
   <div class='ocr_carea' id='block_1_12' title="bbox 191 892 976 928">
    <p class='ocr_par' dir='ltr' id='par_1_12' title="bbox 191 892 976 928">
     <span class='ocr_line' id='line_1_12' title="bbox 191 892 976 928; baseline 0.005 -9"><span class='ocrx_word' id='word_1_46' title='bbox 191 892 283 924; x_wconf 85' lang='lat' dir='ltr'><strong>nibus,</strong></span> <span class='ocrx_word' id='word_1_47' title='bbox 298 892 396 927; x_wconf 82' lang='lat' dir='ltr'><strong>partim</strong></span> <span class='ocrx_word' id='word_1_48' title='bbox 409 900 492 928; x_wconf 86' lang='lat' dir='ltr'><strong>prope</strong></span> <span class='ocrx_word' id='word_1_49' title='bbox 509 893 607 928; x_wconf 88' lang='lat' dir='ltr'><strong>oppida</strong></span> <span class='ocrx_word' id='word_1_50' title='bbox 619 913 627 925; x_wconf 89' lang='lat'><strong>,</strong></span> <span class='ocrx_word' id='word_1_51' title='bbox 644 898 690 921; x_wconf 82' lang='lat' dir='ltr'><strong>aut</strong></span> <span class='ocrx_word' id='word_1_52' title='bbox 705 895 732 921; x_wconf 92' lang='lat' dir='ltr'><strong>in</strong></span> <span class='ocrx_word' id='word_1_53' title='bbox 746 895 911 923; x_wconf 84' lang='lat' dir='ltr'><strong>suburbanis</strong></span> <span class='ocrx_word' id='word_1_54' title='bbox 929 895 976 923; x_wconf 87' lang='lat' dir='ltr'><strong>de-</strong></span> 
     </span>
    </p>
   </div>
   <div class='ocr_carea' id='block_1_13' title="bbox 191 937 975 973">
    <p class='ocr_par' dir='ltr' id='par_1_13' title="bbox 191 937 975 973">
     <span class='ocr_line' id='line_1_13' title="bbox 191 937 975 973; baseline 0.008 -10"><span class='ocrx_word' id='word_1_55' title='bbox 191 942 258 972; x_wconf 76' lang='lat' dir='ltr'><strong>gunt</strong></span> <span class='ocrx_word' id='word_1_56' title='bbox 268 945 275 970; x_wconf 88' lang='lat'><strong>;</strong></span> <span class='ocrx_word' id='word_1_57' title='bbox 287 942 335 964; x_wconf 89' lang='lat' dir='ltr'><strong>aut</strong></span> <span class='ocrx_word' id='word_1_58' title='bbox 350 937 507 973; x_wconf 84' lang='lat' dir='ltr'><strong>ubicunque</strong></span> <span class='ocrx_word' id='word_1_59' title='bbox 524 939 679 967; x_wconf 77' lang='lat' dir='ltr'><strong>mansiones</strong></span> <span class='ocrx_word' id='word_1_60' title='bbox 691 947 755 967; x_wconf 88' lang='lat' dir='ltr'><strong>suas</strong></span> <span class='ocrx_word' id='word_1_61' title='bbox 778 941 835 969; x_wconf 89' lang='lat' dir='ltr'><strong>sive</strong></span> <span class='ocrx_word' id='word_1_62' title='bbox 851 942 975 969; x_wconf 68' lang='lat' dir='ltr'><strong>coenobia</strong></span> 
     </span>
    </p>
   </div>
   <div class='ocr_carea' id='block_1_14' title="bbox 191 981 976 1016">
    <p class='ocr_par' dir='ltr' id='par_1_14' title="bbox 191 981 976 1016">
     <span class='ocr_line' id='line_1_14' title="bbox 191 981 976 1016; baseline 0.008 -8"><span class='ocrx_word' id='word_1_63' title='bbox 191 981 361 1009; x_wconf 78' lang='lat' dir='ltr'><strong>collocarint.</strong></span> <span class='ocrx_word' id='word_1_64' title='bbox 383 981 470 1016; x_wconf 85' lang='lat' dir='ltr'><strong>llujus</strong></span> <span class='ocrx_word' id='word_1_65' title='bbox 494 987 574 1010; x_wconf 70' lang='lat' dir='ltr'><strong>sectae</strong></span> <span class='ocrx_word' id='word_1_66' title='bbox 590 983 715 1011; x_wconf 86' lang='lat' dir='ltr'><strong>conditor</strong></span> <span class='ocrx_word' id='word_1_67' title='bbox 740 984 790 1012; x_wconf 86' lang='lat' dir='ltr'><strong>fuit</strong></span> <span class='ocrx_word' id='word_1_68' title='bbox 803 985 909 1013; x_wconf 82' lang='lat' dir='ltr'><strong>Audius</strong></span> <span class='ocrx_word' id='word_1_69' title='bbox 924 986 976 1014; x_wconf 84' lang='lat' dir='ltr'><strong>sub</strong></span> 
     </span>
    </p>
   </div>
   <div class='ocr_carea' id='block_1_15' title="bbox 192 1027 976 1066">
    <p class='ocr_par' dir='ltr' id='par_1_15' title="bbox 192 1027 976 1066">
     <span class='ocr_line' id='line_1_15' title="bbox 192 1027 976 1066; baseline 0.006 -12"><span class='ocrx_word' id='word_1_70' title='bbox 192 1027 246 1054; x_wconf 79' lang='lat' dir='ltr'><strong>Arii</strong></span> <span class='ocrx_word' id='word_1_71' title='bbox 271 1032 393 1063; x_wconf 88' lang='lat' dir='ltr'><strong>tempora</strong></span> <span class='ocrx_word' id='word_1_72' title='bbox 405 1047 412 1060; x_wconf 88' lang='lat'><strong>,</strong></span> <span class='ocrx_word' id='word_1_73' title='bbox 429 1027 539 1063; x_wconf 85' lang='lat' dir='ltr'><strong>quando</strong></span> <span class='ocrx_word' id='word_1_74' title='bbox 554 1029 685 1057; x_wconf 86' lang='lat' dir='ltr'><strong>adversus</strong></span> <span class='ocrx_word' id='word_1_75' title='bbox 699 1030 772 1057; x_wconf 90' lang='lat' dir='ltr'><strong>hunc</strong></span> <span class='ocrx_word' id='word_1_76' title='bbox 786 1031 900 1058; x_wconf 90' lang='lat' dir='ltr'><strong>collecta</strong></span> <span class='ocrx_word' id='word_1_77' title='bbox 917 1031 976 1066; x_wconf 92' lang='lat' dir='ltr'><strong>epi-</strong></span> 
     </span>
    </p>
   </div>
   <div class='ocr_carea' id='block_1_16' title="bbox 189 1073 974 1109">
    <p class='ocr_par' dir='ltr' id='par_1_16' title="bbox 189 1073 974 1109">
     <span class='ocr_line' id='line_1_16' title="bbox 189 1073 974 1109; baseline 0.005 -9"><span class='ocrx_word' id='word_1_78' title='bbox 189 1074 335 1108; x_wconf 82' lang='lat' dir='ltr'><strong>scoporum</strong></span> <span class='ocrx_word' id='word_1_79' title='bbox 353 1073 474 1109; x_wconf 83' lang='lat' dir='ltr'><strong>synodus</strong></span> <span class='ocrx_word' id='word_1_80' title='bbox 488 1078 540 1106; x_wconf 83' lang='lat' dir='ltr'><strong>est,</strong></span> <span class='ocrx_word' id='word_1_81' title='bbox 561 1082 575 1101; x_wconf 91' lang='lat' dir='ltr'><strong>a</strong></span> <span class='ocrx_word' id='word_1_82' title='bbox 587 1075 688 1109; x_wconf 89' lang='lat' dir='ltr'><strong>quibus</strong></span> <span class='ocrx_word' id='word_1_83' title='bbox 702 1079 744 1103; x_wconf 84' lang='lat' dir='ltr'><strong>est</strong></span> <span class='ocrx_word' id='word_1_84' title='bbox 759 1076 803 1103; x_wconf 92' lang='lat' dir='ltr'><strong>ille</strong></span> <span class='ocrx_word' id='word_1_85' title='bbox 819 1076 974 1105; x_wconf 78' lang='lat' dir='ltr'><strong>damnatus.</strong></span> 
     </span>
    </p>
   </div>
   <div class='ocr_carea' id='block_1_17' title="bbox 190 1118 975 1155">
    <p class='ocr_par' dir='ltr' id='par_1_17' title="bbox 190 1118 975 1155">
     <span class='ocr_line' id='line_1_17' title="bbox 190 1118 975 1155; baseline 0.004 -9"><span class='ocrx_word' id='word_1_86' title='bbox 190 1119 243 1147; x_wconf 86' lang='lat' dir='ltr'><strong>Sed</strong></span> <span class='ocrx_word' id='word_1_87' title='bbox 267 1119 373 1147; x_wconf 85' lang='lat' dir='ltr'><strong>Audius</strong></span> <span class='ocrx_word' id='word_1_88' title='bbox 391 1126 407 1147; x_wconf 91' lang='lat' dir='ltr'><strong>e</strong></span> <span class='ocrx_word' id='word_1_89' title='bbox 431 1118 625 1155; x_wconf 83' lang='lat' dir='ltr'><strong>Mesopotamia</strong></span> <span class='ocrx_word' id='word_1_90' title='bbox 639 1120 773 1149; x_wconf 79' lang='lat' dir='ltr'><strong>oriundus</strong></span> <span class='ocrx_word' id='word_1_91' title='bbox 796 1121 869 1148; x_wconf 88' lang='lat' dir='ltr'><strong>domi</strong></span> <span class='ocrx_word' id='word_1_92' title='bbox 883 1122 975 1150; x_wconf 76' lang='lat' dir='ltr'><strong>clarus</strong></span> 
     </span>
    </p>
   </div>
   <div class='ocr_carea' id='block_1_18' title="bbox 189 1166 974 1203">
    <p class='ocr_par' dir='ltr' id='par_1_18' title="bbox 189 1166 974 1203">
     <span class='ocr_line' id='line_1_18' title="bbox 189 1166 974 1203; baseline 0.003 -10"><span class='ocrx_word' id='word_1_93' title='bbox 189 1167 216 1193; x_wconf 90' lang='lat' dir='ltr'><strong>in</strong></span> <span class='ocrx_word' id='word_1_94' title='bbox 241 1166 340 1201; x_wconf 87' lang='lat' dir='ltr'><strong>primis</strong></span> <span class='ocrx_word' id='word_1_95' title='bbox 355 1166 406 1193; x_wconf 86' lang='lat' dir='ltr'><strong>fuit</strong></span> <span class='ocrx_word' id='word_1_96' title='bbox 420 1186 427 1198; x_wconf 90' lang='lat'><strong>,</strong></span> <span class='ocrx_word' id='word_1_97' title='bbox 447 1171 557 1202; x_wconf 86' lang='lat' dir='ltr'><strong>propter</strong></span> <span class='ocrx_word' id='word_1_98' title='bbox 573 1170 600 1194; x_wconf 88' lang='lat' dir='ltr'><strong>et</strong></span> <span class='ocrx_word' id='word_1_99' title='bbox 612 1166 674 1194; x_wconf 73' lang='lat' dir='ltr'><strong>vitae</strong></span> <span class='ocrx_word' id='word_1_100' title='bbox 689 1167 874 1203; x_wconf 75' lang='lat' dir='ltr'><strong>integritatem</strong></span> <span class='ocrx_word' id='word_1_101' title='bbox 888 1172 915 1195; x_wconf 92' lang='lat' dir='ltr'><strong>et</strong></span> <span class='ocrx_word' id='word_1_102' title='bbox 930 1168 974 1195; x_wconf 84' lang='lat' dir='ltr'><strong>di-</strong></span> 
     </span>
    </p>
   </div>
   <div class='ocr_carea' id='block_1_19' title="bbox 189 1211 975 1248">
    <p class='ocr_par' dir='ltr' id='par_1_19' title="bbox 189 1211 975 1248">
     <span class='ocr_line' id='line_1_19' title="bbox 189 1211 975 1248; baseline 0.003 -9"><span class='ocrx_word' id='word_1_103' title='bbox 189 1213 258 1239; x_wconf 75' lang='lat' dir='ltr'><strong>vinae</strong></span> <span class='ocrx_word' id='word_1_104' title='bbox 275 1211 336 1239; x_wconf 89' lang='lat' dir='ltr'><strong>lldei</strong></span> <span class='ocrx_word' id='word_1_105' title='bbox 355 1212 443 1239; x_wconf 79' lang='lat' dir='ltr'><strong>zelum</strong></span> <span class='ocrx_word' id='word_1_106' title='bbox 460 1216 488 1239; x_wconf 91' lang='lat' dir='ltr'><strong>et</strong></span> <span class='ocrx_word' id='word_1_107' title='bbox 507 1211 644 1239; x_wconf 91' lang='lat' dir='ltr'><strong>ardorem.</strong></span> <span class='ocrx_word' id='word_1_108' title='bbox 669 1211 721 1246; x_wconf 93' lang='lat' dir='ltr'><strong>Qui</strong></span> <span class='ocrx_word' id='word_1_109' title='bbox 735 1220 797 1240; x_wconf 90' lang='lat' dir='ltr'><strong>cum</strong></span> <span class='ocrx_word' id='word_1_110' title='bbox 817 1220 888 1248; x_wconf 69' lang='lat' dir='ltr'><strong>saepe</strong></span> <span class='ocrx_word' id='word_1_111' title='bbox 903 1221 975 1241; x_wconf 81' lang='lat' dir='ltr'><strong>non-</strong></span> 
     </span>
    </p>
   </div>
   <div class='ocr_carea' id='block_1_20' title="bbox 189 1256 973 1293">
    <p class='ocr_par' dir='ltr' id='par_1_20' title="bbox 189 1256 973 1293">
     <span class='ocr_line' id='line_1_20' title="bbox 189 1256 973 1293; baseline 0.001 -9"><span class='ocrx_word' id='word_1_112' title='bbox 189 1257 263 1284; x_wconf 83' lang='lat' dir='ltr'><strong>nulla</strong></span> <span class='ocrx_word' id='word_1_113' title='bbox 278 1256 390 1288; x_wconf 88' lang='lat' dir='ltr'><strong>videret,</strong></span> <span class='ocrx_word' id='word_1_114' title='bbox 406 1263 466 1291; x_wconf 76' lang='lat' dir='ltr'><strong>quze</strong></span> <span class='ocrx_word' id='word_1_115' title='bbox 476 1257 503 1283; x_wconf 92' lang='lat' dir='ltr'><strong>in</strong></span> <span class='ocrx_word' id='word_1_116' title='bbox 525 1256 655 1285; x_wconf 83' lang='lat' dir='ltr'><strong>Ecclesiis</strong></span> <span class='ocrx_word' id='word_1_117' title='bbox 673 1264 814 1292; x_wconf 79' lang='lat' dir='ltr'><strong>perperam</strong></span> <span class='ocrx_word' id='word_1_118' title='bbox 830 1263 973 1293; x_wconf 68' lang='lat' dir='ltr'><strong>geruntur,</strong></span> 
     </span>
    </p>
   </div>
   <div class='ocr_carea' id='block_1_21' title="bbox 187 1301 974 1338">
    <p class='ocr_par' dir='ltr' id='par_1_21' title="bbox 187 1301 974 1338">
     <span class='ocr_line' id='line_1_21' title="bbox 187 1301 974 1338; baseline 0.003 -9"><span class='ocrx_word' id='word_1_119' title='bbox 187 1303 331 1337; x_wconf 74' lang='lat' dir='ltr'><strong>episcopos</strong></span> <span class='ocrx_word' id='word_1_120' title='bbox 355 1308 387 1328; x_wconf 86' lang='lat' dir='ltr'><strong>ac</strong></span> <span class='ocrx_word' id='word_1_121' title='bbox 412 1301 585 1337; x_wconf 84' lang='lat' dir='ltr'><strong>presbyteros</strong></span> <span class='ocrx_word' id='word_1_122' title='bbox 600 1309 692 1329; x_wconf 87' lang='lat' dir='ltr'><strong>coram</strong></span> <span class='ocrx_word' id='word_1_123' title='bbox 711 1302 852 1338; x_wconf 78' lang='lat' dir='ltr'><strong>increpare</strong></span> <span class='ocrx_word' id='word_1_124' title='bbox 865 1311 898 1330; x_wconf 87' lang='lat' dir='ltr'><strong>ac</strong></span> <span class='ocrx_word' id='word_1_125' title='bbox 912 1303 974 1331; x_wconf 86' lang='lat' dir='ltr'><strong>red-</strong></span> 
     </span>
    </p>
   </div>
   <div class='ocr_carea' id='block_1_22' title="bbox 188 1347 969 1382">
    <p class='ocr_par' dir='ltr' id='par_1_22' title="bbox 188 1347 969 1382">
     <span class='ocr_line' id='line_1_22' title="bbox 188 1347 969 1382; baseline 0.003 -8"><span class='ocrx_word' id='word_1_126' title='bbox 188 1354 303 1382; x_wconf 85' lang='lat' dir='ltr'><strong>arguere</strong></span> <span class='ocrx_word' id='word_1_127' title='bbox 331 1353 386 1374; x_wconf 88' lang='lat' dir='ltr'><strong>non</strong></span> <span class='ocrx_word' id='word_1_128' title='bbox 423 1347 568 1374; x_wconf 81' lang='lat' dir='ltr'><strong>verebatur</strong></span> <span class='ocrx_word' id='word_1_129' title='bbox 592 1351 620 1374; x_wconf 83' lang='lat' dir='ltr'><strong>et</strong></span> <span class='ocrx_word' id='word_1_130' title='bbox 645 1347 792 1375; x_wconf 88' lang='lat' dir='ltr'><strong>identidem</strong></span> <span class='ocrx_word' id='word_1_131' title='bbox 831 1355 942 1376; x_wconf 85' lang='lat' dir='ltr'><strong>monere</strong></span> <span class='ocrx_word' id='word_1_132' title='bbox 962 1359 969 1376; x_wconf 91' lang='lat'><strong>:</strong></span> 
     </span>
    </p>
   </div>
   <div class='ocr_carea' id='block_1_23' title="bbox 188 1392 972 1426">
    <p class='ocr_par' dir='ltr' id='par_1_23' title="bbox 188 1392 972 1426">
     <span class='ocr_line' id='line_1_23' title="bbox 188 1392 972 1426; baseline 0.004 -7"><span class='ocrx_word' id='word_1_133' title='bbox 188 1392 246 1420; x_wconf 83' lang='lat' dir='ltr'><strong>Non</strong></span> <span class='ocrx_word' id='word_1_134' title='bbox 262 1393 360 1420; x_wconf 81' lang='lat' dir='ltr'><strong>debent</strong></span> <span class='ocrx_word' id='word_1_135' title='bbox 372 1392 430 1419; x_wconf 59' lang='lat' dir='ltr'><strong>haec</strong></span> <span class='ocrx_word' id='word_1_136' title='bbox 439 1393 490 1420; x_wconf 89' lang='lat' dir='ltr'><strong>isto</strong></span> <span class='ocrx_word' id='word_1_137' title='bbox 508 1392 588 1420; x_wconf 87' lang='lat' dir='ltr'><strong>modo</strong></span> <span class='ocrx_word' id='word_1_138' title='bbox 602 1392 677 1426; x_wconf 81' lang='lat' dir='ltr'><strong>fieri;</strong></span> <span class='ocrx_word' id='word_1_139' title='bbox 690 1400 743 1421; x_wconf 92' lang='lat' dir='ltr'><strong>non</strong></span> <span class='ocrx_word' id='word_1_140' title='bbox 757 1394 793 1420; x_wconf 91' lang='lat' dir='ltr'><strong>ita</strong></span> <span class='ocrx_word' id='word_1_141' title='bbox 812 1394 870 1421; x_wconf 64' lang='lat' dir='ltr'><strong>haec</strong></span> <span class='ocrx_word' id='word_1_142' title='bbox 885 1394 972 1422; x_wconf 89' lang='lat' dir='ltr'><strong>admi-</strong></span> 
     </span>
    </p>
   </div>
   <div class='ocr_carea' id='block_1_24' title="bbox 189 1438 971 1474">
    <p class='ocr_par' dir='ltr' id='par_1_24' title="bbox 189 1438 971 1474">
     <span class='ocr_line' id='line_1_24' title="bbox 189 1438 971 1474; baseline 0.004 -9"><span class='ocrx_word' id='word_1_143' title='bbox 189 1439 306 1466; x_wconf 85' lang='lat' dir='ltr'><strong>nistrare</strong></span> <span class='ocrx_word' id='word_1_144' title='bbox 318 1438 451 1465; x_wconf 85' lang='lat' dir='ltr'><strong>convenit.</strong></span> <span class='ocrx_word' id='word_1_145' title='bbox 462 1438 535 1470; x_wconf 67' lang='lat' dir='ltr'><strong>llaec,</strong></span> <span class='ocrx_word' id='word_1_146' title='bbox 551 1442 680 1474; x_wconf 82' lang='lat' dir='ltr'><strong>tanquam</strong></span> <span class='ocrx_word' id='word_1_147' title='bbox 692 1439 814 1466; x_wconf 84' lang='lat' dir='ltr'><strong>veritatis</strong></span> <span class='ocrx_word' id='word_1_148' title='bbox 822 1447 928 1472; x_wconf 84' lang='lat' dir='ltr'><strong>amans,</strong></span> <span class='ocrx_word' id='word_1_149' title='bbox 939 1447 971 1468; x_wconf 88' lang='lat' dir='ltr'><strong>ac</strong></span> 
     </span>
    </p>
   </div>
   <div class='ocr_carea' id='block_1_25' title="bbox 187 1483 972 1520">
    <p class='ocr_par' dir='ltr' id='par_1_25' title="bbox 187 1483 972 1520">
     <span class='ocr_line' id='line_1_25' title="bbox 187 1483 972 1520; baseline 0.003 -9"><span class='ocrx_word' id='word_1_150' title='bbox 187 1483 269 1519; x_wconf 75' lang='lat'><strong>812</strong></span> <span class='ocrx_word' id='word_1_151' title='bbox 283 1487 381 1512; x_wconf 84' lang='lat' dir='ltr'><strong>caetera</strong></span> <span class='ocrx_word' id='word_1_152' title='bbox 407 1483 433 1511; x_wconf 88' lang='lat' dir='ltr'><strong>id</strong></span> <span class='ocrx_word' id='word_1_153' title='bbox 449 1492 534 1519; x_wconf 80' lang='lat' dir='ltr'><strong>genus</strong></span> <span class='ocrx_word' id='word_1_154' title='bbox 550 1491 684 1519; x_wconf 82' lang='lat' dir='ltr'><strong>usurpare</strong></span> <span class='ocrx_word' id='word_1_155' title='bbox 706 1485 830 1516; x_wconf 84' lang='lat' dir='ltr'><strong>solebat,</strong></span> <span class='ocrx_word' id='word_1_156' title='bbox 850 1492 911 1520; x_wconf 73' lang='lat' dir='ltr'><strong>qua:</strong></span> <span class='ocrx_word' id='word_1_157' title='bbox 925 1493 972 1512; x_wconf 70' lang='lat' dir='ltr'><strong>ex-</strong></span> 
     </span>
    </p>
   </div>
   <div class='ocr_carea' id='block_1_26' title="bbox 188 1530 971 1566">
    <p class='ocr_par' dir='ltr' id='par_1_26' title="bbox 188 1530 971 1566">
     <span class='ocr_line' id='line_1_26' title="bbox 188 1530 971 1566; baseline 0 -8"><span class='ocrx_word' id='word_1_158' title='bbox 188 1531 297 1566; x_wconf 64' lang='lat' dir='ltr'><strong>quisitae</strong></span> <span class='ocrx_word' id='word_1_159' title='bbox 319 1530 464 1566; x_wconf 85' lang='lat' dir='ltr'><strong>probitatis</strong></span> <span class='ocrx_word' id='word_1_160' title='bbox 486 1530 641 1558; x_wconf 91' lang='lat' dir='ltr'><strong>hominibus</strong></span> <span class='ocrx_word' id='word_1_161' title='bbox 658 1530 802 1558; x_wconf 81' lang='lat' dir='ltr'><strong>familiaria</strong></span> <span class='ocrx_word' id='word_1_162' title='bbox 818 1536 901 1564; x_wconf 83' lang='lat' dir='ltr'><strong>sunt,</strong></span> <span class='ocrx_word' id='word_1_163' title='bbox 923 1531 971 1566; x_wconf 85' lang='lat' dir='ltr'><strong>qui</strong></span> 
     </span>
    </p>
   </div>
   <div class='ocr_carea' id='block_1_27' title="bbox 187 1575 971 1612">
    <p class='ocr_par' dir='ltr' id='par_1_27' title="bbox 187 1575 971 1612">
     <span class='ocr_line' id='line_1_27' title="bbox 187 1575 971 1612; baseline 0.003 -9"><span class='ocrx_word' id='word_1_164' title='bbox 187 1577 221 1604; x_wconf 89' lang='lat' dir='ltr'><strong>ob</strong></span> <span class='ocrx_word' id='word_1_165' title='bbox 233 1575 370 1611; x_wconf 78' lang='lat' dir='ltr'><strong>egregium</strong></span> <span class='ocrx_word' id='word_1_166' title='bbox 385 1575 495 1610; x_wconf 82' lang='lat' dir='ltr'><strong>pietatis</strong></span> <span class='ocrx_word' id='word_1_167' title='bbox 508 1576 628 1603; x_wconf 88' lang='lat' dir='ltr'><strong>studium</strong></span> <span class='ocrx_word' id='word_1_168' title='bbox 646 1583 780 1603; x_wconf 80' lang='lat' dir='ltr'><strong>summam</strong></span> <span class='ocrx_word' id='word_1_169' title='bbox 794 1576 821 1604; x_wconf 93' lang='lat' dir='ltr'><strong>in</strong></span> <span class='ocrx_word' id='word_1_170' title='bbox 836 1577 971 1612; x_wconf 83' lang='lat' dir='ltr'><strong>loquendo</strong></span> 
     </span>
    </p>
   </div>
   <div class='ocr_carea' id='block_1_28' title="bbox 187 1621 971 1656">
    <p class='ocr_par' dir='ltr' id='par_1_28' title="bbox 187 1621 971 1656">
     <span class='ocr_line' id='line_1_28' title="bbox 187 1621 971 1656; baseline 0.003 -8"><span class='ocrx_word' id='word_1_171' title='bbox 187 1622 338 1649; x_wconf 84' lang='lat' dir='ltr'><strong>libertatem</strong></span> <span class='ocrx_word' id='word_1_172' title='bbox 354 1621 494 1649; x_wconf 87' lang='lat' dir='ltr'><strong>adhibent.</strong></span> <span class='ocrx_word' id='word_1_173' title='bbox 515 1621 606 1654; x_wconf 84' lang='lat' dir='ltr'><strong>Quare</strong></span> <span class='ocrx_word' id='word_1_174' title='bbox 634 1629 696 1649; x_wconf 91' lang='lat' dir='ltr'><strong>cum</strong></span> <span class='ocrx_word' id='word_1_175' title='bbox 721 1622 871 1656; x_wconf 84' lang='lat' dir='ltr'><strong>nonnulla,</strong></span> <span class='ocrx_word' id='word_1_176' title='bbox 899 1622 971 1650; x_wconf 87' lang='lat' dir='ltr'><strong>sicut</strong></span> 
     </span>
    </p>
   </div>
   <div class='ocr_carea' id='block_1_29' title="bbox 186 1668 969 1705">
    <p class='ocr_par' dir='ltr' id='par_1_29' title="bbox 186 1668 969 1705">
     <span class='ocr_line' id='line_1_29' title="bbox 186 1668 969 1705; baseline 0 -9"><span class='ocrx_word' id='word_1_177' title='bbox 186 1668 253 1701; x_wconf 76' lang='lat' dir='ltr'><strong>dixi,</strong></span> <span class='ocrx_word' id='word_1_178' title='bbox 271 1668 342 1696; x_wconf 85' lang='lat' dir='ltr'><strong>male</strong></span> <span class='ocrx_word' id='word_1_179' title='bbox 359 1669 385 1696; x_wconf 90' lang='lat' dir='ltr'><strong>in</strong></span> <span class='ocrx_word' id='word_1_180' title='bbox 401 1668 530 1697; x_wconf 85' lang='lat' dir='ltr'><strong>Ecclesiis</strong></span> <span class='ocrx_word' id='word_1_181' title='bbox 550 1669 606 1704; x_wconf 89' lang='lat' dir='ltr'><strong>geri</strong></span> <span class='ocrx_word' id='word_1_182' title='bbox 623 1672 758 1702; x_wconf 86' lang='lat' dir='ltr'><strong>cerneret,</strong></span> <span class='ocrx_word' id='word_1_183' title='bbox 773 1677 969 1705; x_wconf 88' lang='lat' dir='ltr'><strong>nonnunquam</strong></span> 
     </span>
    </p>
   </div>
   <div class='ocr_carea' id='block_1_30' title="bbox 187 1714 970 1750">
    <p class='ocr_par' dir='ltr' id='par_1_30' title="bbox 187 1714 970 1750">
     <span class='ocr_line' id='line_1_30' title="bbox 187 1714 970 1750; baseline 0.001 -9"><span class='ocrx_word' id='word_1_184' title='bbox 187 1722 246 1749; x_wconf 70' lang='lat' dir='ltr'><strong>qum</strong></span> <span class='ocrx_word' id='word_1_185' title='bbox 263 1714 375 1742; x_wconf 83' lang='lat' dir='ltr'><strong>sentiret</strong></span> <span class='ocrx_word' id='word_1_186' title='bbox 393 1714 484 1750; x_wconf 88' lang='lat' dir='ltr'><strong>loqui,</strong></span> <span class='ocrx_word' id='word_1_187' title='bbox 502 1721 534 1741; x_wconf 87' lang='lat' dir='ltr'><strong>ac</strong></span> <span class='ocrx_word' id='word_1_188' title='bbox 559 1714 722 1750; x_wconf 74' lang='lat' dir='ltr'><strong>redarguere</strong></span> <span class='ocrx_word' id='word_1_189' title='bbox 737 1715 902 1750; x_wconf 79' lang='lat' dir='ltr'><strong>cogebatur.</strong></span> <span class='ocrx_word' id='word_1_190' title='bbox 919 1722 970 1742; x_wconf 90' lang='lat' dir='ltr'><strong>nec</strong></span> 
     </span>
    </p>
   </div>
   <div class='ocr_carea' id='block_1_31' title="bbox 185 1758 970 1795">
    <p class='ocr_par' dir='ltr' id='par_1_31' title="bbox 185 1758 970 1795">
     <span class='ocr_line' id='line_1_31' title="bbox 185 1758 970 1795; baseline 0 -8"><span class='ocrx_word' id='word_1_191' title='bbox 185 1759 297 1788; x_wconf 81' lang='lat' dir='ltr'><strong>omnino</strong></span> <span class='ocrx_word' id='word_1_192' title='bbox 313 1764 405 1787; x_wconf 89' lang='lat' dir='ltr'><strong>tacere</strong></span> <span class='ocrx_word' id='word_1_193' title='bbox 430 1764 545 1795; x_wconf 87' lang='lat' dir='ltr'><strong>poterat.</strong></span> <span class='ocrx_word' id='word_1_194' title='bbox 567 1758 645 1787; x_wconf 83' lang='lat' dir='ltr'><strong>Velut</strong></span> <span class='ocrx_word' id='word_1_195' title='bbox 669 1760 691 1787; x_wconf 92' lang='lat' dir='ltr'><strong>si</strong></span> <span class='ocrx_word' id='word_1_196' title='bbox 717 1768 798 1795; x_wconf 86' lang='lat' dir='ltr'><strong>quem</strong></span> <span class='ocrx_word' id='word_1_197' title='bbox 822 1768 838 1788; x_wconf 80' lang='grc' dir='ltr'><strong>ε</strong></span> <span class='ocrx_word' id='word_1_198' title='bbox 861 1760 970 1788; x_wconf 83' lang='lat' dir='ltr'><strong>clericis</strong></span> 
     </span>
    </p>
   </div>
   <div class='ocr_carea' id='block_1_32' title="bbox 187 1805 970 1840">
    <p class='ocr_par' dir='ltr' id='par_1_32' title="bbox 187 1805 970 1840">
     <span class='ocr_line' id='line_1_32' title="bbox 187 1805 970 1840; baseline -0.001 -7"><span class='ocrx_word' id='word_1_199' title='bbox 187 1805 362 1840; x_wconf 90' lang='lat' dir='ltr'><strong>pecuniarum</strong></span> <span class='ocrx_word' id='word_1_200' title='bbox 386 1805 447 1840; x_wconf 90' lang='lat' dir='ltr'><strong>plus</strong></span> <span class='ocrx_word' id='word_1_201' title='bbox 466 1813 544 1839; x_wconf 65' lang='lat' dir='ltr'><strong>aequo</strong></span> <span class='ocrx_word' id='word_1_202' title='bbox 561 1805 689 1839; x_wconf 84' lang='lat' dir='ltr'><strong>cupidum</strong></span> <span class='ocrx_word' id='word_1_203' title='bbox 714 1805 838 1838; x_wconf 88' lang='lat' dir='ltr'><strong>videret,</strong></span> <span class='ocrx_word' id='word_1_204' title='bbox 863 1805 970 1840; x_wconf 87' lang='lat' dir='ltr'><strong>episco-</strong></span> 
     </span>
    </p>
   </div>
   <div class='ocr_carea' id='block_1_33' title="bbox 185 1849 969 1885">
    <p class='ocr_par' dir='ltr' id='par_1_33' title="bbox 185 1849 969 1885">
     <span class='ocr_line' id='line_1_33' title="bbox 185 1849 969 1885; baseline 0.001 -9"><span class='ocrx_word' id='word_1_205' title='bbox 185 1857 249 1884; x_wconf 82' lang='lat' dir='ltr'><strong>pum</strong></span> <span class='ocrx_word' id='word_1_206' title='bbox 262 1869 270 1881; x_wconf 92' lang='lat'><strong>,</strong></span> <span class='ocrx_word' id='word_1_207' title='bbox 284 1856 330 1877; x_wconf 84' lang='lat' dir='ltr'><strong>aut</strong></span> <span class='ocrx_word' id='word_1_208' title='bbox 346 1849 535 1884; x_wconf 79' lang='lat' dir='ltr'><strong>presbyterum</strong></span> <span class='ocrx_word' id='word_1_209' title='bbox 549 1869 555 1879; x_wconf 85' lang='lat'><strong>.</strong></span> <span class='ocrx_word' id='word_1_210' title='bbox 571 1853 618 1875; x_wconf 90' lang='lat' dir='ltr'><strong>aut</strong></span> <span class='ocrx_word' id='word_1_211' title='bbox 636 1849 718 1876; x_wconf 86' lang='lat' dir='ltr'><strong>alium</strong></span> <span class='ocrx_word' id='word_1_212' title='bbox 731 1849 886 1884; x_wconf 85' lang='lat' dir='ltr'><strong>quempiam</strong></span> <span class='ocrx_word' id='word_1_213' title='bbox 900 1870 908 1882; x_wconf 88' lang='lat'><strong>,</strong></span> <span class='ocrx_word' id='word_1_214' title='bbox 922 1850 969 1885; x_wconf 87' lang='lat' dir='ltr'><strong>qui</strong></span> 
     </span>
    </p>
   </div>
   <div class='ocr_carea' id='block_1_34' title="bbox 186 1894 969 1928">
    <p class='ocr_par' dir='ltr' id='par_1_34' title="bbox 186 1894 969 1928">
     <span class='ocr_line' id='line_1_34' title="bbox 186 1894 969 1928; baseline 0 -7"><span class='ocrx_word' id='word_1_215' title='bbox 186 1895 379 1921; x_wconf 60' lang='lat' dir='ltr'><strong>ecclesiasticis</strong></span> <span class='ocrx_word' id='word_1_216' title='bbox 395 1894 536 1921; x_wconf 87' lang='lat' dir='ltr'><strong>ordinibus</strong></span> <span class='ocrx_word' id='word_1_217' title='bbox 553 1898 716 1926; x_wconf 86' lang='lat' dir='ltr'><strong>censentur,</strong></span> <span class='ocrx_word' id='word_1_218' title='bbox 733 1894 899 1928; x_wconf 76' lang='lat' dir='ltr'><strong>exprobrare</strong></span> <span class='ocrx_word' id='word_1_219' title='bbox 916 1902 969 1922; x_wconf 84' lang='lat' dir='ltr'><strong>non</strong></span> 
     </span>
    </p>
   </div>
   <div class='ocr_carea' id='block_1_35' title="bbox 186 1938 970 1974">
    <p class='ocr_par' dir='ltr' id='par_1_35' title="bbox 186 1938 970 1974">
     <span class='ocr_line' id='line_1_35' title="bbox 186 1938 970 1974; baseline 0.001 -8"><span class='ocrx_word' id='word_1_220' title='bbox 186 1939 345 1970; x_wconf 77' lang='lat' dir='ltr'><strong>dubitabat;</strong></span> <span class='ocrx_word' id='word_1_221' title='bbox 372 1942 419 1965; x_wconf 88' lang='lat' dir='ltr'><strong>aut</strong></span> <span class='ocrx_word' id='word_1_222' title='bbox 441 1939 465 1966; x_wconf 91' lang='lat' dir='ltr'><strong>si</strong></span> <span class='ocrx_word' id='word_1_223' title='bbox 485 1938 619 1974; x_wconf 86' lang='lat' dir='ltr'><strong>quispiam</strong></span> <span class='ocrx_word' id='word_1_224' title='bbox 648 1939 714 1966; x_wconf 78' lang='lat' dir='ltr'><strong>luxu</strong></span> <span class='ocrx_word' id='word_1_225' title='bbox 739 1946 770 1966; x_wconf 90' lang='lat' dir='ltr'><strong>ac</strong></span> <span class='ocrx_word' id='word_1_226' title='bbox 785 1939 894 1968; x_wconf 83' lang='lat' dir='ltr'><strong>deliciis</strong></span> <span class='ocrx_word' id='word_1_227' title='bbox 918 1940 970 1968; x_wconf 83' lang='lat' dir='ltr'><strong>dif-</strong></span> 
     </span>
    </p>
   </div>
   <div class='ocr_carea' id='block_1_36' title="bbox 1094 656 1744 695">
    <p class='ocr_par' dir='ltr' id='par_1_36' title="bbox 1094 656 1744 695">
     <span class='ocr_line' id='line_1_36' title="bbox 1094 656 1744 695; baseline 0.006 -11"><span class='ocrx_word' id='word_1_228' title='bbox 1094 657 1174 684; x_wconf 82' lang='lat' dir='ltr'><strong>IIEPI</strong></span> <span class='ocrx_word' id='word_1_229' title='bbox 1184 657 1253 684; x_wconf 84' lang='grc' dir='ltr'><strong>ΤΟΥ</strong></span> <span class='ocrx_word' id='word_1_230' title='bbox 1267 656 1461 685; x_wconf 79' lang='grc' dir='ltr'><strong>ΣΧΙΣΜΔΤΟΣ</strong></span> <span class='ocrx_word' id='word_1_231' title='bbox 1479 659 1547 686; x_wconf 82' lang='grc' dir='ltr'><strong>ΤΩΝ</strong></span> <span class='ocrx_word' id='word_1_232' title='bbox 1561 660 1744 695; x_wconf 76' lang='grc' dir='ltr'><strong>ΑΥΔΙΑΝΩΝ,</strong></span> 
     </span>
    </p>
   </div>
   <div class='ocr_carea' id='block_1_37' title="bbox 1173 711 1670 748">
    <p class='ocr_par' dir='ltr' id='par_1_37' title="bbox 1173 711 1670 748">
     <span class='ocr_line' id='line_1_37' title="bbox 1173 711 1670 748; baseline 0.008 -10"><span class='ocrx_word' id='word_1_233' title='bbox 1173 711 1379 745; x_wconf 73' lang='grc' dir='ltr'>Πεντηκοστὴ,</span> <span class='ocrx_word' id='word_1_234' title='bbox 1394 713 1413 746; x_wconf 79' lang='grc' dir='ltr'><strong><em>ἠ</em></strong></span> <span class='ocrx_word' id='word_1_235' title='bbox 1430 713 1479 739; x_wconf 77' lang='grc' dir='ltr'>καὶ</span> <span class='ocrx_word' id='word_1_236' title='bbox 1490 713 1670 748; x_wconf 67' lang='lat' dir='ltr'><strong>emanant}.</strong></span> 
     </span>
    </p>
   </div>
   <div class='ocr_carea' id='block_1_38' title="bbox 1061 767 1816 806">
    <p class='ocr_par' dir='ltr' id='par_1_38' title="bbox 1061 767 1816 806">
     <span class='ocr_line' id='line_1_38' title="bbox 1061 767 1816 806; baseline 0.008 -12"><span class='ocrx_word' id='word_1_237' title='bbox 1061 768 1241 801; x_wconf 80' lang='grc' dir='ltr'><strong>Α’.Δὺδιανοὶ,</strong></span> <span class='ocrx_word' id='word_1_238' title='bbox 1255 768 1343 796; x_wconf 82' lang='grc' dir='ltr'>εῐτουν</span> <span class='ocrx_word' id='word_1_239' title='bbox 1363 769 1486 802; x_wconf 74' lang='grc' dir='ltr'>Ὠδιανοὶ,</span> <span class='ocrx_word' id='word_1_240' title='bbox 1500 770 1591 806; x_wconf 85' lang='grc' dir='ltr'>τάγμα</span> <span class='ocrx_word' id='word_1_241' title='bbox 1599 771 1677 798; x_wconf 88' lang='grc' dir='ltr'>είσίν.</span> <span class='ocrx_word' id='word_1_242' title='bbox 1691 767 1772 800; x_wconf 73' lang='grc' dir='ltr'>οὗτοι</span> <span class='ocrx_word' id='word_1_243' title='bbox 1783 773 1816 801; x_wconf 76' lang='grc' dir='ltr'><strong>δὲ</strong></span> 
     </span>
    </p>
   </div>
   <div class='ocr_carea' id='block_1_39' title="bbox 1025 813 1815 854">
    <p class='ocr_par' dir='ltr' id='par_1_39' title="bbox 1025 813 1815 854">
     <span class='ocr_line' id='line_1_39' title="bbox 1025 813 1815 854; baseline 0.009 -15"><span class='ocrx_word' id='word_1_244' title='bbox 1025 815 1054 840; x_wconf 78' lang='grc' dir='ltr'>ἐν</span> <span class='ocrx_word' id='word_1_245' title='bbox 1076 814 1268 848; x_wconf 82' lang='grc' dir='ltr'>μοναστηρίοις</span> <span class='ocrx_word' id='word_1_246' title='bbox 1297 813 1347 849; x_wconf 80' lang='grc' dir='ltr'><strong>τὴν</strong></span> <span class='ocrx_word' id='word_1_247' title='bbox 1371 815 1528 851; x_wconf 84' lang='grc' dir='ltr'><strong>κατοίκησιν</strong></span> <span class='ocrx_word' id='word_1_248' title='bbox 1544 816 1688 852; x_wconf 85' lang='grc' dir='ltr'>κέκτηνται</span> <span class='ocrx_word' id='word_1_249' title='bbox 1707 818 1815 854; x_wconf 83' lang='grc' dir='ltr'>ἀναχω-</span> 
     </span>
    </p>
   </div>
   <div class='ocr_carea' id='block_1_40' title="bbox 1026 858 1812 898">
    <p class='ocr_par' dir='ltr' id='par_1_40' title="bbox 1026 858 1812 898">
     <span class='ocr_line' id='line_1_40' title="bbox 1026 858 1812 898; baseline 0.006 -13"><span class='ocrx_word' id='word_1_250' title='bbox 1026 858 1145 895; x_wconf 81' lang='grc' dir='ltr'>ροῦντες,</span> <span class='ocrx_word' id='word_1_251' title='bbox 1160 859 1253 894; x_wconf 80' lang='grc' dir='ltr'><strong>τάγμα</strong></span> <span class='ocrx_word' id='word_1_252' title='bbox 1267 859 1344 892; x_wconf 73' lang='grc' dir='ltr'>ὄντες</span> <span class='ocrx_word' id='word_1_253' title='bbox 1357 861 1385 887; x_wconf 83' lang='grc' dir='ltr'>ὲν</span> <span class='ocrx_word' id='word_1_254' title='bbox 1405 861 1534 896; x_wconf 77' lang='grc' dir='ltr'><strong>ἐρημίαις</strong></span> <span class='ocrx_word' id='word_1_255' title='bbox 1546 870 1574 888; x_wconf 88' lang='grc' dir='ltr'><strong>τε</strong></span> <span class='ocrx_word' id='word_1_256' title='bbox 1588 862 1635 888; x_wconf 81' lang='grc' dir='ltr'>καὶ</span> <span class='ocrx_word' id='word_1_257' title='bbox 1651 863 1812 898; x_wconf 83' lang='grc' dir='ltr'>πλησιαίτε-</span> 
     </span>
    </p>
   </div>
   <div class='ocr_carea' id='block_1_41' title="bbox 1026 904 1815 940">
    <p class='ocr_par' dir='ltr' id='par_1_41' title="bbox 1026 904 1815 940">
     <span class='ocr_line' id='line_1_41' title="bbox 1026 904 1815 940; baseline 0.008 -10"><span class='ocrx_word' id='word_1_258' title='bbox 1026 913 1072 940; x_wconf 85' lang='grc' dir='ltr'><strong>ρον</strong></span> <span class='ocrx_word' id='word_1_259' title='bbox 1095 904 1209 936; x_wconf 83' lang='grc' dir='ltr'>πόλεων,</span> <span class='ocrx_word' id='word_1_260' title='bbox 1230 905 1259 931; x_wconf 78' lang='grc' dir='ltr'>ὲν</span> <span class='ocrx_word' id='word_1_261' title='bbox 1275 905 1448 940; x_wconf 81' lang='grc' dir='ltr'><strong>προαστείοις</strong></span> <span class='ocrx_word' id='word_1_262' title='bbox 1465 915 1495 932; x_wconf 86' lang='grc' dir='ltr'><strong>τε</strong></span> <span class='ocrx_word' id='word_1_263' title='bbox 1509 907 1556 933; x_wconf 80' lang='grc' dir='ltr'>καὶ</span> <span class='ocrx_word' id='word_1_264' title='bbox 1570 907 1631 933; x_wconf 78' lang='grc' dir='ltr'>ὅποι</span> <span class='ocrx_word' id='word_1_265' title='bbox 1647 908 1696 940; x_wconf 82' lang='grc' dir='ltr'>τὰς</span> <span class='ocrx_word' id='word_1_266' title='bbox 1709 909 1815 936; x_wconf 77' lang='grc' dir='ltr'><strong>ἑαυτῶν</strong></span> 
     </span>
    </p>
   </div>
   <div class='ocr_carea' id='block_1_42' title="bbox 1026 949 1816 986">
    <p class='ocr_par' dir='ltr' id='par_1_42' title="bbox 1026 949 1816 986">
     <span class='ocr_line' id='line_1_42' title="bbox 1026 949 1816 986; baseline 0.006 -10"><span class='ocrx_word' id='word_1_267' title='bbox 1026 949 1110 986; x_wconf 83' lang='grc' dir='ltr'>μονὰς</span> <span class='ocrx_word' id='word_1_268' title='bbox 1123 951 1182 985; x_wconf 73' lang='grc' dir='ltr'>ἦτοι</span> <span class='ocrx_word' id='word_1_269' title='bbox 1196 950 1315 986; x_wconf 83' lang='grc' dir='ltr'>μάνδρας</span> <span class='ocrx_word' id='word_1_270' title='bbox 1331 951 1446 986; x_wconf 76' lang='grc' dir='ltr'>ἔχουσιν.</span> <span class='ocrx_word' id='word_1_271' title='bbox 1463 949 1547 985; x_wconf 74' lang='grc' dir='ltr'>Οὗτος</span> <span class='ocrx_word' id='word_1_272' title='bbox 1571 953 1585 979; x_wconf 81' lang='grc' dir='ltr'><strong>ό</strong></span> <span class='ocrx_word' id='word_1_273' title='bbox 1599 952 1695 986; x_wconf 77' lang='grc' dir='ltr'>Αὕδιος</span> <span class='ocrx_word' id='word_1_274' title='bbox 1709 955 1816 984; x_wconf 81' lang='grc' dir='ltr'>τούτων</span> 
     </span>
    </p>
   </div>
   <div class='ocr_carea' id='block_1_43' title="bbox 1025 995 1814 1034">
    <p class='ocr_par' dir='ltr' id='par_1_43' title="bbox 1025 995 1814 1034">
     <span class='ocr_line' id='line_1_43' title="bbox 1025 995 1814 1034; baseline 0.005 -12"><span class='ocrx_word' id='word_1_275' title='bbox 1025 995 1144 1031; x_wconf 78' lang='grc' dir='ltr'>ἀρχηγὸς</span> <span class='ocrx_word' id='word_1_276' title='bbox 1157 996 1302 1031; x_wconf 83' lang='grc' dir='ltr'>γεγένηται</span> <span class='ocrx_word' id='word_1_277' title='bbox 1312 997 1341 1023; x_wconf 77' lang='grc' dir='ltr'>ὲν</span> <span class='ocrx_word' id='word_1_278' title='bbox 1356 997 1461 1032; x_wconf 83' lang='grc' dir='ltr'>χρόνοις</span> <span class='ocrx_word' id='word_1_279' title='bbox 1483 997 1598 1033; x_wconf 79' lang='grc' dir='ltr'>Ἀρείου,</span> <span class='ocrx_word' id='word_1_280' title='bbox 1616 999 1734 1034; x_wconf 75' lang='grc' dir='ltr'><strong>ὁπηνίκα</strong></span> <span class='ocrx_word' id='word_1_281' title='bbox 1752 1008 1814 1026; x_wconf 89' lang='grc' dir='ltr'>συν-</span> 
     </span>
    </p>
   </div>
   <div class='ocr_carea' id='block_1_44' title="bbox 1024 1041 1816 1078">
    <p class='ocr_par' dir='ltr' id='par_1_44' title="bbox 1024 1041 1816 1078">
     <span class='ocr_line' id='line_1_44' title="bbox 1024 1041 1816 1078; baseline 0.004 -10"><span class='ocrx_word' id='word_1_282' title='bbox 1024 1042 1158 1077; x_wconf 83' lang='grc' dir='ltr'>εκροτήθη</span> <span class='ocrx_word' id='word_1_283' title='bbox 1188 1041 1259 1068; x_wconf 79' lang='grc' dir='ltr'>κατὰ</span> <span class='ocrx_word' id='word_1_284' title='bbox 1289 1041 1393 1078; x_wconf 80' lang='grc' dir='ltr'>Ἀρείου</span> <span class='ocrx_word' id='word_1_285' title='bbox 1413 1043 1429 1077; x_wconf 83' lang='grc' dir='ltr'>ἡ</span> <span class='ocrx_word' id='word_1_286' title='bbox 1448 1042 1555 1074; x_wconf 79' lang='grc' dir='ltr'>σύνοδος</span> <span class='ocrx_word' id='word_1_287' title='bbox 1581 1043 1635 1069; x_wconf 83' lang='grc' dir='ltr'><strong>τῶν</strong></span> <span class='ocrx_word' id='word_1_288' title='bbox 1652 1043 1734 1070; x_wconf 72' lang='grc' dir='ltr'>αὑτὸν</span> <span class='ocrx_word' id='word_1_289' title='bbox 1750 1044 1816 1071; x_wconf 59' lang='grc' dir='ltr'>καθ.</span> 
     </span>
    </p>
   </div>
   <div class='ocr_carea' id='block_1_45' title="bbox 1024 1083 1815 1124">
    <p class='ocr_par' dir='ltr' id='par_1_45' title="bbox 1024 1083 1815 1124">
     <span class='ocr_line' id='line_1_45' title="bbox 1024 1083 1815 1124; baseline 0.003 -10"><span class='ocrx_word' id='word_1_290' title='bbox 1024 1087 1150 1114; x_wconf 74' lang='grc' dir='ltr'>ελόντων.</span> <span class='ocrx_word' id='word_1_291' title='bbox 1166 1083 1220 1114; x_wconf 84' lang='grc' dir='ltr'>Ἦν</span> <span class='ocrx_word' id='word_1_292' title='bbox 1234 1087 1261 1113; x_wconf 78' lang='grc' dir='ltr'><strong>δὲ</strong></span> <span class='ocrx_word' id='word_1_293' title='bbox 1277 1088 1291 1114; x_wconf 88' lang='grc' dir='ltr'><strong>ό</strong></span> <span class='ocrx_word' id='word_1_294' title='bbox 1303 1086 1372 1123; x_wconf 85' lang='grc' dir='ltr'>ἀνὴρ</span> <span class='ocrx_word' id='word_1_295' title='bbox 1386 1087 1440 1114; x_wconf 82' lang='grc' dir='ltr'><strong>ἀπὸ</strong></span> <span class='ocrx_word' id='word_1_296' title='bbox 1454 1088 1505 1122; x_wconf 86' lang='grc' dir='ltr'>τῆς</span> <span class='ocrx_word' id='word_1_297' title='bbox 1517 1088 1613 1123; x_wconf 87' lang='grc' dir='ltr'><strong>Μέσης</strong></span> <span class='ocrx_word' id='word_1_298' title='bbox 1619 1088 1672 1115; x_wconf 83' lang='grc' dir='ltr'><strong>τῶν</strong></span> <span class='ocrx_word' id='word_1_299' title='bbox 1683 1089 1815 1124; x_wconf 80' lang='grc' dir='ltr'>ποταμῶν</span> 
     </span>
    </p>
   </div>
   <div class='ocr_carea' id='block_1_46' title="bbox 1024 1131 1816 1170">
    <p class='ocr_par' dir='ltr' id='par_1_46' title="bbox 1024 1131 1816 1170">
     <span class='ocr_line' id='line_1_46' title="bbox 1024 1131 1816 1170; baseline 0.004 -11"><span class='ocrx_word' id='word_1_300' title='bbox 1024 1131 1193 1168; x_wconf 84' lang='grc' dir='ltr'>ὁρμώμενος,</span> <span class='ocrx_word' id='word_1_301' title='bbox 1219 1133 1353 1169; x_wconf 82' lang='grc' dir='ltr'>διαφανής</span> <span class='ocrx_word' id='word_1_302' title='bbox 1374 1141 1415 1165; x_wconf 87' lang='grc' dir='ltr'><strong>τις</strong></span> <span class='ocrx_word' id='word_1_303' title='bbox 1433 1133 1503 1160; x_wconf 86' lang='grc' dir='ltr'>κατὰ</span> <span class='ocrx_word' id='word_1_304' title='bbox 1515 1135 1564 1170; x_wconf 84' lang='grc' dir='ltr'><strong>τὴν</strong></span> <span class='ocrx_word' id='word_1_305' title='bbox 1582 1133 1678 1161; x_wconf 73' lang='grc' dir='ltr'>ἑαυτοῦ</span> <span class='ocrx_word' id='word_1_306' title='bbox 1694 1135 1816 1170; x_wconf 72' lang='grc' dir='ltr'>πατρίδα.</span> 
     </span>
    </p>
   </div>
   <div class='ocr_carea' id='block_1_47' title="bbox 1023 1177 1816 1216">
    <p class='ocr_par' dir='ltr' id='par_1_47' title="bbox 1023 1177 1816 1216">
     <span class='ocr_line' id='line_1_47' title="bbox 1023 1177 1816 1216; baseline 0.004 -12"><span class='ocrx_word' id='word_1_307' title='bbox 1023 1178 1068 1205; x_wconf 85' lang='grc' dir='ltr'>διὰ</span> <span class='ocrx_word' id='word_1_308' title='bbox 1081 1178 1111 1205; x_wconf 87' lang='grc' dir='ltr'>τδ</span> <span class='ocrx_word' id='word_1_309' title='bbox 1124 1178 1274 1213; x_wconf 83' lang='grc' dir='ltr'>ἀκραιφνὲς</span> <span class='ocrx_word' id='word_1_310' title='bbox 1287 1177 1335 1204; x_wconf 83' lang='grc' dir='ltr'>τοῦ</span> <span class='ocrx_word' id='word_1_311' title='bbox 1347 1178 1416 1213; x_wconf 85' lang='grc' dir='ltr'>βίου,</span> <span class='ocrx_word' id='word_1_312' title='bbox 1430 1179 1477 1206; x_wconf 75' lang='grc' dir='ltr'>καὶ</span> <span class='ocrx_word' id='word_1_313' title='bbox 1490 1179 1561 1206; x_wconf 84' lang='grc' dir='ltr'>κατὰ</span> <span class='ocrx_word' id='word_1_314' title='bbox 1577 1179 1643 1206; x_wconf 74' lang='grc' dir='ltr'>Θεὸν</span> <span class='ocrx_word' id='word_1_315' title='bbox 1657 1179 1749 1216; x_wconf 77' lang='grc' dir='ltr'>ζήλου,</span> <span class='ocrx_word' id='word_1_316' title='bbox 1766 1181 1816 1207; x_wconf 75' lang='grc' dir='ltr'>καὶ</span> 
     </span>
    </p>
   </div>
   <div class='ocr_carea' id='block_1_48' title="bbox 1024 1224 1815 1264">
    <p class='ocr_par' dir='ltr' id='par_1_48' title="bbox 1024 1224 1815 1264">
     <span class='ocr_line' id='line_1_48' title="bbox 1024 1224 1815 1264; baseline 0.003 -13"><span class='ocrx_word' id='word_1_317' title='bbox 1024 1224 1141 1256; x_wconf 86' lang='grc' dir='ltr'>πίστεως</span> <span class='ocrx_word' id='word_1_318' title='bbox 1151 1233 1157 1239; x_wconf 93' lang='grc'><strong>·</strong></span> <span class='ocrx_word' id='word_1_319' title='bbox 1178 1224 1218 1256; x_wconf 81' lang='grc' dir='ltr'><strong>ὃς,</strong></span> <span class='ocrx_word' id='word_1_320' title='bbox 1228 1224 1356 1257; x_wconf 85' lang='grc' dir='ltr'><strong>πολλάκις</strong></span> <span class='ocrx_word' id='word_1_321' title='bbox 1371 1225 1506 1264; x_wconf 83' lang='grc' dir='ltr'>θεώμενος</span> <span class='ocrx_word' id='word_1_322' title='bbox 1518 1225 1552 1252; x_wconf 81' lang='grc' dir='ltr'><strong>τὰ</strong></span> <span class='ocrx_word' id='word_1_323' title='bbox 1571 1226 1600 1252; x_wconf 80' lang='grc' dir='ltr'>ὲν</span> <span class='ocrx_word' id='word_1_324' title='bbox 1614 1227 1676 1257; x_wconf 84' lang='grc' dir='ltr'>ταῖς</span> <span class='ocrx_word' id='word_1_325' title='bbox 1695 1225 1815 1261; x_wconf 81' lang='grc' dir='ltr'>Ἐκκλη-</span> 
     </span>
    </p>
   </div>
   <div class='ocr_carea' id='block_1_49' title="bbox 1025 1270 1816 1306">
    <p class='ocr_par' dir='ltr' id='par_1_49' title="bbox 1025 1270 1816 1306">
     <span class='ocr_line' id='line_1_49' title="bbox 1025 1270 1816 1306; baseline 0.001 -10"><span class='ocrx_word' id='word_1_326' title='bbox 1025 1270 1095 1302; x_wconf 87' lang='grc' dir='ltr'>σίαις</span> <span class='ocrx_word' id='word_1_327' title='bbox 1121 1270 1329 1305; x_wconf 66' lang='grc' dir='ltr'>γενόμενα,¹εῐς</span> <span class='ocrx_word' id='word_1_328' title='bbox 1360 1270 1505 1306; x_wconf 80' lang='grc' dir='ltr'>πρόσωπον</span> <span class='ocrx_word' id='word_1_329' title='bbox 1532 1271 1690 1299; x_wconf 78' lang='grc' dir='ltr'>ἐπισκόπων</span> <span class='ocrx_word' id='word_1_330' title='bbox 1717 1279 1748 1298; x_wconf 85' lang='grc' dir='ltr'><strong>τε</strong></span> <span class='ocrx_word' id='word_1_331' title='bbox 1767 1271 1816 1298; x_wconf 68' lang='grc' dir='ltr'>και</span> 
     </span>
    </p>
   </div>
   <div class='ocr_carea' id='block_1_50' title="bbox 991 1315 1814 1353">
    <p class='ocr_par' dir='ltr' id='par_1_50' title="bbox 991 1315 1814 1353">
     <span class='ocr_line' id='line_1_50' title="bbox 991 1315 1814 1353; baseline 0.001 -11"><span class='ocrx_word' id='word_1_332' title='bbox 991 1315 1216 1353; x_wconf 77' lang='grc' dir='ltr'>Βπρεσὸυτέρων</span> <span class='ocrx_word' id='word_1_333' title='bbox 1247 1315 1413 1349; x_wconf 74' lang='grc' dir='ltr'>ἐλεγκτικῶς</span> <span class='ocrx_word' id='word_1_334' title='bbox 1444 1316 1577 1343; x_wconf 84' lang='grc' dir='ltr'>ἀντετίθει</span> <span class='ocrx_word' id='word_1_335' title='bbox 1603 1318 1658 1349; x_wconf 85' lang='grc' dir='ltr'>τοῖς</span> <span class='ocrx_word' id='word_1_336' title='bbox 1679 1316 1814 1349; x_wconf 80' lang='grc' dir='ltr'>τοιούτοις</span> 
     </span>
    </p>
   </div>
   <div class='ocr_carea' id='block_1_51' title="bbox 1024 1360 1815 1397">
    <p class='ocr_par' dir='ltr' id='par_1_51' title="bbox 1024 1360 1815 1397">
     <span class='ocr_line' id='line_1_51' title="bbox 1024 1360 1815 1397; baseline 0.001 -10"><span class='ocrx_word' id='word_1_337' title='bbox 1024 1361 1126 1395; x_wconf 85' lang='grc' dir='ltr'>λέγων·</span> <span class='ocrx_word' id='word_1_338' title='bbox 1141 1361 1177 1388; x_wconf 84' lang='grc' dir='ltr'><strong>Οὐ</strong></span> <span class='ocrx_word' id='word_1_339' title='bbox 1188 1361 1241 1397; x_wconf 81' lang='grc' dir='ltr'>χρὴ</span> <span class='ocrx_word' id='word_1_340' title='bbox 1259 1360 1347 1389; x_wconf 83' lang='grc' dir='ltr'>ταῦτα</span> <span class='ocrx_word' id='word_1_341' title='bbox 1375 1360 1461 1393; x_wconf 80' lang='grc' dir='ltr'>οὕτως</span> <span class='ocrx_word' id='word_1_342' title='bbox 1477 1360 1619 1396; x_wconf 79' lang='grc' dir='ltr'>γενέσθαι”</span> <span class='ocrx_word' id='word_1_343' title='bbox 1642 1361 1691 1389; x_wconf 80' lang='grc' dir='ltr'>οὒκ</span> <span class='ocrx_word' id='word_1_344' title='bbox 1712 1362 1815 1396; x_wconf 82' lang='grc' dir='ltr'>ὀφείλει</span> 
     </span>
    </p>
   </div>
   <div class='ocr_carea' id='block_1_52' title="bbox 1024 1407 1815 1443">
    <p class='ocr_par' dir='ltr' id='par_1_52' title="bbox 1024 1407 1815 1443">
     <span class='ocr_line' id='line_1_52' title="bbox 1024 1407 1815 1443; baseline 0.003 -10"><span class='ocrx_word' id='word_1_345' title='bbox 1024 1407 1110 1434; x_wconf 82' lang='grc' dir='ltr'>ταῦτα</span> <span class='ocrx_word' id='word_1_346' title='bbox 1135 1407 1220 1439; x_wconf 78' lang='grc' dir='ltr'>οὕτως</span> <span class='ocrx_word' id='word_1_347' title='bbox 1251 1407 1434 1443; x_wconf 83' lang='grc' dir='ltr'>πράττεσθαι·</span> <span class='ocrx_word' id='word_1_348' title='bbox 1459 1407 1496 1439; x_wconf 87' lang='grc' dir='ltr'>ὡς</span> <span class='ocrx_word' id='word_1_349' title='bbox 1513 1407 1582 1443; x_wconf 83' lang='grc' dir='ltr'>ἀνὴρ</span> <span class='ocrx_word' id='word_1_350' title='bbox 1601 1407 1752 1443; x_wconf 80' lang='grc' dir='ltr'>ἀληθεύων,</span> <span class='ocrx_word' id='word_1_351' title='bbox 1767 1408 1815 1435; x_wconf 78' lang='grc' dir='ltr'>καὶ</span> 
     </span>
    </p>
   </div>
   <div class='ocr_carea' id='block_1_53' title="bbox 1023 1451 1814 1489">
    <p class='ocr_par' dir='ltr' id='par_1_53' title="bbox 1023 1451 1814 1489">
     <span class='ocr_line' id='line_1_53' title="bbox 1023 1451 1814 1489; baseline 0.004 -11"><span class='ocrx_word' id='word_1_352' title='bbox 1023 1453 1102 1478; x_wconf 82' lang='grc' dir='ltr'>ὁποῖα</span> <span class='ocrx_word' id='word_1_353' title='bbox 1124 1452 1196 1487; x_wconf 82' lang='grc' dir='ltr'>φιλεῖ</span> <span class='ocrx_word' id='word_1_354' title='bbox 1212 1452 1265 1479; x_wconf 75' lang='grc' dir='ltr'>ὑπὸ</span> <span class='ocrx_word' id='word_1_355' title='bbox 1281 1452 1335 1479; x_wconf 84' lang='grc' dir='ltr'><strong>τῶν</strong></span> <span class='ocrx_word' id='word_1_356' title='bbox 1350 1451 1504 1488; x_wconf 83' lang='grc' dir='ltr'>φιλαλήθως</span> <span class='ocrx_word' id='word_1_357' title='bbox 1514 1453 1814 1489; x_wconf 82' lang='grc' dir='ltr'>ὲλευθεροστομούντων</span> 
     </span>
    </p>
   </div>
   <div class='ocr_carea' id='block_1_54' title="bbox 1023 1497 1811 1533">
    <p class='ocr_par' dir='ltr' id='par_1_54' title="bbox 1023 1497 1811 1533">
     <span class='ocr_line' id='line_1_54' title="bbox 1023 1497 1811 1533; baseline 0.003 -9"><span class='ocrx_word' id='word_1_358' title='bbox 1023 1497 1138 1533; x_wconf 82' lang='grc' dir='ltr'>ἀνδρῶν,</span> <span class='ocrx_word' id='word_1_359' title='bbox 1165 1497 1218 1524; x_wconf 89' lang='grc' dir='ltr'><strong>τῶν</strong></span> <span class='ocrx_word' id='word_1_360' title='bbox 1250 1497 1366 1533; x_wconf 84' lang='grc' dir='ltr'>μάλιστα</span> <span class='ocrx_word' id='word_1_361' title='bbox 1386 1497 1432 1524; x_wconf 79' lang='grc' dir='ltr'><strong>τὸν</strong></span> <span class='ocrx_word' id='word_1_362' title='bbox 1447 1497 1503 1533; x_wconf 87' lang='grc' dir='ltr'>βίον</span> <span class='ocrx_word' id='word_1_363' title='bbox 1522 1498 1659 1533; x_wconf 82' lang='grc' dir='ltr'>ἀκρότατα</span> <span class='ocrx_word' id='word_1_364' title='bbox 1672 1498 1811 1533; x_wconf 81' lang='grc' dir='ltr'>βιούντων.</span> 
     </span>
    </p>
   </div>
   <div class='ocr_carea' id='block_1_55' title="bbox 1024 1541 1812 1579">
    <p class='ocr_par' dir='ltr' id='par_1_55' title="bbox 1024 1541 1812 1579">
     <span class='ocr_line' id='line_1_55' title="bbox 1024 1541 1812 1579; baseline 0.003 -11"><span class='ocrx_word' id='word_1_365' title='bbox 1024 1542 1069 1568; x_wconf 85' lang='grc' dir='ltr'>Διὺ</span> <span class='ocrx_word' id='word_1_366' title='bbox 1081 1542 1193 1568; x_wconf 85' lang='grc' dir='ltr'>τοιαῦτα</span> <span class='ocrx_word' id='word_1_367' title='bbox 1206 1542 1288 1578; x_wconf 83' lang='grc' dir='ltr'>ὁρῶν,</span> <span class='ocrx_word' id='word_1_368' title='bbox 1303 1541 1341 1575; x_wconf 82' lang='grc' dir='ltr'>ὡς</span> <span class='ocrx_word' id='word_1_369' title='bbox 1355 1543 1496 1578; x_wconf 78' lang='grc' dir='ltr'>προεῖπον,</span> <span class='ocrx_word' id='word_1_370' title='bbox 1509 1543 1538 1570; x_wconf 78' lang='grc' dir='ltr'>ἐν</span> <span class='ocrx_word' id='word_1_371' title='bbox 1551 1543 1611 1574; x_wconf 82' lang='grc' dir='ltr'>ταῖς</span> <span class='ocrx_word' id='word_1_372' title='bbox 1628 1543 1812 1579; x_wconf 77' lang='grc' dir='ltr'>Ἐκκλησίαις,</span> 
     </span>
    </p>
   </div>
   <div class='ocr_carea' id='block_1_56' title="bbox 1022 1586 1811 1623">
    <p class='ocr_par' dir='ltr' id='par_1_56' title="bbox 1022 1586 1811 1623">
     <span class='ocr_line' id='line_1_56' title="bbox 1022 1586 1811 1623; baseline 0.004 -10"><span class='ocrx_word' id='word_1_373' title='bbox 1022 1586 1113 1614; x_wconf 78' lang='grc' dir='ltr'>λαλεῖν</span> <span class='ocrx_word' id='word_1_374' title='bbox 1139 1587 1309 1622; x_wconf 74' lang='grc' dir='ltr'>ἠναγκάζετο</span> <span class='ocrx_word' id='word_1_375' title='bbox 1336 1588 1403 1623; x_wconf 70' lang='grc' dir='ltr'>πρὸς</span> <span class='ocrx_word' id='word_1_376' title='bbox 1429 1588 1548 1623; x_wconf 73' lang='grc' dir='ltr'>ἔλεγχον,</span> <span class='ocrx_word' id='word_1_377' title='bbox 1567 1590 1615 1616; x_wconf 78' lang='grc' dir='ltr'>καὶ</span> <span class='ocrx_word' id='word_1_378' title='bbox 1631 1590 1680 1616; x_wconf 84' lang='grc' dir='ltr'>οὐκ</span> <span class='ocrx_word' id='word_1_379' title='bbox 1695 1589 1811 1616; x_wconf 79' lang='grc' dir='ltr'>ἐσιώπα.</span> 
     </span>
    </p>
   </div>
   <div class='ocr_carea' id='block_1_57' title="bbox 1023 1630 1810 1670">
    <p class='ocr_par' dir='ltr' id='par_1_57' title="bbox 1023 1630 1810 1670">
     <span class='ocr_line' id='line_1_57' title="bbox 1023 1630 1810 1670; baseline 0.003 -12"><span class='ocrx_word' id='word_1_380' title='bbox 1023 1632 1057 1659; x_wconf 77' lang='grc' dir='ltr'><strong>Εἴ</strong></span> <span class='ocrx_word' id='word_1_381' title='bbox 1070 1640 1131 1658; x_wconf 86' lang='grc' dir='ltr'>τινα</span> <span class='ocrx_word' id='word_1_382' title='bbox 1156 1633 1210 1668; x_wconf 83' lang='grc' dir='ltr'><strong>γὰρ</strong></span> <span class='ocrx_word' id='word_1_383' title='bbox 1222 1630 1275 1659; x_wconf 75' lang='grc' dir='ltr'>εἶδε</span> <span class='ocrx_word' id='word_1_384' title='bbox 1288 1632 1342 1659; x_wconf 87' lang='grc' dir='ltr'><strong>τῶν</strong></span> <span class='ocrx_word' id='word_1_385' title='bbox 1355 1632 1628 1668; x_wconf 84' lang='grc' dir='ltr'>φιλοχρηματούντων</span> <span class='ocrx_word' id='word_1_386' title='bbox 1636 1633 1683 1660; x_wconf 81' lang='grc' dir='ltr'>τοῦ</span> <span class='ocrx_word' id='word_1_387' title='bbox 1697 1634 1810 1670; x_wconf 88' lang='grc' dir='ltr'>κλήρου,</span> 
     </span>
    </p>
   </div>
   <div class='ocr_carea' id='block_1_58' title="bbox 1023 1677 1810 1715">
    <p class='ocr_par' dir='ltr' id='par_1_58' title="bbox 1023 1677 1810 1715">
     <span class='ocr_line' id='line_1_58' title="bbox 1023 1677 1810 1715; baseline 0.004 -12"><span class='ocrx_word' id='word_1_388' title='bbox 1023 1677 1039 1713; x_wconf 83' lang='grc' dir='ltr'>ἦ</span> <span class='ocrx_word' id='word_1_389' title='bbox 1059 1677 1217 1710; x_wconf 74' lang='grc' dir='ltr'>ἐπίσκοπον,</span> <span class='ocrx_word' id='word_1_390' title='bbox 1235 1678 1251 1713; x_wconf 86' lang='grc' dir='ltr'>ἢ</span> <span class='ocrx_word' id='word_1_391' title='bbox 1269 1677 1464 1714; x_wconf 80' lang='grc' dir='ltr'>πρεσϐύτερον,</span> <span class='ocrx_word' id='word_1_392' title='bbox 1482 1678 1498 1714; x_wconf 79' lang='grc' dir='ltr'>ἦ</span> <span class='ocrx_word' id='word_1_393' title='bbox 1514 1679 1607 1715; x_wconf 72' lang='grc' dir='ltr'>ἔτερόν</span> <span class='ocrx_word' id='word_1_394' title='bbox 1621 1688 1682 1706; x_wconf 79' lang='grc' dir='ltr'>τινα</span> <span class='ocrx_word' id='word_1_395' title='bbox 1700 1679 1748 1706; x_wconf 81' lang='grc' dir='ltr'><strong>τοῦ</strong></span> <span class='ocrx_word' id='word_1_396' title='bbox 1764 1689 1810 1706; x_wconf 83' lang='grc' dir='ltr'>κα-</span> 
     </span>
    </p>
   </div>
   <div class='ocr_carea' id='block_1_59' title="bbox 1024 1723 1812 1761">
    <p class='ocr_par' dir='ltr' id='par_1_59' title="bbox 1024 1723 1812 1761">
     <span class='ocr_line' id='line_1_59' title="bbox 1024 1723 1812 1761; baseline 0.003 -12"><span class='ocrx_word' id='word_1_397' title='bbox 1024 1723 1107 1755; x_wconf 86' lang='grc' dir='ltr'>νόνος,</span> <span class='ocrx_word' id='word_1_398' title='bbox 1120 1723 1228 1755; x_wconf 83' lang='grc' dir='ltr'>πάντως</span> <span class='ocrx_word' id='word_1_399' title='bbox 1242 1723 1401 1758; x_wconf 77' lang='grc' dir='ltr'>ἐφθέγγετο.</span> <span class='ocrx_word' id='word_1_400' title='bbox 1418 1724 1472 1750; x_wconf 77' lang='grc' dir='ltr'><strong>Καὶ</strong></span> <span class='ocrx_word' id='word_1_401' title='bbox 1486 1725 1510 1750; x_wconf 73' lang='grc' dir='ltr'>εξ</span> <span class='ocrx_word' id='word_1_402' title='bbox 1525 1723 1597 1760; x_wconf 80' lang='grc' dir='ltr'>ἑώρα</span> <span class='ocrx_word' id='word_1_403' title='bbox 1607 1724 1667 1751; x_wconf 74' lang='grc' dir='ltr'>τινὰ</span> <span class='ocrx_word' id='word_1_404' title='bbox 1684 1726 1713 1751; x_wconf 83' lang='grc' dir='ltr'>ὲν</span> <span class='ocrx_word' id='word_1_405' title='bbox 1723 1726 1812 1761; x_wconf 81' lang='grc' dir='ltr'>τρυφῇ</span> 
     </span>
    </p>
   </div>
   <div class='ocr_carea' id='block_1_60' title="bbox 1024 1768 1813 1806">
    <p class='ocr_par' dir='ltr' id='par_1_60' title="bbox 1024 1768 1813 1806">
     <span class='ocr_line' id='line_1_60' title="bbox 1024 1768 1813 1806; baseline 0.004 -12"><span class='ocrx_word' id='word_1_406' title='bbox 1024 1768 1070 1794; x_wconf 75' lang='grc' dir='ltr'>καὶ</span> <span class='ocrx_word' id='word_1_407' title='bbox 1086 1769 1220 1805; x_wconf 82' lang='grc' dir='ltr'>σπατάλῃ,</span> <span class='ocrx_word' id='word_1_408' title='bbox 1235 1769 1252 1804; x_wconf 77' lang='grc' dir='ltr'><strong>ἡ</strong></span> <span class='ocrx_word' id='word_1_409' title='bbox 1269 1777 1329 1795; x_wconf 87' lang='grc' dir='ltr'>τινα</span> <span class='ocrx_word' id='word_1_410' title='bbox 1347 1769 1588 1805; x_wconf 78' lang='grc' dir='ltr'>παραχαράττοντα</span> <span class='ocrx_word' id='word_1_411' title='bbox 1608 1770 1642 1797; x_wconf 74' lang='grc' dir='ltr'><strong>τὰ</strong></span> <span class='ocrx_word' id='word_1_412' title='bbox 1657 1771 1686 1797; x_wconf 84' lang='grc' dir='ltr'>ὲν</span> <span class='ocrx_word' id='word_1_413' title='bbox 1706 1769 1746 1806; x_wconf 85' lang='grc' dir='ltr'>τῷ</span> <span class='ocrx_word' id='word_1_414' title='bbox 1767 1771 1813 1797; x_wconf 77' lang='grc' dir='ltr'><strong>ὲκ-</strong></span> 
     </span>
    </p>
   </div>
   <div class='ocr_carea' id='block_1_61' title="bbox 1024 1814 1811 1851">
    <p class='ocr_par' dir='ltr' id='par_1_61' title="bbox 1024 1814 1811 1851">
     <span class='ocr_line' id='line_1_61' title="bbox 1024 1814 1811 1851; baseline 0.004 -11"><span class='ocrx_word' id='word_1_415' title='bbox 1024 1814 1207 1850; x_wconf 83' lang='grc' dir='ltr'>κλησιαστικῷ</span> <span class='ocrx_word' id='word_1_416' title='bbox 1230 1815 1385 1850; x_wconf 58' lang='grc' dir='ltr'>(ηρύγματι</span> <span class='ocrx_word' id='word_1_417' title='bbox 1402 1815 1448 1841; x_wconf 79' lang='grc' dir='ltr'>καὶ</span> <span class='ocrx_word' id='word_1_418' title='bbox 1464 1815 1557 1851; x_wconf 79' lang='grc' dir='ltr'>θεσμῷ</span> <span class='ocrx_word' id='word_1_419' title='bbox 1568 1815 1617 1851; x_wconf 81' lang='grc' dir='ltr'>τῆς</span> <span class='ocrx_word' id='word_1_420' title='bbox 1639 1815 1811 1851; x_wconf 84' lang='grc' dir='ltr'>Ἐκκλησίας,</span> 
     </span>
    </p>
   </div>
   <div class='ocr_carea' id='block_1_62' title="bbox 1025 1859 1810 1897">
    <p class='ocr_par' dir='ltr' id='par_1_62' title="bbox 1025 1859 1810 1897">
     <span class='ocr_line' id='line_1_62' title="bbox 1025 1859 1810 1897; baseline 0.004 -12"><span class='ocrx_word' id='word_1_421' title='bbox 1025 1859 1062 1894; x_wconf 83' lang='grc' dir='ltr'>μὴ</span> <span class='ocrx_word' id='word_1_422' title='bbox 1077 1860 1166 1895; x_wconf 86' lang='grc' dir='ltr'>φέρων</span> <span class='ocrx_word' id='word_1_423' title='bbox 1191 1861 1205 1886; x_wconf 86' lang='grc' dir='ltr'><strong>ό</strong></span> <span class='ocrx_word' id='word_1_424' title='bbox 1216 1860 1296 1895; x_wconf 80' lang='grc' dir='ltr'>ἀνὴρ,</span> <span class='ocrx_word' id='word_1_425' title='bbox 1313 1860 1504 1895; x_wconf 80' lang='grc' dir='ltr'>προεϐάλλετο,</span> <span class='ocrx_word' id='word_1_426' title='bbox 1516 1861 1553 1893; x_wconf 85' lang='grc' dir='ltr'>ὡς</span> <span class='ocrx_word' id='word_1_427' title='bbox 1569 1862 1646 1897; x_wconf 76' lang='grc' dir='ltr'>ἔφην,</span> <span class='ocrx_word' id='word_1_428' title='bbox 1661 1862 1706 1889; x_wconf 79' lang='grc' dir='ltr'>τὸν</span> <span class='ocrx_word' id='word_1_429' title='bbox 1721 1862 1810 1895; x_wconf 90' lang='grc' dir='ltr'>λόγον.</span> 
     </span>
    </p>
   </div>
   <div class='ocr_carea' id='block_1_63' title="bbox 1023 1901 1814 1942">
    <p class='ocr_par' dir='ltr' id='par_1_63' title="bbox 1023 1901 1814 1942">
     <span class='ocr_line' id='line_1_63' title="bbox 1023 1901 1814 1942; baseline 0.005 -13"><span class='ocrx_word' id='word_1_430' title='bbox 1023 1903 1078 1930; x_wconf 79' lang='grc' dir='ltr'><strong>Καὶ</strong></span> <span class='ocrx_word' id='word_1_431' title='bbox 1090 1901 1123 1939; x_wconf 82' lang='grc' dir='ltr'>ἦν</span> <span class='ocrx_word' id='word_1_432' title='bbox 1140 1903 1219 1930; x_wconf 80' lang='grc' dir='ltr'>τοῦτο</span> <span class='ocrx_word' id='word_1_433' title='bbox 1228 1906 1284 1936; x_wconf 79' lang='grc' dir='ltr'>τοῖς</span> <span class='ocrx_word' id='word_1_434' title='bbox 1298 1905 1335 1941; x_wconf 87' lang='grc' dir='ltr'>μὴ</span> <span class='ocrx_word' id='word_1_435' title='bbox 1348 1906 1395 1932; x_wconf 83' lang='grc' dir='ltr'>τὸν</span> <span class='ocrx_word' id='word_1_436' title='bbox 1420 1905 1477 1940; x_wconf 87' lang='grc' dir='ltr'>βίον</span> <span class='ocrx_word' id='word_1_437' title='bbox 1497 1905 1725 1941; x_wconf 83' lang='grc' dir='ltr'>δεδοκιμασμένον</span> <span class='ocrx_word' id='word_1_438' title='bbox 1739 1906 1814 1942; x_wconf 77' lang='grc' dir='ltr'>ἔχου-</span> 
     </span>
    </p>
   </div>
   <div class='ocr_carea' id='block_1_64' title="bbox 1024 1948 1812 1985">
    <p class='ocr_par' dir='ltr' id='par_1_64' title="bbox 1024 1948 1812 1985">
     <span class='ocr_line' id='line_1_64' title="bbox 1024 1948 1812 1985; baseline 0.005 -11"><span class='ocrx_word' id='word_1_439' title='bbox 1024 1957 1066 1975; x_wconf 90' lang='grc' dir='ltr'><strong>σιν</strong></span> <span class='ocrx_word' id='word_1_440' title='bbox 1082 1948 1209 1984; x_wconf 81' lang='grc' dir='ltr'>ἐπαχθές.</span> <span class='ocrx_word' id='word_1_441' title='bbox 1229 1949 1371 1985; x_wconf 78' lang='grc' dir='ltr'>’Υϐρὶζετο</span> <span class='ocrx_word' id='word_1_442' title='bbox 1391 1951 1419 1978; x_wconf 79' lang='grc' dir='ltr'><strong>δὲ</strong></span> <span class='ocrx_word' id='word_1_443' title='bbox 1442 1951 1534 1978; x_wconf 77' lang='grc' dir='ltr'>ἕνεκεν</span> <span class='ocrx_word' id='word_1_444' title='bbox 1549 1951 1654 1984; x_wconf 79' lang='grc' dir='ltr'>τούτου,</span> <span class='ocrx_word' id='word_1_445' title='bbox 1672 1952 1719 1978; x_wconf 76' lang='grc' dir='ltr'>καὶ</span> <span class='ocrx_word' id='word_1_446' title='bbox 1732 1952 1812 1979; x_wconf 79' lang='grc' dir='ltr'>ἀντε-</span> 
     </span>
    </p>
   </div>
   <div class='ocr_carea' id='block_1_65' title="bbox 186 1981 971 2032">
    <p class='ocr_par' dir='ltr' id='par_1_65' title="bbox 186 1981 970 2019">
     <span class='ocr_line' id='line_1_65' title="bbox 186 1981 970 2019; baseline 0.001 -8"><span class='ocrx_word' id='word_1_447' title='bbox 186 1985 290 2015; x_wconf 82' lang='lat' dir='ltr'><strong>lluerel,</strong></span> <span class='ocrx_word' id='word_1_448' title='bbox 307 1981 364 2011; x_wconf 76' lang='lat' dir='ltr'><strong>sive</strong></span> <span class='ocrx_word' id='word_1_449' title='bbox 381 1982 461 2010; x_wconf 89' lang='lat' dir='ltr'><strong>ullam</strong></span> <span class='ocrx_word' id='word_1_450' title='bbox 480 1983 656 2011; x_wconf 84' lang='lat' dir='ltr'><strong>ecclesiastici</strong></span> <span class='ocrx_word' id='word_1_451' title='bbox 670 1984 806 2019; x_wconf 78' lang='lat' dir='ltr'><strong>dogmatis</strong></span> <span class='ocrx_word' id='word_1_452' title='bbox 817 2005 824 2014; x_wconf 84' lang='lat'><strong>.</strong></span> <span class='ocrx_word' id='word_1_453' title='bbox 841 1992 873 2012; x_wconf 89' lang='lat' dir='ltr'><strong>ac</strong></span> <span class='ocrx_word' id='word_1_454' title='bbox 886 1985 970 2012; x_wconf 90' lang='lat' dir='ltr'><strong>disci-</strong></span> 
     </span>
    </p>
   </div>
   <div class='ocr_carea' id='block_1_66' title="bbox 1024 1981 1812 2032">
    <p class='ocr_par' dir='ltr' id='par_1_66' title="bbox 1024 1981 1812 2032">
     <span class='ocr_line' id='line_1_66' title="bbox 1024 1981 1812 2032; baseline 0.006 -13"><span class='ocrx_word' id='word_1_455' title='bbox 1024 1993 1126 2027; x_wconf 80' lang='grc' dir='ltr'>λέγετο,</span> <span class='ocrx_word' id='word_1_456' title='bbox 1137 1981 1270 2030; x_wconf 59' lang='grc' dir='ltr'>ξμισεῖτο,</span> <span class='ocrx_word' id='word_1_457' title='bbox 1282 1981 1367 2032; x_wconf 50' lang='grc' dir='ltr'>’ἔφερε</span> <span class='ocrx_word' id='word_1_458' title='bbox 1380 1995 1609 2032; x_wconf 76' lang='grc' dir='ltr'>κλυδωνιζόμενος</span> <span class='ocrx_word' id='word_1_459' title='bbox 1619 1981 1652 2023; x_wconf 39' lang='grc' dir='ltr'>τε,</span> <span class='ocrx_word' id='word_1_460' title='bbox 1665 1997 1712 2024; x_wconf 75' lang='grc' dir='ltr'><strong>καὶ</strong></span> <span class='ocrx_word' id='word_1_461' title='bbox 1726 1997 1812 2024; x_wconf 85' lang='grc' dir='ltr'>ὠθού-</span> 
     </span>
    </p>
   </div>
   <div class='ocr_carea' id='block_1_67' title="bbox 186 2028 971 2077">
    <p class='ocr_par' dir='ltr' id='par_1_67' title="bbox 186 2028 970 2064">
     <span class='ocr_line' id='line_1_67' title="bbox 186 2028 970 2064; baseline 0.005 -10"><span class='ocrx_word' id='word_1_462' title='bbox 186 2029 266 2064; x_wconf 74' lang='grc' dir='ltr'>ριίιιεε</span> <span class='ocrx_word' id='word_1_463' title='bbox 294 2032 398 2063; x_wconf 84' lang='lat' dir='ltr'><strong>partem</strong></span> <span class='ocrx_word' id='word_1_464' title='bbox 423 2028 600 2056; x_wconf 86' lang='lat' dir='ltr'><strong>aduiterando</strong></span> <span class='ocrx_word' id='word_1_465' title='bbox 627 2034 834 2064; x_wconf 89' lang='lat' dir='ltr'><strong>corrumperet,</strong></span> <span class='ocrx_word' id='word_1_466' title='bbox 859 2030 970 2064; x_wconf 83' lang='lat' dir='ltr'><strong>patienti</strong></span> 
     </span>
    </p>
   </div>
   <div class='ocr_carea' id='block_1_68' title="bbox 1024 2028 1812 2077">
    <p class='ocr_par' dir='ltr' id='par_1_68' title="bbox 1024 2028 1812 2077">
     <span class='ocr_line' id='line_1_68' title="bbox 1024 2028 1812 2077; baseline 0.005 -13"><span class='ocrx_word' id='word_1_467' title='bbox 1024 2047 1113 2072; x_wconf 82' lang='grc' dir='ltr'>μενος,</span> <span class='ocrx_word' id='word_1_468' title='bbox 1131 2028 1176 2065; x_wconf 78' lang='grc' dir='ltr'>καὶ</span> <span class='ocrx_word' id='word_1_469' title='bbox 1195 2028 1403 2076; x_wconf 75' lang='grc' dir='ltr'>ἀτιμαζόμενος,</span> <span class='ocrx_word' id='word_1_470' title='bbox 1417 2041 1469 2073; x_wconf 73' lang='grc' dir='ltr'>ἕως</span> <span class='ocrx_word' id='word_1_471' title='bbox 1484 2028 1579 2077; x_wconf 77' lang='grc' dir='ltr'>χρόνον</span> <span class='ocrx_word' id='word_1_472' title='bbox 1601 2041 1693 2068; x_wconf 84' lang='grc' dir='ltr'>ικανοῦ</span> <span class='ocrx_word' id='word_1_473' title='bbox 1708 2042 1737 2068; x_wconf 81' lang='grc' dir='ltr'>ὲν</span> <span class='ocrx_word' id='word_1_474' title='bbox 1751 2042 1812 2074; x_wconf 78' lang='grc' dir='ltr'>ταῖς</span> 
     </span>
    </p>
   </div>
   <div class='ocr_carea' id='block_1_69' title="bbox 186 2073 972 2113">
    <p class='ocr_par' dir='ltr' id='par_1_69' title="bbox 186 2073 972 2113">
     <span class='ocr_line' id='line_1_69' title="bbox 186 2073 972 2113; baseline 0.001 -10"><span class='ocrx_word' id='word_1_475' title='bbox 186 2082 358 2111; x_wconf 84' lang='lat' dir='ltr'><strong>nequaquam</strong></span> <span class='ocrx_word' id='word_1_476' title='bbox 375 2074 467 2102; x_wconf 80' lang='lat' dir='ltr'><strong>ferens</strong></span> <span class='ocrx_word' id='word_1_477' title='bbox 485 2073 696 2107; x_wconf 87' lang='lat' dir='ltr'><strong>animo,verbis,</strong></span> <span class='ocrx_word' id='word_1_478' title='bbox 711 2076 749 2103; x_wconf 89' lang='lat' dir='ltr'><strong>uti</strong></span> <span class='ocrx_word' id='word_1_479' title='bbox 767 2075 838 2109; x_wconf 79' lang='lat' dir='ltr'><strong>dixi,</strong></span> <span class='ocrx_word' id='word_1_480' title='bbox 855 2077 972 2113; x_wconf 84' lang='lat' dir='ltr'><strong>castiga-</strong></span> 
     </span>
    </p>
   </div>
   <div class='ocr_carea' id='block_1_70' title="bbox 187 2119 971 2156">
    <p class='ocr_par' dir='ltr' id='par_1_70' title="bbox 187 2119 971 2156">
     <span class='ocr_line' id='line_1_70' title="bbox 187 2119 971 2156; baseline 0.003 -8"><span class='ocrx_word' id='word_1_481' title='bbox 187 2122 241 2148; x_wconf 85' lang='lat' dir='ltr'><strong>bat.</strong></span> <span class='ocrx_word' id='word_1_482' title='bbox 255 2120 331 2154; x_wconf 83' lang='lat' dir='ltr'><strong>Quod</strong></span> <span class='ocrx_word' id='word_1_483' title='bbox 348 2120 457 2156; x_wconf 90' lang='lat' dir='ltr'><strong>quidem</strong></span> <span class='ocrx_word' id='word_1_484' title='bbox 469 2119 653 2148; x_wconf 87' lang='lat' dir='ltr'><strong>dissolutioris</strong></span> <span class='ocrx_word' id='word_1_485' title='bbox 666 2121 727 2148; x_wconf 61' lang='lat' dir='ltr'><strong>vitae</strong></span> <span class='ocrx_word' id='word_1_486' title='bbox 745 2121 901 2150; x_wconf 85' lang='lat' dir='ltr'><strong>hominibus</strong></span> <span class='ocrx_word' id='word_1_487' title='bbox 917 2129 971 2150; x_wconf 85' lang='lat' dir='ltr'><strong>mo-</strong></span> 
     </span>
    </p>
   </div>
   <div class='ocr_carea' id='block_1_71' title="bbox 186 2166 970 2202">
    <p class='ocr_par' dir='ltr' id='par_1_71' title="bbox 186 2166 970 2202">
     <span class='ocr_line' id='line_1_71' title="bbox 186 2166 970 2202; baseline 0 -6"><span class='ocrx_word' id='word_1_488' title='bbox 186 2169 282 2196; x_wconf 85' lang='lat' dir='ltr'><strong>lestum</strong></span> <span class='ocrx_word' id='word_1_489' title='bbox 300 2172 358 2194; x_wconf 85' lang='lat' dir='ltr'><strong>erat</strong></span> <span class='ocrx_word' id='word_1_490' title='bbox 371 2186 378 2199; x_wconf 90' lang='lat'><strong>,</strong></span> <span class='ocrx_word' id='word_1_491' title='bbox 396 2166 467 2194; x_wconf 85' lang='lat' dir='ltr'><strong>unde</strong></span> <span class='ocrx_word' id='word_1_492' title='bbox 485 2167 618 2194; x_wconf 83' lang='lat' dir='ltr'><strong>maximas</strong></span> <span class='ocrx_word' id='word_1_493' title='bbox 633 2170 775 2202; x_wconf 83' lang='lat' dir='ltr'><strong>propterea</strong></span> <span class='ocrx_word' id='word_1_494' title='bbox 789 2168 970 2197; x_wconf 86' lang='lat' dir='ltr'><strong>contumelias</strong></span> 
     </span>
    </p>
   </div>
   <div class='ocr_carea' id='block_1_72' title="bbox 185 2212 971 2250">
    <p class='ocr_par' dir='ltr' id='par_1_72' title="bbox 185 2212 971 2250">
     <span class='ocr_line' id='line_1_72' title="bbox 185 2212 971 2250; baseline 0 -8"><span class='ocrx_word' id='word_1_495' title='bbox 185 2214 326 2246; x_wconf 80' lang='lat' dir='ltr'><strong>sustinuit,</strong></span> <span class='ocrx_word' id='word_1_496' title='bbox 343 2212 449 2241; x_wconf 79' lang='lat' dir='ltr'><strong>infestis</strong></span> <span class='ocrx_word' id='word_1_497' title='bbox 462 2213 583 2240; x_wconf 91' lang='lat' dir='ltr'><strong>omnium</strong></span> <span class='ocrx_word' id='word_1_498' title='bbox 609 2213 722 2241; x_wconf 89' lang='lat' dir='ltr'><strong>vocibus</strong></span> <span class='ocrx_word' id='word_1_499' title='bbox 748 2218 774 2241; x_wconf 89' lang='lat' dir='ltr'><strong>et</strong></span> <span class='ocrx_word' id='word_1_500' title='bbox 794 2214 864 2242; x_wconf 92' lang='lat' dir='ltr'><strong>odiis</strong></span> <span class='ocrx_word' id='word_1_501' title='bbox 878 2215 971 2250; x_wconf 83' lang='lat' dir='ltr'><strong>exagi-</strong></span> 
     </span>
    </p>
   </div>
   <div class='ocr_carea' id='block_1_73' title="bbox 186 2258 970 2296">
    <p class='ocr_par' dir='ltr' id='par_1_73' title="bbox 186 2258 970 2296">
     <span class='ocr_line' id='line_1_73' title="bbox 186 2258 970 2296; baseline 0.003 -10"><span class='ocrx_word' id='word_1_502' title='bbox 186 2265 268 2287; x_wconf 91' lang='lat' dir='ltr'><strong>tatus.</strong></span> <span class='ocrx_word' id='word_1_503' title='bbox 286 2259 376 2287; x_wconf 74' lang='lat' dir='ltr'><strong>Atille</strong></span> <span class='ocrx_word' id='word_1_504' title='bbox 389 2259 509 2293; x_wconf 81' lang='lat' dir='ltr'><strong>iactatus</strong></span> <span class='ocrx_word' id='word_1_505' title='bbox 522 2259 574 2286; x_wconf 87' lang='lat' dir='ltr'><strong>hoc</strong></span> <span class='ocrx_word' id='word_1_506' title='bbox 587 2259 680 2292; x_wconf 87' lang='lat' dir='ltr'><strong>modo,</strong></span> <span class='ocrx_word' id='word_1_507' title='bbox 696 2264 723 2287; x_wconf 89' lang='lat' dir='ltr'><strong>et</strong></span> <span class='ocrx_word' id='word_1_508' title='bbox 735 2258 871 2294; x_wconf 86' lang='lat' dir='ltr'><strong>pulsatus,</strong></span> <span class='ocrx_word' id='word_1_509' title='bbox 888 2264 970 2296; x_wconf 88' lang='lat' dir='ltr'><strong>atque</strong></span> 
     </span>
    </p>
   </div>
   <div class='ocr_carea' id='block_1_74' title="bbox 185 2306 970 2344">
    <p class='ocr_par' dir='ltr' id='par_1_74' title="bbox 185 2306 970 2344">
     <span class='ocr_line' id='line_1_74' title="bbox 185 2306 970 2344; baseline 0.004 -12"><span class='ocrx_word' id='word_1_510' title='bbox 185 2306 333 2340; x_wconf 79' lang='lat' dir='ltr'><strong>ignominia</strong></span> <span class='ocrx_word' id='word_1_511' title='bbox 353 2306 484 2338; x_wconf 76' lang='lat' dir='ltr'><strong>allectus,</strong></span> <span class='ocrx_word' id='word_1_512' title='bbox 508 2313 586 2341; x_wconf 76' lang='lat' dir='ltr'><strong>aequo</strong></span> <span class='ocrx_word' id='word_1_513' title='bbox 608 2307 700 2334; x_wconf 87' lang='lat' dir='ltr'><strong>animo</strong></span> <span class='ocrx_word' id='word_1_514' title='bbox 714 2307 867 2340; x_wconf 86' lang='lat' dir='ltr'><strong>tolerabat,</strong></span> <span class='ocrx_word' id='word_1_515' title='bbox 889 2312 970 2344; x_wconf 83' lang='lat' dir='ltr'><strong>atque</strong></span> 
     </span>
    </p>
   </div>
   <div class='ocr_carea' id='block_1_75' title="bbox 185 2351 970 2388">
    <p class='ocr_par' dir='ltr' id='par_1_75' title="bbox 185 2351 970 2388">
     <span class='ocr_line' id='line_1_75' title="bbox 185 2351 970 2388; baseline 0.006 -11"><span class='ocrx_word' id='word_1_516' title='bbox 185 2351 222 2378; x_wconf 86' lang='lat' dir='ltr'><strong>ita</strong></span> <span class='ocrx_word' id='word_1_517' title='bbox 241 2351 285 2378; x_wconf 93' lang='lat' dir='ltr'><strong>diu</strong></span> <span class='ocrx_word' id='word_1_518' title='bbox 313 2352 340 2378; x_wconf 92' lang='lat' dir='ltr'><strong>in</strong></span> <span class='ocrx_word' id='word_1_519' title='bbox 363 2351 490 2379; x_wconf 62' lang='lat' dir='ltr'><strong>Ecclesia:</strong></span> <span class='ocrx_word' id='word_1_520' title='bbox 505 2353 695 2380; x_wconf 87' lang='lat' dir='ltr'><strong>communione</strong></span> <span class='ocrx_word' id='word_1_521' title='bbox 721 2353 853 2388; x_wconf 88' lang='lat' dir='ltr'><strong>perstitit,</strong></span> <span class='ocrx_word' id='word_1_522' title='bbox 883 2354 970 2382; x_wconf 87' lang='lat' dir='ltr'><strong>donec</strong></span> 
     </span>
    </p>
   </div>
   <div class='ocr_carea' id='block_1_76' title="bbox 185 2397 969 2432">
    <p class='ocr_par' dir='ltr' id='par_1_76' title="bbox 185 2397 969 2432">
     <span class='ocr_line' id='line_1_76' title="bbox 185 2397 969 2432; baseline 0.005 -9"><span class='ocrx_word' id='word_1_523' title='bbox 185 2397 369 2424; x_wconf 84' lang='lat' dir='ltr'><strong>vehementius</strong></span> <span class='ocrx_word' id='word_1_524' title='bbox 381 2397 476 2424; x_wconf 76' lang='lat' dir='ltr'><strong>offensi</strong></span> <span class='ocrx_word' id='word_1_525' title='bbox 490 2398 599 2432; x_wconf 83' lang='lat' dir='ltr'><strong>quidam</strong></span> <span class='ocrx_word' id='word_1_526' title='bbox 616 2398 651 2426; x_wconf 90' lang='lat' dir='ltr'><strong>ob</strong></span> <span class='ocrx_word' id='word_1_527' title='bbox 664 2406 711 2427; x_wconf 88' lang='lat' dir='ltr'><strong>eas</strong></span> <span class='ocrx_word' id='word_1_528' title='bbox 722 2406 820 2427; x_wconf 88' lang='lat' dir='ltr'><strong>causas</strong></span> <span class='ocrx_word' id='word_1_529' title='bbox 832 2399 969 2427; x_wconf 88' lang='lat' dir='ltr'><strong>hominem</strong></span> 
     </span>
    </p>
   </div>
   <div class='ocr_carea' id='block_1_77' title="bbox 185 2441 969 2477">
    <p class='ocr_par' dir='ltr' id='par_1_77' title="bbox 185 2441 969 2477">
     <span class='ocr_line' id='line_1_77' title="bbox 185 2441 969 2477; baseline 0.008 -10"><span class='ocrx_word' id='word_1_530' title='bbox 185 2441 338 2468; x_wconf 80' lang='lat' dir='ltr'><strong>exturbant.</strong></span> <span class='ocrx_word' id='word_1_531' title='bbox 354 2441 406 2474; x_wconf 90' lang='lat' dir='ltr'><strong>Qui</strong></span> <span class='ocrx_word' id='word_1_532' title='bbox 422 2442 600 2470; x_wconf 87' lang='lat' dir='ltr'><strong>nihilominus</strong></span> <span class='ocrx_word' id='word_1_533' title='bbox 620 2443 671 2471; x_wconf 88' lang='lat' dir='ltr'><strong>ista</strong></span> <span class='ocrx_word' id='word_1_534' title='bbox 696 2445 835 2472; x_wconf 81' lang='lat' dir='ltr'><strong>sustinens</strong></span> <span class='ocrx_word' id='word_1_535' title='bbox 846 2465 853 2477; x_wconf 91' lang='lat'><strong>,</strong></span> <span class='ocrx_word' id='word_1_536' title='bbox 873 2445 921 2473; x_wconf 84' lang='lat' dir='ltr'><strong>sed</strong></span> <span class='ocrx_word' id='word_1_537' title='bbox 935 2445 969 2473; x_wconf 82' lang='lat' dir='ltr'><strong>ad</strong></span> 
     </span>
    </p>
   </div>
   <div class='ocr_carea' id='block_1_78' title="bbox 185 2487 970 2523">
    <p class='ocr_par' dir='ltr' id='par_1_78' title="bbox 185 2487 970 2523">
     <span class='ocr_line' id='line_1_78' title="bbox 185 2487 970 2523; baseline 0.006 -9"><span class='ocrx_word' id='word_1_538' title='bbox 185 2487 325 2515; x_wconf 88' lang='lat' dir='ltr'><strong>veritatem</strong></span> <span class='ocrx_word' id='word_1_539' title='bbox 351 2487 539 2522; x_wconf 88' lang='lat' dir='ltr'><strong>perferendam</strong></span> <span class='ocrx_word' id='word_1_540' title='bbox 565 2490 657 2517; x_wconf 85' lang='lat' dir='ltr'><strong>acrius</strong></span> <span class='ocrx_word' id='word_1_541' title='bbox 682 2490 822 2523; x_wconf 84' lang='lat' dir='ltr'><strong>intentus,</strong></span> <span class='ocrx_word' id='word_1_542' title='bbox 843 2491 970 2519; x_wconf 86' lang='lat' dir='ltr'><strong>studebat</strong></span> 
     </span>
    </p>
   </div>
   <div class='ocr_carea' id='block_1_79' title="bbox 186 2533 970 2570">
    <p class='ocr_par' dir='ltr' id='par_1_79' title="bbox 186 2533 970 2570">
     <span class='ocr_line' id='line_1_79' title="bbox 186 2533 970 2570; baseline 0.006 -10"><span class='ocrx_word' id='word_1_543' title='bbox 186 2533 291 2560; x_wconf 86' lang='lat' dir='ltr'><strong>interim</strong></span> <span class='ocrx_word' id='word_1_544' title='bbox 313 2533 346 2560; x_wconf 91' lang='lat' dir='ltr'><strong>ab</strong></span> <span class='ocrx_word' id='word_1_545' title='bbox 361 2533 491 2561; x_wconf 60' lang='lat' dir='ltr'><strong>Ecclesia</strong></span> <span class='ocrx_word' id='word_1_546' title='bbox 506 2535 647 2562; x_wconf 61' lang='lat' dir='ltr'><strong>catholicae</strong></span> <span class='ocrx_word' id='word_1_547' title='bbox 661 2536 855 2570; x_wconf 87' lang='lat' dir='ltr'><strong>conjunctione</strong></span> <span class='ocrx_word' id='word_1_548' title='bbox 869 2544 901 2564; x_wconf 91' lang='lat' dir='ltr'><strong>ae</strong></span> <span class='ocrx_word' id='word_1_549' title='bbox 924 2545 970 2564; x_wconf 90' lang='lat' dir='ltr'><strong>so-</strong></span> 
     </span>
    </p>
   </div>
   <div class='ocr_carea' id='block_1_80' title="bbox 184 2578 970 2622">
    <p class='ocr_par' dir='ltr' id='par_1_80' title="bbox 184 2578 970 2622">
     <span class='ocr_line' id='line_1_80' title="bbox 184 2578 970 2622; baseline 0.008 -17"><span class='ocrx_word' id='word_1_550' title='bbox 184 2578 283 2606; x_wconf 87' lang='lat' dir='ltr'><strong>cietate</strong></span> <span class='ocrx_word' id='word_1_551' title='bbox 298 2579 409 2606; x_wconf 85' lang='lat' dir='ltr'><strong>minime</strong></span> <span class='ocrx_word' id='word_1_552' title='bbox 429 2579 532 2622; x_wconf 68' lang='lat' dir='ltr'><strong>divelli.</strong></span> <span class='ocrx_word' id='word_1_553' title='bbox 549 2580 648 2607; x_wconf 75' lang='lat' dir='ltr'><strong>Verum</strong></span> <span class='ocrx_word' id='word_1_554' title='bbox 672 2588 735 2608; x_wconf 90' lang='lat' dir='ltr'><strong>cum</strong></span> <span class='ocrx_word' id='word_1_555' title='bbox 759 2581 818 2617; x_wconf 88' lang='lat' dir='ltr'><strong>ipse</strong></span> <span class='ocrx_word' id='word_1_556' title='bbox 833 2590 895 2609; x_wconf 88' lang='lat' dir='ltr'><strong>cum</strong></span> <span class='ocrx_word' id='word_1_557' title='bbox 911 2583 970 2611; x_wconf 91' lang='lat' dir='ltr'><strong>suis</strong></span> 
     </span>
    </p>
   </div>
   <div class='ocr_carea' id='block_1_81' title="bbox 185 2625 971 2664">
    <p class='ocr_par' dir='ltr' id='par_1_81' title="bbox 185 2625 971 2664">
     <span class='ocr_line' id='line_1_81' title="bbox 185 2625 971 2664; baseline 0.005 -12"><span class='ocrx_word' id='word_1_558' title='bbox 185 2626 345 2660; x_wconf 87' lang='lat' dir='ltr'><strong>vapularet,</strong></span> <span class='ocrx_word' id='word_1_559' title='bbox 361 2629 388 2653; x_wconf 81' lang='lat' dir='ltr'><strong>et</strong></span> <span class='ocrx_word' id='word_1_560' title='bbox 403 2625 513 2662; x_wconf 85' lang='lat' dir='ltr'><strong>indigna</strong></span> <span class='ocrx_word' id='word_1_561' title='bbox 528 2630 666 2661; x_wconf 86' lang='lat' dir='ltr'><strong>pateretur</strong></span> <span class='ocrx_word' id='word_1_562' title='bbox 681 2646 688 2659; x_wconf 91' lang='lat'><strong>,</strong></span> <span class='ocrx_word' id='word_1_563' title='bbox 704 2626 747 2655; x_wconf 92' lang='lat' dir='ltr'><strong>his</strong></span> <span class='ocrx_word' id='word_1_564' title='bbox 763 2628 843 2656; x_wconf 90' lang='lat' dir='ltr'><strong>malis</strong></span> <span class='ocrx_word' id='word_1_565' title='bbox 860 2629 971 2664; x_wconf 85' lang='lat' dir='ltr'><strong>ingemi-</strong></span> 
     </span>
    </p>
   </div>
   <div class='ocr_carea' id='block_1_82' title="bbox 1028 2084 1811 2120">
    <p class='ocr_par' dir='ltr' id='par_1_82' title="bbox 1028 2084 1811 2120">
     <span class='ocr_line' id='line_1_82' title="bbox 1028 2084 1811 2120; baseline 0.004 -10"><span class='ocrx_word' id='word_1_566' title='bbox 1028 2084 1198 2119; x_wconf 84' lang='grc' dir='ltr'>Ἐκκλησίαις</span> <span class='ocrx_word' id='word_1_567' title='bbox 1227 2085 1409 2120; x_wconf 85' lang='grc' dir='ltr'>συναγόμενος</span> <span class='ocrx_word' id='word_1_568' title='bbox 1419 2094 1426 2101; x_wconf 89' lang='grc'><strong>·</strong></span> <span class='ocrx_word' id='word_1_569' title='bbox 1443 2086 1495 2118; x_wconf 75' lang='grc' dir='ltr'>ἕως</span> <span class='ocrx_word' id='word_1_570' title='bbox 1511 2086 1555 2113; x_wconf 78' lang='grc' dir='ltr'>ὅτε</span> <span class='ocrx_word' id='word_1_571' title='bbox 1572 2085 1664 2117; x_wconf 82' lang='grc' dir='ltr'>δεινῶς</span> <span class='ocrx_word' id='word_1_572' title='bbox 1680 2086 1811 2120; x_wconf 71' lang='grc' dir='ltr'>ἐνέγκαν-</span> 
     </span>
    </p>
   </div>
   <div class='ocr_carea' id='block_1_83' title="bbox 1021 2129 1810 2167">
    <p class='ocr_par' dir='ltr' id='par_1_83' title="bbox 1021 2129 1810 2167">
     <span class='ocr_line' id='line_1_83' title="bbox 1021 2129 1810 2167; baseline 0.004 -12"><span class='ocrx_word' id='word_1_573' title='bbox 1021 2129 1066 2160; x_wconf 66' lang='lat' dir='ltr'><strong>se;</strong></span> <span class='ocrx_word' id='word_1_574' title='bbox 1085 2138 1156 2161; x_wconf 86' lang='grc' dir='ltr'>τινες</span> <span class='ocrx_word' id='word_1_575' title='bbox 1169 2129 1274 2162; x_wconf 77' lang='grc' dir='ltr'>ὲξεοῦσι</span> <span class='ocrx_word' id='word_1_576' title='bbox 1288 2130 1334 2157; x_wconf 79' lang='grc' dir='ltr'><strong>τὸν</strong></span> <span class='ocrx_word' id='word_1_577' title='bbox 1350 2130 1434 2166; x_wconf 80' lang='grc' dir='ltr'>ἄνδρα</span> <span class='ocrx_word' id='word_1_578' title='bbox 1449 2131 1493 2158; x_wconf 83' lang='grc' dir='ltr'>διὰ</span> <span class='ocrx_word' id='word_1_579' title='bbox 1504 2131 1552 2167; x_wconf 85' lang='grc' dir='ltr'>τὴν</span> <span class='ocrx_word' id='word_1_580' title='bbox 1566 2132 1693 2167; x_wconf 85' lang='grc' dir='ltr'>τοιαύτην</span> <span class='ocrx_word' id='word_1_581' title='bbox 1709 2132 1810 2159; x_wconf 70' lang='grc' dir='ltr'>αἰτίαν.</span> 
     </span>
    </p>
   </div>
   <div class='ocr_carea' id='block_1_84' title="bbox 1027 2174 1811 2212">
    <p class='ocr_par' dir='ltr' id='par_1_84' title="bbox 1027 2174 1811 2212">
     <span class='ocr_line' id='line_1_84' title="bbox 1027 2174 1811 2212; baseline 0.004 -11"><span class='ocrx_word' id='word_1_582' title='bbox 1027 2174 1056 2201; x_wconf 84' lang='lat'>&#39;0</span> <span class='ocrx_word' id='word_1_583' title='bbox 1068 2175 1096 2201; x_wconf 81' lang='grc' dir='ltr'><strong>δὲ</strong></span> <span class='ocrx_word' id='word_1_584' title='bbox 1119 2174 1168 2201; x_wconf 83' lang='grc' dir='ltr'>οὐκ</span> <span class='ocrx_word' id='word_1_585' title='bbox 1190 2175 1321 2210; x_wconf 74' lang='grc' dir='ltr'>ἠνείχετο,</span> <span class='ocrx_word' id='word_1_586' title='bbox 1342 2175 1399 2202; x_wconf 77' lang='grc' dir='ltr'>ἀλλ’</span> <span class='ocrx_word' id='word_1_587' title='bbox 1412 2176 1534 2209; x_wconf 74' lang='grc' dir='ltr'>ἐϐιάζετο</span> <span class='ocrx_word' id='word_1_588' title='bbox 1557 2176 1656 2212; x_wconf 81' lang='grc' dir='ltr'>μᾶλλον</span> <span class='ocrx_word' id='word_1_589' title='bbox 1682 2176 1811 2212; x_wconf 79' lang='grc' dir='ltr'>ἀλήθειαν</span> 
     </span>
    </p>
   </div>
   <div class='ocr_carea' id='block_1_85' title="bbox 1024 2220 1811 2258">
    <p class='ocr_par' dir='ltr' id='par_1_85' title="bbox 1024 2220 1811 2258">
     <span class='ocr_line' id='line_1_85' title="bbox 1024 2220 1811 2258; baseline 0.001 -11"><span class='ocrx_word' id='word_1_590' title='bbox 1024 2221 1072 2256; x_wconf 82' lang='grc' dir='ltr'>μὲν</span> <span class='ocrx_word' id='word_1_591' title='bbox 1089 2220 1187 2255; x_wconf 80' lang='grc' dir='ltr'>λέγειν.</span> <span class='ocrx_word' id='word_1_592' title='bbox 1204 2221 1241 2256; x_wconf 81' lang='grc' dir='ltr'><strong>μὴ</strong></span> <span class='ocrx_word' id='word_1_593' title='bbox 1254 2222 1404 2257; x_wconf 79' lang='grc' dir='ltr'>ἀναχωρεῖν</span> <span class='ocrx_word' id='word_1_594' title='bbox 1417 2222 1446 2248; x_wconf 77' lang='grc' dir='ltr'><strong>δὲ</strong></span> <span class='ocrx_word' id='word_1_595' title='bbox 1457 2222 1504 2248; x_wconf 78' lang='grc' dir='ltr'>τοῦ</span> <span class='ocrx_word' id='word_1_596' title='bbox 1516 2222 1664 2258; x_wconf 80' lang='grc' dir='ltr'>συνδέσμου</span> <span class='ocrx_word' id='word_1_597' title='bbox 1678 2223 1728 2257; x_wconf 84' lang='grc' dir='ltr'>τῆς</span> <span class='ocrx_word' id='word_1_598' title='bbox 1745 2222 1811 2257; x_wconf 69' lang='grc' dir='ltr'>μιᾶς</span> 
     </span>
    </p>
   </div>
   <div class='ocr_carea' id='block_1_86' title="bbox 1021 2266 1811 2303">
    <p class='ocr_par' dir='ltr' id='par_1_86' title="bbox 1021 2266 1811 2303">
     <span class='ocr_line' id='line_1_86' title="bbox 1021 2266 1811 2303; baseline 0.003 -11"><span class='ocrx_word' id='word_1_599' title='bbox 1021 2266 1144 2297; x_wconf 81' lang='grc' dir='ltr'>ὲνὼσεως</span> <span class='ocrx_word' id='word_1_600' title='bbox 1162 2267 1212 2302; x_wconf 83' lang='grc' dir='ltr'>τῆς</span> <span class='ocrx_word' id='word_1_601' title='bbox 1239 2267 1320 2301; x_wconf 79' lang='grc' dir='ltr'>ἁγίας</span> <span class='ocrx_word' id='word_1_602' title='bbox 1350 2267 1496 2303; x_wconf 83' lang='grc' dir='ltr'>καθολικῆς</span> <span class='ocrx_word' id='word_1_603' title='bbox 1523 2266 1696 2303; x_wconf 80' lang='grc' dir='ltr'>Ἑκκλησίας.</span> <span class='ocrx_word' id='word_1_604' title='bbox 1719 2267 1763 2299; x_wconf 82' lang='grc' dir='ltr'>Ὠς</span> <span class='ocrx_word' id='word_1_605' title='bbox 1781 2268 1811 2294; x_wconf 74' lang='grc' dir='ltr'><strong>δὲ</strong></span> 
     </span>
    </p>
   </div>
   <div class='ocr_carea' id='block_1_87' title="bbox 1021 2312 1811 2349">
    <p class='ocr_par' dir='ltr' id='par_1_87' title="bbox 1021 2312 1811 2349">
     <span class='ocr_line' id='line_1_87' title="bbox 1021 2312 1811 2349; baseline 0.003 -11"><span class='ocrx_word' id='word_1_606' title='bbox 1021 2312 1153 2339; x_wconf 74' lang='grc' dir='ltr'>ἐτύπτετο</span> <span class='ocrx_word' id='word_1_607' title='bbox 1183 2313 1264 2344; x_wconf 79' lang='grc' dir='ltr'>αὑτός</span> <span class='ocrx_word' id='word_1_608' title='bbox 1293 2321 1322 2339; x_wconf 81' lang='grc' dir='ltr'><strong>τε</strong></span> <span class='ocrx_word' id='word_1_609' title='bbox 1344 2313 1391 2340; x_wconf 77' lang='grc' dir='ltr'>καὶ</span> <span class='ocrx_word' id='word_1_610' title='bbox 1410 2314 1434 2340; x_wconf 82' lang='grc' dir='ltr'>οἱ</span> <span class='ocrx_word' id='word_1_611' title='bbox 1452 2314 1509 2348; x_wconf 76' lang='grc' dir='ltr'><strong>ἃμα</strong></span> <span class='ocrx_word' id='word_1_612' title='bbox 1527 2313 1601 2349; x_wconf 84' lang='grc' dir='ltr'>αὐτῷ</span> <span class='ocrx_word' id='word_1_613' title='bbox 1618 2313 1758 2345; x_wconf 84' lang='grc' dir='ltr'>πολλάκις.</span> <span class='ocrx_word' id='word_1_614' title='bbox 1776 2313 1811 2340; x_wconf 74' lang='grc' dir='ltr'>τὰ</span> 
     </span>
    </p>
   </div>
   <div class='ocr_carea' id='block_1_88' title="bbox 1021 2357 1811 2394">
    <p class='ocr_par' dir='ltr' id='par_1_88' title="bbox 1021 2357 1811 2394">
     <span class='ocr_line' id='line_1_88' title="bbox 1021 2357 1811 2394; baseline 0.004 -11"><span class='ocrx_word' id='word_1_615' title='bbox 1021 2357 1096 2384; x_wconf 80' lang='grc' dir='ltr'>δεινά</span> <span class='ocrx_word' id='word_1_616' title='bbox 1104 2366 1134 2383; x_wconf 89' lang='grc' dir='ltr'><strong>τε</strong></span> <span class='ocrx_word' id='word_1_617' title='bbox 1147 2357 1260 2392; x_wconf 71' lang='grc' dir='ltr'>ἔπασχε,</span> <span class='ocrx_word' id='word_1_618' title='bbox 1277 2357 1489 2394; x_wconf 80' lang='grc' dir='ltr'>βαρυστονήσας,</span> <span class='ocrx_word' id='word_1_619' title='bbox 1506 2358 1656 2394; x_wconf 78' lang='grc' dir='ltr'>σύμϐουλον</span> <span class='ocrx_word' id='word_1_620' title='bbox 1675 2359 1811 2394; x_wconf 71' lang='grc' dir='ltr'>λαμεάνει</span> 
     </span>
    </p>
   </div>
   <div class='ocr_carea' id='block_1_89' title="bbox 1022 2403 1812 2440">
    <p class='ocr_par' dir='ltr' id='par_1_89' title="bbox 1022 2403 1812 2440">
     <span class='ocr_line' id='line_1_89' title="bbox 1022 2403 1812 2440; baseline 0.003 -11"><span class='ocrx_word' id='word_1_621' title='bbox 1022 2403 1117 2429; x_wconf 79' lang='grc' dir='ltr'>ἑαυτοῦ</span> <span class='ocrx_word' id='word_1_622' title='bbox 1144 2403 1193 2439; x_wconf 77' lang='grc' dir='ltr'>τὴν</span> <span class='ocrx_word' id='word_1_623' title='bbox 1207 2404 1330 2439; x_wconf 84' lang='grc' dir='ltr'>ἀνάγκην</span> <span class='ocrx_word' id='word_1_624' title='bbox 1348 2404 1403 2430; x_wconf 87' lang='grc' dir='ltr'><strong>τῶν</strong></span> <span class='ocrx_word' id='word_1_625' title='bbox 1421 2404 1535 2440; x_wconf 77' lang='grc' dir='ltr'>ὖῦρεων.</span> <span class='ocrx_word' id='word_1_626' title='bbox 1555 2404 1664 2431; x_wconf 81' lang='grc' dir='ltr'>Ἑαυτὸν</span> <span class='ocrx_word' id='word_1_627' title='bbox 1681 2405 1736 2440; x_wconf 86' lang='grc' dir='ltr'><strong>γὰρ</strong></span> <span class='ocrx_word' id='word_1_628' title='bbox 1758 2404 1812 2439; x_wconf 79' lang='grc' dir='ltr'><strong>ἀψ-</strong></span> 
     </span>
    </p>
   </div>
   <div class='ocr_carea' id='block_1_90' title="bbox 1023 2447 1812 2484">
    <p class='ocr_par' dir='ltr' id='par_1_90' title="bbox 1023 2447 1812 2484">
     <span class='ocr_line' id='line_1_90' title="bbox 1023 2447 1812 2484; baseline 0.003 -10"><span class='ocrx_word' id='word_1_629' title='bbox 1023 2447 1107 2484; x_wconf 78' lang='grc' dir='ltr'>ορίζει</span> <span class='ocrx_word' id='word_1_630' title='bbox 1120 2448 1170 2484; x_wconf 83' lang='grc' dir='ltr'>τῆς</span> <span class='ocrx_word' id='word_1_631' title='bbox 1190 2449 1362 2484; x_wconf 78' lang='grc' dir='ltr'>Ἐκκλησίας,</span> <span class='ocrx_word' id='word_1_632' title='bbox 1379 2449 1471 2476; x_wconf 85' lang='grc' dir='ltr'>πολλοί</span> <span class='ocrx_word' id='word_1_633' title='bbox 1494 2458 1524 2475; x_wconf 81' lang='grc' dir='ltr'><strong>τε</strong></span> <span class='ocrx_word' id='word_1_634' title='bbox 1538 2449 1596 2484; x_wconf 70' lang='grc' dir='ltr'>ἅμα</span> <span class='ocrx_word' id='word_1_635' title='bbox 1611 2448 1685 2483; x_wconf 86' lang='grc' dir='ltr'><strong>αὺτῷ</strong></span> <span class='ocrx_word' id='word_1_636' title='bbox 1697 2448 1812 2484; x_wconf 78' lang='grc' dir='ltr'>ἀφηνιά-</span> 
     </span>
    </p>
   </div>
   <div class='ocr_carea' id='block_1_91' title="bbox 1021 2494 1810 2531">
    <p class='ocr_par' dir='ltr' id='par_1_91' title="bbox 1021 2494 1810 2531">
     <span class='ocr_line' id='line_1_91' title="bbox 1021 2494 1810 2531; baseline 0 -11"><span class='ocrx_word' id='word_1_637' title='bbox 1021 2495 1114 2526; x_wconf 78' lang='grc' dir='ltr'>ζουσι·</span> <span class='ocrx_word' id='word_1_638' title='bbox 1131 2495 1176 2521; x_wconf 76' lang='grc' dir='ltr'>καὶ</span> <span class='ocrx_word' id='word_1_639' title='bbox 1190 2494 1276 2526; x_wconf 80' lang='grc' dir='ltr'>οὕτως</span> <span class='ocrx_word' id='word_1_640' title='bbox 1291 2495 1340 2530; x_wconf 86' lang='grc' dir='ltr'>τὴν</span> <span class='ocrx_word' id='word_1_641' title='bbox 1356 2495 1650 2531; x_wconf 83' lang='grc' dir='ltr'>διαίρεσινείργάσατο,</span> <span class='ocrx_word' id='word_1_642' title='bbox 1661 2494 1691 2521; x_wconf 75' lang='grc' dir='ltr'>οὗ</span> <span class='ocrx_word' id='word_1_643' title='bbox 1701 2503 1728 2521; x_wconf 83' lang='grc' dir='ltr'><strong>τι</strong></span> <span class='ocrx_word' id='word_1_644' title='bbox 1740 2494 1810 2529; x_wconf 72' lang='grc' dir='ltr'>ἔχων</span> 
     </span>
    </p>
   </div>
   <div class='ocr_carea' id='block_1_92' title="bbox 1022 2541 1807 2577">
    <p class='ocr_par' dir='ltr' id='par_1_92' title="bbox 1022 2541 1807 2577">
     <span class='ocr_line' id='line_1_92' title="bbox 1022 2541 1807 2577; baseline -0.003 -9"><span class='ocrx_word' id='word_1_645' title='bbox 1022 2541 1247 2576; x_wconf 83' lang='grc' dir='ltr'>παρηλλαγμένον</span> <span class='ocrx_word' id='word_1_646' title='bbox 1262 2542 1312 2577; x_wconf 85' lang='grc' dir='ltr'>τῆς</span> <span class='ocrx_word' id='word_1_647' title='bbox 1326 2541 1453 2573; x_wconf 79' lang='grc' dir='ltr'>πίστεως,</span> <span class='ocrx_word' id='word_1_648' title='bbox 1474 2542 1531 2568; x_wconf 83' lang='grc' dir='ltr'>ἀλλ’</span> <span class='ocrx_word' id='word_1_649' title='bbox 1547 2541 1679 2577; x_wconf 81' lang='grc' dir='ltr'>ὀρθότατα</span> <span class='ocrx_word' id='word_1_650' title='bbox 1698 2541 1748 2576; x_wconf 79' lang='grc' dir='ltr'>μὲν</span> <span class='ocrx_word' id='word_1_651' title='bbox 1764 2549 1807 2566; x_wconf 79' lang='grc' dir='ltr'>πι-</span> 
     </span>
    </p>
   </div>
   <div class='ocr_carea' id='block_1_93' title="bbox 1023 2584 1808 2621">
    <p class='ocr_par' dir='ltr' id='par_1_93' title="bbox 1023 2584 1808 2621">
     <span class='ocr_line' id='line_1_93' title="bbox 1023 2584 1808 2621; baseline 0 -10"><span class='ocrx_word' id='word_1_652' title='bbox 1023 2585 1124 2612; x_wconf 85' lang='grc' dir='ltr'>στεύων</span> <span class='ocrx_word' id='word_1_653' title='bbox 1154 2586 1234 2618; x_wconf 84' lang='grc' dir='ltr'>αὑτός</span> <span class='ocrx_word' id='word_1_654' title='bbox 1256 2595 1287 2612; x_wconf 86' lang='grc' dir='ltr'><strong>τε</strong></span> <span class='ocrx_word' id='word_1_655' title='bbox 1307 2586 1354 2613; x_wconf 76' lang='grc' dir='ltr'><strong>καὶ</strong></span> <span class='ocrx_word' id='word_1_656' title='bbox 1375 2587 1399 2612; x_wconf 76' lang='grc' dir='ltr'>οἱ</span> <span class='ocrx_word' id='word_1_657' title='bbox 1415 2587 1472 2621; x_wconf 77' lang='grc' dir='ltr'>ἅμα</span> <span class='ocrx_word' id='word_1_658' title='bbox 1490 2586 1579 2621; x_wconf 84' lang='grc' dir='ltr'>αὐτῷ·</span> <span class='ocrx_word' id='word_1_659' title='bbox 1600 2587 1624 2612; x_wconf 86' lang='grc' dir='ltr'>εἰ</span> <span class='ocrx_word' id='word_1_660' title='bbox 1641 2586 1688 2612; x_wconf 76' lang='grc' dir='ltr'>καὶ</span> <span class='ocrx_word' id='word_1_661' title='bbox 1705 2585 1758 2621; x_wconf 85' lang='grc' dir='ltr'>χρὴ</span> <span class='ocrx_word' id='word_1_662' title='bbox 1777 2584 1808 2612; x_wconf 67' lang='grc' dir='ltr'>τὰ</span> 
     </span>
    </p>
   </div>
   <div class='ocr_carea' id='block_1_94' title="bbox 1024 2631 1809 2669">
    <p class='ocr_par' dir='ltr' id='par_1_94' title="bbox 1024 2631 1809 2669">
     <span class='ocr_line' id='line_1_94' title="bbox 1024 2631 1809 2669; baseline -0.001 -11"><span class='ocrx_word' id='word_1_663' title='bbox 1024 2631 1141 2669; x_wconf 86' lang='grc' dir='ltr'>μάλιστα</span> <span class='ocrx_word' id='word_1_664' title='bbox 1155 2631 1244 2666; x_wconf 86' lang='grc' dir='ltr'>λέγειν</span> <span class='ocrx_word' id='word_1_665' title='bbox 1256 2631 1286 2658; x_wconf 83' lang='grc' dir='ltr'>ὲν</span> <span class='ocrx_word' id='word_1_666' title='bbox 1300 2631 1391 2667; x_wconf 85' lang='grc' dir='ltr'>μικρῷ</span> <span class='ocrx_word' id='word_1_667' title='bbox 1404 2640 1456 2658; x_wconf 83' lang='grc' dir='ltr'>τινι</span> <span class='ocrx_word' id='word_1_668' title='bbox 1466 2632 1547 2659; x_wconf 82' lang='grc' dir='ltr'>αὐτὸν</span> <span class='ocrx_word' id='word_1_669' title='bbox 1558 2632 1716 2666; x_wconf 68' lang='grc' dir='ltr'>φιλονείκως</span> <span class='ocrx_word' id='word_1_670' title='bbox 1731 2631 1809 2666; x_wconf 68' lang='grc' dir='ltr'>φέρει</span> 
     </span>
    </p>
   </div>
   <div class='ocr_carea' id='block_1_95' title="bbox 186 2672 971 2712">
    <p class='ocr_par' dir='ltr' id='par_1_95' title="bbox 186 2672 966 2706">
     <span class='ocr_line' id='line_1_95' title="bbox 186 2672 966 2706; baseline 0.003 -7"><span class='ocrx_word' id='word_1_671' title='bbox 186 2679 282 2704; x_wconf 86' lang='lat' dir='ltr'><strong>scens,</strong></span> <span class='ocrx_word' id='word_1_672' title='bbox 299 2680 331 2699; x_wconf 82' lang='lat' dir='ltr'><strong>ex</strong></span> <span class='ocrx_word' id='word_1_673' title='bbox 347 2672 442 2700; x_wconf 86' lang='lat' dir='ltr'><strong>harum</strong></span> <span class='ocrx_word' id='word_1_674' title='bbox 462 2672 647 2699; x_wconf 85' lang='lat' dir='ltr'><strong>calamitatum</strong></span> <span class='ocrx_word' id='word_1_675' title='bbox 662 2693 670 2706; x_wconf 85' lang='lat'><strong>,</strong></span> <span class='ocrx_word' id='word_1_676' title='bbox 690 2680 722 2701; x_wconf 90' lang='lat' dir='ltr'><strong>ac</strong></span> <span class='ocrx_word' id='word_1_677' title='bbox 741 2674 966 2701; x_wconf 89' lang='lat' dir='ltr'><strong>contumeliarum</strong></span> 
     </span>
    </p>
   </div>
   <div class='ocr_carea' id='block_1_96' title="bbox 1024 2672 1448 2712">
    <p class='ocr_par' dir='ltr' id='par_1_96' title="bbox 1024 2676 1448 2712">
     <span class='ocr_line' id='line_1_96' title="bbox 1024 2676 1448 2712; baseline 0.002 -10"><span class='ocrx_word' id='word_1_678' title='bbox 1024 2676 1082 2704; x_wconf 74' lang='grc' dir='ltr'>σθαί</span> <span class='ocrx_word' id='word_1_679' title='bbox 1112 2685 1141 2703; x_wconf 83' lang='grc' dir='ltr'><strong>τε</strong></span> <span class='ocrx_word' id='word_1_680' title='bbox 1156 2677 1204 2703; x_wconf 82' lang='grc' dir='ltr'>καὶ</span> <span class='ocrx_word' id='word_1_681' title='bbox 1213 2677 1276 2708; x_wconf 84' lang='grc' dir='ltr'>τοὺς</span> <span class='ocrx_word' id='word_1_682' title='bbox 1287 2677 1344 2712; x_wconf 70' lang='grc' dir='ltr'>ἅμα</span> <span class='ocrx_word' id='word_1_683' title='bbox 1364 2676 1448 2711; x_wconf 84' lang='grc' dir='ltr'>αὐτῷ.</span> 
     </span>
    </p>
   </div>
   <div class='ocr_carea' id='block_1_97' title="bbox 184 2717 1810 2758">
    <p class='ocr_par' dir='ltr' id='par_1_97' title="bbox 184 2717 1810 2758">
     <span class='ocr_line' id='line_1_97' title="bbox 184 2717 1810 2758; baseline 0.001 -14"><span class='ocrx_word' id='word_1_684' title='bbox 184 2717 314 2745; x_wconf 83' lang='lat' dir='ltr'><strong>violentia</strong></span> <span class='ocrx_word' id='word_1_685' title='bbox 340 2717 485 2745; x_wconf 86' lang='lat' dir='ltr'><strong>consilium</strong></span> <span class='ocrx_word' id='word_1_686' title='bbox 508 2718 588 2753; x_wconf 88' lang='lat' dir='ltr'><strong>cepit.</strong></span> <span class='ocrx_word' id='word_1_687' title='bbox 616 2718 706 2752; x_wconf 85' lang='lat' dir='ltr'><strong>Quare</strong></span> <span class='ocrx_word' id='word_1_688' title='bbox 733 2719 852 2754; x_wconf 88' lang='lat' dir='ltr'><strong>seipsum</strong></span> <span class='ocrx_word' id='word_1_689' title='bbox 874 2720 907 2747; x_wconf 87' lang='lat' dir='ltr'><strong>ab</strong></span> <span class='ocrx_word' id='word_1_690' title='bbox 942 2719 1062 2749; x_wconf 81' lang='lat' dir='ltr'><strong>Ecclesia</strong></span> <span class='ocrx_word' id='word_1_691' title='bbox 1088 2723 1258 2758; x_wconf 75' lang='lat' dir='ltr'><strong>segregavit;</strong></span> <span class='ocrx_word' id='word_1_692' title='bbox 1286 2727 1367 2758; x_wconf 88' lang='lat' dir='ltr'><strong>atque</strong></span> <span class='ocrx_word' id='word_1_693' title='bbox 1393 2723 1429 2749; x_wconf 91' lang='lat' dir='ltr'><strong>ita</strong></span> <span class='ocrx_word' id='word_1_694' title='bbox 1456 2722 1580 2758; x_wconf 89' lang='lat' dir='ltr'><strong>pluribus</strong></span> <span class='ocrx_word' id='word_1_695' title='bbox 1606 2728 1669 2749; x_wconf 88' lang='lat' dir='ltr'><strong>cum</strong></span> <span class='ocrx_word' id='word_1_696' title='bbox 1697 2721 1744 2748; x_wconf 93' lang='lat' dir='ltr'><strong>illo</strong></span> <span class='ocrx_word' id='word_1_697' title='bbox 1763 2719 1810 2746; x_wconf 78' lang='lat' dir='ltr'><strong>de.</strong></span> 
     </span>
    </p>
   </div>
   <div class='ocr_carea' id='block_1_98' title="bbox 185 2763 1804 2802">
    <p class='ocr_par' dir='ltr' id='par_1_98' title="bbox 185 2763 1804 2802">
     <span class='ocr_line' id='line_1_98' title="bbox 185 2763 1804 2802; baseline 0.002 -13"><span class='ocrx_word' id='word_1_698' title='bbox 185 2763 366 2791; x_wconf 82' lang='lat' dir='ltr'><strong>sciscentibus</strong></span> <span class='ocrx_word' id='word_1_699' title='bbox 380 2783 388 2795; x_wconf 92' lang='lat'><strong>,</strong></span> <span class='ocrx_word' id='word_1_700' title='bbox 409 2770 509 2790; x_wconf 89' lang='lat' dir='ltr'><strong>novum</strong></span> <span class='ocrx_word' id='word_1_701' title='bbox 528 2764 562 2791; x_wconf 89' lang='lat' dir='ltr'><strong>ab</strong></span> <span class='ocrx_word' id='word_1_702' title='bbox 588 2771 622 2791; x_wconf 90' lang='lat' dir='ltr'><strong>eo</strong></span> <span class='ocrx_word' id='word_1_703' title='bbox 640 2763 784 2791; x_wconf 85' lang='lat' dir='ltr'><strong>divortium</strong></span> <span class='ocrx_word' id='word_1_704' title='bbox 811 2763 969 2792; x_wconf 80' lang='lat' dir='ltr'><strong>conflatum.</strong></span> <span class='ocrx_word' id='word_1_705' title='bbox 985 2765 1077 2802; x_wconf 85' lang='lat' dir='ltr'><strong>Neque</strong></span> <span class='ocrx_word' id='word_1_706' title='bbox 1094 2775 1158 2795; x_wconf 89' lang='lat' dir='ltr'><strong>vero</strong></span> <span class='ocrx_word' id='word_1_707' title='bbox 1176 2769 1230 2795; x_wconf 85' lang='lat' dir='ltr'><strong>ulla</strong></span> <span class='ocrx_word' id='word_1_708' title='bbox 1245 2769 1273 2796; x_wconf 90' lang='lat' dir='ltr'><strong>in</strong></span> <span class='ocrx_word' id='word_1_709' title='bbox 1298 2776 1327 2796; x_wconf 91' lang='lat' dir='ltr'><strong>re</strong></span> <span class='ocrx_word' id='word_1_710' title='bbox 1348 2768 1383 2796; x_wconf 87' lang='lat' dir='ltr'><strong>ab</strong></span> <span class='ocrx_word' id='word_1_711' title='bbox 1406 2771 1481 2796; x_wconf 87' lang='lat' dir='ltr'><strong>recta</strong></span> <span class='ocrx_word' id='word_1_712' title='bbox 1515 2768 1567 2795; x_wconf 76' lang='lat' dir='ltr'><strong>ﬁde</strong></span> <span class='ocrx_word' id='word_1_713' title='bbox 1595 2766 1730 2798; x_wconf 81' lang='lat' dir='ltr'><strong>discedit,</strong></span> <span class='ocrx_word' id='word_1_714' title='bbox 1757 2764 1804 2793; x_wconf 82' lang='lat' dir='ltr'><strong>sed</strong></span> 
     </span>
    </p>
   </div>
   <div class='ocr_carea' id='block_1_99' title="bbox 187 2807 1808 2850">
    <p class='ocr_par' dir='ltr' id='par_1_99' title="bbox 187 2807 1808 2850">
     <span class='ocr_line' id='line_1_99' title="bbox 187 2807 1808 2850; baseline 0.002 -16"><span class='ocrx_word' id='word_1_715' title='bbox 187 2807 244 2841; x_wconf 86' lang='lat' dir='ltr'><strong>ipse</strong></span> <span class='ocrx_word' id='word_1_716' title='bbox 257 2814 318 2834; x_wconf 88' lang='lat' dir='ltr'><strong>cum</strong></span> <span class='ocrx_word' id='word_1_717' title='bbox 336 2808 393 2835; x_wconf 86' lang='lat' dir='ltr'><strong>suis</strong></span> <span class='ocrx_word' id='word_1_718' title='bbox 408 2808 543 2836; x_wconf 85' lang='lat' dir='ltr'><strong>sinceram</strong></span> <span class='ocrx_word' id='word_1_719' title='bbox 560 2809 587 2836; x_wconf 95' lang='lat' dir='ltr'><strong>in</strong></span> <span class='ocrx_word' id='word_1_720' title='bbox 601 2810 729 2838; x_wconf 87' lang='lat' dir='ltr'><strong>omnibus</strong></span> <span class='ocrx_word' id='word_1_721' title='bbox 755 2809 914 2845; x_wconf 87' lang='lat' dir='ltr'><strong>religionem</strong></span> <span class='ocrx_word' id='word_1_722' title='bbox 935 2812 1031 2839; x_wconf 90' lang='lat' dir='ltr'><strong>tenuit.</strong></span> <span class='ocrx_word' id='word_1_723' title='bbox 1067 2812 1229 2849; x_wconf 86' lang='lat' dir='ltr'><strong>Quanquam</strong></span> <span class='ocrx_word' id='word_1_724' title='bbox 1260 2818 1301 2842; x_wconf 87' lang='lat' dir='ltr'><strong>est</strong></span> <span class='ocrx_word' id='word_1_725' title='bbox 1325 2810 1457 2849; x_wconf 87' lang='lat' dir='ltr'><strong>quiddam</strong></span> <span class='ocrx_word' id='word_1_726' title='bbox 1480 2813 1671 2850; x_wconf 74' lang='lat' dir='ltr'><strong>perexiguum,</strong></span> <span class='ocrx_word' id='word_1_727' title='bbox 1694 2812 1723 2840; x_wconf 93' lang='lat' dir='ltr'><strong>in</strong></span> <span class='ocrx_word' id='word_1_728' title='bbox 1754 2818 1808 2846; x_wconf 84' lang='lat' dir='ltr'><strong>quo</strong></span> 
     </span>
    </p>
   </div>
   <div class='ocr_carea' id='block_1_100' title="bbox 187 2852 666 2888">
    <p class='ocr_par' dir='ltr' id='par_1_100' title="bbox 187 2852 666 2888">
     <span class='ocr_line' id='line_1_100' title="bbox 187 2852 666 2888; baseline 0.008 -9"><span class='ocrx_word' id='word_1_729' title='bbox 187 2852 267 2887; x_wconf 79' lang='lat' dir='ltr'><strong>paulo</strong></span> <span class='ocrx_word' id='word_1_730' title='bbox 284 2853 453 2888; x_wconf 82' lang='lat' dir='ltr'><strong>pervicacius</strong></span> <span class='ocrx_word' id='word_1_731' title='bbox 465 2853 666 2886; x_wconf 81' lang='lat' dir='ltr'><strong>conflictantur.</strong></span> 
     </span>
    </p>
   </div>
  </div>
