1929 3039
92 148 144 176 ΞΗ

91 251 141 276 καὶ
156 251 235 284 ἁγίου
244 251 400 287 Πνεύματος
410 253 582 289 θαυμαστῶς,
599 256 635 287 ὡς
650 256 733 293 ἔχειὴ
754 258 883 294 καθολικὴ

101 295 263 331 Ἐκκλησία,
285 297 477 332 ὸρθοὸοξότατά
502 309 532 326 τε
548 301 702 335 φυλάττειν,
721 304 757 330 τά
770 313 800 330 τε
817 304 883 332 ἄλλα

93 341 184 386 πάντα
210 341 257 368 τοῦ
283 343 342 378 βίου
357 343 510 379 θαυμαστά.
531 347 597 379 Ταῖς
619 348 672 384 γὰρ
695 349 774 380 ἰδίαις
790 350 883 386 χερσὶν

93 385 289 422 ἐργαζόμενος,
304 389 385 421 αὐτός
402 399 430 416 τε
444 393 490 418 καὶ
506 392 530 418 οἱ
544 393 589 419 ὑπ’
605 394 685 421 αὐτὸν
693 395 835 423 ἐπίσκοποί
853 405 882 423 τε

94 431 143 457 καὶ
156 431 182 457 οἰ
195 432 385 468 πρεσϐύτεροι,
395 435 441 461 καὶ
460 436 484 462 οἰ
500 436 588 463 λοιποὶ
613 438 712 470 πάντες
727 439 882 476 διατρέφον-

93 483 150 503 ⁴ται.
171 476 302 513 ¹’Υσ-εερον
311 479 338 505 δὲ
355 481 424 514 μετὰ
440 481 471 507 τὸ
496 481 881 519 ὲξωσοῆναιτῆςἙκκλησῖας,

93 520 149 547 ἀπὸ
163 520 244 547 ἄλλου
259 523 417 555 ἐπισκόπου,
430 524 465 551 τὰ
476 527 546 552 αὑτά
557 526 732 561 συξη-τοῦπος
758 529 804 554 καὶ
817 529 883 555 ἀνα-

95 566 273 600 χωρήσαντος
298 568 346 602 τῆς
383 569 558 605 Ἐκκλησίας,
587 573 777 607 χειροτονεῖται
805 570 882 605 οὗτος

96 611 255 643 ἐπίσκοπος,
273 614 336 649 περὶ
354 611 383 640 οὗ
400 615 407 629 ¹
429 615 601 652 ὲπελαὸὁμην
618 617 715 651 λέγειν,
734 619 882 655 ἐπειδήπερ

95 657 124 682 ὲν
138 657 306 691 παρεκϐάσει
316 659 477 694 γεγένημαι,
490 660 566 693 αὖθις
579 662 755 689 ὲπαναλαὸὼν
768 664 882 700 διέξειμι

95 700 144 735 τὴν
153 701 292 737 ὑφήγησιν
302 712 308 718 ⁸
329 705 400 739 φημὶ
427 705 455 731 δὲ
475 706 597 741 περὶτῆς
612 707 650 739 ὡς
666 708 711 734 ἐπὶ
726 709 755 735 τδ
769 710 882 745 σκληρό-

94 753 176 772 τατον
201 747 248 773 καὶ
272 747 415 781 ἰδιωτικὸν,
438 750 483 776 καὶ
501 750 651 784 φιλόνεικον
669 753 717 787 τῆς
731 754 795 788 παρ’
807 754 882 789 αὐτῷ

95 790 229 826 ᾀδομένης
243 791 340 824 λέξεως
354 792 406 819 ἀπὸ
417 793 467 828 τῆς
482 794 556 826 θείας
570 795 690 831 Γραφῆς.
703 797 739 823 Τὸ
752 798 805 833 γὰρ
817 798 881 824 κατ’

93 837 197 863 εἰκόνα
209 834 288 868 οὗτος
309 839 356 864 καὶ
372 839 396 865 οἱ
410 840 468 872 μετ’
491 840 584 871 αὐτοῦ,
601 842 669 877 ὅπερ
684 843 698 869 ὁ
718 843 783 874 Θεὸς
799 843 881 870 δεδώ-

96 889 177 915 ρηται
195 881 236 916 τῷ
256 882 350 917 Ἀδὰμ,
377 884 535 920 ἀποκρότως
557 884 680 919 βούλεται
698 887 797 923 ὁρίζειν
811 886 880 916 εῖναι

94 926 174 952 τοῦτο
198 925 387 964 πληρούμενον
413 929 482 956 κατὰ
495 930 535 956 ,τὸ
548 931 642 966 σῶμα·
667 932 721 958 ἀπὸ
734 932 781 959 τοῦ
801 933 881 968 δῆθεν

95 971 242 1006 λεγομένου
266 973 347 1008 ῥητοῦ
373 973 430 1006 τοῦ,
455 975 628 1009 Ποιήσωμεόι
644 976 799 1010 ᾶνθρωπον
817 979 880 1004 κατ’

93 1017 197 1044 εἰκόνα
213 1017 360 1052 ἡμετέραν
372 1020 420 1045 καί
430 1020 493 1046 καθ’
510 1021 663 1054 ὁμοίωσιν.
679 1022 733 1048 Καὶ
748 1020 806 1049 εἶτα
819 1024 880 1049 ἐπι-

95 1061 270 1097 φέρειλέίων
291 1064 305 1089 ό
325 1063 394 1095 θεῖος
410 1063 498 1097 λόγος,
518 1065 559 1091 ὂτι
581 1066 628 1091 καὶ
640 1066 764 1102 ἐποίησεν
782 1068 796 1093 ό
815 1067 881 1099 Θεὸς

94 1107 140 1133 τὸν
161 1107 314 1142 ἄνθρωπον,
336 1108 400 1143 χοῦν
427 1108 516 1135 λαϐὼν
532 1110 586 1136 ἀπὸ
601 1111 650 1146 τῆς
671 1112 731 1146 γῆς.
758 1112 878 1148 Ἐπειδὴ,

96 1153 187 1186 φησὶν,
204 1150 280 1179 εἶπεν
292 1152 434 1188 ἄνθρωπον
446 1154 499 1180 ἀπὸ
513 1155 562 1189 τῆς
577 1157 637 1191 γῆς,
653 1156 713 1191 ὅρα,
728 1157 768 1182 ὃτι
784 1157 881 1191 ἀληθέ-

97 1206 181 1224 στατα
194 1198 253 1224 ὅλον
268 1198 298 1224 τὸ
315 1199 405 1233 χοῖκὸν
428 1197 503 1225 εἶπεν
524 1199 675 1236 ἄνθρωπον,
697 1202 749 1236 ἄρα
765 1209 794 1227 τε
815 1201 881 1228 αὐτὸ

94 1242 124 1269 τὺ
140 1243 232 1278 χοίκὺν
251 1243 395 1278 προέλεγεν
410 1244 518 1270 ἔσεσθαι
535 1245 595 1271 κατ’
613 1245 704 1271 εἰκόνα
730 1245 806 1272 Θεοῦ.
826 1245 880 1271 Καί

95 1289 153 1314 ἔστι
176 1288 256 1315 τοῦτο
281 1289 440 1325 ἀπόκροτον,
462 1290 498 1321 ὡς
518 1289 596 1326 ἔφην,
618 1290 664 1317 καὶ
685 1291 825 1323 ἰδιωτικὸν,
850 1291 880 1318 τὸ

95 1334 231 1369 ὁρίζεσθαι
243 1335 385 1370 ἄνθρωπον
401 1337 429 1363 ἐν
446 1336 514 1371 ποίῳ
536 1337 754 1372 μέρει.τέτακται
768 1338 814 1364 τοῦ
832 1339 879 1364 ἀν-

96 1378 204 1414 θρώπου
219 1379 248 1405 τὺ
263 1380 323 1406 κατ’
335 1381 441 1407 εἰκόνα·
460 1382 484 1406 εἰ
497 1381 550 1416 χρὴ
563 1381 630 1412 ὖλως
641 1382 723 1417 μέρος
735 1382 824 1416 λέγειν
836 1382 879 1409 διὰ

95 1424 126 1450 τὰ
141 1424 227 1450 πολλὰ
246 1425 280 1451 τὰ
295 1425 488 1452 ἀντιπίπτοντα
502 1428 534 1461 τῇ
556 1425 609 1452 τῶν
627 1427 776 1462 ἀνθρώπιον
790 1428 879 1463 ἐννοίᾳ

95 1469 164 1495 κατά
175 1469 205 1495 τὸ
220 1469 295 1505 ῥῆμα
308 1470 397 1502 τοῦτο,
410 1471 457 1497 καὶ
478 1471 573 1505 ἔχοντα
589 1472 751 1507 ζητημάτων
765 1472 878 1508 πληθύν.

97 1515 128 1540 'll
138 1515 193 1549 γὰρ
209 1516 365 1551 ποιήσωμεν
377 1516 421 1542 τὸν
427 1517 492 1543 Θεὸν
503 1518 598 1552 ὁρατόν
610 1526 639 1543 τε
653 1518 698 1544 καὶ
714 1519 878 1553 σωματικὸν,

95 1561 171 1594 εἰπερ
184 1560 213 1586 ἐν
222 1560 327 1596 σώματι
336 1561 365 1587 τὸ
376 1563 433 1588 κατ’
445 1562 535 1588 εἰκόνα
543 1562 691 1599 πληροῦται
704 1564 876 1598 σωματικῶς,

94 1604 140 1630 καὶ
165 1605 418 1640 ὲσχηματισμένως,
431 1606 447 1641 ἢ
465 1606 607 1640 ἄνθρωπον
620 1607 657 1643 τῷ
668 1607 726 1643 Θεῷ
739 1609 880 1644 ἐξισούμε-

94 1657 136 1674 νον
157 1649 237 1675 τοῦτο
263 1650 420 1684 φάσκοντες.
436 1652 481 1678 Διὸ
498 1653 528 1678 οὐ
545 1653 597 1688 χρὴ
618 1653 726 1685 πάντως
743 1654 842 1689 ὁρίζειν
861 1655 878 1690 ἢ

93 1695 314 1731 δεισχυρίζεσθαι,
328 1698 356 1723 ὲν
371 1698 439 1732 ποίῳ
455 1699 533 1734 μέρει
545 1699 574 1725 τὺ
585 1700 644 1725 κατ’
658 1699 748 1726 εἰκόνα
761 1700 879 1735 πληροῧ-
900 1711 903 1714 ·

93 1749 147 1773 ται,
161 1741 219 1768 ἀλλ’
243 1742 382 1776 ὁμολογεῖν
401 1743 449 1778 μὲν
471 1743 498 1770 τὸ
517 1745 576 1770 κατ’
597 1745 688 1770 εἰκόνα
711 1743 780 1772 εἶναι
797 1745 826 1772 ὲν
840 1745 879 1780 τῷ

93 1786 238 1822 ἀνθρώπῳ,
251 1787 294 1814 ἵνα
306 1787 343 1823 μὴ
358 1787 407 1824 τὴν
422 1789 500 1824 χάριν
513 1789 559 1815 τοῦ
568 1789 634 1816 θεοῦ
646 1789 821 1825 ἀθετήσωμεν
830 1790 878 1816 καὶ

92 1833 290 1868 ἀπιστήσαιμεν
303 1833 371 1868 Θεῷ.
386 1834 454 1861 Ὅσα
470 1834 519 1870 μὲν
537 1835 591 1870 γὰρ
598 1835 669 1870 λέγει
682 1837 696 1862 ὁ
708 1836 782 1868 Θεὸς,
792 1835 877 1863 ταῦτα

92 1876 179 1911 ἀληθῆ
188 1877 326 1912 τυγχάνει,
335 1879 359 1904 εἰ
367 1879 413 1904 καὶ
423 1878 534 1913 ἐξέφυγε
545 1880 594 1914 τὴν
602 1881 618 1915 ὴ
622 1880 678 1915 μῶν
687 1880 788 1907 ἔννοιαν
794 1882 821 1907 ὲν
828 1880 878 1908 ὀλί-

93 1930 151 1954 γοις
161 1922 261 1956 λόγοις.
278 1923 460 1958 ’Ᾱρνήσασϐαι
472 1923 518 1951 οὖν
533 1926 612 1951 τοῦτο
624 1926 654 1952 τὸ
668 1927 728 1952 κατ’
743 1927 832 1954 εἰκόνα
846 1928 875 1954 οὐ

92 1967 198 1998 πιστὸν,
215 1967 275 1993 οὔτε
287 1968 335 2002 τῆς
351 1968 430 2002 ἁγίας
438 1969 483 1995 τοῦ
496 1969 562 1995 Θεοῦ
570 1970 740 2005 Ἑκκλησίας.
751 1972 810 1998 Ἔτι
823 1972 877 2008 γὰρ

92 2013 145 2044 πᾶς
166 2012 309 2047 ἄνθρωπος
334 2013 427 2047 σαφῶς
451 2015 511 2040 κατ’
532 2015 632 2045 εἰκόνα.
657 2016 702 2042 καὶ
721 2017 807 2048 οὐδεὶς
823 2017 877 2045 τῶν

91 2059 207 2093 ἑχόντων
239 2058 277 2090 εἰς
296 2059 361 2085 Θεὸν
385 2058 435 2094 τὴν
452 2059 548 2086 ἐλπίδα
566 2060 711 2095 ἀρνήσεται
722 2070 728 2076 ·
745 2062 768 2088 εἰ
795 2062 831 2098 μὴ
845 2063 877 2089 ἀν

90 2113 162 2136 τινες
186 2105 291 2136 ἑαυτοῖς
319 2104 418 2140 μύθους
443 2104 598 2132 πλάσσωσιν
621 2105 812 2141 ἐκῦαλλόμενοι
827 2109 876 2143 τῆς

97 2149 259 2185 Ἐκκλησίας
281 2150 327 2176 καὶ
349 2150 399 2185 τῆς
421 2150 474 2176 τῶν
491 2150 616 2185 πατέρων
633 2151 665 2177 ὲκ
684 2152 829 2187 προφητῶν
845 2162 875 2179 τε

418 151 602 180 ADVERSUS
621 151 792 181 “(ERESES
811 152 874 180 LIB.
896 151 940 180 lli.
964 151 1044 179 ΤΟΜ.
1065 152 1086 180 Ι.
1106 168 1140 175 -
1160 151 1296 180 IUERES.
1315 151 1398 180 LXX.

129 207 157 231 B'
177 206 315 242 Μετὰγέῳ
329 207 374 234 τιῦ
387 209 526 244 ὁμολογεῖν
540 211 604 246 περὶ
621 211 727 248 Πατρὸς
744 213 790 239 καὶ
803 213 878 246 Υἰοῦ,
895 215 916 243 Α

1665 154 1723 183 542

970 212 1003 238 Il.
1020 211 1091 247 Ergo
1115 216 1142 239 ct
1170 211 1204 239 de
1230 211 1326 243 Patre,
1352 210 1422 238 Filio
1443 217 1475 238 ac
1502 210 1605 246 Spiritu
1623 216 1720 239 sancto

936 256 1067 290 praeclare
1087 259 1113 283 et
1130 263 1162 283 ex
1189 255 1316 282 Ecclesiae
1329 255 1470 282 catholica:
1485 255 1642 289 praescripto
1658 263 1720 283 sen-

935 301 1024 332 tiunt;
1040 308 1089 328 nec
1112 305 1297 328 transversum
1319 301 1352 327 ab
1364 308 1396 328 eo
1419 308 1535 335 unguem
1551 299 1718 333 deflectunt;

933 350 963 374 ct
989 350 1030 374 cst
1057 347 1190 382 reliquum
1219 346 1280 373 vitae
1297 346 1350 373 illis
1373 346 1528 374 institutum
1544 353 1610 373 sane
1635 353 1718 380 quam

935 391 1072 426 egregium
1092 396 1119 419 et
1134 390 1333 423 admirandum,
1351 391 1418 419 adeo
1434 395 1463 418 ut
1476 398 1529 418 non
1553 390 1611 426 ipse
1626 391 1718 422 modo.

933 435 982 462 sed
998 439 1025 462 et
1037 435 1084 471 qui
1106 435 1144 463 illi
1161 435 1333 463 adhaeserunt
1351 436 1486 470 episcopi,
1508 435 1658 472 presbyteri
1687 443 1719 463 ac

934 481 1031 516 reliqui
1046 488 1141 509 omnes
1155 481 1188 509 de
1205 489 1334 509 manuum
1348 488 1460 508 suarum
1478 481 1571 508 labore
1584 481 1718 508 victitent.

932 524 1116 561 Posteaquam
1138 534 1202 553 vero
1229 527 1263 555 ab
1280 526 1400 554 Ecclesia
1416 526 1512 561 pulsus
1535 530 1576 554 cst
1588 546 1595 559 ,
1614 526 1647 553 ah
1663 527 1720 562 epi-

932 578 1018 606 seopo
1037 573 1175 606 quodam,
1201 574 1246 609 qui
1274 574 1309 601 ob
1335 573 1444 601 easdem
1470 574 1660 601 contentiones
1685 574 1721 601 ab

935 616 1056 644 Ecclesia
1070 622 1230 650 recesserat,
1246 620 1390 654 cpiscopus
1402 619 1544 646 ordinatus
1556 623 1606 646 est.
1619 618 1719 646 Verum

935 666 964 688 ut
982 663 1015 689 ab
1032 662 1083 690 hoc
1102 663 1263 691 diverticulo
1282 665 1315 691 ad
1336 664 1401 691 illud
1427 664 1600 691 tractandum
1616 672 1659 691 me
1679 672 1721 690 re-

932 705 1030 740 feram,
1050 707 1123 742 quod
1139 716 1212 735 eram
1232 716 1388 744 aggressus,
1405 708 1547 736 sciendum
1567 713 1608 736 est
1624 715 1721 743 quam-

931 751 994 779 dam
1013 753 1074 780 illos
1092 752 1240 788 Scriptura:
1257 761 1349 782 vocem
1369 753 1479 781 duriore
1496 753 1613 789 quodam
1628 757 1655 782 et
1667 753 1721 780 im-

932 796 1062 831 peritiore
1085 798 1175 828 modo.
1199 802 1226 826 et
1250 806 1313 826 vero
1338 799 1505 834 pertinacius
1532 799 1718 834 interpretari.

931 841 1014 876 813
1032 841 1098 869 Nam
1109 842 1181 877 quod
1198 843 1232 869 ad
1254 843 1395 878 imaginem
1417 843 1464 870 Dei
1478 847 1586 871 creatus
1599 843 1720 872 Adamus

897 879 918 907 Β
931 887 1035 914 dicitur
1046 907 1054 919 ,
1078 889 1220 923 praefracte
1238 888 1277 915 illi
1303 888 1474 917 referendum
1497 889 1530 916 ad
1545 897 1644 924 corpus
1659 890 1717 917 exi-

932 931 1053 958 stimant.
1070 932 1138 959 Cum
1154 933 1225 960 enim
1251 933 1384 968 scriptum
1404 933 1458 960 sit:
1476 934 1618 960 Faciamus
1634 934 1718 961 homi-

931 985 990 1003 nem
1007 978 1044 1004 [ιιι-
1052 978 1191 1013 imaginem
1205 984 1322 1005 nostram
1336 983 1361 1006 et
1376 979 1572 1006 similitudinem
1587 981 1609 1012 ',
1625 981 1718 1008 statim

931 1022 998 1048 illud
1026 1023 1191 1057 subjicitur,
1220 1023 1303 1051 Deum
1329 1028 1437 1059 sumpto
1460 1024 1492 1051 de
1518 1030 1588 1051 terra
1608 1025 1719 1060 pulvere

931 1066 1068 1095 hominem
1096 1067 1244 1096 fabricasse
1259 1069 1279 1096 ³.
1314 1069 1382 1095 Cum
1412 1069 1493 1104 igitur
1519 1069 1656 1097 hominem
1685 1069 1719 1096 de

931 1116 1005 1140 terra
1030 1113 1175 1141 formatum
1193 1119 1317 1147 asserat,
1337 1115 1410 1142 vides
1429 1119 1515 1142 totum
1531 1115 1596 1142 illud
1612 1123 1627 1142 e
1643 1119 1716 1143 terra

930 1158 1077 1185 conﬂatum
1097 1159 1238 1186 verissime
1258 1160 1393 1187 hominem
1415 1160 1517 1187 vocari.
1539 1159 1577 1186 Ex
1599 1168 1652 1195 quo
1671 1168 1716 1188 se~

930 1204 1025 1238 quitur
1038 1203 1071 1231 de
1096 1209 1205 1232 terreno
1218 1204 1264 1231 illo
1282 1205 1439 1239 pra-dictum
1453 1226 1460 1238 ,
1475 1204 1533 1232 fore
1548 1209 1577 1232 ut
1597 1205 1630 1232 ad
1647 1206 1716 1232 ima-

930 1249 1021 1284 ginem
1039 1248 1084 1277 Dei
1104 1250 1276 1278 conderetur.
1294 1250 1394 1277 Verum
1424 1255 1465 1278 est
1482 1250 1547 1278 illud
1561 1271 1568 1282 ,
1587 1251 1626 1277 uti
1647 1251 1715 1284 dixi,

932 1293 1013 1328 paulo
1025 1294 1120 1321 durius
1131 1315 1139 1326 ,
1155 1302 1187 1322 ac
1201 1295 1352 1329 simplicius
1362 1315 1370 1327 ,
1385 1295 1498 1323 definire
1515 1295 1651 1323 hominem
1666 1303 1716 1323 au-

930 1336 1015 1367 dere,
1041 1344 1157 1371 quanam
1184 1337 1211 1364 in
1235 1338 1352 1366 hominis
1369 1342 1447 1373 parte
1470 1339 1505 1367 sit
1529 1339 1655 1374 imaginis
1671 1340 1716 1367 illa

931 1382 1081 1409 constituta
1093 1383 1164 1409 ratio
1177 1391 1184 1416 ;
1199 1383 1221 1410 si
1235 1387 1325 1411 tamen
1341 1384 1521 1419 appellatione
1536 1385 1621 1419 partis
1638 1389 1716 1412 uten-

931 1426 995 1453 dum
1013 1431 1054 1454 est
1065 1447 1071 1459 ,
1092 1435 1125 1456 eo
1147 1428 1219 1463 quod
1235 1429 1357 1463 plerique
1368 1449 1375 1460 ,
1400 1429 1472 1464 quod
1488 1429 1521 1456 ad
1535 1429 1606 1456 hanc
1623 1437 1715 1458 vocem

932 1473 1043 1504 attinet,
1061 1473 1201 1500 hominum
1218 1474 1402 1509 intelligentiae
1424 1474 1555 1510 refragari
1578 1475 1715 1507 videntur.

934 1524 965 1544 ac
979 1519 1061 1545 \‘ariis
1073 1519 1269 1554 quaestionibus
1288 1519 1431 1554 implicari.
1448 1519 1513 1546 Nam
1528 1524 1575 1547 aut
1591 1525 1714 1555 aspecta-

931 1563 1011 1590 bilem
1024 1563 1107 1590 Deum
1123 1564 1254 1592 faciemus
1270 1572 1301 1592 ac
1318 1572 1495 1600 corporeum,
1513 1568 1536 1593 si
1550 1567 1577 1592 in
1600 1573 1715 1601 corpore

930 1611 1024 1634 nostro
1051 1615 1182 1643 corporea
1209 1609 1321 1644 perinde
1338 1610 1444 1637 ratione
1471 1617 1502 1637 ac
1519 1610 1602 1645 figura
1620 1611 1714 1638 istius-

929 1653 1002 1680 modi
1029 1653 1173 1687 imaginem
1200 1645 1387 1681 collocandum
1413 1658 1550 1688 putemus.
1574 1655 1628 1681 Aut
1651 1663 1713 1681 cum

929 1698 984 1725 Deo
999 1698 1136 1725 hominem
1152 1699 1357 1734 adaequabimus
1371 1719 1378 1730 ,
1396 1699 1419 1726 si
1436 1699 1494 1726 haec
1506 1707 1630 1726 asserere
1646 1699 1712 1726 reli-

929 1750 1000 1770 mus.
1023 1743 1112 1774 Quare
1135 1751 1188 1770 non
1211 1746 1254 1770 est
1282 1743 1338 1769 ullo
1356 1743 1437 1769 modo
1460 1742 1641 1775 definiendum
1666 1747 1713 1770 aut

929 1788 1126 1820 atlirmandum,
1141 1795 1259 1822 quanam
1275 1788 1302 1814 in
1315 1792 1392 1822 parte
1404 1787 1493 1822 imago
1510 1788 1554 1814 illa
1567 1788 1711 1815 consistat.

930 1832 982 1859 Sed
999 1834 1088 1860 inesse
1113 1832 1222 1867 quidem
1250 1832 1277 1859 in
1307 1832 1417 1859 homine
1435 1831 1546 1859 omnino
1573 1832 1712 1860 fatendum

928 1881 985 1909 est,
1012 1884 1045 1905 ne
1071 1877 1192 1904 divinum
1210 1877 1371 1904 beneficium
1392 1877 1520 1904 tollamus
1535 1884 1550 1904 e
1566 1877 1653 1904 medio
1680 1884 1712 1904 ac

930 1922 974 1949 Dei
1005 1923 1161 1950 auctoritati
1185 1922 1348 1950 diuidamus.
1377 1922 1552 1957 Quaecunque
1576 1922 1648 1950 enim
1667 1923 1712 1950 ille

927 1968 1003 2001 dicit,
1022 1969 1101 2004 plane
1114 1976 1177 1996 vera
1197 1973 1261 1996 sunt
1272 1969 1402 2000 ,~tamelsi
1419 1968 1558 1995 nonnullae
1572 1968 1712 1996 sententia:

928 2014 992 2046 sint,
1010 2021 1070 2048 qum
1084 2014 1169 2041 aciem
1191 2018 1292 2041 nostrae
1303 2014 1402 2041 mentis
1417 2013 1555 2048 effugiant.
1576 2013 1711 2046 Quocirca

928 2067 1026 2094 negare
1039 2060 1150 2086 omnino
1165 2059 1198 2086 ad
1216 2060 1360 2094 imaginem
1378 2059 1423 2086 Dei
1440 2067 1599 2094 expressum
1625 2060 1711 2086 homi-.

927 2112 1009 2137 nem,
1025 2112 1039 2131 a
1057 2105 1108 2132 lide
1122 2105 1256 2132 catholica
1273 2109 1300 2133 et
1319 2105 1439 2133 Ecclesia
1460 2105 1506 2132 Dei
1520 2105 1639 2132 alienum
1657 2109 1710 2133 est.

927 2149 1066 2184 Siquidem
1091 2150 1215 2177 homines
1235 2157 1330 2177 omnes
1346 2149 1380 2176 ad
1393 2150 1466 2176 illius
1485 2149 1629 2183 imaginem
1643 2157 1710 2176 cou-

90 2196 137 2221 καὶ
151 2196 234 2230 νόμου
248 2196 294 2222 καὶ
318 2195 473 2221 ἀποστόλων
495 2194 541 2221 καὶ
561 2195 759 2229 εὐαγγελιστῶν
788 2206 876 2232 παρα-

931 2196 975 2223 diti
1003 2200 1085 2230 sunt;
1101 2204 1152 2223 nec
1171 2196 1243 2223 ullus
1267 2196 1312 2231 qui
1336 2196 1444 2231 quidem
1472 2195 1498 2222 in
1517 2196 1599 2222 Deum
1621 2199 1710 2230 speret

89 2240 198 2272 δόσεως.

931 2242 1045 2270 infit-iuri
1063 2241 1135 2269 istud
1154 2244 1252 2276 potest,
1265 2241 1317 2267 nisi
1331 2241 1353 2268 si
1368 2240 1414 2274 qui
1435 2240 1504 2266 forte
1519 2239 1584 2269 sint,
1596 2239 1642 2273 qui
1658 2239 1709 2266 sibi

90 2286 197 2312 fabulas
212 2285 378 2321 confingant,
391 2289 484 2312 etlam
501 2285 534 2312 ab
548 2284 670 2312 Ecclesia
694 2294 775 2321 quam
791 2287 825 2315 ab
839 2296 870 2315 ea
888 2288 1011 2315 doctrina
1027 2288 1081 2314 sint
1100 2287 1223 2318 exclusi,
1245 2293 1305 2321 qua:
1339 2293 1353 2312 a
1374 2285 1524 2319 majoribus
1547 2284 1650 2311 nostris
1677 2292 1708 2311 ex

89 2332 292 2367 prophetarum,
311 2333 386 2366 legis,
398 2334 582 2367 apostolorum
595 2338 620 2360 et
643 2335 870 2370 evangelislarum
889 2340 932 2363 est
946 2335 1107 2362 auctoritate
1123 2333 1232 2360 tradita.

123 2379 160 2406 Γ.
188 2380 268 2406 Ὥστε
293 2378 338 2406 οὖν
362 2381 478 2413 ἐκεῖνοι,
504 2383 717 2419 φιλονεικότερον
740 2384 768 2410 ὲν
788 2383 875 2418 τούτῳ

87 2424 264 2459 διλκείμενοι,
278 2425 356 2456 ἐκτὸς
376 2426 422 2452 καὶ
440 2427 516 2453 αὐτοὶ
537 2427 657 2462 βαίνουσι
675 2429 723 2464 τῆς
740 2429 810 2455 κατά
825 2428 874 2461 τὴν

88 2470 316 2505 ἐκκλησιαστικὴν
331 2471 458 2498 ὑπόθεσιν
471 2473 655 2508 παραδόσεως,
669 2474 718 2509 τῆς
730 2473 873 2500 πιστευούε

89 2524 138 2550 an;
153 2515 214 2542 κατ’
226 2515 316 2542 εἰκόνα
329 2516 378 2551 μὲν
389 2514 458 2544 εἶναι
478 2519 565 2545 πάντα
583 2519 735 2555 ἄνθρωπον,
758 2519 795 2555 μὴ
816 2519 872 2554 ὁρίι

87 2562 144 2594 ζειν
158 2562 187 2588 δὲ
203 2563 232 2588 ὲν
247 2562 315 2598 ποίῳ
328 2564 456 2591 τέτακται
473 2565 502 2590 τὸ
522 2566 582 2591 κατ’
596 2566 696 2597 εἰκόνα,
714 2566 783 2600 μήτε
799 2565 873 2600 ἐχόν-

86 2616 141 2634 των
167 2608 223 2645 τῶν
246 2608 373 2643 μυθωδῶς
401 2609 465 2644 περὶ
493 2610 595 2637 τούτων
625 2610 871 2645 διαλαμϐανόντων,

86 2651 135 2680 εἶτ’
153 2651 199 2679 οὖν
214 2653 396 2690 ἀρνουμένων,
415 2655 507 2688 δεῖξαι.
527 2656 558 2682 Οί
572 2657 621 2691 μὲν
635 2657 689 2691 γὰρ
705 2656 828 2690 λέγουσιν
843 2657 872 2682 ὲν

85 2701 118 2734 τῇ
135 2700 207 2735 ψυχῇ
228 2700 394 2735 πληροῦσθαι
417 2701 447 2726 τὸ
469 2701 527 2728 κατ’
543 2702 643 2733 εἰκόνα,
666 2701 820 2736 νομίζοντες
841 2701 872 2727 τὸ

85 2745 157 2772 κατὰ
186 2746 235 2781 τὴν
260 2746 349 2780 σάρκα
382 2746 460 2781 μόνον
490 2747 696 2781 συλλογίσασθαι
725 2747 869 2774 δύνασθαι”

123 2825 130 2839 ¹
149 2823 179 2852 1-⁷.
199 2825 262 2860 περὶ
279 2823 308 2850 δὲ
323 2820 364 2851 οὗ.
405 2825 415 2840 ²
434 2825 501 2852 Gen.
519 2833 538 2858 ι,
555 2825 600 2853 ‘26.
639 2825 649 2841 ’
666 2825 732 2853 Gen.
751 2834 780 2857 ιι,
797 2825 822 2851 7.

961 2381 1003 2410 ill.
1032 2381 1108 2409 Unde
1133 2388 1195 2408 cum
1218 2381 1244 2407 in
1270 2381 1319 2407 hac
1340 2383 1415 2414 parte
1434 2379 1547 2413 majore,
1563 2386 1643 2413 quam
1662 2386 1709 2414 par

923 2429 968 2461 sit,
984 2427 1168 2455 contentionis
1187 2426 1277 2454 studio
1301 2426 1444 2455 ducuntur.
1466 2424 1500 2451 ab
1525 2425 1708 2452 ecclesiastica

924 2472 1069 2500 traditione
1090 2479 1122 2499 ac
1141 2471 1263 2498 doctrina
1284 2470 1422 2498 recedunt.
1443 2469 1509 2502 Qua:
1534 2477 1595 2496 cum
1615 2478 1708 2498 onmes

923 2518 1046 2546 homines
1075 2518 1120 2545 Dei
1144 2517 1177 2545 ad
1203 2517 1347 2552 imaginem
1374 2520 1481 2543 creatos
1501 2523 1562 2543 esse
1581 2515 1708 2548 fateatur,

924 2564 1024 2590 nullam
1049 2567 1140 2590 tamen
1166 2566 1268 2597 partem
1294 2561 1397 2591 definit.
1426 2561 1452 2587 in
1480 2569 1532 2596 qua
1557 2560 1708 2589 isuusmoili

927 2609 1051 2644 imaginis
1074 2608 1145 2636 ratio
1166 2607 1325 2635 collocanda
1342 2607 1474 2634 videatur.
1497 2606 1551 2634 Sed
1577 2614 1627 2634 nec
1652 2607 1707 2635 isti.

925 2662 956 2682 ea
972 2655 1006 2682 de
1021 2662 1050 2681 re
1069 2653 1191 2681 fabulose
1210 2653 1310 2688 aliquid
1325 2656 1451 2680 asserunt
1468 2656 1515 2679 aut
1532 2655 1642 2685 negant,
1659 2651 1706 2677 de-

925 2705 1078 2728 monstrare
1088 2700 1225 2735 quidpiam
1236 2703 1359 2735 possunt.
1372 2698 1476 2727 Etenim
1490 2697 1623 2730 nonnulli,
1635 2696 1706 2732 quod

924 2747 958 2774 dc
973 2748 1090 2783 imagine
1103 2747 1211 2781 dicitur,
1229 2747 1320 2775 anima
1337 2747 1394 2782 ipsa
1409 2743 1636 2774 circumscribunt
1650 2752 1658 2777 ;
1682 2742 1706 2771 id
