1929 3039
199 168 252 197 Sili

903 164 932 191 S.
955 163 1124 191 EPIPHANII

1768 158 1823 188 3H

202 233 285 254 unum
304 224 367 257 rati,
389 225 462 260 quod
484 231 566 252 carne
585 226 741 252 concretum
763 227 815 255 est,
831 222 989 249 ratiocinari
1005 247 1007 253 ,

1061 222 1087 249 αὶ
1101 222 1151 248 οὐκ
1165 222 1253 249 ἴσασιν
1269 223 1294 249 οἰ
1312 223 1435 254 τοιοῦτοι,
1455 222 1496 249 ὅτι
1517 221 1547 248 τδ
1570 220 1640 247 κατὰ
1655 218 1745 254 ψυχὴν
1765 217 1827 244 συλ-

160 276 293 308 ”ζροεεθ.
311 270 395 307 815.
408 270 463 298 Nec
486 270 551 297 illud
580 269 743 303 intelligunt,
763 269 880 295 animam
904 268 990 302 ipsam
1018 268 1022 271 ”

204 326 275 350 esse,
289 325 349 352 qua:
373 316 568 349 ratiocinetur;
595 316 617 343 si
640 314 748 350 quidem
763 313 931 342 attendendae
946 321 992 340 ra-

205 365 394 392 tiocinationes
414 363 471 390 ista:
491 367 566 393 sunt,
587 366 614 389 et
642 370 696 389 non
723 361 814 396 potius
836 360 943 388 sincera
960 366 992 386 ac

204 408 321 444 simplici
338 412 429 435 mente
445 407 479 434 ad
504 407 586 435 Deum
603 411 710 442 oportet
726 405 865 439 accedere,
885 411 911 433 et
933 412 993 440 qua:

205 454 240 481 ab
253 462 285 481 eo
299 454 372 481 dicta
392 459 466 484 sunt.
492 461 542 488 pro
566 452 729 480 certissimis
749 451 868 483 credere,
885 451 992 478 tametsi

205 499 240 527 ab
261 507 294 526 eo
312 499 372 526 solo
389 499 497 534 cognita
517 499 583 530 sint,
610 498 654 525 cui
678 497 767 524 omnis
789 501 832 524 est
853 496 993 531 explorata

206 544 322 572 veritas:
342 544 403 570 aliis
420 544 508 579 placet
529 551 578 571 nec
604 544 630 570 in
647 543 737 570 anima
759 551 809 570 nec
835 543 862 569 in
882 550 994 578 corpore

205 598 266 618 esse
287 591 366 617 sitam
386 590 542 625 imaginem,
568 589 616 617 sed
641 589 698 616 sola
717 589 817 616 virtute
832 588 966 616 comineri
986 598 992 616 :

205 636 252 663 alii
277 644 331 662 non
352 636 490 668 virtutem,
510 635 557 663 sed
584 635 761 669 baptismum,
786 637 812 661 et
833 641 894 669 qua:
913 633 940 660 in
962 641 995 661 eo

206 682 356 713 conferlur,
373 681 486 717 gratiam
503 689 564 708 esse
589 684 722 708 statuunt.
743 679 829 712 Quam
856 680 909 706 illis
931 687 995 708 sen-

207 727 319 755 tentiam
339 727 440 754 dictum
464 726 529 753 illud
546 725 668 760 Apostoli
686 725 822 760 persuasit
837 735 843 752 :
861 725 995 758 Quemad-

207 774 314 799 modum
329 772 489 806 portavimus
504 772 644 806 imaginem
661 771 767 803 terreni,
778 775 912 802 portemus
929 771 996 797 ima-

208 819 292 853 ginem
308 822 333 845 et
347 817 458 846 crzlestis
485 818 504 845 '.
530 816 600 844 Sunt
614 817 660 851 qui
678 816 729 844 hac
745 816 873 851 opinione
895 815 996 850 rejecta

209 864 245 890 ita
263 864 380 891 sentiant
396 872 403 889 :
419 863 488 891 Olim
504 864 612 898 quidem
629 863 656 890 in
669 862 775 889 Adamo
787 861 907 889 divinam
923 861 996 888 illam

210 908 354 943 imaginem
367 908 516 940 exstitisse,
537 907 623 935 donec
645 907 673 934 in
689 910 829 941 peccatum
843 906 937 941 lapsus
951 913 995 932 ar—
1013 892 1033 919 Β

211 952 286 979 boris
314 952 402 980 fructu
427 956 687 986 vesceretur,aique
712 958 726 978 a
751 951 870 986 paradisi
897 950 997 977 ﬁnibus

212 997 455 1031 cxterminaretur;
474 1002 649 1033 posteaquam
671 1004 735 1024 vero
755 996 851 1031 pulsus
872 999 926 1028 est,
943 1000 997 1022 tum

212 1049 319 1070 omnem
334 1043 407 1069 illam
421 1043 565 1078 imaginem
582 1042 706 1078 periisse.
723 1040 819 1076 Magna
834 1045 875 1068 est
889 1040 1000 1068 omnino

211 1088 239 1115 in
263 1088 449 1123 coniingendis
478 1088 577 1116 fabulis
596 1087 735 1114 hominum
763 1085 896 1121 ejusmodi
922 1085 1002 1112 licen-

213 1134 260 1161 tia.
279 1133 383 1167 Quibus
397 1142 431 1162 ne
448 1134 481 1161 ad
499 1134 592 1161 horam
610 1133 719 1169 quidem
734 1131 831 1159 cedere
851 1135 959 1166 oportet
975 1131 1000 1164 ';

213 1185 240 1209 et
263 1183 371 1218 quidem
397 1190 450 1209 non
471 1182 530 1209 istis
550 1180 640 1211 modo,
665 1179 712 1206 sed
737 1185 786 1206 nec
806 1178 869 1211 illis,
888 1177 934 1212 qui
958 1177 1009 1205 hoc
1028 1184 1075 1206 aut
1099 1179 1144 1206 illo
1165 1183 1243 1213 pacto
1262 1179 1384 1206 sentiunt

1041 267 1187 301 λογίζεται,
1207 267 1233 294 εἰ
1254 267 1306 303 χρὴ
1333 267 1521 302 συλλογισμοῖς
1541 266 1699 301 προσέχειν,
1722 263 1770 290 καὶ
1791 262 1826 297 μὴ

1041 313 1138 345 ἁπλῶς
1155 313 1232 348 ἁπλῇ
1257 314 1291 348 τῇ
1318 313 1422 348 διανοίᾳ
1449 312 1509 347 Θεῷ
1533 311 1690 346 προσιέναι,
1723 309 1771 336 καὶ
1784 317 1828 335 πι-

1043 354 1158 390 στεύειν,
1172 359 1212 386 ὅτι
1231 359 1265 385 τὰ
1288 358 1341 385 ὑπὸ
1365 358 1432 384 Θεοῦ
1455 357 1586 392 εἰρημένα
1608 356 1682 383 ἐστὶν
1704 354 1827 390 ἀλήθεια,

1042 405 1116 439 αὐτῷ
1139 405 1167 431 δὲ
1191 405 1264 440 μόνῳ
1285 404 1443 439 ἐγνωσμένα
1466 403 1506 438 τῷ
1525 403 1573 438 τὴν
1594 403 1683 428 πᾶσαν
1703 400 1829 435 ἀλήθειαν

1044 451 1134 477 εἰδότι.
1151 451 1241 477 Ἄλλοι
1256 450 1284 477 δὲ
1297 450 1419 484 λέγουσιν
1433 449 1495 476 οὔτε
1514 450 1543 475 ὲν
1559 448 1642 483 ψυχῇ,
1657 447 1719 473 οὔτε
1737 448 1767 473 ὲν
1781 445 1831 472 σώ-

1046 505 1120 531 ματι,
1143 495 1211 522 ἀλλὰ
1231 495 1331 531 ἀρετὴν
1356 495 1425 522 εἶναι
1447 495 1477 522 τὸ
1502 494 1562 521 κατ’
1578 494 1685 520 εἰκόνα”
1701 492 1789 527 ἕτεροι
1805 491 1832 517 δὲ

1046 540 1178 574 φάσκουσι
1204 540 1241 575 μὴ
1264 538 1332 566 εἶναι
1348 540 1397 575 τὴν
1419 539 1528 575 ἀρετὴν,
1546 538 1614 565 ἀλλὰ
1638 537 1668 564 τὸ
1693 537 1832 572 βάπτισμα

1045 585 1131 612 καὶτὸ
1144 585 1266 620 χάρισμα
1277 585 1308 612 τὸ
1319 586 1347 612 ὲν
1355 585 1393 619 τῷ
1406 584 1580 619 βαπτίσματι,
1590 583 1668 618 δῆθεν
1679 583 1710 608 ὲκ
1727 581 1775 608 τοῦ
1789 583 1832 616 ρη-

1044 633 1091 659 τοῦ
1109 633 1156 659 τοῦ
1174 632 1318 668 εἰρημένου
1327 640 1333 647 ·
1344 632 1445 664 Καθὼς
1465 630 1650 665 ἐφορέσαμεν
1661 629 1720 663 τὴν
1731 628 1833 655 εἰκόνα

1044 680 1099 706 τοῦ
1112 678 1229 713 χοϊκοῦ,
1240 677 1412 713 φορέσωμεν
1425 677 1472 703 καί
1489 676 1546 709 τὴν
1559 675 1659 702 εἰκόνα
1673 673 1726 701 τοῦ
1745 674 1833 700 ἐπου-

1042 725 1149 759 ρανίου
1158 733 1165 739 ·
1177 723 1252 750 ἄλλοι
1267 723 1296 750 δὲ
1307 723 1387 750 πάλιν
1400 722 1479 749 τοῦτο
1499 722 1529 747 οὑ
1544 721 1692 756 βούλονται,
1707 718 1775 746 ἀλλὰ
1789 718 1834 744 θέ-

1010 797 1015 801 ,
1045 771 1121 796 λουσι
1141 769 1230 803 λέγειν
1252 769 1312 795 τότε
1338 769 1387 804 μὲν
1409 766 1478 794 εἶναι
1501 766 1531 792 τὸ
1552 766 1611 792 κατ’
1630 765 1722 792 εἰκόνα
1745 765 1774 790 ὲν
1796 762 1836 797 τῷ

1053 815 1148 850 Ἀδὰμ,
1165 815 1217 845 ἕως
1236 815 1280 841 δτε
1306 815 1335 840 ἐν
1358 814 1483 848 παρακοῇ
1505 811 1610 846 γέγονε,
1632 811 1679 836 καὶ
1699 809 1837 844 βέϐρωκεν

1047 859 1104 886 ἀπὸ·
1125 858 1173 885 τοῦ
1198 858 1287 890 ξύλου,
1301 858 1348 885 καὶ
1372 856 1509 892 ἐξεώσθη·
1541 856 1588 890 ἀφ’
1607 852 1637 882 οὗ
1657 854 1685 880 δὲ
1704 852 1836 887 ἐξεώσθη,

1049 904 1172 931 ἀπώλεσε
1195 904 1226 930 τὸ
1247 904 1306 930 κατ’
1328 903 1430 929 εἰκόνα.
1453 902 1509 928 Καὶ
1537 900 1620 936 πολλή
1645 908 1686 930 τις
1705 898 1765 925 εστὶ
1783 898 1838 924 τῶν

1050 951 1202 986 ἀνθρώπων
1225 949 1385 986 μυθοποιία·
1406 946 1446 980 οἷς
1465 949 1495 975 οὐ
1523 947 1576 983 χρὴ
1601 946 1660 973 οὐδὲ
1679 945 1746 981 πρὸς
1764 945 1840 980 ὥραν

1050 996 1130 1029 εἶξαι,
1148 996 1210 1023 οὗτε
1226 995 1341 1029 τούτοις,
1356 994 1418 1021 οὔτε
1435 994 1547 1024 ἐκείνοις
1565 993 1620 1023 τοῖς
1640 991 1750 1026 οὕτωςῆ
1768 989 1841 1016 οὕτω

1050 1043 1191 1076 λέγουσιν’
1213 1042 1271 1069 ἀλλ’
1288 1039 1357 1068 εἶναι
1380 1040 1429 1076 μὲν
1445 1038 1582 1066 πιστεύειν
1601 1039 1629 1064 ὲν
1648 1037 1686 1072 τῷ
1705 1036 1842 1070 ἀνθρώπῳ

1051 1088 1082 1114 τὸ
1108 1088 1168 1115 κατ’
1197 1087 1304 1119 εἰκόνα,
1333 1087 1362 1112 ὲν
1388 1085 1468 1112 παντὶ
1494 1084 1521 1110 δὲ
1551 1084 1686 1118 μάλιστα,
1716 1082 1762 1108 καὶ
1791 1082 1844 1115 οὐχ

1054 1133 1156 1164 ἁπλῶς.

1416 1187 1422 1204 :
1444 1177 1481 1204 ita
1505 1183 1585 1212 porro
1607 1173 1770 1202 credendum
1799 1179 1846 1202 est

214 1231 357 1266 imaginem
383 1229 410 1256 in
435 1227 544 1255 homine
566 1225 689 1261 reperiri,
705 1228 735 1251 ut
754 1224 781 1251 in
801 1228 857 1251 toto
877 1224 994 1252 maxime
1011 1232 1060 1252 nec
1075 1226 1234 1260 simpliciter
1263 1224 1390 1252 resideat.

249 1287 382 1314 Caeterum
396 1284 505 1312 ubinam
516 1283 562 1310 illa
577 1282 693 1309 maxime
704 1281 739 1308 sit
748 1285 775 1308 et
783 1288 835 1315 qua
845 1285 921 1315 parte
932 1287 1005 1307 com-

217 1331 411 1369 plealur,quod
426 1331 526 1357 dictum
544 1333 594 1359 est,
611 1329 644 1356 ad
664 1327 820 1362 imaginem,
835 1327 905 1353 Deus
920 1326 1004 1358 novit,

216 1378 263 1413 qui
289 1376 419 1412 singulari
435 1376 486 1402 hoc
508 1374 635 1408 imaginis
651 1381 706 1401 sua:
720 1372 851 1399 beneﬁcio
866 1371 1004 1398 hominum

217 1430 303 1459 genus
317 1422 422 1449 allicere
431 1421 525 1447 voluit.
537 1419 629 1454 Neque
643 1425 706 1446 vero
717 1418 787 1444 hanc
799 1417 843 1444 ille
856 1417 1007 1452 perdidisse

218 1468 354 1504 putandus
366 1470 424 1498 est,
435 1465 542 1492 tametsi
552 1465 610 1492 sine
620 1464 674 1491 ullo
683 1471 773 1490 rerum
784 1462 941 1490 discrimine
948 1469 1007 1497 gra-

218 1513 338 1541 vissimis
352 1520 381 1540 se
394 1511 542 1539 sceleribus
555 1510 712 1544 inquinans,
724 1508 822 1535 divinae
835 1507 900 1534 illud
912 1507 1006 1542 imagi—

1094 1281 1149 1308 Ποῦ
1163 1281 1192 1308 δέ
1207 1283 1292 1313 ἐστιν,
1315 1280 1332 1315 ἢ
1357 1279 1408 1306 ποῦ
1426 1278 1601 1313 πεπλήρωται
1616 1277 1647 1303 τὸ
1666 1276 1724 1303 κατ’
1741 1275 1846 1307 εἰκόνα,

1059 1326 1133 1361 αὐτῷ
1152 1325 1224 1361 μόνῳ
1246 1325 1378 1361 ἔγνωσται
1399 1324 1438 1359 τῷ
1457 1323 1526 1358 Θεῷ,
1548 1322 1617 1349 κατὰ
1638 1321 1718 1357 χάριν
1738 1320 1776 1354 τῷ
1795 1320 1848 1346 ἅν-

1176 1359 1360 1406 δώρησαμῖένῳ
1378 1368 1408 1395 τὸ
1431 1369 1490 1395 κατ’
1514 1366 1613 1393 εἰκόνα.
1636 1366 1702 1392 Οὔτε
1720 1365 1773 1400 γὰρ
1793 1366 1850 1391 άπ-

1060 1416 1159 1443 ώλεσεν
1172 1417 1186 1443 6
1201 1415 1343 1450 ἄνθρωπος
1359 1413 1390 1440 τὺ
1401 1414 1459 1440 κατ’
1475 1413 1566 1439 εἰκόνα
1576 1420 1582 1427 ·
1599 1410 1656 1437 ἀλλ’
1674 1411 1699 1437 εἰ
1713 1410 1767 1444 ἄρα
1783 1411 1850 1444 ὲχυ-

1060 1463 1159 1490 δαίωσε
1185 1462 1216 1487 τὸ
1241 1461 1300 1487 κατ’
1317 1460 1420 1490 εἰκόνα,
1443 1457 1558 1494 μολὺνας
1577 1456 1671 1483 ἑαυτὸν
1691 1456 1720 1481 ἐν
1736 1454 1850 1488 ἀδιαφό-

1063 1517 1118 1543 ροις
1132 1507 1275 1541 πράγμασι
1290 1506 1336 1532 καὶ
1355 1504 1514 1539 ἀνηκέστοις
1535 1501 1689 1537 ἁμαρτίαις.
1707 1500 1774 1525 Ἰδοὺ
1793 1499 1851 1534 γὰρ

218 1560 262 1587 nis
273 1558 356 1585 decus
370 1557 422 1584 vile
438 1556 628 1591 abiectumque
649 1554 805 1581 reddiderit.
820 1553 924 1587 Quippe
947 1557 1007 1587 post

1061 1553 1128 1589 μετὰ
1149 1553 1194 1579 τὴν
1211 1551 1296 1586 ’Δδὰμ
1318 1550 1356 1586 τῷ
1377 1549 1438 1576 Νῶε
1455 1549 1546 1583 λέγει·
1569 1546 1641 1574 Ἰδοὺ
1663 1544 1776 1572 δέδωκὰ
1798 1552 1852 1571 σοι

219 1605 351 1633 Adamum
363 1604 399 1630 ita
409 1602 479 1630 Deus
494 1601 624 1630 Noemum
638 1601 784 1635 alloquitur
797 1608 804 1627 :
815 1598 881 1626 Ecce
891 1598 950 1625 dedi
961 1598 1009 1624 tibi

218 1651 308 1680 omnia
323 1654 447 1684 tanquam
459 1648 530 1675 olera
544 1648 601 1682 agri
613 1655 621 1679 ;
637 1651 724 1673 macta
737 1651 762 1672 et
775 1644 887 1672 comede.
897 1644 1009 1671 Carnem

220 1705 277 1723 cum
286 1695 380 1722 anima:
387 1693 512 1729 sanguine
521 1701 552 1720 ne
558 1691 688 1723 comedas,
695 1691 818 1725 quoniam
825 1698 870 1724 ego
879 1689 1010 1723 requiram

220 1741 323 1768 animas
334 1745 443 1767 vestras.
461 1738 613 1772 Quicunque
626 1735 747 1770 effuderit
761 1735 914 1770 sanguinem
930 1732 1011 1759 Itami-

221 1787 262 1814 nis
277 1787 302 1813 in
318 1791 398 1816 terra,
413 1793 460 1818 pro
478 1783 556 1818 hujus
572 1783 699 1817 sanguine
713 1781 786 1807 illius
800 1779 908 1815 sanguis
924 1778 1010 1812 eﬂun-

221 1835 298 1859 detur
309 1839 319 1858 :
333 1839 362 1857 eo
379 1829 449 1865 quod
464 1829 498 1855 ad
513 1828 654 1863 imaginem
668 1826 718 1853 Dei
735 1825 864 1852 hominem
884 1824 990 1858 fecerim
1002 1830 1012 1850 :

221 1883 246 1905 et
275 1885 322 1912 ego
350 1876 483 1910 requiram
508 1873 661 1908 sanguinem
684 1877 798 1899 uestrum
824 1869 856 1896 ab
883 1877 912 1896 eo
941 1868 1013 1894 omni

223 1923 291 1957 quod
311 1921 434 1956 effuderit
460 1920 546 1954 ipsum
570 1926 647 1953 super
673 1917 769 1952 faciem
795 1921 872 1942 teme
894 1915 914 1942 ³.
931 1913 1014 1940 Vides

226 1973 255 1995 ut
272 1969 299 1995 in
317 1967 436 1998 homine,
452 1969 514 2000 post
534 1964 666 1991 decimam
685 1963 719 1990 ab
740 1962 842 1988 Adamo
863 1959 1015 1995 generatio-

226 2021 298 2046 nem,
327 2012 416 2046 imago
440 2009 487 2037 Dei
511 2008 712 2037 constituatur?
736 2006 808 2039 Quin
825 2005 907 2033 etiam
931 2004 1013 2031 David

228 2060 306 2094 longo
320 2060 415 2092 postea
431 2061 551 2090 tempore
566 2061 598 2081 ex
617 2053 705 2081 sancti
728 2052 847 2087 Spiritus
864 2049 954 2077 aiilatu
971 2057 1016 2076 ce-

227 2104 314 2132 cinit:
334 2102 462 2130 Universa
483 2100 587 2128 vanitas
612 2099 696 2126 omnis
721 2098 797 2125 homo
825 2097 910 2124 vivens
930 2095 950 2121 ⁸.
968 2095 1016 2122 Se-

227 2148 347 2176 cundum
374 2153 454 2182 quem
477 2144 623 2180 Apostolus
644 2152 650 2171 :
675 2143 719 2170 Vir
745 2151 847 2170 comam
875 2142 945 2169 alere
966 2149 1018 2169 non

228 2194 312 2226 debet,
328 2193 426 2228 inquit,
445 2200 504 2219 cum
520 2192 554 2219 sit
572 2191 659 2225 imago
675 2194 700 2216 et
714 2190 800 2226 gloria
820 2188 867 2216 Dei
881 2188 902 2216 ⁸.
922 2187 976 2215 Sed
991 2191 1019 2214 et

1061 1599 1159 1626 πάντα
1174 1598 1214 1631 ὡς
1232 1597 1351 1632 λάχανα
1372 1595 1479 1631 ἀγροῦ·
1502 1594 1608 1625 θῦσον,
1627 1591 1675 1619 καὶ
1697 1590 1782 1625 φάγε.
1800 1590 1854 1624 Μὴ

1062 1645 1138 1680 φάγε
1152 1644 1249 1678 σάρκα
1263 1643 1297 1670 ὲν
1311 1643 1410 1677 αἵματι
1427 1640 1548 1675 ψυχῆς·
1564 1639 1608 1666 ὅτι
1624 1637 1681 1672 ἐγὼ
1698 1635 1854 1680 ὲκζητήσω

1063 1679 1116 1722 τὰς
1136 1687 1238 1722 ψυχὰς
1261 1685 1355 1721 ὑμῶν.
1369 1685 1432 1717 Πᾶς
1447 1686 1462 1711 ὁ
1482 1683 1595 1719 ἐκχέων
1608 1680 1678 1716 αῖμα
1695 1679 1854 1713 ἀνθρώπου

1063 1735 1112 1761 ἐπὶ
1131 1733 1186 1768 τῆς
1200 1733 1267 1768 γῆς,
1282 1731 1348 1759 ἀντὶ
1364 1731 1415 1758 τοῦ
1433 1730 1556 1764 αἵματος
1574 1726 1667 1755 αὑτοῦ
1683 1724 1853 1758 ἐκχυθήσε-

1064 1788 1111 1806 ται
1131 1779 1164 1806 τὸ
1185 1776 1256 1813 αἷμα
1272 1777 1378 1804 αὐτοῦ·
1395 1776 1440 1802 ὅτι
1459 1776 1494 1801 ἐν
1513 1775 1606 1800 εἰκόνι
1630 1770 1704 1799 Θεοῦ
1723 1770 1855 1802 ἐποίησα

1065 1824 1118 1851 τὸν
1134 1824 1305 1858 ἄνθρωπον·
1320 1821 1369 1848 καὶ
1383 1820 1441 1855 ἐγὼ
1459 1819 1611 1853 ἐκζητήσω
1634 1817 1666 1843 τὸ
1680 1813 1752 1851 αἷμα
1771 1813 1855 1849 ὑμῶν

1065 1871 1099 1897 ἐκ
1111 1869 1225 1902 παντὸς
1237 1868 1290 1895 τοῦ
1306 1867 1464 1901 ἐκχέοντος
1477 1865 1550 1891 αὐτὸ
1562 1864 1612 1890 ἐπὶ
1628 1863 1791 1896 πρόσωπον
1800 1859 1855 1900 erit;

1067 1915 1132 1950 τῆς.
1148 1914 1203 1941 Καὶ
1219 1914 1294 1949 ὁρᾷς,
1310 1913 1350 1939 ὅτι
1364 1913 1393 1939 ὲν
1412 1911 1451 1946 τῷ
1464 1910 1598 1946 ἀνθρώπῳ
1617 1908 1725 1941 λέγεται
1746 1906 1778 1932 τὺ
1795 1906 1856 1931 κατ’

1067 1961 1158 1987 εἰκόνα
1179 1959 1248 1994 μετὰ
1268 1958 1383 1992 δεκάτην
1393 1956 1488 1991 γενεὰν
1502 1955 1549 1981 τοῦ
1569 1954 1614 1981 τὸν
1631 1953 1719 1987 Ἀδὰμ
1733 1951 1857 1984 πλασθῆ-

1068 2015 1128 2039 νειι;
1148 2005 1223 2040 Ι’Λμα
1246 2004 1276 2032 δὲ
1301 2004 1348 2031 καὶ
1366 2003 1446 2029 Δαϐὶδ
1473 2001 1541 2037 μετὰ
1558 1999 1641 2026 πολὺν
1664 1997 1759 2033 χρόνον
1783 1996 1858 2040 λέγει

1069 2039 1206 2086 Πνεύματι
1236 2050 1322 2085 ἁγιῳ·
1359 2048 1397 2076 Τὰ
1422 2048 1582 2082 σύμπαντα
1604 2043 1767 2079 μιιταιότης
1799 2039 1856 2072 πᾶς

1069 2097 1223 2130 ἅνθρωπος
1245 2095 1310 2125 ζῶν.
1329 2094 1410 2121 Ἀλλὰ
1429 2094 1476 2120 καὶ
1499 2091 1615 2126 καθεξῆς
1638 2088 1707 2125 μετὰ
1729 2087 1823 2114 τοῦτον
1845 2086 1859 2112 6

1077 2142 1234 2173 Ἀπόστολός
1253 2148 1352 2175 φησιν·
1375 2138 1466 2172 Ἀνὴρ
1486 2138 1540 2164 οὐκ
1557 2136 1669 2169 ὀφείλει
1694 2132 1802 2167 κομᾷν,
1821 2132 1853 2158 εὶ-

1071 2188 1132 2216 κὼν
1144 2189 1191 2215 καὶ
1209 2187 1283 2219 δόξα
1301 2185 1374 2213 Θεοῦ
1387 2184 1538 2218 ὑπάρχων.
1554 2180 1636 2208 Ἀλλὰ
1651 2179 1698 2207 καὶ
1713 2179 1782 2214 μετᾶ
1796 2177 1859 2204 τοῦ-

230 2222 388 2275 pastillum
412 2222 530 2264 Iacobus
555 2236 589 2264 de
616 2222 875 2270 linguavdisputans
892 2243 897 2260 :
916 2233 1007 2260 Malim

1071 2243 1117 2260 τον
1129 2232 1257 2264 Ίάκωὸος
1275 2232 1385 2265 φάσκει,
1407 2229 1494 2262 λέγων
1518 2227 1581 2262 περὶ
1601 2226 1649 2261 τῆς
1670 2223 1807 2258 γλώσσης,
1821 2222 1861 2248 ὃτι

229 2291 278 2315 est.
305 2284 403 2319 inquit,
430 2281 616 2314 intractabile,
644 2281 721 2316 plena
747 2288 841 2307 veneno
871 2278 1018 2313 mortifero.

229 2331 312 2366 815
341 2330 374 2357 In
402 2331 461 2364 ipsa
490 2329 663 2356 benedicimus
688 2327 771 2354 Deum
800 2331 825 2353 et
849 2325 974 2356 Patrem;
995 2329 1018 2351 et

231 2377 258 2402 in
281 2376 339 2409 ipsa
364 2374 546 2402 maledicimus
571 2373 731 2404 hominibus,
751 2373 795 2407 qui
820 2370 854 2398 ad
880 2370 1019 2404 imaginem

233 2421 281 2448 Dei
308 2421 373 2455 facti
395 2425 465 2448 sunt.
490 2419 550 2447 Non
574 2423 673 2453 oportet
699 2419 753 2446 haec
779 2419 817 2444 ila
834 2417 902 2452 ﬁeri,
923 2416 1019 2450 fratres

233 2467 283 2494 mei
299 2467 320 2493 ⁵.
338 2465 375 2492 Ex
394 2465 493 2500 quibus
508 2469 620 2500 apparet
633 2471 727 2491 eorum
740 2470 837 2489 vanam
859 2469 919 2489 esse
938 2461 1021 2488 ratio-

234 2519 294 2539 nem
310 2510 356 2545 qui
383 2509 519 2537 Adamum
539 2508 586 2536 Dei
613 2508 757 2543 imaginem
779 2506 905 2534 amisisse
927 2505 1023 2541 praedi-

234 2562 309 2586 cant.

273 2614 316 2641 Ν.
325 2613 429 2647 Quibus
437 2620 500 2640 vero
515 2611 617 2647 placu“.
624 2611 651 2638 in
666 2611 755 2637 anima
765 2609 880 2645 positam
888 2616 949 2636 esse
961 2607 1025 2634 ima-

234 2661 336 2696 ginem.
365 2660 437 2686 hunc
461 2659 489 2685 in
506 2657 615 2685 modum
633 2656 830 2683 ratiocinantur
846 2661 878 2680 ac
899 2661 960 2681 sese
977 2653 1024 2680 de-

235 2706 370 2735 fendunt:
388 2704 460 2739 quod
479 2707 507 2730 et
528 2701 700 2737 aspectabilis
724 2701 836 2727 minime
854 2700 890 2726 sit
915 2699 1027 2734 perinde

237 2758 269 2779 ac
287 2751 359 2778 Deus
375 2755 436 2782 est;
461 2749 534 2784 quod
557 2747 673 2784 agendi,
697 2746 835 2778 movendi,
861 2745 1027 2781 intelligendi

1079 2278 1298 2313 Ἀκατάσχετον
1320 2276 1426 2308 κακὸν,
1447 2272 1545 2309 μεστὴ
1574 2271 1619 2298 tot")
1642 2270 1861 2313 θανατηφόρου,

1078 2326 1125 2351 Ἐν
1142 2323 1220 2358 αὐτῇ
1241 2322 1426 2357 εὐλογοῦμεν
1441 2320 1492 2346 τὸν
1512 2318 1586 2345 Θεὸν
1603 2316 1652 2343 καί
1675 2313 1801 2347 Πατέρα,
1815 2312 1861 2338 καὶ

1071 2370 1107 2396 ἐν
1121 2369 1198 2403 αὐτῇ
1217 2367 1407 2402 καταρώμεθα
1421 2365 1491 2398 τοὺς
1508 2362 1693 2397 ἀνθρώπους,
1708 2359 1779 2391 τοὺς
1798 2358 1862 2403 xac'

1070 2415 1172 2441 εἰκόνα
1183 2402 1262 2441 θεοῦ
1276 2412 1443 2447 γεγονότας.
1465 2410 1505 2436 οὐ
1522 2408 1579 2442 χρὴ
1596 2406 1689 2434 ταῦτα
1706 2404 1801 2436 οὕτως
1821 2402 1862 2437 γι-

1071 2462 1187 2492 νεσθαι,
1205 2458 1330 2493 ἀδελφοί
1346 2467 1413 2491 μου.
1430 2456 1484 2483 Καὶ
1499 2455 1560 2490 ὅρα,
1579 2454 1620 2480 ὅτι
1636 2451 1765 2484 ἐξέπεσεν
1785 2449 1800 2474 6
1818 2448 1861 2474 λό-

1073 2515 1120 2540 γος
1140 2505 1194 2532 τῶν
1216 2504 1348 2538 λεγόντων
1365 2503 1410 2529 τὸν
1428 2501 1514 2536 Ἀδὰμ
1530 2500 1559 2526 τὸ
1575 2498 1635 2525 κατ’
1647 2497 1740 2524 εἰκόνα
1754 2493 1861 2521 ἀπολω-

1073 2551 1194 2579 λεκέναι.

1112 2609 1149 2635 Δ’.
1167 2607 1228 2634 Τῶν
1255 2606 1284 2632 δὲ
1314 2605 1395 2631 πάλιν
1417 2603 1559 2638 λεγόντων,
1577 2600 1626 2635 τὴν
1645 2597 1733 2633 ψυχὴν
1755 2595 1871 2623 εἶναιτὸ

1078 2654 1138 2680 κατ’
1162 2652 1263 2684 εἰκόνα,
1291 2653 1306 2677 6
1331 2651 1409 2684 λόγος
1429 2649 1486 2676 ἐστὶ
1503 2646 1604 2675 τοιόσδε
1627 2645 1672 2671 καὶ
1687 2644 1703 2678 ἡ
1719 2642 1863 2675 ἀπολογία

1080 2698 1153 2729 Ὅτι,
1166 2698 1258 2733 φησὶν,
1275 2697 1348 2723 ἐστιν
1359 2696 1482 2731 ἀόρατος,
1493 2694 1530 2725 ὡς
1545 2694 1560 2719 6
1573 2691 1637 2722 Θεός
1650 2691 1722 2716 ἐστιν
1737 2688 1865 2724 ἀόρατος·

1081 2744 1243 2780 ὲνεργητική
1263 2744 1332 2774 ἐστι,
1346 2742 1471 2777 κινητική
1487 2741 1556 2766 ἐστι.
1569 2735 1723 2770 διανοητική
1744 2735 1813 2766 ἐστι,
1829 2733 1865 2759 λο·

277 2851 378 2880 ‘lCor.
397 2860 439 2883 xv,
462 2851 495 2878 Η
543 2853 551 2867 ²
570 2850 628 2878 Gal.
644 2857 673 2883 ιι,
690 2851 717 2878 5.
755 2849 844 2875 ’Gcn.
864 2857 901 2881 ix,
919 2849 934 2874 5
948 2856 1007 2881 sqq.

1072 2846 1142 2873 [νεῖαι.
1162 2853 1251 2877 xxxvt,
1267 2845 1292 2871 6.
1331 2842 1364 2869 ⁸1
1379 2843 1442 2870 Cor.
1459 2851 1496 2874 XI,
1526 2842 1567 2869 Η.
1618 2840 1628 2854 ⁸
1641 2839 1699 2867 Jac.
1724 2845 1765 2869 ιιι,
1782 2836 1796 2864 3
1810 2843 1866 2870 squ].
