1929 3039
102 174 161 204 Ξὲδ

424 175 609 205 ADVERSUS
628 177 798 205 HIERESES
816 177 880 205 LIB.
900 177 943 205 ιΙΙ.
964 176 1047 205 TOM.
1067 177 1131 205 1.-
1144 177 1279 206 ll/ERES.
1300 177 1381 206 LXX.

1678 176 1732 205 546

102 233 216 269 γιστική
238 233 312 259 ἐστι·
333 233 380 260 καὶ
401 234 496 261 τούτου
524 235 604 262 ἕνεκα
625 236 693 272 αὐτή
714 237 771 264 ἐστι
787 237 817 263 τὸ
834 238 893 263 κατ’

947 244 977 264 ac
993 236 1170 264 ratiocinandi
1187 237 1232 264 ubi
1247 236 1358 271 praedita
1371 235 1407 263 sil.
1421 245 1427 263 :
1444 235 1504 263 ideo
1519 234 1574 262 haec
1589 233 1731 269 imaginem

102 279 210 310 εἰκόνα,
232 279 325 315 ἐπειδὴ
347 279 415 306 Θεὸν
436 281 482 307 ἐπὶ
500 281 552 316 γῆς
577 283 709 317 μιμεῖται,
734 283 847 309 κινοῠσέι
863 291 893 309 τε

102 325 153 351 καὶ
171 325 338 359 πράττουσα,
349 322 399 351 ’καὶ
418 325 502 352 τᾶλλα
521 327 646 356 ποιοῦσα.
657 327 761 363 ὅσαπερ
777 328 846 355 κατὰ
864 328 894 354 τδ

103 369 260 403 λογιστικὸν
276 370 390 406 πράττει
405 371 420 397 ό
439 371 590 406 ἄνθρωπος.
609 371 786 408 Εὐρίσκονται
801 373 828 398 δὲ
849 372 895 399 καὶ

103 412 178 442 οὗτοι
195 414 421 449 συλλογιζόμενοι.
438 416 492 441 Καὶ
504 415 558 452 γὰρ
574 417 597 442 εί
612 417 655 443 διὰ
671 416 756 444 ταῦτα
772 417 893 443 καλεῖται

104 461 166 486 κατ’
179 459 270 486 εἰκόνα
287 459 370 494 ψυχὴ,
392 460 483 487 οὐκέτι
504 461 614 488 δύναται
629 460 698 488 εἶναι
713 463 773 489 κατ’
792 462 892 489 εἰκόνα.

110 505 140 532 ὀ
166 505 222 540 γὰρ
242 505 308 536 Θεὸς
326 505 454 533 ἐπέκεινα
478 508 720 542 μυριονταπλάσιον
745 508 821 543 παρὰ
845 509 894 544 τὴν

103 550 206 584 ψυχὴν.
225 550 272 576 καὶ
288 549 328 575 ἔτι
346 550 533 585 περιττότερόν
550 552 622 578 ἐστιν
643 552 833 587 ἀκατάληπτος
847 553 894 579 καὶ

103 595 293 630 ἁπερινόητος,
307 595 396 622 πάντα
409 595 496 627 εἰδὼς,
512 596 545 622 τὰ
561 596 678 632 προόντα
704 598 750 625 καὶ
767 598 801 624 τὰ
821 607 893 633 παρ-

103 639 181 672 όντα,
195 639 242 666 καὶ
253 638 379 675 ὁρώμενα
396 639 443 666 καὶ
455 640 489 666 τὰ
509 640 546 676 μὴ
559 640 693 676 ὁρώμενα,
709 642 814 677 πέρατα
830 642 892 677 γῆς,

104 684 154 710 καὶ
175 684 316 719 πυθμένας
338 684 468 717 ἀϐύσσου,
493 686 566 720 ἄκρα
590 686 722 722 οὐρανῶν,
742 687 789 714 καὶ
805 689 893 715 πάντα

103 729 140 756 τὰ
157 730 232 762 ὄντα,
251 729 331 761 αὐτὸς
354 730 488 765 περιέχων
512 730 547 757 τὰ
569 731 668 763 πάντα,
684 733 729 758 ὑπ’
745 733 849 765 οὐδενὸς
865 734 893 760 δὲ

104 774 308 809 περιεχόμενος.
331 774 364 801 Ἦ
387 773 415 800 δὲ
442 774 514 810 ψυχὴ
541 776 697 811 περιέχεται
718 777 767 812 μὲν
787 778 816 803 ὲν
842 777 893 804 σώ-

106 829 181 855 ματι,
196 820 287 854 ἀγνοεῖ
300 820 329 847 δὲ
341 820 460 847 ἀϐύσσου
478 821 541 852 τοὺς
558 821 708 856 πυθμένας,
723 822 768 849 καὶ
787 824 894 850 ἐπίστα-

103 871 150 890 ται
173 863 203 889 τὸ
227 861 306 899 εὖρος
331 863 381 898 τῆς
405 864 475 899 γῆς,
501 864 624 900 τέρματα
649 867 698 901 τῆς
732 868 893 903 οἰκουμένης

944 283 1151 318 complectitur;
1183 282 1255 317 quod
1279 281 1428 312 movendo,
1447 279 1551 315 agendo
1573 286 1605 305 ao
1630 278 1732 311 reliqua

944 329 1034 356 omnia
1054 326 1216 363 praestando,
1239 334 1299 361 qua:
1323 326 1428 353 ratione
1450 326 1484 352 ab
1507 323 1662 351 hominibus
1685 330 1732 356 ge-

946 378 1052 406 runtur,
1068 373 1151 401 Deum
1167 373 1195 399 in
1210 373 1291 400 terris
1304 372 1435 398 imitetur.
1453 370 1506 398 Sed
1525 370 1569 397 isti
1590 368 1734 396 manifeste

944 420 977 447 ad
1000 420 1173 455 syllogismos
1196 417 1366 452 confugiunt.
1393 415 1460 443 Nam
1485 416 1507 443 si
1537 416 1677 449 propterea
1700 413 1732 440 ad

944 465 1090 500 imaginem
1117 463 1207 490 anima
1234 462 1304 489 facta
1328 461 1438 491 dicitur.
1463 460 1495 487 ad
1519 460 1662 494 imaginem
1679 457 1731 484 dici

944 510 1055 537 omnino
1071 516 1125 536 non
1140 512 1240 543 patest.
1264 506 1335 534 Deus
1355 506 1428 533 enim
1448 505 1560 533 inﬁnitis
1574 511 1628 539 pra;
1643 503 1733 530 anima

943 556 1077 591 partibus,
1103 561 1189 589 eoque
1219 552 1352 587 amplius.
1376 551 1644 584 comprehensionem
1674 557 1734 576 om-

943 608 1005 628 nem
1021 608 1055 628 ac
1071 599 1261 635 cogitationem
1283 596 1387 631 eﬂugil,
1409 600 1501 631 utpote
1521 595 1565 622 cui
1591 598 1734 629 prospecta

943 650 1007 674 sunt.
1034 645 1125 673 omnia
1151 649 1204 671 tam
1229 643 1368 679 praeterita
1391 649 1472 677 quam
1499 640 1653 676 praesentia.
1677 644 1733 665 tam

942 699 1002 726 qua:
1027 690 1163 722 videntur,
1184 696 1266 724 quam
1290 695 1350 723 quae
1373 687 1457 714 videri
1482 689 1631 720 nequeunt,
1655 690 1734 711 terra;

944 737 1022 770 ﬁnes,
1045 735 1185 771 profunda:
1208 735 1344 770 voraginis
1370 734 1434 766 ima,
1453 732 1603 760 cmlestium
1627 730 1733 757 orbium

943 788 1059 812 summa,
1077 780 1209 815 quidquid
1235 779 1351 814 denique
1373 778 1478 813 uspiam
1500 780 1552 803 est.
1580 776 1639 811 Ipse
1661 775 1733 801 enim

942 833 1004 853 cum
1019 825 1110 852 omnia
1126 824 1340 859 comprehendit,
1358 827 1415 850 tuin
1430 830 1445 849 a
1465 822 1539 849 nullo
1553 821 1735 855 comprehen-

942 870 1024 897 ditur.
1044 870 1203 897 Econtrario
1219 877 1282 896 vero
1315 869 1405 896 anima
1431 875 1544 902 corpore
1566 866 1733 896 continetur,

104 909 209 942 ἀγνοεῖ,
233 909 305 944 ἄκρα
327 909 447 944 οὐρανῶν
471 909 502 936 οὐ
529 911 684 946 κατείληφε,
708 913 778 939 πόσα
802 913 891 946 μέλλει

947 916 1032 950 abyssi
1059 915 1170 942 fundum
1202 915 1318 949 ignorat,
1343 918 1422 941 terra:
1459 912 1628 939 latitudinem
1654 915 1735 946 atque

105 953 228 984 ἔσεσθαι,
242 954 259 989 ἥ
274 954 338 981 πότε
351 954 464 989 γίνεται,
479 955 551 982 πόσα
566 964 596 982 τε
615 957 668 990 πρὸ
682 958 766 992 αὐτῆς
784 959 896 994 γεγένη-

104 1008 161 1029 ται.
182 1000 237 1026 Καὶ
258 1000 342 1026 πολλά
360 1001 417 1027 ἐστι
435 1000 499 1036 περὶ
522 1001 607 1036 αὐτῆς
625 1003 673 1029 καὶ
694 1003 748 1029 τῶν
767 1003 894 1030 τοιούτων

105 1044 204 1078 λέγειν.
222 1045 296 1080 ’Ἅμα
316 1045 343 1072 δὲ
366 1046 412 1072 καὶ¹
435 1048 584 1083 μερισμοὺς
604 1047 674 1082 ἔχει·
694 1047 760 1079 Θεὸς
779 1048 807 1075 δὲ
828 1049 896 1084 ἀμέ-

107 1090 199 1125 ριστός
225 1091 292 1116 ἐστι.
318 1092 387 1126 Φησὶ
413 1092 468 1127 γὰρ
493 1094 507 1119 ὁ
528 1093 706 1124 ,Ἅπόστολοςι
724 1093 789 1119 Ζῶν
805 1093 860 1128 τὰρ
879 1095 895 1121 ό

105 1135 197 1168 λόγος
213 1134 265 1161 τοῦ
281 1135 354 1162 Θεοῦ
371 1136 419 1162 καὶ
437 1136 570 1171 ἐνεργὴς,
581 1136 630 1163 καὶ
641 1137 803 1171 τομώτερος
819 1137 894 1170 ὑπὲρ

106 1178 211 1206 πᾶσαν
222 1180 372 1214 μάχαιραν·
389 1180 542 1216 δίστομον,
563 1181 611 1208 καὶ
627 1181 830 1216 διικνούμενος
841 1182 893 1217 μέ-

107 1233 156 1258 χρι
177 1225 324 1259 μερισμοῦ
337 1226 441 1260 ψυχῆς
461 1227 510 1254 καὶ
527 1225 664 1261 μυαιῶν·
692 1227 740 1253 καὶ
766 1228 895 1260 κριτικὸς

106 1269 302 1303 ἐνθυμήσεων
326 1271 375 1297 καὶ
397 1271 530 1298 ἐννοιῶν.
548 1271 602 1298 Καὶ
628 1272 683 1298 οὐκ
704 1271 771 1299 ἐστι
796 1273 894 1305 κτίσις

107 1314 227 1348 ἀφανὴς
247 1316 374 1343 ἐνώπιον
395 1317 497 1347 αὑτοῦ.
522 1317 621 1344 καὶτὰ
641 1316 716 1351 ἑξῆς.
740 1317 795 1343 Καὶ
816 1318 892 1353 ὁρᾷς,

107 1360 148 1385 ὅτι
160 1360 268 1387 διέπεσε
281 1361 326 1387 καὶ
340 1360 441 1388 τούτων
457 1363 471 1388 ὸ
487 1362 574 1396 λόγος.

945 960 1020 988 orbis
1044 960 1200 988 habitabilis
1226 959 1326 987 limites
1352 959 1456 991 nescit;
1472 959 1602 985 ccelorum
1628 965 1733 984 summa

946 1013 1000 1031 non
1013 1005 1179 1039 assequitur,
1190 1000 1354 1040 neque'quid
1371 1004 1492 1032 futurum
1505 1004 1551 1036 sit,
1566 1007 1612 1030 aut
1626 1003 1735 1038 quando

946 1049 1079 1082 futurum,
1095 1053 1141 1076 aut
1155 1057 1215 1084 qua;
1230 1053 1292 1077 ante
1308 1057 1336 1077 se
1348 1049 1404 1084 jam
1415 1050 1566 1077 exstiterint
1582 1041 1733 1083 cognoscit.

945 1095 985 1121 Ad
1002 1095 1059 1122 haec
1076 1095 1152 1130 plura
1175 1095 1228 1122 alia
1251 1099 1305 1122 tam
1324 1095 1358 1123 de
1382 1095 1426 1122 illa
1445 1103 1525 1130 quam
1541 1095 1574 1122 de
1586 1095 1692 1121 caeteris
1708 1093 1735 1120 id

946 1148 1031 1175 genus
1042 1148 1258 1168 commemorare
1269 1148 1424 1175 possumus.
1441 1139 1573 1167 Praeterea
1587 1147 1648 1166 cum
1663 1139 1734 1166 Deus

944 1186 1087 1213 divisionis
1108 1186 1197 1213 omnis
1220 1193 1317 1221 expers
1337 1186 1384 1217 sit,
1399 1186 1489 1212 anima
1516 1185 1574 1220 ipsa
1587 1185 1734 1216 dividitur;

944 1230 1015 1264 quod
1032 1229 1075 1256 his
1094 1226 1185 1257 verbis
1205 1229 1349 1264 Apostolus
1362 1228 1483 1256 indicat:
1507 1228 1583 1255 Vivus
1608 1232 1646 1254 est
1665 1227 1735 1253 enim

944 1283 1029 1302 sermo
1054 1275 1112 1307 Dei,
1132 1279 1156 1302 et
1172 1275 1272 1309 c/Iirax,
1296 1279 1321 1301 et
1343 1274 1530 1308 penetrabilior
1555 1273 1626 1300 omni
1645 1272 1736 1307 gladio

945 1321 1064 1354 ancipiti,
1080 1325 1104 1348 et
1120 1321 1267 1356 pertingens
1287 1329 1366 1355 usque
1381 1321 1415 1347 ad
1431 1321 1584 1347 divisionem
1600 1319 1696 1345 ani:in
1710 1322 1735 1344 et

946 1367 1183 1399 medullarumfet
1206 1366 1365 1401 disrcptator
1387 1367 1587 1401 cogitationum,
1607 1369 1631 1392 et
1650 1365 1736 1390 inten-

109 1408 207 1434 lienam
232 1408 329 1436 cordis.
355 1408 445 1444 Neque
465 1415 504 1437 est
530 1414 652 1438 creatura
677 1411 780 1438 occulta
804 1418 894 1437 coram
911 1413 967 1447 ipso
984 1415 1005 1446 ¹,
1020 1418 1074 1442 etc.
1099 1414 1137 1441 Ex
1165 1414 1265 1449 quibus
1289 1414 1416 1441 omnibus
1440 1414 1547 1440 illorum
1569 1412 1661 1448 opinio
1691 1418 1736 1438 re-

108 1453 220 1481 icilitur.

143 1499 181 1525 E’.
199 1499 253 1526 Καὶ
266 1499 318 1526 τῶν
331 1499 432 1536 [πάλιν]
449 1500 581 1535 λεγόντων
602 1501 633 1528 τδ
655 1502 734 1528 σῶιια
748 1499 817 1529 εἶναι
832 1503 893 1530 κατ’

982 1501 1013 1528 ν.
1032 1501 1086 1530 Nec
1103 1502 1194 1529 minus
1216 1507 1244 1529 et
1268 1502 1381 1528 aliorum
1406 1501 1552 1535 rejicienda
1576 1502 1709 1529 sententia
1726 1522 1734 1535 ,

108 1543 198 1570 εἰκόνα
207 1544 345 1571 διαπίπτει
355 1545 435 1571 πάλιν
447 1546 461 1571 ὁ
473 1545 559 1579 λόγος.
572 1545 633 1577 Πῶς
642 1546 696 1581 γὰρ
705 1547 815 1574 δυνατὸν
827 1546 894 1574 εἶναι

947 1548 993 1582 qui
1019 1555 1118 1582 corpus
1140 1547 1173 1574 ad
1195 1547 1338 1582 imaginem
1359 1546 1404 1574 Dei
1425 1554 1486 1574 esse
1513 1547 1613 1573 factum
1638 1547 1736 1582 praedi-

108 1587 138 1613 τὸ
151 1588 248 1622 ὁρατὸν
260 1588 300 1623 τῷ
314 1589 422 1625 ἀοράτῳ
436 1591 639 1625 παραπλήσιον;
655 1591 713 1624 πῶς
728 1593 758 1619 τὸ
775 1601 895 1628 σωματι-

947 1598 1017 1620 cant.
1029 1592 1098 1619 Nam
1113 1592 1158 1627 qui
1177 1593 1233 1619 ﬁeri
1248 1596 1347 1626 potest,
1364 1596 1404 1624 ut,
1420 1592 1491 1626 quod
1504 1592 1669 1626 aspectabile
1682 1597 1734 1625 est,

109 1633 156 1660 κδν
175 1633 214 1669 τῷ
237 1634 389 1670 ἀσωμάτῳ”
407 1635 466 1667 πῶς
482 1636 512 1662 τὸ
534 1636 605 1672 ἁφὴν
625 1636 684 1672 ἔχον
702 1637 741 1673 τῷ
759 1638 893 1674 ἀκαταλή-

110 1687 187 1715 πτῳ;
202 1679 322 1716 ὀρῶμεν
336 1680 389 1716 γὰρ
404 1681 483 1716 ἡμεῖς
497 1681 551 1708 ἀπὸ
561 1682 614 1709 τῶν
624 1682 776 1718 ἔμπροσθεν
783 1680 824 1714 οἷς
836 1683 896 1718 ἐχο-

112 1733 160 1759 μεν
177 1724 340 1760 ὀφθαλμοῖς,
360 1726 396 1752 τὰ
419 1727 533 1753 κατόπιν
549 1726 578 1753 δὲ
596 1727 754 1762 ἀγνοοῦμεν.
772 1728 817 1754 Ἐν
838 1727 897 1762 Θεῷ

109 1771 136 1798 δὲ
151 1772 182 1798 οὐ
197 1771 293 1803 πάθος,
304 1772 354 1798 οὐκ
367 1771 519 1807 ἐλάττωμα,
536 1772 572 1808 μὴ
585 1773 705 1806 γένοιτοῑ
719 1773 786 1800 ἀλλὰ
800 1783 898 1800 παντα‹

110 1815 188 1850 χόθεν
204 1815 261 1841 ἐστὶ
287 1815 359 1850 φῶς.
379 1816 545 1851 πανταχόθεν
566 1817 712 1852 ὀφθαλμὸς,
733 1818 897 1852 πανταχόθεν

110 1859 182 1892 δόξα.
198 1859 310 1894 Πνεῦμα
330 1860 366 1887 ὣν
381 1862 395 1887 ὸ
411 1861 486 1892 Θεὸς,
502 1862 548 1887 καὶ
562 1861 669 1897 πνεῦμα
691 1862 760 1897 ὑπὲρ
775 1863 895 1898 πνεῦμα,

111 1905 156 1931 καὶ
167 1905 225 1939 φῶς
236 1905 306 1940 ὑπὲρ
319 1906 371 1932 πᾶν
386 1905 453 1940 φῶς.
471 1906 562 1933 Πάντα
576 1906 631 1941 γὰρ
643 1907 675 1933 τὰ
692 1907 737 1933 ὑπ’
752 1907 833 1934 αὐτοῦ
850 1916 896 1942 γε-

111 1951 211 1987 νόμενα
241 1951 394 1978 ὑτοοὸέστξκε
422 1951 471 1988 τὴν
496 1953 578 1979 αὑτοῦ
606 1953 695 1985 δόξαν.
724 1953 799 1989 Μόνη
827 1953 855 1980 δὲ
881 1955 897 1990 ἡ

112 1997 196 2032 Τριὰς
223 1997 253 2023 ὲν
271 1997 444 2032 ἀκαταληψίᾳ
462 1998 510 2024 καὶ
545 1998 574 2024 ἐν
592 1998 658 2035 δόξῃ
681 1999 831 2034 ἀνεικάστῳ
852 1999 899 2026 καὶ

112 2041 307 2076 ἁκαταλήπτῳ.
333 2042 393 2067 Τῶν
416 2041 444 2068 δὲ
469 2042 550 2069 πάλιν
572 2042 705 2077 λεγόντων
732 2044 781 2079 τὴν
799 2045 899 2080 ἀρετὴν

112 2086 183 2114 εἶναι
197 2087 255 2114 κατ’
275 2087 377 2118 είκόνα,
399 2087 484 2123 ἀρετὴ
500 2088 529 2114 δὲ
548 2088 612 2115 ἄνευ
629 2089 751 2124 φυλακῆς
767 2090 900 2125 ὲνταλμά-

111 2140 165 2159 των
178 2133 209 2159 οὺ
221 2132 331 2160 δύναται
346 2131 423 2159 εἶναι.
441 2133 535 2160 Πολλοὶ
548 2133 576 2160 δὲ
591 2135 619 2160 ἐν
631 2134 714 2170 ἀρετῇ
725 2134 899 2170 διαφερέστε-

115 2185 155 2212 ροι
169 2176 301 2212 ἀλλήλων.
319 2177 433 2212 Ἀρετῆς
450 2177 504 2213 γάρ
520 2178 594 2205 ἐστιν
620 2178 678 2213 εἴδη
704 2178 798 2206 πολλὰ.
819 2179 898 2206 Οἶδα-

945 1639 969 1666 ci
981 1639 1069 1666 simile
1084 1639 1129 1669 sit,
1141 1637 1213 1672 quod
1225 1636 1310 1664 videri
1326 1645 1379 1663 non
1394 1640 1492 1671 potest,
1508 1643 1555 1664 aut
1571 1645 1733 1672 corporeum

949 1683 1071 1718 corporis
1097 1683 1211 1717 experti,
1236 1686 1283 1708 aut
1304 1682 1374 1716 quod
1400 1682 1563 1708 contrectari
1590 1686 1688 1716 potest.
1710 1682 1735 1709 ci

948 1727 1018 1762 quod
1040 1726 1205 1762 apprehendi
1231 1726 1342 1760 nequit?
1362 1725 1495 1753 Praeterea
1522 1734 1573 1753 nos
1598 1726 1734 1753 anteriora

947 1773 1077 1800 duntaxat
1093 1771 1180 1799 oculis
1207 1771 1308 1798 uestris
1336 1771 1483 1801 cernimus,
1504 1778 1563 1805 quae
1584 1779 1654 1806 pone
1671 1775 1735 1798 sunt

948 1818 1112 1852 ignoramus.
1125 1817 1211 1844 Penes
1226 1816 1309 1844 Deum
1325 1820 1425 1846 auletn,
1441 1823 1527 1851 neque
1542 1816 1647 1843 aiYectio
1663 1816 1730 1848 ulla,

948 1870 1036 1898 neque
1059 1862 1180 1890 defectus
1202 1866 1255 1895 est,
1281 1862 1327 1889 sed
1353 1861 1532 1896 undecunque
1546 1861 1629 1896 816
1643 1862 1734 1888 lumen

947 1912 998 1941 est,
1021 1908 1201 1942 undecunque
1222 1907 1326 1938 oculus,
1343 1906 1522 1941 undecunque
1537 1906 1621 1941 gloria
1650 1906 1735 1940 Spiri-

949 1958 991 1981 tus
1007 1953 1078 1980 cnim
1094 1953 1165 1980 Dcus
1180 1956 1234 1985 est,
1249 1952 1294 1987 qui
1310 1960 1417 1979 omnem
1433 1951 1558 1986 spiritum
1575 1955 1732 1984 exsuperet,
1765 1972 1768 1974 .

947 2003 974 2026 et
995 1999 1040 2025 lux
1063 1998 1122 2025 luce
1140 1999 1214 2025 omni
1236 1998 1415 2033 praestantior.
1442 1996 1578 2031 Quidquid
1605 1997 1677 2024 enim
1703 1997 1737 2023 ab

949 2043 1007 2076 ipso
1031 2042 1168 2070 conditum
1192 2048 1242 2074 est,
1269 2041 1339 2069 infra
1363 2042 1435 2068 illius
1457 2041 1540 2068 decus
1563 2048 1595 2068 ac
1620 2041 1734 2075 gloriam

948 2092 1000 2115 est.
1017 2087 1081 2115 Sola
1097 2095 1161 2116 vero
1173 2087 1293 2115 Trinitas
1312 2086 1503 2122 comprehendi
1524 2094 1577 2113 non
1595 2090 1692 2120 potest,
1710 2090 1737 2112 et

949 2133 1081 2160 inﬁnitam
1097 2133 1241 2168 quamdam
1261 2134 1374 2167 gloriam
1390 2133 1505 2162 obtinet,
1523 2139 1583 2166 qua:
1602 2138 1650 2158 nec
1670 2138 1737 2157 con-

947 2179 1052 2213 ject‘ura
1076 2179 1192 2213 capitur,
1215 2186 1265 2204 nec
1287 2177 1461 2211 intelligentia
1482 2175 1640 2210 percipitur.
1658 2174 1735 2207 Quod

114 2231 163 2256 μεν
177 2222 233 2257 γὰρ
248 2222 324 2249 αὐτοὶ
344 2223 391 2249 καί
411 2231 486 2255 τινας
504 2223 557 2249 ἀπὸ
576 2223 749 2258 ὁμολογητῶν
768 2224 895 2259 ὑπάρχον-

952 2225 985 2252 ad
1009 2224 1069 2251 illos
1089 2231 1152 2251 vero
1177 2223 1303 2258 pertinet,
1320 2223 1365 2258 qui
1386 2223 1412 2249 in
1431 2222 1529 2248 virtute
1550 2221 1734 2247 conditionem

111 2275 171 2298 τας,
187 2267 284 2299 οἵτινες
299 2267 402 2294 ἑαυτῶν
424 2267 454 2294 τὺ
476 2268 555 2303 σῶμα
567 2267 698 2294 δεδώκασι
717 2268 765 2295 καὶ
783 2268 832 2304 τὴν
846 2268 897 2303 ψυ-

113 2312 163 2348 χὴν
190 2313 260 2348 ὑπὲρ
286 2312 333 2339 τοῦ
354 2313 457 2340 ἑαυτῶν
478 2313 612 2341 Δεσπότου
639 2314 669 2340 ὲν
697 2314 826 2349 ὁμολογίᾳ
850 2314 897 2340 καὶ

113 2357 209 2392 ἁγνείᾳ
234 2357 445 2389 διατελέσαντες,
470 2357 560 2384 πίστιν
574 2366 603 2383 τε
619 2357 804 2392 ἀληθεστάτην
816 2358 898 2393 ἐκτή-

114 2412 205 2435 σαντο,
232 2404 357 2439 εὐσεὸείᾳ
381 2403 558 2439 διενηνόχασι,
574 2403 762 2439 φιλανθρωπίᾳ
784 2404 831 2430 καὶ
853 2404 898 2430 εὐ-

112 2449 219 2484 λαϐείᾳ,
237 2449 266 2475 ἐν
286 2448 422 2483 νηστείαις
434 2456 463 2474 τε
484 2448 587 2483 διῆξαν,
600 2448 648 2474 καὶ
662 2449 690 2474 ἐν
709 2448 783 2485 πάσῃ
798 2448 898 2482 ιὶγαθό⁴

113 2502 184 2529 τητι,
207 2493 254 2520 καὶ
273 2493 303 2519 ὲν
326 2493 425 2528 ἀρετῆς
447 2493 615 2528 τεκμηρίοις.
635 2493 794 2528 Συμϐέὸηκε
809 2493 838 2520 δὲ
852 2493 900 2519 αὺ-

114 2538 176 2568 τοὺς
191 2537 262 2572 ἔχειν
276 2537 428 2572 ἐλάττωμα,
444 2538 503 2573 ἦτοι
528 2537 671 2573 λοιδόρους,
686 2538 745 2573 ἦτοι
768 2537 901 2573 ὀμνύντας

115 2583 143 2608 ὲν
161 2582 274 2617 ὀνόματι
291 2581 370 2614 Θεοῦ,
385 2582 401 2617 ἤ
415 2580 484 2609 εἷναι
501 2581 643 2617 μυθώδεις,
661 2582 677 2617 ἢ
692 2583 899 2616 ἀγανακτικοὺς,

115 2628 132 2662 ἢ
149 2627 205 2661 βίον
221 2626 369 2663 κεκτῆσθαι
384 2627 485 2662 χρυσοῦ
506 2627 552 2653 καὶ
573 2627 709 2662 ἀργύρου,
732 2627 779 2654 καὶ
802 2627 900 2659 ἄλλων,

116 2674 195 2700 ᾰτινα
215 2673 311 2708 ἐλλιπῆ
350 2675 467 2700 ποιεῖται
495 2673 545 2707 τῆς
574 2673 673 2708 ἀρετῆς
696 2672 730 2699 τὰ
754 2672 848 2707 μέτρα.
868 2672 900 2698 Τί

114 2716 162 2744 οὖν
184 2719 323 2753 είπωμεν;
352 2719 388 2744 Τὸ
415 2718 462 2753 μὲν
483 2718 644 2744 κατέἰκόνα
665 2717 710 2744 διὰ
732 2717 781 2753 τὴν
802 2717 900 2753 ἀρετὴν

114 2763 274 2799 ἐκτήσαντο,
290 2764 334 2790 διὰ
345 2763 374 2790 δὲ
392 2764 427 2790 τὰ
450 2763 527 2798 ὀλίγα
548 2763 703 2799 ἀνθρώπινα
717 2762 771 2790 τῶν
786 2763 901 2790 ἐλαττω-

155 2841 255 2869 ιιιθιπ.
275 2850 312 2873 ιν,
334 2841 375 2873 li,
392 2841 435 2869 l3.

948 2269 1021 2296 illam
1037 2268 1162 2303 imaginis
1177 2268 1321 2299 collocant,
1341 2275 1375 2294 ne
1398 2267 1434 2293 illi
1456 2266 1564 2301 quidem
1584 2269 1657 2292 recte
1673 2273 1737 2293 scn-

949 2314 1030 2341 tiunt.
1054 2313 1120 2340 Nam
1144 2314 1231 2341 virtus
1254 2313 1314 2340 sine
1336 2313 1524 2340 mandatorum
1546 2312 1738 2339 observatione

950 2359 1100 2387 consistere
1120 2366 1173 2385 non
1191 2362 1288 2393 potest.
1313 2357 1365 2385 Sed
1386 2362 1412 2384 et
1436 2357 1533 2384 virtute
1554 2357 1673 2392 plerique
1696 2357 1737 2383 in—

952 2406 1038 2433 vicem
1060 2404 1235 2436 anteccllunl,
1256 2404 1327 2438 quod
1350 2403 1458 2430 virtutis
1480 2410 1578 2438 genera
1602 2402 1657 2429 sint
1677 2409 1738 2437 per-

953 2449 1049 2478 multa.
1061 2448 1100 2476 Ac
1118 2456 1168 2476 nos
1182 2447 1327 2475 nonnullos
1347 2455 1362 2475 c
1377 2447 1580 2474 roul‘essoribus
1595 2447 1737 2478 novimus,

953 2493 1000 2528 qui
1015 2500 1114 2528 corpus
1129 2497 1157 2520 et
1172 2492 1291 2519 animam
1306 2499 1355 2526 pro
1368 2490 1482 2518 Domino
1493 2499 1544 2518 suo
1558 2491 1738 2523 tradiderunt,

953 2543 980 2566 et
995 2539 1021 2566 in
1038 2538 1211 2565 confessione
1229 2545 1260 2564 ac
1285 2536 1446 2564 castimonia
1462 2540 1666 2571 perseverantes
1682 2537 1740 2563 sin-

953 2584 1122 2612 cerissimam
1135 2583 1214 2610 ﬁdem
1229 2583 1281 2610 sibi
1299 2586 1504 2617 compararunt,
1521 2590 1552 2609 ac
1567 2583 1676 2618 pietate,
1693 2582 1740 2608 Ιιιι-

953 2629 1094 2661 manitate,
1111 2628 1240 2664 religione
1248 2628 1449 2662 praestiterunt;
1467 2628 1493 2654 in
1508 2627 1619 2662 jejnniis
1636 2626 1738 2653 assidui

953 2674 1079 2706 luerunt;
1095 2673 1123 2700 in
1136 2673 1210 2700 omni
1223 2673 1340 2708 denique
1349 2673 1481 2706 probitate
1489 2680 1521 2699 ac
1536 2670 1642 2698 virtutis
1650 2671 1736 2705 speci-

954 2719 1026 2745 mine
1033 2717 1191 2745 ﬂoruerunt.
1204 2717 1285 2745 Iidem
1294 2722 1384 2745 tamen
1394 2718 1459 2744 vitio
1466 2718 1556 2752 aliquo
1562 2715 1656 2743 suﬂ‘usi
1663 2719 1738 2747 sunt,

955 2767 1037 2790 utaut
1047 2763 1074 2792 in
1082 2763 1205 2792 convicia
1214 2764 1392 2798 procliviores
1403 2766 1505 2796 essent,
1520 2766 1567 2791 aut
1576 2762 1621 2790 Dei
1640 2768 1740 2790 nomen
