1929 3039
196 163 250 190 M7

898 161 928 189 S.
952 161 1122 189 ΕῘἾΡΙΙΑΝΙΙ

1768 162 1820 191 548

188 222 355 255 dejerarent.
378 223 426 246 aut
451 218 623 254 loquaciores
649 222 751 250 essent,
769 222 817 245 aut
835 217 977 246 iracundia

1039 220 1122 247 ιάτων
1142 220 1218 256 παρὰ
1241 220 1333 257 σχῆμα
1347 217 1418 248 εἶναι
1433 220 1482 256 τὴν
1496 219 1598 251 εἰκόνα.
1610 220 1656 247 καὶ
1670 220 1762 247 οὐκέτι
1777 229 1819 246 τε-

189 266 318 303 prompti,
327 270 374 293 aut
383 273 480 292 aurum
488 268 662 300 argentumve
669 263 850 299 possiderent,
858 268 905 291 aut
913 265 975 292 aliis

188 313 307 348 denique
333 311 460 339 sordibus
483 310 697 342 obsolescerent,
717 317 778 346 quae
796 310 920 337 nonnihil
938 309 972 338 de

187 357 262 390 justa
287 356 395 383 virtutis
417 362 544 384 mensura
570 355 728 382 detrahunt.
747 355 783 382 De
795 355 895 390 quibus
912 354 977 390 quid

190 401 299 427 tandem
313 399 413 426 dicturi
427 399 588 427 sumus?An
598 400 658 427 illos
673 399 798 434 imaginis
811 399 896 426 decus
913 398 978 426 illud

192 454 243 473 sua
254 446 305 473 sibi
323 445 421 472 virtute
437 445 586 480 quasisse;
598 445 645 472 sed
663 448 774 479 propter
793 445 927 472 humanos
935 445 982 471 ali-

193 499 263 526 quos
270 498 360 518 nazvos
371 491 533 525 haneipsam
541 491 685 525 imaginem
696 490 786 525 specie
793 495 873 517 tenus
885 490 920 518 ab
928 491 982 518 illis

194 537 261 571 geri.
287 543 338 563 nec
367 535 516 570 perfectam
546 530 908 570 absolutamque'retineri?
937 535 983 562 Sic

195 583 302 609 illorum
317 582 429 616 explosa
449 582 583 609 sententia
598 585 650 609 est.
670 581 729 608 Jam
744 589 808 609 vero
823 581 869 615 qui
891 581 918 608 in
935 581 985 608 ba-

196 628 296 662 ptismo
313 627 403 655 inesse
424 627 519 654 dicunt
542 627 696 662 imaginem,
710 626 883 654 vehementer
904 626 985 654 aber-

196 676 265 698 rant.
281 671 348 698 Nam
365 679 414 699 nec
432 671 566 698 Abraham
580 671 713 706 baptismo
728 671 851 698 initiatus
866 675 919 704 est,
934 679 986 700 nec

189 719 273 748 Isaae.
288 725 376 752 neque
399 716 495 748 Jacob,
518 725 567 744 nec
585 717 666 750 Elias,
688 725 777 752 neque
801 717 917 752 Moyses,
933 725 984 745 nec

1028 266 1103 293 λείαν
1118 266 1166 302 τὴν
1187 267 1216 292 ἐν
1240 266 1333 298 αὐτοῖς
1355 266 1468 299 staﬁva;
1492 266 1539 293 καὶ
1561 265 1642 292 πάλιν
1662 266 1786 293 διέπεσεν
1803 266 1820 292 ό

1029 311 1132 339 τούτων
1150 311 1237 346 λόγος.
1256 311 1316 338 Τῶν
1337 312 1366 338 δὲ
1387 311 1467 338 πάλιν
1485 310 1616 345 λεγόντων
1635 310 1665 337 τὸ
1680 311 1820 345 βάπτισμα

1031 355 1101 384 εἶναι
1121 357 1182 384 κατ’
1203 357 1305 390 sinon,
1318 357 1385 384 πολύ
1408 366 1434 384 τι
1453 357 1593 384 διαπίπτει
1613 358 1628 383 ὁ
1648 357 1736 390 λόγος.
1753 356 1821 383 Οὔτε

1033 402 1087 437 γὰρ
1106 401 1230 437 Ἀϐραὰμ
1255 401 1317 436 ἔσχε
1338 402 1369 428 τὸ
1388 401 1538 436 βάπτισμα,
1561 401 1622 427 οὔτε
1640 401 1742 432 Ἰσαὰκ,
1760 400 1820 427 οὗτε

1041 445 1147 478 Ἰακὼϐ,
1166 446 1227 473 οὔτε
1247 447 1350 478 Ἠλίας,
1368 446 1429 473 οὔτε
1450 447 1578 482 Μωῦσῆς,
1597 446 1658 473 οὕτε
1678 447 1702 473 oi
1723 447 1821 482 πρότε-

1036 500 1082 528 ρον
1095 493 1160 528 περὶ
1174 492 1234 518 Νῶε
1247 492 1294 518 καὶ
1307 491 1403 527 Ἑνὼχ,
1419 491 1480 518 οὔτε
1502 493 1525 518 οί
1549 492 1611 527 περὶ
1631 493 1694 523 τοὺς
1716 493 1822 527 προφή-

1035 546 1094 570 τας,
1113 538 1225 564 Ἡσαΐαν
1250 538 1297 564 καὶ
1317 538 1380 569 τοὺς
1402 537 1527 572 καθεξῆς.
1545 537 1577 564 Τί
1595 535 1655 568 οὖν;
1676 535 1731 572 ἆρα
1749 538 1822 564 ἐκεῖ·

1037 590 1077 608 νοι
1094 582 1143 608 οὐκ
1159 582 1249 617 έχουσι
1265 582 1296 608 τὸ
1313 582 1372 608 κατ’
1387 581 1496 613 είκόνα;
1520 581 1574 607 Καὶ
1594 581 1676 615 πολλή
1694 589 1737 611 τις
1760 580 1820 606 ἐστὶ

1037 628 1106 663 πρὸς
1119 628 1228 659 τούτους
1242 628 1258 662 ή
1274 627 1421 660 ἀντιλογία,
1445 626 1539 661 ὥσπερ
1555 626 1616 657 τοὺς
1639 626 1703 660 περὶ
1717 625 1821 657 Αὗδιον,

1037 672 1195 706 φιλονείκως
1216 671 1355 708 ὁρίζοντας
1378 670 1448 699 εἶναι
1468 673 1497 699 ἐν
1515 672 1553 708 τῷ
1582 672 1687 707 σώματι
1706 672 1736 698 τὸ
1761 672 1820 698 κατ’

1036 719 1138 745 εἰκόνα.

193 762 362 797 antiquiores
380 763 433 789 illis
450 761 507 789 Noe
522 766 548 789 et
565 762 666 792 Henoc.
683 770 771 797 neque
787 763 935 798 prophetae,
970 768 998 791 ut
1029 764 1124 797 Isaias,
1144 768 1172 792 et
1198 765 1299 792 cmteri.
1324 764 1394 797 Quid
1418 763 1518 798 igitur!
1542 764 1581 790 An
1608 763 1751 798 imaginem
1774 763 1813 790 illi

193 806 240 834 Dei
262 815 315 834 non
339 807 509 835 habuerunt?
536 807 630 843 Magna
654 809 732 835 nobis
759 813 980 844 argumentorum
1007 810 1138 839 adversus
1156 811 1217 839 illos
1233 811 1311 846 copia
1328 814 1380 843 est,
1397 813 1470 838 utet
1486 814 1581 837 contra
1612 810 1740 842 Audium,
1767 809 1815 844 qui

193 853 336 887 imaginem
353 853 380 880 in
394 860 508 888 corpore
522 853 610 881 inesse
623 854 769 888 pertendit.

231 897 273 924 VI.
294 898 352 924 Alia
367 902 432 925 sunt
450 898 601 933 Scriptura:
621 899 788 932 testimonia,
802 907 863 934 qua:
877 899 911 926 ab
930 899 984 926 Au-

1070 898 1115 933 q'.
1128 899 1241 933 Φέρουσι
1257 898 1285 925 δὲ
1300 899 1346 925 καὶ
1364 898 1446 929 ἄλλας
1465 897 1541 929 τινας
1562 898 1712 933 μαρτυρίας
1727 898 1753 924 οι
1772 899 1824 925 αὐο

193 942 283 970 dianis
296 942 456 970 eﬂ‘eruutnr.
474 942 549 970 Velut
563 952 569 970 :
591 943 668 971 Oculi
684 943 790 970 Domini
805 946 831 971 in
843 952 981 979 pauperem

195 989 346 1021 respiciunt,
361 993 386 1014 et
403 996 480 1014 aures
505 988 561 1023 ejus
582 989 608 1015 in
633 996 721 1022 preces
743 996 834 1016 eorum
850 989 876 1022 ¹;
895 989 982 1018 item:

196 1032 292 1060 Manus
313 1033 418 1060 Domini
431 1033 492 1067 fecit
515 1033 570 1060 lucc
594 1034 680 1060 omnia
695 1034 720 1066 ’;
743 1039 771 1061 et
787 1043 794 1061 :
813 1033 906 1061 Nonne
923 1043 981 1061 ma-

194 1086 243 1104 nus
266 1086 323 1105 mea
346 1078 408 1112 fecit
433 1078 488 1104 [nec
508 1079 614 1109 omnia,
631 1087 646 1105 ο
665 1078 740 1105 dum
767 1079 873 1106 ceruicis
900 1079 984 1106 homi-

194 1131 239 1150 nes
256 1124 282 1149 '?
296 1124 358 1150 item
374 1132 380 1150 :
397 1123 497 1151 Ctelum
515 1123 578 1150 mihi
592 1124 665 1150 aedes
679 1129 728 1156 est,
744 1129 769 1151 et
788 1129 858 1151 terra
879 1124 983 1151 scabel-

195 1177 249 1195 tum
263 1168 356 1203 pedum
372 1177 488 1195 meorum
502 1169 524 1199 ⁵,
537 1176 569 1195 ac
585 1169 698 1204 reliqua,
713 1177 774 1204 qua:
797 1169 830 1196 ad
842 1177 903 1197 eum
925 1177 984 1196 mo-

195 1214 260 1239 dum
277 1213 310 1239 de
326 1212 380 1240 Deo
397 1214 498 1248 scripta
516 1218 590 1241 sunt.
606 1213 750 1246 Prmterea,
770 1213 829 1241 Vidi
844 1213 985 1241 Dominum

195 1257 277 1292 81⁸1
291 1259 452 1284 exercituum
469 1258 600 1285 sedentem
616 1259 642 1284 in
665 1258 757 1285 throno
777 1259 878 1286 excelso
893 1263 917 1286 et
931 1259 985 1286 ele-

197 1309 267 1328 vato.
285 1301 318 1328 Et
332 1307 388 1328 erat
402 1307 480 1336 caput
495 1303 552 1337 ejus
570 1308 693 1338 tanquam
714 1303 776 1330 lana
790 1303 862 1336 alba,
877 1308 902 1331 et
919 1304 986 1330 umi-

197 1352 254 1374 ctua
267 1347 324 1380 eius
343 1348 410 1374 sicut
425 1348 470 1374 nix
483 1349 504 1374 ³.
522 1348 722 1383 Animadvertis
738 1349 831 1384 igitur,
848 1350 985 1384 inquiunt,

198 1400 299 1427 corpus
319 1392 351 1420 ad
371 1393 516 1427 imaginem
541 1393 588 1421 Dei
612 1401 672 1421 es~e
697 1393 819 1421 factum?
834 1395 922 1429 Atque
936 1395 987 1422 hac

198 1438 307 1471 quidem
331 1438 358 1464 in
384 1443 460 1472 parte
483 1438 615 1465 acerrime
632 1445 661 1465 se
681 1438 759 1465 nobis
783 1443 933 1473 opponunt.
948 1444 984 1470 et,

200 1489 259 1516 quae
274 1489 354 1516 supra
369 1482 485 1509 hominis
499 1486 608 1516 captum
621 1485 694 1514 sunt,
706 1482 837 1509 violenter
850 1482 986 1510 aﬂ'ectant.

200 1527 271 1560 Quin
292 1532 319 1553 et
340 1527 404 1554 illud
427 1526 579 1561 proferunt,
598 1527 672 1562 quod
697 1526 828 1555 Dominus
848 1528 987 1563 prophetis

201 1573 359 1607 apparuisse
381 1572 486 1607 legitur.
509 1571 610 1599 Verum
633 1572 677 1599 hic
697 1572 805 1607 quidem
829 1572 941 1607 perinde
957 1579 990 1599 ac

202 1617 308 1644 libitum
334 1622 387 1649 est,
408 1617 552 1645 videndum
577 1625 607 1645 se
632 1617 758 1652 praebuit,
779 1625 841 1644 cum
865 1617 932 1644 nihil
954 1617 991 1644 sit

201 1663 261 1696 ejus
281 1663 406 1697 potestati
423 1663 604 1689 subtractum.
621 1662 713 1697 Neque
725 1670 789 1689 vero
805 1661 889 1690 Deum
907 1669 991 1696 nega-

203 1716 264 1735 mus
283 1715 297 1734 a
320 1708 456 1743 prophetis
466 1728 474 1740 ,
497 1708 551 1735 imo
565 1715 630 1735 vero
645 1712 671 1735 et
696 1708 729 1734 ab
743 1708 875 1742 apostolis
891 1707 992 1735 asseri-

203 1761 264 1781 lllUS
283 1761 344 1780 esse
362 1758 548 1787 conspectum.
569 1752 635 1778 Nam
662 1751 816 1786 Stephanus
841 1756 990 1786 martyrum

204 1799 328 1834 primus:
346 1796 422 1831 Ecce,
440 1798 538 1832 inquit,
554 1797 626 1824 video
644 1797 736 1824 cazlum
755 1801 885 1831 apertum,
900 1801 924 1823 et
947 1795 992 1822 Fi-

205 1843 270 1869 lium
295 1842 407 1869 hominis
438 1846 551 1869 stantem
576 1850 592 1868 a
613 1841 727 1868 dexteris
751 1841 799 1868 Dei
817 1845 841 1868 et
862 1840 952 1867 Patris
970 1841 990 1867 ⁸.

205 1887 350 1914 Enimvero
375 1887 494 1921 optimus
524 1887 568 1913 ille
597 1886 668 1914 Deus
695 1887 860 1921 singularem
883 1886 992 1920 opiﬁcio

206 1939 257 1960 suo
272 1932 467 1958 humanitatem
491 1931 634 1962 adhibens.
653 1938 686 1958 ne
711 1931 762 1958 sibi
786 1931 854 1965 ipsis
871 1930 993 1957 inﬁdeles

205 1976 289 2011 aliqui
305 1975 508 2011 persuaderent,
524 1983 585 2010 quae
609 1975 643 2002 de
667 1975 721 2002 Deo
744 1975 882 2006 dicuntur,
903 1974 993 2001 verbis

205 2022 309 2054 omnia,
326 2029 380 2048 non
401 2021 512 2048 veritate
539 2024 675 2051 constare,
689 2025 716 2047 et
736 2027 796 2055 quze
815 2020 850 2047 ab
869 2019 914 2046 illo
929 2026 992 2053 pro-

207 2068 331 2095 nuntiata
347 2071 420 2098 sunt,
438 2066 526 2100 reipsa
547 2073 600 2092 non
629 2065 741 2100 expleri.
767 2065 873 2098 Oportet
895 2069 991 2096 autem,

207 2119 238 2140 nt
251 2113 398 2148 Apostolus
415 2112 521 2143 scribit,
543 2111 706 2138 accedentem
730 2111 764 2137 ad
781 2110 864 2138 Deum
879 2110 992 2142 credere,

205 2160 330 2195 quoniam
343 2163 391 2189 est,
403 2162 427 2185 et
439 2157 605 2193 diligentibus
621 2157 706 2191 ipsum
728 2161 908 2183 remunerator
917 2160 957 2183 est
970 2156 992 2183 ⁷.

211 2206 243 2232 lit
260 2204 342 2240 igitur
361 2203 470 2231 condito
490 2211 505 2230 a
525 2211 555 2231 se
577 2203 680 2230 homini
705 2202 829 2230 ﬁduciam
851 2203 994 2237 ingenera-

208 2255 260 2281 ret.
285 2258 334 2285 pro
355 2257 406 2277 sua
429 2249 548 2285 potentia
578 2248 680 2276 sanctis
708 2247 875 2279 hominibus,
901 2252 928 2274 et
947 2247 994 2274 illo

207 2300 356 2330 conspectu
381 2295 470 2330 dignis
503 2295 622 2330 scipsnm
648 2293 748 2329 detegit
771 2294 854 2322 Deus.
879 2297 908 2320 ut
935 2294 995 2328 ipso

209 2341 317 2376 proprie
339 2345 467 2375 certoque
491 2346 647 2375 conspecto,
670 2340 790 2367 animum
815 2347 894 2367 suum
921 2339 995 2366 velut

1034 945 1076 972 τοὶ
1095 944 1219 971 Αὑδιανοὶ
1239 943 1293 970 ἀπὸ
1312 944 1362 979 τῆς
1380 943 1454 975 θείας
1480 942 1604 978 Γραφῆς,
1619 943 1743 977 λέγοντες
1755 966 1761 975 ,
1782 945 1824 971 ὅτι

1039 990 1195 1024 ὀφθαλμοὶ
1211 989 1321 1023 Κυρίου
1335 989 1385 1015 ἐπὶ
1405 989 1458 1015 τὸν
1470 988 1583 1021 πένητα
1592 988 1823 1020 ,ἀποϐ.1ἐπυυσι.

1033 1033 1083 1060 καὶ
1113 1034 1148 1060 τὰ
1167 1031 1227 1060 ὦτα
1246 1033 1340 1060 αὐτοῦ
1363 1034 1407 1065 εἰς
1431 1033 1538 1066 δέησιν
1549 1032 1663 1059 αὐτῶν·
1682 1033 1739 1065 καὶ,
1755 1034 1825 1068 Xslp

1033 1078 1141 1112 Κυρίου
1155 1077 1278 1111 ἐποίησε
1293 1077 1386 1104 ταῦτα
1410 1075 1523 1103 πάντα-
1539 1076 1596 1106 καὶ,
1615 1076 1688 1110 οὐχὶ
1709 1077 1729 1110 ἠ
1758 1077 1826 1110 χείρ

1030 1131 1090 1158 μου
1120 1123 1244 1156 ἐποίησε
1273 1121 1366 1149 ταῦτα
1398 1121 1514 1154 πάντα,
1544 1121 1826 1155 σκλῳοτράχηλοις

1035 1168 1090 1200 καὶ,
1113 1168 1144 1194 ’0
1158 1168 1286 1202 οὐρανός
1307 1176 1358 1202 μοι
1379 1168 1495 1201 θρόνος,
1510 1166 1529 1200 ὴ
1547 1166 1582 1192 δὲ
1604 1165 1641 1201 γῆ
1657 1166 1828 1193 ὑποπόδιον

1034 1212 1094 1239 τῶν
1113 1212 1213 1239 ποδῶν
1229 1219 1305 1247 μου*
1333 1212 1379 1241 aut
1400 1212 1450 1238 ὅσα
1470 1210 1583 1238 τοιαῦτα
1606 1211 1671 1246 περὶ.
1691 1211 1759 1237 Θεοῦ
1775 1212 1826 1245 γέ-

1035 1265 1155 1293 γραπται
1164 1265 1171 1272 '
1194 1257 1241 1284 καὶ
1263 1257 1304 1284 ὃτι
1327 1256 1418 1284 Εἶδον-
1430 1256 1483 1283 tor
1494 1256 1603 1290 Κύριον
1618 1255 1738 1282 Σαϐαὼθ
1752 1257 1828 1282 καθ-

1008 1323 1012 1327 .
1035 1303 1146 1337 ήμενον
1163 1302 1213 1329 ἐπί
1235 1303 1343 1337 θρόνου
1366 1301 1488 1336 ὑψηλοῦ
1508 1301 1557 1328 καί
1577 1300 1753 1335 ἐπηρμένου.
1769 1301 1828 1327 Καί

1034 1346 1074 1383 ἦν
1098 1348 1118 1381 ἡ
1144 1348 1260 1382 κεφαλὴ
1277 1347 1369 1374 αὐτοῦ
1386 1347 1456 1374 ὡσεὶ
1479 1347 1560 1381 ἔργον
1583 1346 1704 1377 λευκὸν,
1719 1345 1768 1372 καὶ
1791 1345 1827 1372 τὸ

1035 1394 1223 1428 περιϐόλαιον
1248 1392 1340 1420 αὑτοῦ
1364 1393 1435 1419 ὡσεὶ
1458 1392 1542 1427 χιών.
1565 1392 1620 1419 Καὶ
1643 1391 1720 1426 ὁρᾷς,
1745 1391 1826 1425 φησι,

1036 1439 1094 1471 πῶς
1108 1439 1164 1466 ἔστι
1179 1438 1209 1465 τὸ
1225 1438 1304 1473 σῶμα
1319 1438 1379 1464 κατ’
1396 1438 1487 1464 είκόνα
1508 1437 1574 1464 Θεοῦ
1587 1445 1594 1467 ;
1617 1437 1672 1463 Καὶ
1693 1436 1746 1462 εἰσὶ
1773 1436 1828 1462 κᾶν

1035 1484 1122 1520 τούτῳ
1138 1483 1353 1515 ἀντιπίπτοντες,
1376 1483 1424 1510 καὶ
1449 1483 1602 1518 βιαζόμενοι
1624 1481 1693 1516 ὕπὲρ
1710 1481 1827 1515 δυναμ·ν

1037 1529 1218 1565 ἀνθρωπείαν.
1240 1529 1295 1555 Καὶ
1311 1528 1350 1560 τὸ,
1369 1528 1457 1563 Ὠφθη
1475 1527 1576 1562 Κύριος
1592 1527 1646 1557 τοῖς
1661 1527 1825 1560 προςρήταις.

1002 1563 1023 1592 c
1039 1563 1093 1601 Καί
1106 1573 1182 1609 ὤφθη
1201 1573 1291 1608 μέντοι
1303 1572 1340 1603 ὡς
1355 1571 1481 1606 ἠθέλησε,
1494 1569 1604 1600 δυνατὸς
1617 1569 1655 1595 ὢν
1676 1569 1705 1594 ἑν
1726 1569 1825 1595 ἅπασι.

1039 1618 1094 1645 Καὶ
1109 1618 1158 1644 οὺχ
1171 1615 1335 1652 ἀρνούμεθα.
1349 1616 1391 1642 ὅτι
1409 1611 1477 1641 εἶδον
1498 1614 1522 1640 οἱ
1537 1614 1672 1649 προφῆται
1692 1613 1758 1639 Θεὸν
1769 1622 1775 1628 ·
1796 1613 1826 1640 οὐ

1042 1663 1120 1698 μόνον
1135 1662 1162 1688 δὲ
1183 1662 1208 1688 οί
1227 1662 1375 1698 προφῆται,
1391 1659 1459 1687 ἀλλὰ
1474 1660 1520 1686 καὶ
1539 1660 1563 1686 ot
1581 1658 1736 1686 ἀπόστολοι.
1756 1658 1828 1693 Φησὶ

1040 1709 1094 1743 γὰρ
1114 1709 1128 1734 ὸ
1151 1707 1227 1741 ἅγιος
1252 1706 1387 1740 Στέφανος
1410 1706 1424 1732 ὁ
1449 1706 1661 1741 πρωωμάρτυς·
1681 1703 1754 1730 Ἰδοὺ
1768 1702 1828 1736 ὁρῶ

1040 1752 1093 1778 τὸν
1106 1751 1235 1786 οὐρανὸν
1251 1749 1449 1784 ἀνεῳγμένον,
1474 1749 1521 1776 καὶ
1547 1747 1600 1775 τὸν
1612 1747 1679 1774 Υίὸν
1699 1747 1753 1774 τοῦ
1773 1747 1827 1774 ἀν-

1041 1796 1156 1831 θρώπου
1168 1797 1202 1823 ἐκ
1216 1795 1320 1827 δεξιῶν
1331 1793 1446 1821 ἑστῶτα
1467 1794 1519 1821 τοῦ
1540 1793 1612 1820 Θεοῦ
1630 1792 1677 1819 καί
1698 1792 1827 1824 Πατρός.

1048 1842 1126 1868 ’Δλλὰ
1137 1843 1170 1876 τῇ
1184 1841 1236 1876 ἰδίᾳ
1248 1840 1360 1875 δυνάμει
1373 1839 1438 1871 Θεὸς
1455 1840 1469 1865 ὁ
1489 1837 1656 1872 πανάγαθος,
1675 1837 1827 1872 φιλανθρω-

1042 1887 1189 1921 πευόμενος
1217 1886 1246 1912 τδ
1270 1885 1334 1912 ἴδιον
1354 1885 1474 1920 πλάσμα,
1491 1885 1528 1919 μή
1543 1892 1614 1915 τινες
1635 1883 1688 1909 τῶν
1706 1881 1828 1908 ἀπίστων

1042 1931 1172 1966 νομίσωσι
1196 1929 1230 1956 τὰ
1252 1929 1315 1965 περὶ
1339 1928 1405 1955 Θεοῦ
1429 1929 1517 1961 λέγειν
1536 1925 1605 1954 εἶναι
1627 1926 1719 1957 ἁπλῶς
1743 1925 1826 1960 λόγῳ,

1043 1976 1088 2002 καὶ
1104 1976 1153 2002 οὐκ
1169 1975 1291 2010 ἀληθείᾳ.
1314 1975 1361 2001 καὶ
1384 1974 1436 2006 ἕως
1456 1973 1536 2007 λόγου
1561 1973 1683 2000 ἵστασθαι
1707 1972 1737 1998 τὸ
1759 1971 1828 1998 κατὰ

1043 2020 1118 2052 Θεὸν,
1136 2020 1181 2046 καὶ
1197 2019 1234 2055 μὴ
1249 2019 1367 2054 πληροῦν
1386 2018 1415 2045 τὸ
1437 2017 1512 2053 παρὰ
1533 2017 1572 2052 τῷ
1585 2016 1738 2051 ’Δποστόλῳ
1752 2015 1828 2050 εἰρη-

1045 2066 1134 2101 μένον,
1147 2065 1198 2097 ὄτι,
1209 2064 1259 2091 Δεῖ
1269 2063 1322 2090 τὸν
1333 2063 1574 2098 προσερχόμενον
1589 2061 1650 2094 Θεῷ
1661 2061 1828 2092 πιστεύειν,

1044 2110 1088 2137 ὅτι
1105 2111 1180 2141 ἐστι,
1200 2110 1248 2136 καὶ
1268 2108 1330 2142 τοῖς
1351 2108 1507 2143 ὰναπῶσιν
1531 2107 1623 2134 αὐτὸν
1642 2105 1827 2140 μισθαποδό-

1043 2165 1097 2190 της
1116 2157 1237 2191 γίνεται.
1253 2156 1311 2181 ’Ίνα
1333 2152 1378 2180 οὖν
1403 2152 1598 2189 παραθαρσύνῃ
1618 2151 1663 2178 τὸν
1684 2151 1729 2177 ὑπ’
1746 2149 1828 2177 αὐτοῦ

1046 2201 1234 2236 πεπλασμένον
1249 2200 1401 2235 ἄνθρωπον,
1415 2198 1471 2229 τοῖς
1487 2196 1574 2230 ἁγίοις
1587 2195 1670 2223 αὐτοῦ
1685 2196 1732 2223 καὶ
1745 2195 1829 2228 ἀξίοις

1047 2248 1141 2276 ἑαυτὸν
1156 2245 1341 2274 ἀποκαλύπτει
1354 2245 1429 2276 Θεὸς,
1444 2244 1487 2270 ἵνα.
1502 2244 1577 2270 ἴδωσι
1602 2242 1681 2277 φύσει
1697 2242 1774 2274 Θεὸν,
1784 2241 1829 2268 καὶ

1047 2292 1229 2330 θεμελιωθῶσι
1237 2291 1285 2326 τὴν
1299 2290 1426 2322 διάνοιαν,
1439 2289 1486 2316 καὶ
1499 2288 1644 2315 ἐλπίσωσιν
1660 2288 1689 2314 ἐν
1704 2287 1828 2322 ἀληθείᾳ,

1047 2339 1095 2366 καὶ
1107 2337 1259 2373 κηρύξωσιν
1275 2335 1354 2362 αὑτὸν
1367 2335 1485 2370 ἀληθῶς,
1500 2335 1547 2361 καὶ
1557 2333 1771 2367 πιστοποιήσωσι
1785 2332 1829 2358 τὸν

208 2385 301 2412 stabili
329 2386 446 2421 quodam
472 2385 648 2413 fundamento
670 2386 838 2416 contineant,
865 2389 892 2412 et
919 2392 987 2419 sperr

1047 2381 1317 2417 πιστὸν’ὅ,νθρωπον·
1340 2381 1378 2412 ὡς
1395 2380 1490 2415 ἀμέλει
1509 2379 1554 2406 καὶ
1575 2379 1599 2405 oi
1619 2377 1752 2412 Ἑλλήνων
1769 2377 1830 2403 παῖ-

209 2439 287 2459 euam
312 2431 339 2458 in
367 2432 479 2458 veritate
499 2432 644 2461 collocent.
673 2435 754 2466 atque
776 2431 850 2458 illum
875 2437 937 2457 vere
963 2437 996 2458 ac

209 2476 316 2504 sincere
331 2476 488 2511 prauiicent,
503 2481 530 2503 et
551 2477 655 2503 ﬁdelem
678 2476 795 2511 denique
810 2475 947 2503 hominem
967 2475 995 2502 in

209 2526 336 2556 suscepta
352 2522 402 2549 ﬁde
421 2522 591 2549 conﬁrment.
621 2521 852 2554 Quemadmodum
868 2523 994 2548 econtra-

209 2570 251 2598 rio
266 2570 380 2605 gentiles
397 2577 429 2596 ac
446 2568 531 2597 Graeci
551 2569 598 2597 Dei
619 2569 743 2595 notitiam
764 2567 847 2595 verbo
864 2573 954 2598 tenus,
969 2570 997 2593 et

210 2616 373 2652 imaginibus
387 2615 554 2643 adumbratis
569 2615 701 2642 obtinent.
718 2613 772 2641 Nos
792 2617 881 2640 autem
898 2620 993 2640 revera

212 2661 294 2689 Deum
313 2662 447 2693 novimus,
464 2669 555 2688 verum
574 2661 647 2688 illum
663 2660 771 2694 quidem
793 2666 824 2686 ac
846 2665 910 2686 vere
928 2658 993 2686 sub-

210 2708 351 2735 sistentem
376 2714 477 2743 regem,
494 2705 802 2741 incomprehensibilem,
824 2703 992 2731 conditorem

211 2759 302 2779 rerum
317 2753 448 2785 omnium,
464 2760 546 2779 unum
563 2751 662 2784 Deum;
677 2755 703 2778 et
723 2751 757 2778 ab
771 2750 829 2785 ipso
844 2749 994 2784 proceden-

1045 2430 1089 2460 δες
1103 2429 1193 2464 ἔχουσι
1221 2427 1284 2462 περὶ
1300 2427 1365 2453 Θεοῦ
1387 2427 1439 2458 ἕως
1459 2426 1538 2459 λόγου
1552 2433 1581 2450 τε
1606 2424 1652 2450 καὶ
1670 2423 1827 2456 φαντασίας.

1051 2475 1144 2510 Ἡμεῖς
1158 2474 1186 2500 δὲ
1201 2473 1308 2508 ἀληθῶς
1321 2473 1386 2499 Θεὸν
1402 2470 1572 2505 ἐπιστάμεθα
1586 2468 1684 2504 ἀληθῆ,
1700 2468 1748 2494 καὶ
1765 2467 1828 2493 ὅντα

1046 2518 1152 2554 ἀληθῶς
1169 2518 1346 2544 ὲνυπόστατον
1364 2515 1484 2551 βασιλέα,
1503 2514 1702 2548 ἀκατάληπτον,
1717 2510 1828 2546 ποιητὴν

1045 2565 1100 2593 τῶν
1126 2565 1203 2595 ὅλων,
1231 2564 1277 2590 ἕνα
1300 2563 1376 2591 Θεὸν.
1399 2562 1445 2588 καὶ
1468 2561 1498 2593 ὲξ
1525 2559 1606 2586 αὑτοῦ
1631 2559 1675 2585 τὸν
1690 2556 1828 2590 Μονογενῆ

1045 2611 1121 2643 Θεὸν,
1140 2612 1168 2637 ὲν
1193 2609 1278 2636 οὐδενὶ
1305 2608 1494 2635 διαλλάττοντα
1517 2605 1564 2632 τοῦ
1588 2604 1704 2639 Πατρδς,
1731 2603 1778 2629 καὶ
1801 2601 1828 2626 τὸ

1045 2656 1121 2690 ἅγιον
1137 2654 1219 2682 αὑτοῦ
1244 2653 1364 2688 Πνεῦμα,
1394 2652 1476 2688 μηδὲν
1499 2650 1554 2677 ἀπὸ
1570 2649 1675 2684 [ἰατρὸς
1691 2648 1739 2674 καὶ
1765 2644 1827 2673 Υἱοῦ

1045 2701 1212 2728 διαλλάττον·
1232 2700 1269 2731 ὡς
1286 2698 1332 2725 καὶ
1346 2700 1375 2725 ἐν
1389 2698 1463 2732 πάσῃ
1482 2696 1587 2732 αίρὲσει
1608 2695 1672 2730 περὶ
1690 2693 1739 2728 τῆς
1762 2691 1828 2719 κατὰ

1046 2747 1111 2773 Θεὸν
1124 2746 1242 2777 πίστεως
1255 2745 1298 2771 διὰ
1312 2743 1408 2771 πολλοῦ
1421 2741 1608 2777 ἐποιησάμεθα
1628 2740 1674 2766 τὸν
1687 2739 1778 2772 λόγον.

249 2838 259 2855 ¹
274 2838 345 2867 Psal.
361 2848 396 2868 ix.
409 2839 444 2868 28
491 2842 502 2856 ⁸
513 2839 565 2867 Isa.
580 2848 614 2867 LI.
630 2839 670 2865 l0.
707 2837 717 2853 ³
731 2838 782 2864 Isa.
800 2837 907 2868 waﬁ.
941 2838 952 2852 ’⁸
967 2835 987 2862 il

1050 2834 1071 2860 Ι.
1110 2834 1120 2849 ¹
1133 2833 1200 2860 Dan.
1213 2840 1260 2865 vn,
1272 2832 1288 2859 ί)
1300 2839 1360 2867 sqq.
1398 2830 1408 2845 ⁶
1420 2830 1478 2857 Act.
1491 2837 1539 2861 vn,
1550 2829 1592 2856 55.
1631 2828 1642 2844 "
1660 2826 1742 2854 "t'bl‘.
1755 2832 1791 2858 ιι,
1802 2822 1827 2851 ϐ.
