  <div class='ocr_page' id='page_1' title='image "/cluster/home/n/w/nwhite01/storage/ocr_20150623/42/njp.32101077772588/189.png"; bbox 0 0 1929 3039; ppageno 0'>
   <div class='ocr_carea' id='block_1_1' title="bbox 222 160 1012 190">
    <p class='ocr_par' dir='ltr' id='par_1_1' title="bbox 222 160 1012 188">
     <span class='ocr_line' id='line_1_1' title="bbox 222 160 1012 188; baseline -0.001 0"><span class='ocrx_word' id='word_1_1' title='bbox 222 161 272 188; x_wconf 73' lang='grc'><strong>551</strong></span> <span class='ocrx_word' id='word_1_2' title='bbox 920 160 948 188; x_wconf 88' lang='lat' dir='ltr'><strong>S.</strong></span> <span class='ocrx_word' id='word_1_3' title='bbox 971 160 1012 188; x_wconf 81' lang='grc' dir='ltr'>ΕΡ</span> 
     </span>
    </p>
   </div>
   <div class='ocr_carea' id='block_1_2' title="bbox 1065 160 1844 190">
    <p class='ocr_par' dir='ltr' id='par_1_2' title="bbox 1065 161 1844 190">
     <span class='ocr_line' id='line_1_2' title="bbox 1065 161 1844 190; baseline 0.004 -3"><span class='ocrx_word' id='word_1_4' title='bbox 1065 161 1140 189; x_wconf 70' lang='grc' dir='ltr'><strong>ΙᾹΝΙΙ</strong></span> <span class='ocrx_word' id='word_1_5' title='bbox 1791 161 1844 190; x_wconf 73' lang='grc'><strong>532</strong></span> 
     </span>
    </p>
   </div>
   <div class='ocr_carea' id='block_1_3' title="bbox 223 216 1012 255">
    <p class='ocr_par' dir='ltr' id='par_1_3' title="bbox 223 216 1006 254">
     <span class='ocr_line' id='line_1_3' title="bbox 223 216 1006 254; baseline 0.001 -9"><span class='ocrx_word' id='word_1_6' title='bbox 223 225 302 253; x_wconf 85' lang='lat' dir='ltr'><strong>posse</strong></span> <span class='ocrx_word' id='word_1_7' title='bbox 317 216 448 251; x_wconf 77' lang='lat' dir='ltr'><strong>fatemur;</strong></span> <span class='ocrx_word' id='word_1_8' title='bbox 464 225 550 252; x_wconf 84' lang='lat' dir='ltr'><strong>neque</strong></span> <span class='ocrx_word' id='word_1_9' title='bbox 563 217 635 252; x_wconf 88' lang='lat' dir='ltr'><strong>quod</strong></span> <span class='ocrx_word' id='word_1_10' title='bbox 649 218 815 252; x_wconf 87' lang='lat' dir='ltr'><strong>aspectabile</strong></span> <span class='ocrx_word' id='word_1_11' title='bbox 831 222 882 251; x_wconf 87' lang='lat' dir='ltr'><strong>est,</strong></span> <span class='ocrx_word' id='word_1_12' title='bbox 896 219 921 246; x_wconf 87' lang='lat' dir='ltr'><strong>id</strong></span> <span class='ocrx_word' id='word_1_13' title='bbox 933 219 1006 254; x_wconf 88' lang='lat' dir='ltr'><strong>quod</strong></span> 
     </span>
    </p>
   </div>
   <div class='ocr_carea' id='block_1_4' title="bbox 1065 216 1843 255">
    <p class='ocr_par' dir='ltr' id='par_1_4' title="bbox 1065 218 1843 255">
     <span class='ocr_line' id='line_1_4' title="bbox 1065 218 1843 255; baseline 0.001 -10"><span class='ocrx_word' id='word_1_14' title='bbox 1065 219 1155 254; x_wconf 83' lang='grc' dir='ltr'>ρύσις,</span> <span class='ocrx_word' id='word_1_15' title='bbox 1173 218 1392 253; x_wconf 82' lang='grc' dir='ltr'>ὲνδυναμωθεῖσα</span> <span class='ocrx_word' id='word_1_16' title='bbox 1413 218 1460 245; x_wconf 82' lang='grc' dir='ltr'><strong>τοῦ</strong></span> <span class='ocrx_word' id='word_1_17' title='bbox 1485 218 1621 252; x_wconf 81' lang='grc' dir='ltr'>ἀδυνάτως</span> <span class='ocrx_word' id='word_1_18' title='bbox 1643 219 1751 255; x_wconf 77' lang='grc' dir='ltr'>ἔχοντος</span> <span class='ocrx_word' id='word_1_19' title='bbox 1777 220 1843 255; x_wconf 77' lang='grc' dir='ltr'>πρὸς</span> 
     </span>
    </p>
   </div>
   <div class='ocr_carea' id='block_1_5' title="bbox 224 263 1012 302">
    <p class='ocr_par' dir='ltr' id='par_1_5' title="bbox 224 263 1004 299">
     <span class='ocr_line' id='line_1_5' title="bbox 224 263 1004 299; baseline 0.003 -9"><span class='ocrx_word' id='word_1_20' title='bbox 224 263 306 290; x_wconf 83' lang='lat' dir='ltr'><strong>videri</strong></span> <span class='ocrx_word' id='word_1_21' title='bbox 332 263 443 290; x_wconf 87' lang='lat' dir='ltr'><strong>omnino</strong></span> <span class='ocrx_word' id='word_1_22' title='bbox 465 272 518 290; x_wconf 92' lang='lat' dir='ltr'><strong>non</strong></span> <span class='ocrx_word' id='word_1_23' title='bbox 549 267 647 298; x_wconf 85' lang='lat' dir='ltr'><strong>potest,</strong></span> <span class='ocrx_word' id='word_1_24' title='bbox 673 263 772 291; x_wconf 89' lang='lat' dir='ltr'><strong>intueri</strong></span> <span class='ocrx_word' id='word_1_25' title='bbox 799 263 840 291; x_wconf 85' lang='lat' dir='ltr'><strong>fas</strong></span> <span class='ocrx_word' id='word_1_26' title='bbox 868 270 1004 299; x_wconf 86' lang='lat' dir='ltr'><strong>putamus.</strong></span> 
     </span>
    </p>
   </div>
   <div class='ocr_carea' id='block_1_6' title="bbox 1065 263 1843 302">
    <p class='ocr_par' dir='ltr' id='par_1_6' title="bbox 1065 263 1843 302">
     <span class='ocr_line' id='line_1_6' title="bbox 1065 263 1843 302; baseline 0.001 -11"><span class='ocrx_word' id='word_1_27' title='bbox 1065 265 1207 291; x_wconf 72' lang='grc' dir='ltr'>ἑπέκτασιν</span> <span class='ocrx_word' id='word_1_28' title='bbox 1224 263 1271 290; x_wconf 83' lang='grc' dir='ltr'><strong>τοῦ</strong></span> <span class='ocrx_word' id='word_1_29' title='bbox 1286 263 1410 292; x_wconf 84' lang='grc' dir='ltr'>δυνατοῦ.</span> <span class='ocrx_word' id='word_1_30' title='bbox 1427 264 1481 291; x_wconf 78' lang='lat' dir='ltr'><strong>Kal</strong></span> <span class='ocrx_word' id='word_1_31' title='bbox 1496 265 1571 292; x_wconf 79' lang='grc' dir='ltr'>οὐδὲν</span> <span class='ocrx_word' id='word_1_32' title='bbox 1583 265 1676 292; x_wconf 77' lang='grc' dir='ltr'><strong>διοίσει</strong></span> <span class='ocrx_word' id='word_1_33' title='bbox 1694 266 1723 292; x_wconf 84' lang='grc' dir='ltr'>ὲν</span> <span class='ocrx_word' id='word_1_34' title='bbox 1738 267 1772 301; x_wconf 86' lang='grc' dir='ltr'><strong>τῇ</strong></span> <span class='ocrx_word' id='word_1_35' title='bbox 1785 266 1843 302; x_wconf 67' lang='grc' dir='ltr'>θείᾳ</span> 
     </span>
    </p>
   </div>
   <div class='ocr_carea' id='block_1_7' title="bbox 222 307 1012 347">
    <p class='ocr_par' dir='ltr' id='par_1_7' title="bbox 222 307 1006 344">
     <span class='ocr_line' id='line_1_7' title="bbox 222 307 1006 344; baseline 0.003 -9"><span class='ocrx_word' id='word_1_36' title='bbox 222 309 307 344; x_wconf 77' lang='lat'><strong>819</strong></span> <span class='ocrx_word' id='word_1_37' title='bbox 325 307 378 336; x_wconf 88' lang='lat' dir='ltr'><strong>Sed</strong></span> <span class='ocrx_word' id='word_1_38' title='bbox 402 309 471 336; x_wconf 87' lang='lat' dir='ltr'><strong>idem</strong></span> <span class='ocrx_word' id='word_1_39' title='bbox 499 313 588 336; x_wconf 88' lang='lat' dir='ltr'><strong>tamen</strong></span> <span class='ocrx_word' id='word_1_40' title='bbox 614 309 759 336; x_wconf 81' lang='lat' dir='ltr'><strong>invisibilis</strong></span> <span class='ocrx_word' id='word_1_41' title='bbox 785 309 867 340; x_wconf 73' lang='lat' dir='ltr'><strong>Deus,</strong></span> <span class='ocrx_word' id='word_1_42' title='bbox 892 317 941 344; x_wconf 92' lang='lat' dir='ltr'><strong>pro</strong></span> <span class='ocrx_word' id='word_1_43' title='bbox 957 317 1006 338; x_wconf 87' lang='lat' dir='ltr'><strong>sua</strong></span> 
     </span>
    </p>
   </div>
   <div class='ocr_carea' id='block_1_8' title="bbox 1065 307 1844 347">
    <p class='ocr_par' dir='ltr' id='par_1_8' title="bbox 1065 309 1844 347">
     <span class='ocr_line' id='line_1_8' title="bbox 1065 309 1844 347; baseline 0.004 -11"><span class='ocrx_word' id='word_1_44' title='bbox 1065 311 1173 346; x_wconf 82' lang='grc' dir='ltr'><strong>Γραφῇ,</strong></span> <span class='ocrx_word' id='word_1_45' title='bbox 1196 310 1258 337; x_wconf 78' lang='grc' dir='ltr'>οὔτε</span> <span class='ocrx_word' id='word_1_46' title='bbox 1284 309 1421 342; x_wconf 84' lang='grc' dir='ltr'>ἀντίθετος</span> <span class='ocrx_word' id='word_1_47' title='bbox 1447 310 1519 344; x_wconf 78' lang='grc' dir='ltr'>λέξις</span> <span class='ocrx_word' id='word_1_48' title='bbox 1543 311 1611 346; x_wconf 78' lang='grc' dir='ltr'>πρὸς</span> <span class='ocrx_word' id='word_1_49' title='bbox 1633 311 1705 344; x_wconf 80' lang='grc' dir='ltr'><strong>λέξιν</strong></span> <span class='ocrx_word' id='word_1_50' title='bbox 1731 312 1844 347; x_wconf 70' lang='grc' dir='ltr'>εὑρεθή-</span> 
     </span>
    </p>
   </div>
   <div class='ocr_carea' id='block_1_9' title="bbox 225 355 1135 389">
    <p class='ocr_par' dir='ltr' id='par_1_9' title="bbox 225 355 1135 389">
     <span class='ocr_line' id='line_1_9' title="bbox 225 355 1135 389; baseline 0.002 -9"><span class='ocrx_word' id='word_1_51' title='bbox 225 355 392 382; x_wconf 83' lang='lat' dir='ltr'><strong>humanitate</strong></span> <span class='ocrx_word' id='word_1_52' title='bbox 410 362 441 381; x_wconf 88' lang='lat' dir='ltr'><strong>ac</strong></span> <span class='ocrx_word' id='word_1_53' title='bbox 456 355 585 389; x_wconf 84' lang='lat' dir='ltr'><strong>potentia,</strong></span> <span class='ocrx_word' id='word_1_54' title='bbox 601 355 763 382; x_wconf 80' lang='lat' dir='ltr'><strong>imbecillam</strong></span> <span class='ocrx_word' id='word_1_55' title='bbox 792 355 878 381; x_wconf 88' lang='lat' dir='ltr'><strong>aciem</strong></span> <span class='ocrx_word' id='word_1_56' title='bbox 900 355 936 381; x_wconf 90' lang='lat' dir='ltr'><strong>ita</strong></span> <span class='ocrx_word' id='word_1_57' title='bbox 950 355 1006 382; x_wconf 90' lang='lat' dir='ltr'><strong>vir-</strong></span> <span class='ocrx_word' id='word_1_58' title='bbox 1060 364 1135 382; x_wconf 82' lang='grc' dir='ltr'>σεται</span> 
     </span>
    </p>
   </div>
   <div class='ocr_carea' id='block_1_10' title="bbox 224 399 1844 436">
    <p class='ocr_par' dir='ltr' id='par_1_10' title="bbox 224 399 1844 436">
     <span class='ocr_line' id='line_1_10' title="bbox 224 399 1844 436; baseline 0.002 -10"><span class='ocrx_word' id='word_1_59' title='bbox 224 404 281 426; x_wconf 84' lang='lat' dir='ltr'><strong>tute</strong></span> <span class='ocrx_word' id='word_1_60' title='bbox 293 407 342 426; x_wconf 87' lang='lat' dir='ltr'><strong>sua</strong></span> <span class='ocrx_word' id='word_1_61' title='bbox 359 400 539 427; x_wconf 88' lang='lat' dir='ltr'><strong>corroborare</strong></span> <span class='ocrx_word' id='word_1_62' title='bbox 566 399 704 434; x_wconf 76' lang='lat' dir='ltr'><strong>dignatur,</strong></span> <span class='ocrx_word' id='word_1_63' title='bbox 719 402 748 426; x_wconf 91' lang='lat' dir='ltr'><strong>ut</strong></span> <span class='ocrx_word' id='word_1_64' title='bbox 774 399 846 434; x_wconf 88' lang='lat' dir='ltr'><strong>quod</strong></span> <span class='ocrx_word' id='word_1_65' title='bbox 859 399 945 427; x_wconf 90' lang='lat' dir='ltr'><strong>videri</strong></span> <span class='ocrx_word' id='word_1_66' title='bbox 965 399 1067 434; x_wconf 82' lang='lat' dir='ltr'><strong>alioqui</strong></span> <span class='ocrx_word' id='word_1_67' title='bbox 1083 407 1137 427; x_wconf 90' lang='lat' dir='ltr'><strong>non</strong></span> <span class='ocrx_word' id='word_1_68' title='bbox 1154 404 1253 436; x_wconf 84' lang='lat' dir='ltr'><strong>potest,</strong></span> <span class='ocrx_word' id='word_1_69' title='bbox 1268 400 1392 435; x_wconf 91' lang='lat' dir='ltr'><strong>aspiciat.</strong></span> <span class='ocrx_word' id='word_1_70' title='bbox 1417 400 1502 428; x_wconf 79' lang='lat' dir='ltr'><strong>Porro</strong></span> <span class='ocrx_word' id='word_1_71' title='bbox 1516 409 1577 429; x_wconf 90' lang='lat' dir='ltr'><strong>cum</strong></span> <span class='ocrx_word' id='word_1_72' title='bbox 1603 402 1738 430; x_wconf 82' lang='lat' dir='ltr'><strong>invisibile</strong></span> <span class='ocrx_word' id='word_1_73' title='bbox 1770 403 1844 436; x_wconf 83' lang='lat' dir='ltr'><strong>illud,</strong></span> 
     </span>
    </p>
   </div>
   <div class='ocr_carea' id='block_1_11' title="bbox 222 445 1844 482">
    <p class='ocr_par' dir='ltr' id='par_1_11' title="bbox 222 445 1844 482">
     <span class='ocr_line' id='line_1_11' title="bbox 222 445 1844 482; baseline 0.002 -10"><span class='ocrx_word' id='word_1_74' title='bbox 222 452 248 473; x_wconf 86' lang='lat' dir='ltr'><strong>et</strong></span> <span class='ocrx_word' id='word_1_75' title='bbox 264 445 397 473; x_wconf 88' lang='lat' dir='ltr'><strong>inllnitnm</strong></span> <span class='ocrx_word' id='word_1_76' title='bbox 410 447 516 480; x_wconf 86' lang='lat' dir='ltr'><strong>aspicit,</strong></span> <span class='ocrx_word' id='word_1_77' title='bbox 529 453 581 473; x_wconf 89' lang='lat' dir='ltr'><strong>non</strong></span> <span class='ocrx_word' id='word_1_78' title='bbox 595 449 730 481; x_wconf 76' lang='lat' dir='ltr'><strong>quatenus</strong></span> <span class='ocrx_word' id='word_1_79' title='bbox 745 445 881 472; x_wconf 78' lang='lat' dir='ltr'><strong>inﬁnitum</strong></span> <span class='ocrx_word' id='word_1_80' title='bbox 899 450 941 473; x_wconf 90' lang='lat' dir='ltr'><strong>est</strong></span> <span class='ocrx_word' id='word_1_81' title='bbox 959 446 1024 473; x_wconf 93' lang='lat' dir='ltr'><strong>illud</strong></span> <span class='ocrx_word' id='word_1_82' title='bbox 1043 446 1177 479; x_wconf 76' lang='lat' dir='ltr'><strong>intuetur,</strong></span> <span class='ocrx_word' id='word_1_83' title='bbox 1201 447 1248 475; x_wconf 91' lang='lat' dir='ltr'><strong>sed</strong></span> <span class='ocrx_word' id='word_1_84' title='bbox 1274 452 1406 482; x_wconf 86' lang='lat' dir='ltr'><strong>quantum</strong></span> <span class='ocrx_word' id='word_1_85' title='bbox 1424 447 1509 481; x_wconf 88' lang='lat' dir='ltr'><strong>illius,</strong></span> <span class='ocrx_word' id='word_1_86' title='bbox 1523 448 1595 482; x_wconf 90' lang='lat' dir='ltr'><strong>quod</strong></span> <span class='ocrx_word' id='word_1_87' title='bbox 1615 448 1781 476; x_wconf 84' lang='lat' dir='ltr'><strong>imbecillum</strong></span> <span class='ocrx_word' id='word_1_88' title='bbox 1794 452 1844 476; x_wconf 76' lang='lat' dir='ltr'><strong>est.</strong></span> 
     </span>
    </p>
   </div>
   <div class='ocr_carea' id='block_1_12' title="bbox 223 491 1846 529">
    <p class='ocr_par' dir='ltr' id='par_1_12' title="bbox 223 491 1846 529">
     <span class='ocr_line' id='line_1_12' title="bbox 223 491 1846 529; baseline 0.004 -12"><span class='ocrx_word' id='word_1_89' title='bbox 223 495 319 518; x_wconf 76' lang='lat' dir='ltr'><strong>natura</strong></span> <span class='ocrx_word' id='word_1_90' title='bbox 345 499 441 526; x_wconf 78' lang='lat' dir='ltr'><strong>capere</strong></span> <span class='ocrx_word' id='word_1_91' title='bbox 465 497 563 526; x_wconf 82' lang='lat' dir='ltr'><strong>potest,</strong></span> <span class='ocrx_word' id='word_1_92' title='bbox 581 492 714 526; x_wconf 81' lang='lat' dir='ltr'><strong>ejusmodi</strong></span> <span class='ocrx_word' id='word_1_93' title='bbox 738 492 764 518; x_wconf 91' lang='lat' dir='ltr'><strong>vi</strong></span> <span class='ocrx_word' id='word_1_94' title='bbox 787 499 818 518; x_wconf 92' lang='lat' dir='ltr'><strong>ac</strong></span> <span class='ocrx_word' id='word_1_95' title='bbox 837 492 937 519; x_wconf 90' lang='lat' dir='ltr'><strong>virtute</strong></span> <span class='ocrx_word' id='word_1_96' title='bbox 951 491 1122 524; x_wconf 81' lang='lat' dir='ltr'><strong>conﬁrmata,</strong></span> <span class='ocrx_word' id='word_1_97' title='bbox 1139 497 1168 520; x_wconf 89' lang='lat' dir='ltr'><strong>ut</strong></span> <span class='ocrx_word' id='word_1_98' title='bbox 1194 493 1227 520; x_wconf 89' lang='lat' dir='ltr'><strong>ad</strong></span> <span class='ocrx_word' id='word_1_99' title='bbox 1256 494 1373 528; x_wconf 88' lang='lat' dir='ltr'><strong>potentis</strong></span> <span class='ocrx_word' id='word_1_100' title='bbox 1393 493 1467 521; x_wconf 88' lang='lat' dir='ltr'><strong>illius</strong></span> <span class='ocrx_word' id='word_1_101' title='bbox 1499 494 1622 521; x_wconf 85' lang='lat' dir='ltr'><strong>notitiam</strong></span> <span class='ocrx_word' id='word_1_102' title='bbox 1650 495 1795 529; x_wconf 71' lang='lat' dir='ltr'><strong>adaequare</strong></span> <span class='ocrx_word' id='word_1_103' title='bbox 1817 502 1846 523; x_wconf 79' lang='lat' dir='ltr'><strong>se</strong></span> 
     </span>
    </p>
   </div>
   <div class='ocr_carea' id='block_1_13' title="bbox 223 535 1847 574">
    <p class='ocr_par' dir='ltr' id='par_1_13' title="bbox 223 535 1847 574">
     <span class='ocr_line' id='line_1_13' title="bbox 223 535 1847 574; baseline 0.002 -10"><span class='ocrx_word' id='word_1_104' title='bbox 223 537 320 572; x_wconf 85' lang='lat' dir='ltr'><strong>possit.</strong></span> <span class='ocrx_word' id='word_1_105' title='bbox 337 537 519 569; x_wconf 87' lang='lat' dir='ltr'><strong>Quamobrem</strong></span> <span class='ocrx_word' id='word_1_106' title='bbox 543 537 609 564; x_wconf 85' lang='lat' dir='ltr'><strong>nihil</strong></span> <span class='ocrx_word' id='word_1_107' title='bbox 625 541 667 564; x_wconf 89' lang='lat' dir='ltr'><strong>est</strong></span> <span class='ocrx_word' id='word_1_108' title='bbox 682 537 709 564; x_wconf 91' lang='lat' dir='ltr'><strong>in</strong></span> <span class='ocrx_word' id='word_1_109' title='bbox 722 537 808 564; x_wconf 84' lang='lat' dir='ltr'><strong>sacris</strong></span> <span class='ocrx_word' id='word_1_110' title='bbox 827 535 938 564; x_wconf 86' lang='lat' dir='ltr'><strong>Litteris</strong></span> <span class='ocrx_word' id='word_1_111' title='bbox 954 543 969 562; x_wconf 88' lang='lat' dir='ltr'><strong>a</strong></span> <span class='ocrx_word' id='word_1_112' title='bbox 985 536 1075 572; x_wconf 80' lang='lat' dir='ltr'><strong>seipse</strong></span> <span class='ocrx_word' id='word_1_113' title='bbox 1089 537 1260 573; x_wconf 85' lang='lat' dir='ltr'><strong>discrepans,</strong></span> <span class='ocrx_word' id='word_1_114' title='bbox 1281 545 1336 566; x_wconf 90' lang='lat' dir='ltr'><strong>non</strong></span> <span class='ocrx_word' id='word_1_115' title='bbox 1354 538 1489 566; x_wconf 84' lang='lat' dir='ltr'><strong>sententia</strong></span> <span class='ocrx_word' id='word_1_116' title='bbox 1508 538 1562 566; x_wconf 90' lang='lat' dir='ltr'><strong>ulla</strong></span> <span class='ocrx_word' id='word_1_117' title='bbox 1583 546 1642 574; x_wconf 68' lang='lat' dir='ltr'><strong>quae</strong></span> <span class='ocrx_word' id='word_1_118' title='bbox 1657 539 1691 566; x_wconf 89' lang='lat' dir='ltr'><strong>ab</strong></span> <span class='ocrx_word' id='word_1_119' title='bbox 1717 539 1770 567; x_wconf 87' lang='lat' dir='ltr'><strong>alia</strong></span> <span class='ocrx_word' id='word_1_120' title='bbox 1785 547 1847 567; x_wconf 84' lang='lat' dir='ltr'><strong>sen-</strong></span> 
     </span>
    </p>
   </div>
   <div class='ocr_carea' id='block_1_14' title="bbox 223 581 460 610">
    <p class='ocr_par' dir='ltr' id='par_1_14' title="bbox 223 581 460 610">
     <span class='ocr_line' id='line_1_14' title="bbox 223 581 460 610; baseline 0 0"><span class='ocrx_word' id='word_1_121' title='bbox 223 582 306 610; x_wconf 87' lang='lat' dir='ltr'><strong>tentia</strong></span> <span class='ocrx_word' id='word_1_122' title='bbox 319 581 460 610; x_wconf 91' lang='lat' dir='ltr'><strong>dissideat.</strong></span> 
     </span>
    </p>
   </div>
   <div class='ocr_carea' id='block_1_15' title="bbox 260 627 1010 663">
    <p class='ocr_par' dir='ltr' id='par_1_15' title="bbox 260 627 1010 663">
     <span class='ocr_line' id='line_1_15' title="bbox 260 627 1010 663; baseline 0 -9"><span class='ocrx_word' id='word_1_123' title='bbox 260 627 324 654; x_wconf 82' lang='lat' dir='ltr'>VIII.</span> <span class='ocrx_word' id='word_1_124' title='bbox 348 629 400 655; x_wconf 85' lang='lat' dir='ltr'><strong>Res</strong></span> <span class='ocrx_word' id='word_1_125' title='bbox 420 628 477 663; x_wconf 87' lang='lat' dir='ltr'><strong>ipsa</strong></span> <span class='ocrx_word' id='word_1_126' title='bbox 495 627 604 662; x_wconf 85' lang='lat' dir='ltr'><strong>quidem</strong></span> <span class='ocrx_word' id='word_1_127' title='bbox 615 647 622 660; x_wconf 95' lang='lat'><strong>,</strong></span> <span class='ocrx_word' id='word_1_128' title='bbox 637 632 666 655; x_wconf 91' lang='lat' dir='ltr'><strong>ut</strong></span> <span class='ocrx_word' id='word_1_129' title='bbox 681 631 922 655; x_wconf 87' lang='lat' dir='ltr'><strong>commemoratum</strong></span> <span class='ocrx_word' id='word_1_130' title='bbox 933 635 947 654; x_wconf 89' lang='lat' dir='ltr'><strong>a</strong></span> <span class='ocrx_word' id='word_1_131' title='bbox 967 635 1010 655; x_wconf 91' lang='lat' dir='ltr'><strong>me</strong></span> 
     </span>
    </p>
   </div>
   <div class='ocr_carea' id='block_1_16' title="bbox 223 672 1010 708">
    <p class='ocr_par' dir='ltr' id='par_1_16' title="bbox 223 672 1010 708">
     <span class='ocr_line' id='line_1_16' title="bbox 223 672 1010 708; baseline -0.003 -7"><span class='ocrx_word' id='word_1_132' title='bbox 223 674 322 708; x_wconf 68' lang='lat' dir='ltr'><strong>smpius</strong></span> <span class='ocrx_word' id='word_1_133' title='bbox 335 674 486 708; x_wconf 77' lang='lat' dir='ltr'><strong>exemplum</strong></span> <span class='ocrx_word' id='word_1_134' title='bbox 504 673 555 700; x_wconf 91' lang='lat' dir='ltr'><strong>hoc</strong></span> <span class='ocrx_word' id='word_1_135' title='bbox 577 673 636 700; x_wconf 84' lang='lat' dir='ltr'><strong>loco</strong></span> <span class='ocrx_word' id='word_1_136' title='bbox 657 677 787 708; x_wconf 81' lang='lat' dir='ltr'><strong>repetam,</strong></span> <span class='ocrx_word' id='word_1_137' title='bbox 811 673 848 699; x_wconf 81' lang='lat' dir='ltr'><strong>ita</strong></span> <span class='ocrx_word' id='word_1_138' title='bbox 872 672 929 700; x_wconf 78' lang='lat' dir='ltr'><strong>fere</strong></span> <span class='ocrx_word' id='word_1_139' title='bbox 950 680 1010 700; x_wconf 86' lang='lat' dir='ltr'><strong>sese</strong></span> 
     </span>
    </p>
   </div>
   <div class='ocr_carea' id='block_1_17' title="bbox 223 718 1009 753">
    <p class='ocr_par' dir='ltr' id='par_1_17' title="bbox 223 718 1009 753">
     <span class='ocr_line' id='line_1_17' title="bbox 223 718 1009 753; baseline -0.003 -7"><span class='ocrx_word' id='word_1_140' title='bbox 223 719 304 746; x_wconf 88' lang='lat' dir='ltr'><strong>habet</strong></span> <span class='ocrx_word' id='word_1_141' title='bbox 317 730 324 746; x_wconf 84' lang='lat'><strong>:</strong></span> <span class='ocrx_word' id='word_1_142' title='bbox 339 718 571 751; x_wconf 84' lang='lat' dir='ltr'><strong>Quemadmodum</strong></span> <span class='ocrx_word' id='word_1_143' title='bbox 588 718 610 746; x_wconf 88' lang='lat' dir='ltr'><strong>si</strong></span> <span class='ocrx_word' id='word_1_144' title='bbox 623 719 685 753; x_wconf 83' lang='lat' dir='ltr'><strong>quis</strong></span> <span class='ocrx_word' id='word_1_145' title='bbox 692 718 791 745; x_wconf 82' lang='lat' dir='ltr'><strong>ccclum</strong></span> <span class='ocrx_word' id='word_1_146' title='bbox 805 725 853 753; x_wconf 90' lang='lat' dir='ltr'><strong>per</strong></span> <span class='ocrx_word' id='word_1_147' title='bbox 863 721 1009 753; x_wconf 72' lang='lat' dir='ltr'><strong>angustum</strong></span> 
     </span>
    </p>
   </div>
   <div class='ocr_carea' id='block_1_18' title="bbox 224 763 1010 799">
    <p class='ocr_par' dir='ltr' id='par_1_18' title="bbox 224 763 1010 799">
     <span class='ocr_line' id='line_1_18' title="bbox 224 763 1010 799; baseline -0.001 -8"><span class='ocrx_word' id='word_1_148' title='bbox 224 765 345 791; x_wconf 79' lang='lat' dir='ltr'><strong>foramen</strong></span> <span class='ocrx_word' id='word_1_149' title='bbox 359 764 530 799; x_wconf 79' lang='lat' dir='ltr'><strong>lranspiciat,</strong></span> <span class='ocrx_word' id='word_1_150' title='bbox 548 771 579 791; x_wconf 92' lang='lat' dir='ltr'><strong>ac</strong></span> <span class='ocrx_word' id='word_1_151' title='bbox 592 764 692 791; x_wconf 74' lang='lat' dir='ltr'><strong>cmlnm</strong></span> <span class='ocrx_word' id='word_1_152' title='bbox 709 764 800 791; x_wconf 86' lang='lat' dir='ltr'><strong>videre</strong></span> <span class='ocrx_word' id='word_1_153' title='bbox 813 771 841 791; x_wconf 89' lang='lat' dir='ltr'><strong>se</strong></span> <span class='ocrx_word' id='word_1_154' title='bbox 857 763 942 795; x_wconf 89' lang='lat' dir='ltr'><strong>dicat,</strong></span> <span class='ocrx_word' id='word_1_155' title='bbox 955 771 1010 790; x_wconf 90' lang='lat' dir='ltr'><strong>non</strong></span> 
     </span>
    </p>
   </div>
   <div class='ocr_carea' id='block_1_19' title="bbox 224 809 1010 844">
    <p class='ocr_par' dir='ltr' id='par_1_19' title="bbox 224 809 1010 844">
     <span class='ocr_line' id='line_1_19' title="bbox 224 809 1010 844; baseline 0 -8"><span class='ocrx_word' id='word_1_156' title='bbox 224 810 318 844; x_wconf 89' lang='lat' dir='ltr'><strong>utique</strong></span> <span class='ocrx_word' id='word_1_157' title='bbox 332 810 480 836; x_wconf 83' lang='lat' dir='ltr'><strong>mentiatur</strong></span> <span class='ocrx_word' id='word_1_158' title='bbox 494 819 500 836; x_wconf 84' lang='lat'><strong>;</strong></span> <span class='ocrx_word' id='word_1_159' title='bbox 514 809 584 836; x_wconf 84' lang='lat' dir='ltr'><strong>videt</strong></span> <span class='ocrx_word' id='word_1_160' title='bbox 600 810 671 836; x_wconf 92' lang='lat' dir='ltr'><strong>enim</strong></span> <span class='ocrx_word' id='word_1_161' title='bbox 695 817 788 836; x_wconf 79' lang='lat' dir='ltr'><strong>revera</strong></span> <span class='ocrx_word' id='word_1_162' title='bbox 803 809 919 841; x_wconf 75' lang='lat' dir='ltr'><strong>cmlum;</strong></span> <span class='ocrx_word' id='word_1_163' title='bbox 937 809 1010 844; x_wconf 84' lang='lat' dir='ltr'><strong>quod</strong></span> 
     </span>
    </p>
   </div>
   <div class='ocr_carea' id='block_1_20' title="bbox 1098 623 1847 664">
    <p class='ocr_par' dir='ltr' id='par_1_20' title="bbox 1098 623 1847 664">
     <span class='ocr_line' id='line_1_20' title="bbox 1098 623 1847 664; baseline 0.007 -13"><span class='ocrx_word' id='word_1_164' title='bbox 1098 623 1139 651; x_wconf 82' lang='lat' dir='ltr'><strong>H’.</strong></span> <span class='ocrx_word' id='word_1_165' title='bbox 1159 625 1237 652; x_wconf 83' lang='grc' dir='ltr'>Ἐστι</span> <span class='ocrx_word' id='word_1_166' title='bbox 1252 625 1292 658; x_wconf 78' lang='grc' dir='ltr'><strong>δὲ,</strong></span> <span class='ocrx_word' id='word_1_167' title='bbox 1305 625 1343 657; x_wconf 85' lang='grc' dir='ltr'>ὡς</span> <span class='ocrx_word' id='word_1_168' title='bbox 1356 625 1485 657; x_wconf 80' lang='grc' dir='ltr'><strong>πολλάκις</strong></span> <span class='ocrx_word' id='word_1_169' title='bbox 1499 625 1530 652; x_wconf 82' lang='grc' dir='ltr'><strong>τὸ</strong></span> <span class='ocrx_word' id='word_1_170' title='bbox 1545 626 1695 662; x_wconf 81' lang='grc' dir='ltr'><strong>ὑπόδειγμα</strong></span> <span class='ocrx_word' id='word_1_171' title='bbox 1714 627 1847 664; x_wconf 84' lang='grc' dir='ltr'>διηγησά-</span> 
     </span>
    </p>
   </div>
   <div class='ocr_carea' id='block_1_21' title="bbox 1065 670 1848 710">
    <p class='ocr_par' dir='ltr' id='par_1_21' title="bbox 1065 670 1848 710">
     <span class='ocr_line' id='line_1_21' title="bbox 1065 670 1848 710; baseline 0.005 -14"><span class='ocrx_word' id='word_1_172' title='bbox 1065 678 1129 705; x_wconf 88' lang='grc' dir='ltr'>μην,</span> <span class='ocrx_word' id='word_1_173' title='bbox 1147 670 1177 696; x_wconf 87' lang='grc' dir='ltr'><strong>τὸ</strong></span> <span class='ocrx_word' id='word_1_174' title='bbox 1192 671 1308 706; x_wconf 77' lang='grc' dir='ltr'>πρᾶγμα</span> <span class='ocrx_word' id='word_1_175' title='bbox 1321 670 1408 702; x_wconf 75' lang='grc' dir='ltr'>οὕτως</span> <span class='ocrx_word' id='word_1_176' title='bbox 1418 679 1425 687; x_wconf 87' lang='grc'>·</span> <span class='ocrx_word' id='word_1_177' title='bbox 1448 671 1492 702; x_wconf 83' lang='grc' dir='ltr'>Ὧς</span> <span class='ocrx_word' id='word_1_178' title='bbox 1507 671 1585 703; x_wconf 77' lang='grc' dir='ltr'>εἴτις</span> <span class='ocrx_word' id='word_1_179' title='bbox 1598 671 1720 699; x_wconf 75' lang='grc' dir='ltr'>θεάσαιτο</span> <span class='ocrx_word' id='word_1_180' title='bbox 1732 673 1767 699; x_wconf 82' lang='grc' dir='ltr'><strong>δι’</strong></span> <span class='ocrx_word' id='word_1_181' title='bbox 1778 674 1848 710; x_wconf 78' lang='grc' dir='ltr'>ὀπῆς</span> 
     </span>
    </p>
   </div>
   <div class='ocr_carea' id='block_1_22' title="bbox 1065 715 1849 754">
    <p class='ocr_par' dir='ltr' id='par_1_22' title="bbox 1065 715 1849 754">
     <span class='ocr_line' id='line_1_22' title="bbox 1065 715 1849 754; baseline 0.005 -13"><span class='ocrx_word' id='word_1_182' title='bbox 1065 715 1233 750; x_wconf 81' lang='grc' dir='ltr'>μικροτάτης</span> <span class='ocrx_word' id='word_1_183' title='bbox 1248 715 1295 742; x_wconf 82' lang='grc' dir='ltr'><strong>τὸν</strong></span> <span class='ocrx_word' id='word_1_184' title='bbox 1316 716 1441 751; x_wconf 77' lang='grc' dir='ltr'>οὐρανὸν,</span> <span class='ocrx_word' id='word_1_185' title='bbox 1458 716 1506 742; x_wconf 63' lang='grc' dir='ltr'><strong>καλ¹</strong></span> <span class='ocrx_word' id='word_1_186' title='bbox 1522 716 1603 750; x_wconf 76' lang='grc' dir='ltr'>εἴποι,</span> <span class='ocrx_word' id='word_1_187' title='bbox 1622 717 1692 752; x_wconf 81' lang='grc' dir='ltr'><strong>Ὀρῶ</strong></span> <span class='ocrx_word' id='word_1_188' title='bbox 1708 718 1754 744; x_wconf 88' lang='grc' dir='ltr'><strong>τὸν</strong></span> <span class='ocrx_word' id='word_1_189' title='bbox 1767 719 1849 754; x_wconf 65' lang='grc' dir='ltr'>οὐρα-</span> 
     </span>
    </p>
   </div>
   <div class='ocr_carea' id='block_1_23' title="bbox 1064 761 1844 800">
    <p class='ocr_par' dir='ltr' id='par_1_23' title="bbox 1064 761 1844 800">
     <span class='ocr_line' id='line_1_23' title="bbox 1064 761 1844 800; baseline 0.004 -13"><span class='ocrx_word' id='word_1_190' title='bbox 1064 761 1108 787; x_wconf 85' lang='grc' dir='ltr'>νόν</span> <span class='ocrx_word' id='word_1_191' title='bbox 1119 768 1126 775; x_wconf 88' lang='grc'>·</span> <span class='ocrx_word' id='word_1_192' title='bbox 1144 762 1190 788; x_wconf 78' lang='grc' dir='ltr'>καὶ</span> <span class='ocrx_word' id='word_1_193' title='bbox 1207 762 1257 788; x_wconf 79' lang='grc' dir='ltr'>οὐκ</span> <span class='ocrx_word' id='word_1_194' title='bbox 1279 761 1312 788; x_wconf 81' lang='grc' dir='ltr'>ἂν</span> <span class='ocrx_word' id='word_1_195' title='bbox 1332 761 1458 796; x_wconf 80' lang='grc' dir='ltr'>ψεύσοιτο</span> <span class='ocrx_word' id='word_1_196' title='bbox 1475 762 1489 788; x_wconf 98' lang='lat'><strong>6</strong></span> <span class='ocrx_word' id='word_1_197' title='bbox 1508 762 1642 794; x_wconf 85' lang='grc' dir='ltr'>τοιοῦτος·</span> <span class='ocrx_word' id='word_1_198' title='bbox 1661 763 1713 799; x_wconf 79' lang='grc' dir='ltr'>ὁρᾷ</span> <span class='ocrx_word' id='word_1_199' title='bbox 1728 764 1784 800; x_wconf 80' lang='grc' dir='ltr'><strong>γὰρ</strong></span> <span class='ocrx_word' id='word_1_200' title='bbox 1801 766 1844 792; x_wconf 85' lang='grc' dir='ltr'><strong>οὺ-</strong></span> 
     </span>
    </p>
   </div>
   <div class='ocr_carea' id='block_1_24' title="bbox 1067 807 1849 846">
    <p class='ocr_par' dir='ltr' id='par_1_24' title="bbox 1067 807 1849 846">
     <span class='ocr_line' id='line_1_24' title="bbox 1067 807 1849 846; baseline 0.005 -13"><span class='ocrx_word' id='word_1_201' title='bbox 1067 807 1146 842; x_wconf 85' lang='grc' dir='ltr'>ρανὸν</span> <span class='ocrx_word' id='word_1_202' title='bbox 1158 807 1197 843; x_wconf 84' lang='grc' dir='ltr'>τῷ</span> <span class='ocrx_word' id='word_1_203' title='bbox 1217 807 1273 834; x_wconf 79' lang='grc' dir='ltr'>ὸντι</span> <span class='ocrx_word' id='word_1_204' title='bbox 1284 815 1290 822; x_wconf 88' lang='lat'>&#39;</span> <span class='ocrx_word' id='word_1_205' title='bbox 1311 807 1383 834; x_wconf 80' lang='grc' dir='ltr'>εἴποι</span> <span class='ocrx_word' id='word_1_206' title='bbox 1396 808 1425 834; x_wconf 86' lang='grc' dir='ltr'>δέ</span> <span class='ocrx_word' id='word_1_207' title='bbox 1440 816 1482 840; x_wconf 88' lang='grc' dir='ltr'><strong>τις</strong></span> <span class='ocrx_word' id='word_1_208' title='bbox 1502 808 1577 844; x_wconf 79' lang='grc' dir='ltr'>αὐτῷ</span> <span class='ocrx_word' id='word_1_209' title='bbox 1592 810 1718 842; x_wconf 81' lang='grc' dir='ltr'><strong>συνετῶς,</strong></span> <span class='ocrx_word' id='word_1_210' title='bbox 1736 811 1777 837; x_wconf 73' lang='grc' dir='ltr'><strong>ἕντι</strong></span> <span class='ocrx_word' id='word_1_211' title='bbox 1793 811 1849 846; x_wconf 77' lang='grc' dir='ltr'><strong>οὐχ</strong></span> 
     </span>
    </p>
   </div>
   <div class='ocr_carea' id='block_1_25' title="bbox 224 849 1012 890">
    <p class='ocr_par' dir='ltr' id='par_1_25' title="bbox 224 853 1009 890">
     <span class='ocr_line' id='line_1_25' title="bbox 224 853 1009 890; baseline -0.001 -8"><span class='ocrx_word' id='word_1_212' title='bbox 224 856 246 882; x_wconf 88' lang='lat' dir='ltr'><strong>si</strong></span> <span class='ocrx_word' id='word_1_213' title='bbox 261 855 322 890; x_wconf 86' lang='lat' dir='ltr'><strong>quis</strong></span> <span class='ocrx_word' id='word_1_214' title='bbox 335 855 481 889; x_wconf 85' lang='lat' dir='ltr'><strong>prudenter</strong></span> <span class='ocrx_word' id='word_1_215' title='bbox 494 855 518 881; x_wconf 89' lang='lat' dir='ltr'><strong>ei</strong></span> <span class='ocrx_word' id='word_1_216' title='bbox 533 854 606 880; x_wconf 88' lang='lat' dir='ltr'><strong>dicat</strong></span> <span class='ocrx_word' id='word_1_217' title='bbox 619 863 627 881; x_wconf 87' lang='lat'><strong>:</strong></span> <span class='ocrx_word' id='word_1_218' title='bbox 638 853 697 880; x_wconf 85' lang='lat' dir='ltr'><strong>Non</strong></span> <span class='ocrx_word' id='word_1_219' title='bbox 716 854 791 881; x_wconf 86' lang='lat' dir='ltr'><strong>vides</strong></span> <span class='ocrx_word' id='word_1_220' title='bbox 804 854 922 886; x_wconf 74' lang='lat' dir='ltr'><strong>cmlum;</strong></span> <span class='ocrx_word' id='word_1_221' title='bbox 939 862 973 881; x_wconf 88' lang='lat' dir='ltr'><strong>ne</strong></span> <span class='ocrx_word' id='word_1_222' title='bbox 986 854 1009 881; x_wconf 88' lang='lat' dir='ltr'><strong>is</strong></span> 
     </span>
    </p>
   </div>
   <div class='ocr_carea' id='block_1_26' title="bbox 1065 849 1849 890">
    <p class='ocr_par' dir='ltr' id='par_1_26' title="bbox 1065 851 1849 888">
     <span class='ocr_line' id='line_1_26' title="bbox 1065 851 1849 888; baseline 0.003 -10"><span class='ocrx_word' id='word_1_223' title='bbox 1065 851 1188 887; x_wconf 73' lang='grc' dir='ltr'>ἑώρακας</span> <span class='ocrx_word' id='word_1_224' title='bbox 1199 851 1246 878; x_wconf 85' lang='grc' dir='ltr'><strong>τὸν</strong></span> <span class='ocrx_word' id='word_1_225' title='bbox 1265 852 1396 888; x_wconf 86' lang='grc' dir='ltr'>οὐρανόν·</span> <span class='ocrx_word' id='word_1_226' title='bbox 1416 852 1463 878; x_wconf 80' lang='grc' dir='ltr'>καὶ</span> <span class='ocrx_word' id='word_1_227' title='bbox 1476 852 1526 879; x_wconf 82' lang='grc' dir='ltr'>οὐκ</span> <span class='ocrx_word' id='word_1_228' title='bbox 1544 852 1577 879; x_wconf 76' lang='grc' dir='ltr'>ἂν</span> <span class='ocrx_word' id='word_1_229' title='bbox 1593 853 1719 888; x_wconf 79' lang='grc' dir='ltr'>ψεύσοιτο</span> <span class='ocrx_word' id='word_1_230' title='bbox 1735 855 1750 881; x_wconf 86' lang='lat'><strong>6</strong></span> <span class='ocrx_word' id='word_1_231' title='bbox 1761 854 1849 881; x_wconf 74' lang='grc' dir='ltr'>τοιοῦο</span> 
     </span>
    </p>
   </div>
   <div class='ocr_carea' id='block_1_27' title="bbox 223 899 1011 935">
    <p class='ocr_par' dir='ltr' id='par_1_27' title="bbox 223 899 1011 935">
     <span class='ocr_line' id='line_1_27' title="bbox 223 899 1011 935; baseline 0.001 -10"><span class='ocrx_word' id='word_1_232' title='bbox 223 900 333 935; x_wconf 86' lang='lat' dir='ltr'><strong>quidem</strong></span> <span class='ocrx_word' id='word_1_233' title='bbox 349 900 624 932; x_wconf 89' lang='lat' dir='ltr'><strong>mentietur;neuter,</strong></span> <span class='ocrx_word' id='word_1_234' title='bbox 639 899 760 933; x_wconf 83' lang='lat' dir='ltr'><strong>inquam,</strong></span> <span class='ocrx_word' id='word_1_235' title='bbox 776 899 915 931; x_wconf 84' lang='lat' dir='ltr'><strong>mentitur,</strong></span> <span class='ocrx_word' id='word_1_236' title='bbox 924 906 1011 934; x_wconf 88' lang='lat' dir='ltr'><strong>neque</strong></span> 
     </span>
    </p>
   </div>
   <div class='ocr_carea' id='block_1_28' title="bbox 225 943 1010 980">
    <p class='ocr_par' dir='ltr' id='par_1_28' title="bbox 225 943 1010 980">
     <span class='ocr_line' id='line_1_28' title="bbox 225 943 1010 980; baseline -0.001 -8"><span class='ocrx_word' id='word_1_237' title='bbox 225 946 270 980; x_wconf 91' lang='lat' dir='ltr'><strong>qui</strong></span> <span class='ocrx_word' id='word_1_238' title='bbox 296 945 397 972; x_wconf 86' lang='lat' dir='ltr'><strong>vidisse</strong></span> <span class='ocrx_word' id='word_1_239' title='bbox 412 953 442 972; x_wconf 84' lang='lat' dir='ltr'><strong>se</strong></span> <span class='ocrx_word' id='word_1_240' title='bbox 468 945 545 977; x_wconf 86' lang='lat' dir='ltr'><strong>dicit,</strong></span> <span class='ocrx_word' id='word_1_241' title='bbox 571 951 659 978; x_wconf 90' lang='lat' dir='ltr'><strong>neque</strong></span> <span class='ocrx_word' id='word_1_242' title='bbox 682 943 729 978; x_wconf 91' lang='lat' dir='ltr'><strong>qui</strong></span> <span class='ocrx_word' id='word_1_243' title='bbox 754 948 844 979; x_wconf 72' lang='lat' dir='ltr'><strong>negat.</strong></span> <span class='ocrx_word' id='word_1_244' title='bbox 864 943 922 971; x_wconf 87' lang='lat' dir='ltr'><strong>Non</strong></span> <span class='ocrx_word' id='word_1_245' title='bbox 939 945 1010 971; x_wconf 88' lang='lat' dir='ltr'><strong>enim</strong></span> 
     </span>
    </p>
   </div>
   <div class='ocr_carea' id='block_1_29' title="bbox 223 988 1012 1023">
    <p class='ocr_par' dir='ltr' id='par_1_29' title="bbox 223 988 1012 1023">
     <span class='ocr_line' id='line_1_29' title="bbox 223 988 1012 1023; baseline -0.003 -5"><span class='ocrx_word' id='word_1_246' title='bbox 223 991 410 1018; x_wconf 76' lang='lat' dir='ltr'><strong>extensionem</strong></span> <span class='ocrx_word' id='word_1_247' title='bbox 422 990 495 1021; x_wconf 64' lang='lat' dir='ltr'><strong>coeli,</strong></span> <span class='ocrx_word' id='word_1_248' title='bbox 511 997 542 1016; x_wconf 88' lang='lat' dir='ltr'><strong>ac</strong></span> <span class='ocrx_word' id='word_1_249' title='bbox 560 989 728 1016; x_wconf 89' lang='lat' dir='ltr'><strong>latitudinem</strong></span> <span class='ocrx_word' id='word_1_250' title='bbox 743 990 859 1023; x_wconf 81' lang='lat' dir='ltr'><strong>aspexit.</strong></span> <span class='ocrx_word' id='word_1_251' title='bbox 880 988 970 1021; x_wconf 84' lang='lat' dir='ltr'><strong>Quare</strong></span> <span class='ocrx_word' id='word_1_252' title='bbox 984 993 1012 1017; x_wconf 88' lang='lat' dir='ltr'><strong>et</strong></span> 
     </span>
    </p>
   </div>
   <div class='ocr_carea' id='block_1_30' title="bbox 224 1034 1011 1070">
    <p class='ocr_par' dir='ltr' id='par_1_30' title="bbox 224 1034 1011 1070">
     <span class='ocr_line' id='line_1_30' title="bbox 224 1034 1011 1070; baseline -0.001 -9"><span class='ocrx_word' id='word_1_253' title='bbox 224 1035 271 1070; x_wconf 87' lang='lat' dir='ltr'><strong>qui</strong></span> <span class='ocrx_word' id='word_1_254' title='bbox 288 1035 366 1068; x_wconf 89' lang='lat' dir='ltr'><strong>vidit,</strong></span> <span class='ocrx_word' id='word_1_255' title='bbox 384 1042 478 1062; x_wconf 87' lang='lat' dir='ltr'><strong>verum</strong></span> <span class='ocrx_word' id='word_1_256' title='bbox 493 1034 572 1066; x_wconf 85' lang='lat' dir='ltr'><strong>dixit,</strong></span> <span class='ocrx_word' id='word_1_257' title='bbox 586 1038 612 1062; x_wconf 90' lang='lat' dir='ltr'><strong>et</strong></span> <span class='ocrx_word' id='word_1_258' title='bbox 627 1034 674 1068; x_wconf 90' lang='lat' dir='ltr'><strong>qui</strong></span> <span class='ocrx_word' id='word_1_259' title='bbox 690 1038 832 1069; x_wconf 79' lang='lat' dir='ltr'><strong>repugnat.</strong></span> <span class='ocrx_word' id='word_1_260' title='bbox 847 1034 945 1061; x_wconf 80' lang='lat' dir='ltr'><strong>falsum</strong></span> <span class='ocrx_word' id='word_1_261' title='bbox 958 1042 1011 1061; x_wconf 93' lang='lat' dir='ltr'><strong>non</strong></span> 
     </span>
    </p>
   </div>
   <div class='ocr_carea' id='block_1_31' title="bbox 226 1079 1012 1115">
    <p class='ocr_par' dir='ltr' id='par_1_31' title="bbox 226 1079 1012 1115">
     <span class='ocr_line' id='line_1_31' title="bbox 226 1079 1012 1115; baseline 0 -9"><span class='ocrx_word' id='word_1_262' title='bbox 226 1080 303 1107; x_wconf 78' lang='lat' dir='ltr'><strong>dixit.</strong></span> <span class='ocrx_word' id='word_1_263' title='bbox 317 1079 394 1115; x_wconf 79' lang='lat' dir='ltr'><strong>Saepe</strong></span> <span class='ocrx_word' id='word_1_264' title='bbox 408 1080 479 1108; x_wconf 92' lang='lat' dir='ltr'><strong>enim</strong></span> <span class='ocrx_word' id='word_1_265' title='bbox 496 1079 595 1107; x_wconf 83' lang='lat' dir='ltr'><strong>accidit</strong></span> <span class='ocrx_word' id='word_1_266' title='bbox 617 1084 646 1106; x_wconf 87' lang='lat' dir='ltr'><strong>ut</strong></span> <span class='ocrx_word' id='word_1_267' title='bbox 669 1087 702 1107; x_wconf 78' lang='lat' dir='ltr'><strong>ex</strong></span> <span class='ocrx_word' id='word_1_268' title='bbox 723 1080 777 1107; x_wconf 87' lang='lat' dir='ltr'><strong>alto</strong></span> <span class='ocrx_word' id='word_1_269' title='bbox 793 1081 893 1106; x_wconf 90' lang='lat' dir='ltr'><strong>montis</strong></span> <span class='ocrx_word' id='word_1_270' title='bbox 911 1080 1012 1107; x_wconf 84' lang='lat' dir='ltr'><strong>vertice</strong></span> 
     </span>
    </p>
   </div>
   <div class='ocr_carea' id='block_1_32' title="bbox 225 1123 1013 1159">
    <p class='ocr_par' dir='ltr' id='par_1_32' title="bbox 225 1123 1013 1159">
     <span class='ocr_line' id='line_1_32' title="bbox 225 1123 1013 1159; baseline 0.003 -9"><span class='ocrx_word' id='word_1_271' title='bbox 225 1132 301 1152; x_wconf 86' lang='lat' dir='ltr'><strong>mare</strong></span> <span class='ocrx_word' id='word_1_272' title='bbox 317 1125 525 1159; x_wconf 74' lang='lat' dir='ltr'><strong>prospicianius.</strong></span> <span class='ocrx_word' id='word_1_273' title='bbox 540 1123 617 1157; x_wconf 86' lang='lat' dir='ltr'><strong>Quod</strong></span> <span class='ocrx_word' id='word_1_274' title='bbox 631 1125 654 1152; x_wconf 92' lang='lat' dir='ltr'><strong>si</strong></span> <span class='ocrx_word' id='word_1_275' title='bbox 668 1132 719 1152; x_wconf 93' lang='lat' dir='ltr'><strong>nos</strong></span> <span class='ocrx_word' id='word_1_276' title='bbox 732 1124 798 1151; x_wconf 91' lang='lat' dir='ltr'><strong>illud</strong></span> <span class='ocrx_word' id='word_1_277' title='bbox 821 1125 923 1152; x_wconf 83' lang='lat' dir='ltr'><strong>vidisse</strong></span> <span class='ocrx_word' id='word_1_278' title='bbox 936 1125 1013 1152; x_wconf 82' lang='lat' dir='ltr'><strong>dica-</strong></span> 
     </span>
    </p>
   </div>
   <div class='ocr_carea' id='block_1_33' title="bbox 225 1169 1012 1203">
    <p class='ocr_par' dir='ltr' id='par_1_33' title="bbox 225 1169 1012 1203">
     <span class='ocr_line' id='line_1_33' title="bbox 225 1169 1012 1203; baseline 0.001 -8"><span class='ocrx_word' id='word_1_279' title='bbox 225 1176 296 1199; x_wconf 83' lang='lat' dir='ltr'><strong>mus.</strong></span> <span class='ocrx_word' id='word_1_280' title='bbox 322 1176 374 1196; x_wconf 91' lang='lat' dir='ltr'><strong>non</strong></span> <span class='ocrx_word' id='word_1_281' title='bbox 391 1169 570 1202; x_wconf 90' lang='lat' dir='ltr'><strong>mentiemur;</strong></span> <span class='ocrx_word' id='word_1_282' title='bbox 596 1177 684 1203; x_wconf 88' lang='lat' dir='ltr'><strong>neque</strong></span> <span class='ocrx_word' id='word_1_283' title='bbox 706 1169 729 1196; x_wconf 88' lang='lat' dir='ltr'><strong>si</strong></span> <span class='ocrx_word' id='word_1_284' title='bbox 748 1169 945 1196; x_wconf 81' lang='lat' dir='ltr'><strong>contradixerit</strong></span> <span class='ocrx_word' id='word_1_285' title='bbox 961 1169 1012 1196; x_wconf 90' lang='lat' dir='ltr'><strong>ali-</strong></span> 
     </span>
    </p>
   </div>
   <div class='ocr_carea' id='block_1_34' title="bbox 224 1214 1010 1249">
    <p class='ocr_par' dir='ltr' id='par_1_34' title="bbox 224 1214 1010 1249">
     <span class='ocr_line' id='line_1_34' title="bbox 224 1214 1010 1249; baseline 0.003 -9"><span class='ocrx_word' id='word_1_286' title='bbox 224 1216 285 1247; x_wconf 88' lang='lat' dir='ltr'><strong>quis</strong></span> <span class='ocrx_word' id='word_1_287' title='bbox 301 1222 333 1240; x_wconf 91' lang='lat' dir='ltr'><strong>ac</strong></span> <span class='ocrx_word' id='word_1_288' title='bbox 349 1214 450 1241; x_wconf 86' lang='lat' dir='ltr'><strong>vidisse</strong></span> <span class='ocrx_word' id='word_1_289' title='bbox 467 1222 516 1241; x_wconf 88' lang='lat' dir='ltr'><strong>nos</strong></span> <span class='ocrx_word' id='word_1_290' title='bbox 531 1215 687 1249; x_wconf 66' lang='lat' dir='ltr'><strong>negaverit,</strong></span> <span class='ocrx_word' id='word_1_291' title='bbox 698 1222 751 1241; x_wconf 91' lang='lat' dir='ltr'><strong>non</strong></span> <span class='ocrx_word' id='word_1_292' title='bbox 766 1222 859 1241; x_wconf 89' lang='lat' dir='ltr'><strong>verum</strong></span> <span class='ocrx_word' id='word_1_293' title='bbox 876 1215 920 1241; x_wconf 91' lang='lat' dir='ltr'><strong>ille</strong></span> <span class='ocrx_word' id='word_1_294' title='bbox 932 1215 1010 1242; x_wconf 83' lang='lat' dir='ltr'><strong>dixit.</strong></span> 
     </span>
    </p>
   </div>
   <div class='ocr_carea' id='block_1_35' title="bbox 225 1257 1012 1292">
    <p class='ocr_par' dir='ltr' id='par_1_35' title="bbox 225 1257 1012 1292">
     <span class='ocr_line' id='line_1_35' title="bbox 225 1257 1012 1292; baseline 0 -8"><span class='ocrx_word' id='word_1_295' title='bbox 225 1258 369 1292; x_wconf 84' lang='lat' dir='ltr'><strong>Propterea</strong></span> <span class='ocrx_word' id='word_1_296' title='bbox 385 1258 469 1292; x_wconf 87' lang='lat' dir='ltr'><strong>quod.</strong></span> <span class='ocrx_word' id='word_1_297' title='bbox 486 1265 546 1292; x_wconf 60' lang='lat' dir='ltr'><strong>qua!</strong></span> <span class='ocrx_word' id='word_1_298' title='bbox 563 1262 605 1284; x_wconf 90' lang='lat' dir='ltr'><strong>est</strong></span> <span class='ocrx_word' id='word_1_299' title='bbox 626 1257 744 1285; x_wconf 77' lang='lat' dir='ltr'><strong>hominis</strong></span> <span class='ocrx_word' id='word_1_300' title='bbox 760 1257 943 1290; x_wconf 87' lang='lat' dir='ltr'><strong>imbecillitas,</strong></span> <span class='ocrx_word' id='word_1_301' title='bbox 957 1264 1012 1292; x_wconf 88' lang='lat' dir='ltr'><strong>quo</strong></span> 
     </span>
    </p>
   </div>
   <div class='ocr_carea' id='block_1_36' title="bbox 226 1302 1019 1338">
    <p class='ocr_par' dir='ltr' id='par_1_36' title="bbox 226 1302 1019 1338">
     <span class='ocr_line' id='line_1_36' title="bbox 226 1302 1019 1338; baseline 0.003 -9"><span class='ocrx_word' id='word_1_302' title='bbox 226 1303 299 1329; x_wconf 90' lang='lat' dir='ltr'><strong>illius</strong></span> <span class='ocrx_word' id='word_1_303' title='bbox 328 1302 487 1336; x_wconf 88' lang='lat' dir='ltr'><strong>amplitudo,</strong></span> <span class='ocrx_word' id='word_1_304' title='bbox 514 1306 561 1329; x_wconf 89' lang='lat' dir='ltr'><strong>aut</strong></span> <span class='ocrx_word' id='word_1_305' title='bbox 586 1303 737 1337; x_wconf 79' lang='lat' dir='ltr'><strong>longitudo,</strong></span> <span class='ocrx_word' id='word_1_306' title='bbox 766 1306 814 1330; x_wconf 84' lang='lat' dir='ltr'><strong>aut</strong></span> <span class='ocrx_word' id='word_1_307' title='bbox 839 1302 1019 1338; x_wconf 63' lang='lat' dir='ltr'><strong>profundita-</strong></span> 
     </span>
    </p>
   </div>
   <div class='ocr_carea' id='block_1_37' title="bbox 226 1338 1012 1383">
    <p class='ocr_par' dir='ltr' id='par_1_37' title="bbox 226 1338 1012 1383">
     <span class='ocr_line' id='line_1_37' title="bbox 226 1338 1012 1383; baseline 0.003 -9"><span class='ocrx_word' id='word_1_308' title='bbox 226 1348 370 1382; x_wconf 77' lang='lat' dir='ltr'><strong>pertiugat,</strong></span> <span class='ocrx_word' id='word_1_309' title='bbox 387 1355 523 1382; x_wconf 87' lang='lat' dir='ltr'><strong>quamque</strong></span> <span class='ocrx_word' id='word_1_310' title='bbox 543 1348 589 1374; x_wconf 88' lang='lat' dir='ltr'><strong>alti</strong></span> <span class='ocrx_word' id='word_1_311' title='bbox 610 1348 665 1375; x_wconf 86' lang='lat' dir='ltr'><strong>sint</strong></span> <span class='ocrx_word' id='word_1_312' title='bbox 682 1338 754 1376; x_wconf 63' lang='lat' dir='ltr'><strong>illius</strong></span> <span class='ocrx_word' id='word_1_313' title='bbox 770 1348 907 1383; x_wconf 77' lang='lat' dir='ltr'><strong>voraginis</strong></span> <span class='ocrx_word' id='word_1_314' title='bbox 919 1355 1012 1376; x_wconf 82' lang='lat' dir='ltr'><strong>reces-</strong></span> 
     </span>
    </p>
   </div>
   <div class='ocr_carea' id='block_1_38' title="bbox 225 1393 1012 1429">
    <p class='ocr_par' dir='ltr' id='par_1_38' title="bbox 225 1393 1012 1429">
     <span class='ocr_line' id='line_1_38' title="bbox 225 1393 1012 1429; baseline 0 -9"><span class='ocrx_word' id='word_1_315' title='bbox 225 1400 274 1420; x_wconf 82' lang='lat' dir='ltr'><strong>sus</strong></span> <span class='ocrx_word' id='word_1_316' title='bbox 289 1402 296 1426; x_wconf 90' lang='lat'>;</span> <span class='ocrx_word' id='word_1_317' title='bbox 317 1393 363 1421; x_wconf 87' lang='lat' dir='ltr'><strong>sed</strong></span> <span class='ocrx_word' id='word_1_318' title='bbox 382 1401 469 1428; x_wconf 87' lang='lat' dir='ltr'><strong>neque</strong></span> <span class='ocrx_word' id='word_1_319' title='bbox 486 1394 558 1421; x_wconf 87' lang='lat' dir='ltr'><strong>illius</strong></span> <span class='ocrx_word' id='word_1_320' title='bbox 569 1393 665 1421; x_wconf 71' lang='lat' dir='ltr'><strong>effecta</strong></span> <span class='ocrx_word' id='word_1_321' title='bbox 682 1394 822 1428; x_wconf 85' lang='lat' dir='ltr'><strong>pervidere</strong></span> <span class='ocrx_word' id='word_1_322' title='bbox 840 1397 938 1429; x_wconf 83' lang='lat' dir='ltr'><strong>potest.</strong></span> <span class='ocrx_word' id='word_1_323' title='bbox 953 1393 1012 1421; x_wconf 84' lang='lat' dir='ltr'><strong>Jam</strong></span> 
     </span>
    </p>
   </div>
   <div class='ocr_carea' id='block_1_39' title="bbox 226 1439 1013 1474">
    <p class='ocr_par' dir='ltr' id='par_1_39' title="bbox 226 1439 1013 1474">
     <span class='ocr_line' id='line_1_39' title="bbox 226 1439 1013 1474; baseline 0.001 -9"><span class='ocrx_word' id='word_1_324' title='bbox 226 1439 248 1465; x_wconf 83' lang='lat' dir='ltr'><strong>si</strong></span> <span class='ocrx_word' id='word_1_325' title='bbox 268 1439 294 1465; x_wconf 93' lang='lat' dir='ltr'><strong>in</strong></span> <span class='ocrx_word' id='word_1_326' title='bbox 307 1439 441 1466; x_wconf 85' lang='lat' dir='ltr'><strong>creaturis</strong></span> <span class='ocrx_word' id='word_1_327' title='bbox 465 1439 501 1466; x_wconf 90' lang='lat' dir='ltr'><strong>ita</strong></span> <span class='ocrx_word' id='word_1_328' title='bbox 516 1446 575 1466; x_wconf 87' lang='lat' dir='ltr'><strong>sese</strong></span> <span class='ocrx_word' id='word_1_329' title='bbox 588 1446 632 1466; x_wconf 89' lang='lat' dir='ltr'><strong>res</strong></span> <span class='ocrx_word' id='word_1_330' title='bbox 647 1439 740 1470; x_wconf 78' lang='lat' dir='ltr'><strong>habet,</strong></span> <span class='ocrx_word' id='word_1_331' title='bbox 762 1444 865 1474; x_wconf 89' lang='lat' dir='ltr'><strong>quanto</strong></span> <span class='ocrx_word' id='word_1_332' title='bbox 882 1439 968 1473; x_wconf 81' lang='lat' dir='ltr'><strong>magis</strong></span> <span class='ocrx_word' id='word_1_333' title='bbox 986 1439 1013 1466; x_wconf 95' lang='lat' dir='ltr'><strong>in</strong></span> 
     </span>
    </p>
   </div>
   <div class='ocr_carea' id='block_1_40' title="bbox 226 1484 1011 1520">
    <p class='ocr_par' dir='ltr' id='par_1_40' title="bbox 226 1484 1011 1520">
     <span class='ocr_line' id='line_1_40' title="bbox 226 1484 1011 1520; baseline 0.001 -10"><span class='ocrx_word' id='word_1_334' title='bbox 226 1485 344 1518; x_wconf 71' lang='lat' dir='ltr'><strong>gratuito</strong></span> <span class='ocrx_word' id='word_1_335' title='bbox 360 1484 406 1511; x_wconf 89' lang='lat' dir='ltr'><strong>illo</strong></span> <span class='ocrx_word' id='word_1_336' title='bbox 424 1484 564 1516; x_wconf 81' lang='lat' dir='ltr'><strong>beneﬁcio,</strong></span> <span class='ocrx_word' id='word_1_337' title='bbox 577 1484 650 1519; x_wconf 91' lang='lat' dir='ltr'><strong>quod</strong></span> <span class='ocrx_word' id='word_1_338' title='bbox 663 1484 733 1513; x_wconf 87' lang='lat' dir='ltr'><strong>Deus</strong></span> <span class='ocrx_word' id='word_1_339' title='bbox 746 1484 885 1520; x_wconf 87' lang='lat' dir='ltr'><strong>prophetis</strong></span> <span class='ocrx_word' id='word_1_340' title='bbox 900 1489 1011 1519; x_wconf 88' lang='lat' dir='ltr'><strong>aposto-</strong></span> 
     </span>
    </p>
   </div>
   <div class='ocr_carea' id='block_1_41' title="bbox 227 1529 1012 1565">
    <p class='ocr_par' dir='ltr' id='par_1_41' title="bbox 227 1529 1012 1565">
     <span class='ocr_line' id='line_1_41' title="bbox 227 1529 1012 1565; baseline 0.001 -9"><span class='ocrx_word' id='word_1_341' title='bbox 227 1531 314 1564; x_wconf 80' lang='lat' dir='ltr'><strong>lisqne</strong></span> <span class='ocrx_word' id='word_1_342' title='bbox 328 1529 483 1556; x_wconf 85' lang='lat' dir='ltr'><strong>concessit?</strong></span> <span class='ocrx_word' id='word_1_343' title='bbox 499 1529 567 1565; x_wconf 73' lang='lat' dir='ltr'><strong>Ergo</strong></span> <span class='ocrx_word' id='word_1_344' title='bbox 579 1530 619 1557; x_wconf 91' lang='lat' dir='ltr'><strong>illi</strong></span> <span class='ocrx_word' id='word_1_345' title='bbox 634 1529 717 1557; x_wconf 90' lang='lat' dir='ltr'><strong>Deum</strong></span> <span class='ocrx_word' id='word_1_346' title='bbox 731 1531 906 1558; x_wconf 84' lang='lat' dir='ltr'><strong>exsistentem</strong></span> <span class='ocrx_word' id='word_1_347' title='bbox 919 1538 1012 1558; x_wconf 85' lang='lat' dir='ltr'><strong>revera</strong></span> 
     </span>
    </p>
   </div>
   <div class='ocr_carea' id='block_1_42' title="bbox 226 1575 1013 1607">
    <p class='ocr_par' dir='ltr' id='par_1_42' title="bbox 226 1575 1013 1607">
     <span class='ocr_line' id='line_1_42' title="bbox 226 1575 1013 1607; baseline 0.001 -6"><span class='ocrx_word' id='word_1_348' title='bbox 226 1575 340 1602; x_wconf 75' lang='lat' dir='ltr'><strong>i-mituiti</strong></span> <span class='ocrx_word' id='word_1_349' title='bbox 357 1580 430 1607; x_wconf 91' lang='lat' dir='ltr'><strong>sunt,</strong></span> <span class='ocrx_word' id='word_1_350' title='bbox 448 1579 475 1603; x_wconf 91' lang='lat' dir='ltr'><strong>et</strong></span> <span class='ocrx_word' id='word_1_351' title='bbox 491 1575 571 1602; x_wconf 90' lang='lat' dir='ltr'><strong>simul</strong></span> <span class='ocrx_word' id='word_1_352' title='bbox 591 1583 644 1603; x_wconf 92' lang='lat' dir='ltr'><strong>non</strong></span> <span class='ocrx_word' id='word_1_353' title='bbox 660 1580 724 1604; x_wconf 90' lang='lat' dir='ltr'><strong>sunt</strong></span> <span class='ocrx_word' id='word_1_354' title='bbox 738 1576 862 1603; x_wconf 86' lang='lat' dir='ltr'><strong>contuiti.</strong></span> <span class='ocrx_word' id='word_1_355' title='bbox 879 1575 1013 1603; x_wconf 87' lang='lat' dir='ltr'><strong>Viderunt</strong></span> 
     </span>
    </p>
   </div>
   <div class='ocr_carea' id='block_1_43' title="bbox 225 1620 1013 1655">
    <p class='ocr_par' dir='ltr' id='par_1_43' title="bbox 225 1620 1013 1655">
     <span class='ocr_line' id='line_1_43' title="bbox 225 1620 1013 1655; baseline 0.001 -9"><span class='ocrx_word' id='word_1_356' title='bbox 225 1621 335 1654; x_wconf 89' lang='lat' dir='ltr'><strong>quidem</strong></span> <span class='ocrx_word' id='word_1_357' title='bbox 349 1624 482 1655; x_wconf 88' lang='lat' dir='ltr'><strong>quatenus</strong></span> <span class='ocrx_word' id='word_1_358' title='bbox 496 1621 617 1655; x_wconf 87' lang='lat' dir='ltr'><strong>ipsorum</strong></span> <span class='ocrx_word' id='word_1_359' title='bbox 634 1625 730 1648; x_wconf 90' lang='lat' dir='ltr'><strong>natura</strong></span> <span class='ocrx_word' id='word_1_360' title='bbox 747 1621 917 1654; x_wconf 85' lang='lat' dir='ltr'><strong>sustinebat;</strong></span> <span class='ocrx_word' id='word_1_361' title='bbox 932 1620 1013 1655; x_wconf 90' lang='lat' dir='ltr'><strong>idque</strong></span> 
     </span>
    </p>
   </div>
   <div class='ocr_carea' id='block_1_44' title="bbox 225 1665 1012 1701">
    <p class='ocr_par' dir='ltr' id='par_1_44' title="bbox 225 1665 1012 1701">
     <span class='ocr_line' id='line_1_44' title="bbox 225 1665 1012 1701; baseline 0 -9"><span class='ocrx_word' id='word_1_362' title='bbox 225 1667 337 1693; x_wconf 77' lang='lat' dir='ltr'><strong>virtutis</strong></span> <span class='ocrx_word' id='word_1_363' title='bbox 357 1666 428 1693; x_wconf 87' lang='lat' dir='ltr'><strong>illius</strong></span> <span class='ocrx_word' id='word_1_364' title='bbox 446 1666 589 1698; x_wconf 81' lang='lat' dir='ltr'><strong>beneﬁcio,</strong></span> <span class='ocrx_word' id='word_1_365' title='bbox 616 1674 669 1701; x_wconf 92' lang='lat' dir='ltr'><strong>qua</strong></span> <span class='ocrx_word' id='word_1_366' title='bbox 693 1670 846 1701; x_wconf 64' lang='lat' dir='ltr'><strong>praspotens</strong></span> <span class='ocrx_word' id='word_1_367' title='bbox 870 1666 915 1693; x_wconf 93' lang='lat' dir='ltr'><strong>ille</strong></span> <span class='ocrx_word' id='word_1_368' title='bbox 940 1665 1012 1693; x_wconf 88' lang='lat' dir='ltr'><strong>Deus</strong></span> 
     </span>
    </p>
   </div>
   <div class='ocr_carea' id='block_1_45' title="bbox 226 1712 1010 1747">
    <p class='ocr_par' dir='ltr' id='par_1_45' title="bbox 226 1712 1010 1747">
     <span class='ocr_line' id='line_1_45' title="bbox 226 1712 1010 1747; baseline 0.001 -9"><span class='ocrx_word' id='word_1_369' title='bbox 226 1720 276 1747; x_wconf 83' lang='lat' dir='ltr'><strong>pro</strong></span> <span class='ocrx_word' id='word_1_370' title='bbox 292 1712 422 1747; x_wconf 80' lang='lat' dir='ltr'><strong>singulari</strong></span> <span class='ocrx_word' id='word_1_371' title='bbox 439 1720 489 1739; x_wconf 89' lang='lat' dir='ltr'><strong>suo</strong></span> <span class='ocrx_word' id='word_1_372' title='bbox 508 1719 572 1747; x_wconf 77' lang='lat' dir='ltr'><strong>erga</strong></span> <span class='ocrx_word' id='word_1_373' title='bbox 587 1713 724 1739; x_wconf 90' lang='lat' dir='ltr'><strong>hominem</strong></span> <span class='ocrx_word' id='word_1_374' title='bbox 737 1720 840 1745; x_wconf 88' lang='lat' dir='ltr'><strong>amore,</strong></span> <span class='ocrx_word' id='word_1_375' title='bbox 855 1713 901 1747; x_wconf 93' lang='lat' dir='ltr'><strong>qui</strong></span> <span class='ocrx_word' id='word_1_376' title='bbox 914 1712 967 1740; x_wconf 84' lang='lat' dir='ltr'><strong>sibi</strong></span> <span class='ocrx_word' id='word_1_377' title='bbox 977 1720 1010 1739; x_wconf 81' lang='lat' dir='ltr'><strong>ex</strong></span> 
     </span>
    </p>
   </div>
   <div class='ocr_carea' id='block_1_46' title="bbox 226 1759 1013 1791">
    <p class='ocr_par' dir='ltr' id='par_1_46' title="bbox 226 1759 1013 1791">
     <span class='ocr_line' id='line_1_46' title="bbox 226 1759 1013 1791; baseline 0 -6"><span class='ocrx_word' id='word_1_378' title='bbox 226 1760 318 1786; x_wconf 89' lang='lat' dir='ltr'><strong>animo</strong></span> <span class='ocrx_word' id='word_1_379' title='bbox 337 1766 369 1786; x_wconf 88' lang='lat' dir='ltr'><strong>ac</strong></span> <span class='ocrx_word' id='word_1_380' title='bbox 390 1759 496 1785; x_wconf 77' lang='lat' dir='ltr'><strong>sincere</strong></span> <span class='ocrx_word' id='word_1_381' title='bbox 519 1759 663 1791; x_wconf 84' lang='lat' dir='ltr'><strong>serviebat,</strong></span> <span class='ocrx_word' id='word_1_382' title='bbox 694 1759 804 1786; x_wconf 81' lang='lat' dir='ltr'><strong>allicere</strong></span> <span class='ocrx_word' id='word_1_383' title='bbox 826 1759 901 1786; x_wconf 91' lang='lat' dir='ltr'><strong>illum</strong></span> <span class='ocrx_word' id='word_1_384' title='bbox 917 1759 1013 1786; x_wconf 90' lang='lat' dir='ltr'><strong>voluit.</strong></span> 
     </span>
    </p>
   </div>
   <div class='ocr_carea' id='block_1_47' title="bbox 228 1804 1013 1839">
    <p class='ocr_par' dir='ltr' id='par_1_47' title="bbox 228 1804 1013 1839">
     <span class='ocr_line' id='line_1_47' title="bbox 228 1804 1013 1839; baseline -0.001 -8"><span class='ocrx_word' id='word_1_385' title='bbox 228 1805 279 1832; x_wconf 90' lang='lat' dir='ltr'><strong>Sed</strong></span> <span class='ocrx_word' id='word_1_386' title='bbox 291 1806 314 1833; x_wconf 85' lang='lat' dir='ltr'><strong>si</strong></span> <span class='ocrx_word' id='word_1_387' title='bbox 329 1812 436 1836; x_wconf 85' lang='lat' dir='ltr'><strong>manus,</strong></span> <span class='ocrx_word' id='word_1_388' title='bbox 448 1812 495 1831; x_wconf 67' lang='lat' dir='ltr'><strong>auc</strong></span> <span class='ocrx_word' id='word_1_389' title='bbox 510 1804 615 1836; x_wconf 86' lang='lat' dir='ltr'><strong>oculos,</strong></span> <span class='ocrx_word' id='word_1_390' title='bbox 629 1809 676 1830; x_wconf 89' lang='lat' dir='ltr'><strong>aut</strong></span> <span class='ocrx_word' id='word_1_391' title='bbox 689 1805 739 1830; x_wconf 87' lang='lat' dir='ltr'><strong>alia</strong></span> <span class='ocrx_word' id='word_1_392' title='bbox 752 1804 779 1831; x_wconf 93' lang='lat' dir='ltr'><strong>id</strong></span> <span class='ocrx_word' id='word_1_393' title='bbox 792 1812 878 1839; x_wconf 72' lang='lat' dir='ltr'><strong>genus</strong></span> <span class='ocrx_word' id='word_1_394' title='bbox 893 1804 1013 1835; x_wconf 84' lang='lat' dir='ltr'><strong>membra</strong></span> 
     </span>
    </p>
   </div>
   <div class='ocr_carea' id='block_1_48' title="bbox 227 1849 1011 1883">
    <p class='ocr_par' dir='ltr' id='par_1_48' title="bbox 227 1849 1011 1883">
     <span class='ocr_line' id='line_1_48' title="bbox 227 1849 1011 1883; baseline -0.003 -6"><span class='ocrx_word' id='word_1_395' title='bbox 227 1851 316 1877; x_wconf 83' lang='lat' dir='ltr'><strong>inesse</strong></span> <span class='ocrx_word' id='word_1_396' title='bbox 327 1849 381 1876; x_wconf 89' lang='lat' dir='ltr'><strong>Deo</strong></span> <span class='ocrx_word' id='word_1_397' title='bbox 396 1849 569 1883; x_wconf 89' lang='lat' dir='ltr'><strong>suspicentur</strong></span> <span class='ocrx_word' id='word_1_398' title='bbox 586 1849 643 1880; x_wconf 81' lang='lat' dir='ltr'><strong>isti,</strong></span> <span class='ocrx_word' id='word_1_399' title='bbox 670 1849 742 1883; x_wconf 90' lang='lat' dir='ltr'><strong>quod</strong></span> <span class='ocrx_word' id='word_1_400' title='bbox 763 1849 796 1876; x_wconf 85' lang='lat' dir='ltr'><strong>ad</strong></span> <span class='ocrx_word' id='word_1_401' title='bbox 813 1857 875 1876; x_wconf 89' lang='lat' dir='ltr'><strong>eum</strong></span> <span class='ocrx_word' id='word_1_402' title='bbox 901 1849 1011 1876; x_wconf 92' lang='lat' dir='ltr'><strong>modum</strong></span> 
     </span>
    </p>
   </div>
   <div class='ocr_carea' id='block_1_49' title="bbox 227 1894 1011 1929">
    <p class='ocr_par' dir='ltr' id='par_1_49' title="bbox 227 1894 1011 1929">
     <span class='ocr_line' id='line_1_49' title="bbox 227 1894 1011 1929; baseline 0 -9"><span class='ocrx_word' id='word_1_403' title='bbox 227 1894 366 1929; x_wconf 88' lang='lat' dir='ltr'><strong>prophetis</strong></span> <span class='ocrx_word' id='word_1_404' title='bbox 380 1897 407 1920; x_wconf 86' lang='lat' dir='ltr'><strong>et</strong></span> <span class='ocrx_word' id='word_1_405' title='bbox 428 1894 557 1928; x_wconf 85' lang='lat' dir='ltr'><strong>apostolis</strong></span> <span class='ocrx_word' id='word_1_406' title='bbox 570 1898 734 1928; x_wconf 83' lang='lat' dir='ltr'><strong>conspectus</strong></span> <span class='ocrx_word' id='word_1_407' title='bbox 747 1894 792 1926; x_wconf 85' lang='lat' dir='ltr'><strong>sit,</strong></span> <span class='ocrx_word' id='word_1_408' title='bbox 807 1894 879 1920; x_wconf 90' lang='lat' dir='ltr'><strong>inani</strong></span> <span class='ocrx_word' id='word_1_409' title='bbox 893 1894 1011 1928; x_wconf 84' lang='lat' dir='ltr'><strong>quodam</strong></span> 
     </span>
    </p>
   </div>
   <div class='ocr_carea' id='block_1_50' title="bbox 229 1938 1012 1973">
    <p class='ocr_par' dir='ltr' id='par_1_50' title="bbox 229 1938 1012 1973">
     <span class='ocr_line' id='line_1_50' title="bbox 229 1938 1012 1973; baseline -0.001 -7"><span class='ocrx_word' id='word_1_410' title='bbox 229 1939 320 1967; x_wconf 90' lang='lat' dir='ltr'><strong>studio</strong></span> <span class='ocrx_word' id='word_1_411' title='bbox 336 1939 518 1966; x_wconf 83' lang='lat' dir='ltr'><strong>contentionis</strong></span> <span class='ocrx_word' id='word_1_412' title='bbox 533 1939 621 1965; x_wconf 79' lang='lat' dir='ltr'><strong>elatia</strong></span> <span class='ocrx_word' id='word_1_413' title='bbox 638 1939 748 1966; x_wconf 86' lang='lat' dir='ltr'><strong>veritate</strong></span> <span class='ocrx_word' id='word_1_414' title='bbox 765 1939 822 1973; x_wconf 86' lang='lat' dir='ltr'><strong>ipsa</strong></span> <span class='ocrx_word' id='word_1_415' title='bbox 840 1938 1012 1968; x_wconf 57' lang='lat' dir='ltr'><strong>refelluntur.</strong></span> 
     </span>
    </p>
   </div>
   <div class='ocr_carea' id='block_1_51' title="bbox 227 1984 1010 2019">
    <p class='ocr_par' dir='ltr' id='par_1_51' title="bbox 227 1984 1010 2019">
     <span class='ocr_line' id='line_1_51' title="bbox 227 1984 1010 2019; baseline -0.001 -6"><span class='ocrx_word' id='word_1_416' title='bbox 227 1985 344 2013; x_wconf 82' lang='lat' dir='ltr'><strong>Necesse</strong></span> <span class='ocrx_word' id='word_1_417' title='bbox 361 1984 469 2019; x_wconf 89' lang='lat' dir='ltr'><strong>quidem</strong></span> <span class='ocrx_word' id='word_1_418' title='bbox 492 1989 535 2011; x_wconf 91' lang='lat' dir='ltr'><strong>est</strong></span> <span class='ocrx_word' id='word_1_419' title='bbox 557 1984 600 2011; x_wconf 89' lang='lat' dir='ltr'><strong>his</strong></span> <span class='ocrx_word' id='word_1_420' title='bbox 620 1984 747 2011; x_wconf 89' lang='lat' dir='ltr'><strong>omnibus</strong></span> <span class='ocrx_word' id='word_1_421' title='bbox 761 1984 890 2012; x_wconf 86' lang='lat' dir='ltr'><strong>adhibere</strong></span> <span class='ocrx_word' id='word_1_422' title='bbox 913 1985 1010 2017; x_wconf 84' lang='lat' dir='ltr'><strong>ﬁdem,</strong></span> 
     </span>
    </p>
   </div>
   <div class='ocr_carea' id='block_1_52' title="bbox 228 2028 1014 2064">
    <p class='ocr_par' dir='ltr' id='par_1_52' title="bbox 228 2028 1014 2064">
     <span class='ocr_line' id='line_1_52' title="bbox 228 2028 1014 2064; baseline 0.001 -8"><span class='ocrx_word' id='word_1_423' title='bbox 228 2037 289 2064; x_wconf 62' lang='lat' dir='ltr'><strong>qua;</strong></span> <span class='ocrx_word' id='word_1_424' title='bbox 303 2029 330 2056; x_wconf 89' lang='lat' dir='ltr'><strong>in</strong></span> <span class='ocrx_word' id='word_1_425' title='bbox 346 2029 432 2056; x_wconf 88' lang='lat' dir='ltr'><strong>sacris</strong></span> <span class='ocrx_word' id='word_1_426' title='bbox 456 2028 567 2055; x_wconf 85' lang='lat' dir='ltr'><strong>Litteris</strong></span> <span class='ocrx_word' id='word_1_427' title='bbox 591 2032 753 2055; x_wconf 85' lang='lat' dir='ltr'><strong>asseruntur</strong></span> <span class='ocrx_word' id='word_1_428' title='bbox 764 2038 773 2056; x_wconf 90' lang='lat'><strong>:</strong></span> <span class='ocrx_word' id='word_1_429' title='bbox 785 2029 1014 2063; x_wconf 88' lang='lat' dir='ltr'><strong>quemadmodum</strong></span> 
     </span>
    </p>
   </div>
   <div class='ocr_carea' id='block_1_53' title="bbox 229 2073 1013 2109">
    <p class='ocr_par' dir='ltr' id='par_1_53' title="bbox 229 2073 1013 2109">
     <span class='ocr_line' id='line_1_53' title="bbox 229 2073 1013 2109; baseline 0.001 -9"><span class='ocrx_word' id='word_1_430' title='bbox 229 2082 293 2102; x_wconf 83' lang='lat' dir='ltr'><strong>vero</strong></span> <span class='ocrx_word' id='word_1_431' title='bbox 306 2081 366 2101; x_wconf 89' lang='lat' dir='ltr'><strong>sese</strong></span> <span class='ocrx_word' id='word_1_432' title='bbox 381 2073 490 2106; x_wconf 85' lang='lat' dir='ltr'><strong>habeat,</strong></span> <span class='ocrx_word' id='word_1_433' title='bbox 513 2074 589 2101; x_wconf 88' lang='lat' dir='ltr'><strong>solus</strong></span> <span class='ocrx_word' id='word_1_434' title='bbox 609 2073 655 2101; x_wconf 86' lang='lat' dir='ltr'><strong>ille</strong></span> <span class='ocrx_word' id='word_1_435' title='bbox 674 2074 824 2108; x_wconf 76' lang='lat' dir='ltr'><strong>cognoscit.</strong></span> <span class='ocrx_word' id='word_1_436' title='bbox 840 2074 1013 2109; x_wconf 87' lang='lat' dir='ltr'><strong>Proindeque</strong></span> 
     </span>
    </p>
   </div>
   <div class='ocr_carea' id='block_1_54' title="bbox 230 2119 1015 2154">
    <p class='ocr_par' dir='ltr' id='par_1_54' title="bbox 230 2119 1015 2154">
     <span class='ocr_line' id='line_1_54' title="bbox 230 2119 1015 2154; baseline 0.001 -9"><span class='ocrx_word' id='word_1_437' title='bbox 230 2127 291 2147; x_wconf 84' lang='lat' dir='ltr'><strong>vere</strong></span> <span class='ocrx_word' id='word_1_438' title='bbox 310 2119 419 2154; x_wconf 88' lang='lat' dir='ltr'><strong>quidem</strong></span> <span class='ocrx_word' id='word_1_439' title='bbox 434 2119 593 2154; x_wconf 87' lang='lat' dir='ltr'><strong>apparuisse</strong></span> <span class='ocrx_word' id='word_1_440' title='bbox 613 2123 718 2146; x_wconf 83' lang='lat' dir='ltr'><strong>certum</strong></span> <span class='ocrx_word' id='word_1_441' title='bbox 738 2122 798 2152; x_wconf 89' lang='lat' dir='ltr'><strong>est;</strong></span> <span class='ocrx_word' id='word_1_442' title='bbox 816 2119 943 2154; x_wconf 88' lang='lat' dir='ltr'><strong>apparuit</strong></span> <span class='ocrx_word' id='word_1_443' title='bbox 963 2127 1015 2146; x_wconf 84' lang='lat' dir='ltr'><strong>au-</strong></span> 
     </span>
    </p>
   </div>
   <div class='ocr_carea' id='block_1_55' title="bbox 229 2166 1016 2201">
    <p class='ocr_par' dir='ltr' id='par_1_55' title="bbox 229 2166 1016 2201">
     <span class='ocr_line' id='line_1_55' title="bbox 229 2166 1016 2201; baseline -0.003 -7"><span class='ocrx_word' id='word_1_444' title='bbox 229 2171 283 2194; x_wconf 90' lang='lat' dir='ltr'><strong>tem</strong></span> <span class='ocrx_word' id='word_1_445' title='bbox 311 2167 447 2201; x_wconf 87' lang='lat' dir='ltr'><strong>quomodo</strong></span> <span class='ocrx_word' id='word_1_446' title='bbox 471 2166 566 2198; x_wconf 90' lang='lat' dir='ltr'><strong>voluit,</strong></span> <span class='ocrx_word' id='word_1_447' title='bbox 590 2169 617 2193; x_wconf 92' lang='lat' dir='ltr'><strong>et</strong></span> <span class='ocrx_word' id='word_1_448' title='bbox 643 2173 808 2200; x_wconf 77' lang='lat' dir='ltr'><strong>quocunque</strong></span> <span class='ocrx_word' id='word_1_449' title='bbox 832 2166 913 2193; x_wconf 88' lang='lat' dir='ltr'><strong>modo</strong></span> <span class='ocrx_word' id='word_1_450' title='bbox 932 2166 1016 2201; x_wconf 72' lang='lat'><strong>820</strong></span> 
     </span>
    </p>
   </div>
   <div class='ocr_carea' id='block_1_56' title="bbox 229 2210 1014 2246">
    <p class='ocr_par' dir='ltr' id='par_1_56' title="bbox 229 2210 1014 2246">
     <span class='ocr_line' id='line_1_56' title="bbox 229 2210 1014 2246; baseline 0.003 -10"><span class='ocrx_word' id='word_1_451' title='bbox 229 2212 367 2245; x_wconf 79' lang='lat' dir='ltr'><strong>apparuit,</strong></span> <span class='ocrx_word' id='word_1_452' title='bbox 378 2218 441 2238; x_wconf 89' lang='lat' dir='ltr'><strong>vere</strong></span> <span class='ocrx_word' id='word_1_453' title='bbox 451 2211 584 2246; x_wconf 81' lang='lat' dir='ltr'><strong>apparuit.</strong></span> <span class='ocrx_word' id='word_1_454' title='bbox 603 2210 699 2237; x_wconf 88' lang='lat' dir='ltr'><strong>Omnia</strong></span> <span class='ocrx_word' id='word_1_455' title='bbox 711 2211 810 2246; x_wconf 88' lang='lat' dir='ltr'><strong>quippe</strong></span> <span class='ocrx_word' id='word_1_456' title='bbox 826 2215 914 2245; x_wconf 88' lang='lat' dir='ltr'><strong>potest</strong></span> <span class='ocrx_word' id='word_1_457' title='bbox 925 2210 1014 2245; x_wconf 83' lang='lat' dir='ltr'><strong>Deus;</strong></span> 
     </span>
    </p>
   </div>
   <div class='ocr_carea' id='block_1_57' title="bbox 231 2255 1013 2291">
    <p class='ocr_par' dir='ltr' id='par_1_57' title="bbox 231 2255 1013 2291">
     <span class='ocr_line' id='line_1_57' title="bbox 231 2255 1013 2291; baseline 0 -9"><span class='ocrx_word' id='word_1_458' title='bbox 231 2264 281 2283; x_wconf 85' lang='lat' dir='ltr'><strong>nec</strong></span> <span class='ocrx_word' id='word_1_459' title='bbox 299 2260 339 2284; x_wconf 89' lang='lat' dir='ltr'><strong>est</strong></span> <span class='ocrx_word' id='word_1_460' title='bbox 357 2256 518 2291; x_wconf 89' lang='lat' dir='ltr'><strong>quidquam,</strong></span> <span class='ocrx_word' id='word_1_461' title='bbox 543 2256 615 2291; x_wconf 83' lang='lat' dir='ltr'><strong>quod</strong></span> <span class='ocrx_word' id='word_1_462' title='bbox 637 2256 696 2290; x_wconf 85' lang='lat' dir='ltr'><strong>ejus</strong></span> <span class='ocrx_word' id='word_1_463' title='bbox 720 2260 879 2290; x_wconf 84' lang='lat' dir='ltr'><strong>potestatem</strong></span> <span class='ocrx_word' id='word_1_464' title='bbox 893 2255 1013 2291; x_wconf 76' lang='lat' dir='ltr'><strong>ellugiat.</strong></span> 
     </span>
    </p>
   </div>
   <div class='ocr_carea' id='block_1_58' title="bbox 231 2300 1014 2337">
    <p class='ocr_par' dir='ltr' id='par_1_58' title="bbox 231 2300 1014 2337">
     <span class='ocr_line' id='line_1_58' title="bbox 231 2300 1014 2337; baseline 0 -9"><span class='ocrx_word' id='word_1_465' title='bbox 231 2300 306 2328; x_wconf 87' lang='lat' dir='ltr'><strong>Idem</strong></span> <span class='ocrx_word' id='word_1_466' title='bbox 322 2310 385 2329; x_wconf 89' lang='lat' dir='ltr'><strong>vero</strong></span> <span class='ocrx_word' id='word_1_467' title='bbox 400 2301 592 2337; x_wconf 85' lang='lat' dir='ltr'><strong>comprehendi</strong></span> <span class='ocrx_word' id='word_1_468' title='bbox 615 2310 669 2329; x_wconf 91' lang='lat' dir='ltr'><strong>non</strong></span> <span class='ocrx_word' id='word_1_469' title='bbox 684 2305 785 2336; x_wconf 85' lang='lat' dir='ltr'><strong>potest,</strong></span> <span class='ocrx_word' id='word_1_470' title='bbox 801 2309 863 2329; x_wconf 93' lang='lat' dir='ltr'><strong>cum</strong></span> <span class='ocrx_word' id='word_1_471' title='bbox 881 2302 917 2329; x_wconf 88' lang='lat' dir='ltr'><strong>sit</strong></span> <span class='ocrx_word' id='word_1_472' title='bbox 931 2302 1014 2336; x_wconf 87' lang='lat' dir='ltr'><strong>spiri-</strong></span> 
     </span>
    </p>
   </div>
   <div class='ocr_carea' id='block_1_59' title="bbox 231 2348 1015 2383">
    <p class='ocr_par' dir='ltr' id='par_1_59' title="bbox 231 2348 1015 2383">
     <span class='ocr_line' id='line_1_59' title="bbox 231 2348 1015 2383; baseline 0.003 -10"><span class='ocrx_word' id='word_1_473' title='bbox 231 2351 286 2378; x_wconf 86' lang='lat' dir='ltr'><strong>tus,</strong></span> <span class='ocrx_word' id='word_1_474' title='bbox 301 2355 382 2381; x_wconf 89' lang='lat' dir='ltr'><strong>quem</strong></span> <span class='ocrx_word' id='word_1_475' title='bbox 394 2348 572 2383; x_wconf 73' lang='lat' dir='ltr'><strong>intelligentia</strong></span> <span class='ocrx_word' id='word_1_476' title='bbox 590 2348 663 2375; x_wconf 89' lang='lat' dir='ltr'><strong>nulla</strong></span> <span class='ocrx_word' id='word_1_477' title='bbox 683 2348 793 2383; x_wconf 88' lang='lat' dir='ltr'><strong>penitus</strong></span> <span class='ocrx_word' id='word_1_478' title='bbox 809 2348 949 2383; x_wconf 81' lang='lat' dir='ltr'><strong>percipere</strong></span> <span class='ocrx_word' id='word_1_479' title='bbox 966 2355 1015 2383; x_wconf 94' lang='lat' dir='ltr'><strong>po-</strong></span> 
     </span>
    </p>
   </div>
   <div class='ocr_carea' id='block_1_60' title="bbox 232 2392 1015 2426">
    <p class='ocr_par' dir='ltr' id='par_1_60' title="bbox 232 2392 1015 2426">
     <span class='ocr_line' id='line_1_60' title="bbox 232 2392 1015 2426; baseline 0.001 -9"><span class='ocrx_word' id='word_1_480' title='bbox 232 2395 305 2418; x_wconf 81' lang='lat' dir='ltr'><strong>test:</strong></span> <span class='ocrx_word' id='word_1_481' title='bbox 322 2392 412 2426; x_wconf 88' lang='lat' dir='ltr'><strong>itaque</strong></span> <span class='ocrx_word' id='word_1_482' title='bbox 427 2395 456 2418; x_wconf 87' lang='lat' dir='ltr'><strong>ut</strong></span> <span class='ocrx_word' id='word_1_483' title='bbox 473 2392 564 2419; x_wconf 87' lang='lat' dir='ltr'><strong>omnia</strong></span> <span class='ocrx_word' id='word_1_484' title='bbox 578 2393 727 2423; x_wconf 85' lang='lat' dir='ltr'><strong>contineat,</strong></span> <span class='ocrx_word' id='word_1_485' title='bbox 744 2396 770 2419; x_wconf 90' lang='lat' dir='ltr'><strong>et</strong></span> <span class='ocrx_word' id='word_1_486' title='bbox 787 2399 801 2419; x_wconf 85' lang='lat' dir='ltr'><strong>a</strong></span> <span class='ocrx_word' id='word_1_487' title='bbox 828 2392 905 2420; x_wconf 89' lang='lat' dir='ltr'><strong>nullo</strong></span> <span class='ocrx_word' id='word_1_488' title='bbox 927 2392 1015 2419; x_wconf 86' lang='lat' dir='ltr'><strong>conti-</strong></span> 
     </span>
    </p>
   </div>
   <div class='ocr_carea' id='block_1_61' title="bbox 233 2437 1013 2472">
    <p class='ocr_par' dir='ltr' id='par_1_61' title="bbox 233 2437 1013 2472">
     <span class='ocr_line' id='line_1_61' title="bbox 233 2437 1013 2472; baseline 0.001 -9"><span class='ocrx_word' id='word_1_489' title='bbox 233 2441 340 2464; x_wconf 69' lang='lat' dir='ltr'><strong>nentur.</strong></span> <span class='ocrx_word' id='word_1_490' title='bbox 356 2437 488 2464; x_wconf 66' lang='lat' dir='ltr'><strong>Caeterum</strong></span> <span class='ocrx_word' id='word_1_491' title='bbox 507 2438 595 2472; x_wconf 89' lang='lat' dir='ltr'><strong>qualis</strong></span> <span class='ocrx_word' id='word_1_492' title='bbox 614 2443 656 2465; x_wconf 92' lang='lat' dir='ltr'><strong>est</strong></span> <span class='ocrx_word' id='word_1_493' title='bbox 673 2437 764 2469; x_wconf 81' lang='lat' dir='ltr'><strong>Pater,</strong></span> <span class='ocrx_word' id='word_1_494' title='bbox 783 2438 845 2465; x_wconf 89' lang='lat' dir='ltr'><strong>talis</strong></span> <span class='ocrx_word' id='word_1_495' title='bbox 859 2441 900 2464; x_wconf 88' lang='lat' dir='ltr'><strong>est</strong></span> <span class='ocrx_word' id='word_1_496' title='bbox 919 2437 1013 2469; x_wconf 84' lang='lat' dir='ltr'><strong>Filius,</strong></span> 
     </span>
    </p>
   </div>
   <div class='ocr_carea' id='block_1_62' title="bbox 233 2481 1016 2518">
    <p class='ocr_par' dir='ltr' id='par_1_62' title="bbox 233 2481 1016 2518">
     <span class='ocr_line' id='line_1_62' title="bbox 233 2481 1016 2518; baseline 0.003 -10"><span class='ocrx_word' id='word_1_497' title='bbox 233 2482 295 2509; x_wconf 87' lang='lat' dir='ltr'><strong>talis</strong></span> <span class='ocrx_word' id='word_1_498' title='bbox 320 2485 348 2509; x_wconf 91' lang='lat' dir='ltr'><strong>et</strong></span> <span class='ocrx_word' id='word_1_499' title='bbox 369 2482 396 2508; x_wconf 93' lang='lat' dir='ltr'><strong>in</strong></span> <span class='ocrx_word' id='word_1_500' title='bbox 419 2481 559 2510; x_wconf 78' lang='lat' dir='ltr'><strong>divinitate</strong></span> <span class='ocrx_word' id='word_1_501' title='bbox 581 2482 699 2518; x_wconf 83' lang='lat' dir='ltr'><strong>Spiritus</strong></span> <span class='ocrx_word' id='word_1_502' title='bbox 714 2487 835 2510; x_wconf 85' lang='lat' dir='ltr'><strong>sanctus.</strong></span> <span class='ocrx_word' id='word_1_503' title='bbox 857 2482 896 2509; x_wconf 85' lang='lat' dir='ltr'><strong>Ex</strong></span> <span class='ocrx_word' id='word_1_504' title='bbox 917 2483 1016 2517; x_wconf 87' lang='lat' dir='ltr'><strong>quibus</strong></span> 
     </span>
    </p>
   </div>
   <div class='ocr_carea' id='block_1_63' title="bbox 234 2525 1014 2562">
    <p class='ocr_par' dir='ltr' id='par_1_63' title="bbox 234 2525 1014 2562">
     <span class='ocr_line' id='line_1_63' title="bbox 234 2525 1014 2562; baseline 0 -9"><span class='ocrx_word' id='word_1_505' title='bbox 234 2526 308 2554; x_wconf 84' lang='lat' dir='ltr'><strong>solus</strong></span> <span class='ocrx_word' id='word_1_506' title='bbox 323 2526 478 2561; x_wconf 81' lang='lat' dir='ltr'><strong>unigenitus</strong></span> <span class='ocrx_word' id='word_1_507' title='bbox 494 2525 579 2554; x_wconf 86' lang='lat' dir='ltr'><strong>Filius</strong></span> <span class='ocrx_word' id='word_1_508' title='bbox 607 2534 690 2554; x_wconf 89' lang='lat' dir='ltr'><strong>carne</strong></span> <span class='ocrx_word' id='word_1_509' title='bbox 705 2527 820 2554; x_wconf 89' lang='lat' dir='ltr'><strong>vestitus</strong></span> <span class='ocrx_word' id='word_1_510' title='bbox 833 2531 884 2559; x_wconf 87' lang='lat' dir='ltr'><strong>est,</strong></span> <span class='ocrx_word' id='word_1_511' title='bbox 897 2534 1014 2562; x_wconf 78' lang='lat' dir='ltr'><strong>quacum</strong></span> 
     </span>
    </p>
   </div>
   <div class='ocr_carea' id='block_1_64' title="bbox 233 2571 1015 2607">
    <p class='ocr_par' dir='ltr' id='par_1_64' title="bbox 233 2571 1015 2607">
     <span class='ocr_line' id='line_1_64' title="bbox 233 2571 1015 2607; baseline 0.001 -9"><span class='ocrx_word' id='word_1_512' title='bbox 233 2580 248 2598; x_wconf 83' lang='lat' dir='ltr'><strong>a</strong></span> <span class='ocrx_word' id='word_1_513' title='bbox 263 2571 378 2599; x_wconf 85' lang='lat' dir='ltr'><strong>mortuis</strong></span> <span class='ocrx_word' id='word_1_514' title='bbox 393 2572 526 2599; x_wconf 76' lang='lat' dir='ltr'><strong>excitatus</strong></span> <span class='ocrx_word' id='word_1_515' title='bbox 539 2576 591 2604; x_wconf 88' lang='lat' dir='ltr'><strong>est,</strong></span> <span class='ocrx_word' id='word_1_516' title='bbox 610 2571 787 2607; x_wconf 87' lang='lat' dir='ltr'><strong>eamdemque</strong></span> <span class='ocrx_word' id='word_1_517' title='bbox 802 2572 883 2600; x_wconf 91' lang='lat' dir='ltr'><strong>unius</strong></span> <span class='ocrx_word' id='word_1_518' title='bbox 900 2572 928 2599; x_wconf 91' lang='lat' dir='ltr'><strong>in</strong></span> <span class='ocrx_word' id='word_1_519' title='bbox 941 2579 1015 2600; x_wconf 92' lang='lat' dir='ltr'><strong>com-</strong></span> 
     </span>
    </p>
   </div>
   <div class='ocr_carea' id='block_1_65' title="bbox 233 2616 1015 2651">
    <p class='ocr_par' dir='ltr' id='par_1_65' title="bbox 233 2616 1015 2651">
     <span class='ocr_line' id='line_1_65' title="bbox 233 2616 1015 2651; baseline 0 -7"><span class='ocrx_word' id='word_1_520' title='bbox 233 2617 388 2644; x_wconf 87' lang='lat' dir='ltr'><strong>munionem</strong></span> <span class='ocrx_word' id='word_1_521' title='bbox 406 2616 517 2651; x_wconf 87' lang='lat' dir='ltr'><strong>spiritus</strong></span> <span class='ocrx_word' id='word_1_522' title='bbox 534 2625 596 2644; x_wconf 93' lang='lat' dir='ltr'><strong>cum</strong></span> <span class='ocrx_word' id='word_1_523' title='bbox 611 2617 754 2645; x_wconf 89' lang='lat' dir='ltr'><strong>divinitate</strong></span> <span class='ocrx_word' id='word_1_524' title='bbox 768 2617 922 2651; x_wconf 80' lang='lat' dir='ltr'><strong>conjunxit,</strong></span> <span class='ocrx_word' id='word_1_525' title='bbox 938 2621 966 2645; x_wconf 91' lang='lat' dir='ltr'><strong>et</strong></span> <span class='ocrx_word' id='word_1_526' title='bbox 981 2617 1015 2644; x_wconf 79' lang='lat' dir='ltr'><strong>ad</strong></span> 
     </span>
    </p>
   </div>
   <div class='ocr_carea' id='block_1_66' title="bbox 232 2660 1016 2697">
    <p class='ocr_par' dir='ltr' id='par_1_66' title="bbox 232 2660 1016 2697">
     <span class='ocr_line' id='line_1_66' title="bbox 232 2660 1016 2697; baseline 0.003 -10"><span class='ocrx_word' id='word_1_527' title='bbox 232 2661 367 2688; x_wconf 71' lang='lat' dir='ltr'><strong>dexteram</strong></span> <span class='ocrx_word' id='word_1_528' title='bbox 382 2660 486 2693; x_wconf 72' lang='lat' dir='ltr'><strong>Putris,</strong></span> <span class='ocrx_word' id='word_1_529' title='bbox 507 2666 536 2688; x_wconf 88' lang='lat' dir='ltr'><strong>ut</strong></span> <span class='ocrx_word' id='word_1_530' title='bbox 551 2661 683 2696; x_wconf 89' lang='lat' dir='ltr'><strong>scriptum</strong></span> <span class='ocrx_word' id='word_1_531' title='bbox 708 2665 761 2693; x_wconf 90' lang='lat' dir='ltr'><strong>est,</strong></span> <span class='ocrx_word' id='word_1_532' title='bbox 776 2662 804 2688; x_wconf 79' lang='lat' dir='ltr'><strong>in</strong></span> <span class='ocrx_word' id='word_1_533' title='bbox 816 2661 904 2697; x_wconf 79' lang='lat' dir='ltr'><strong>gloria</strong></span> <span class='ocrx_word' id='word_1_534' title='bbox 926 2670 1016 2689; x_wconf 79' lang='lat' dir='ltr'><strong>conse-</strong></span> 
     </span>
    </p>
   </div>
   <div class='ocr_carea' id='block_1_67' title="bbox 233 2706 1014 2741">
    <p class='ocr_par' dir='ltr' id='par_1_67' title="bbox 233 2706 1014 2741">
     <span class='ocr_line' id='line_1_67' title="bbox 233 2706 1014 2741; baseline 0.003 -9"><span class='ocrx_word' id='word_1_535' title='bbox 233 2707 272 2732; x_wconf 77' lang='lat' dir='ltr'><strong>dit</strong></span> <span class='ocrx_word' id='word_1_536' title='bbox 286 2708 306 2732; x_wconf 84' lang='grc'><strong>¹.</strong></span> <span class='ocrx_word' id='word_1_537' title='bbox 324 2706 557 2739; x_wconf 86' lang='lat' dir='ltr'><strong>Quemadmodum</strong></span> <span class='ocrx_word' id='word_1_538' title='bbox 582 2706 665 2741; x_wconf 74' lang='lat' dir='ltr'><strong>igitur</strong></span> <span class='ocrx_word' id='word_1_539' title='bbox 685 2707 954 2741; x_wconf 88' lang='lat' dir='ltr'><strong>comprehensionem</strong></span> <span class='ocrx_word' id='word_1_540' title='bbox 971 2707 1014 2734; x_wconf 93' lang='lat' dir='ltr'><strong>in-</strong></span> 
     </span>
    </p>
   </div>
   <div class='ocr_carea' id='block_1_68' title="bbox 234 2751 1016 2788">
    <p class='ocr_par' dir='ltr' id='par_1_68' title="bbox 234 2751 1016 2788">
     <span class='ocr_line' id='line_1_68' title="bbox 234 2751 1016 2788; baseline 0.003 -9"><span class='ocrx_word' id='word_1_541' title='bbox 234 2751 464 2786; x_wconf 71' lang='lat' dir='ltr'><strong>telligentiamque</strong></span> <span class='ocrx_word' id='word_1_542' title='bbox 484 2754 618 2787; x_wconf 71' lang='lat' dir='ltr'><strong>superat;</strong></span> <span class='ocrx_word' id='word_1_543' title='bbox 638 2751 679 2780; x_wconf 86' lang='lat' dir='ltr'><strong>sic</strong></span> <span class='ocrx_word' id='word_1_544' title='bbox 703 2752 794 2780; x_wconf 88' lang='lat' dir='ltr'><strong>omnia</strong></span> <span class='ocrx_word' id='word_1_545' title='bbox 831 2761 891 2788; x_wconf 85' lang='lat' dir='ltr'><strong>quae</strong></span> <span class='ocrx_word' id='word_1_546' title='bbox 909 2753 943 2781; x_wconf 89' lang='lat' dir='ltr'><strong>de</strong></span> <span class='ocrx_word' id='word_1_547' title='bbox 969 2753 1016 2781; x_wconf 89' lang='lat' dir='ltr'><strong>illo</strong></span> 
     </span>
    </p>
   </div>
   <div class='ocr_carea' id='block_1_69' title="bbox 1062 897 1850 933">
    <p class='ocr_par' dir='ltr' id='par_1_69' title="bbox 1062 897 1850 933">
     <span class='ocr_line' id='line_1_69' title="bbox 1062 897 1850 933; baseline 0.003 -9"><span class='ocrx_word' id='word_1_548' title='bbox 1062 906 1125 929; x_wconf 77' lang='grc' dir='ltr'>τος”</span> <span class='ocrx_word' id='word_1_549' title='bbox 1140 898 1154 923; x_wconf 86' lang='grc' dir='ltr'>ὁ</span> <span class='ocrx_word' id='word_1_550' title='bbox 1171 898 1221 932; x_wconf 89' lang='grc' dir='ltr'>μὲν</span> <span class='ocrx_word' id='word_1_551' title='bbox 1236 897 1290 933; x_wconf 83' lang='grc' dir='ltr'><strong>γὰρ</strong></span> <span class='ocrx_word' id='word_1_552' title='bbox 1313 897 1400 931; x_wconf 85' lang='grc' dir='ltr'>λέγων</span> <span class='ocrx_word' id='word_1_553' title='bbox 1417 897 1568 932; x_wconf 82' lang='grc' dir='ltr'><strong>ἑωρακέναι</strong></span> <span class='ocrx_word' id='word_1_554' title='bbox 1587 898 1617 924; x_wconf 88' lang='grc' dir='ltr'>οὺ</span> <span class='ocrx_word' id='word_1_555' title='bbox 1637 898 1784 933; x_wconf 78' lang='grc' dir='ltr'><strong>ψεύδεται·</strong></span> <span class='ocrx_word' id='word_1_556' title='bbox 1803 899 1850 927; x_wconf 71' lang='grc' dir='ltr'><strong>καὶ</strong></span> 
     </span>
    </p>
   </div>
   <div class='ocr_carea' id='block_1_70' title="bbox 1062 942 1848 978">
    <p class='ocr_par' dir='ltr' id='par_1_70' title="bbox 1062 942 1848 978">
     <span class='ocr_line' id='line_1_70' title="bbox 1062 942 1848 978; baseline 0.003 -9"><span class='ocrx_word' id='word_1_557' title='bbox 1062 943 1076 969; x_wconf 94' lang='lat'><strong>6</strong></span> <span class='ocrx_word' id='word_1_558' title='bbox 1090 943 1178 977; x_wconf 85' lang='grc' dir='ltr'>φήσας</span> <span class='ocrx_word' id='word_1_559' title='bbox 1190 942 1258 978; x_wconf 77' lang='grc' dir='ltr'>πρὸς</span> <span class='ocrx_word' id='word_1_560' title='bbox 1276 942 1355 970; x_wconf 78' lang='grc' dir='ltr'>αὐτὸν</span> <span class='ocrx_word' id='word_1_561' title='bbox 1372 942 1409 978; x_wconf 81' lang='grc' dir='ltr'>μὴ</span> <span class='ocrx_word' id='word_1_562' title='bbox 1421 942 1571 977; x_wconf 83' lang='grc' dir='ltr'><strong>ἑωρακέναι</strong></span> <span class='ocrx_word' id='word_1_563' title='bbox 1583 942 1613 969; x_wconf 86' lang='grc' dir='ltr'><strong>τὸ</strong></span> <span class='ocrx_word' id='word_1_564' title='bbox 1627 943 1692 969; x_wconf 82' lang='grc' dir='ltr'>αὐτὸ</span> <span class='ocrx_word' id='word_1_565' title='bbox 1705 943 1831 978; x_wconf 84' lang='grc' dir='ltr'><strong>ἀληθεύει</strong></span> <span class='ocrx_word' id='word_1_566' title='bbox 1841 953 1848 958; x_wconf 87' lang='grc'><strong>·</strong></span> 
     </span>
    </p>
   </div>
   <div class='ocr_carea' id='block_1_71' title="bbox 1061 987 1851 1024">
    <p class='ocr_par' dir='ltr' id='par_1_71' title="bbox 1061 987 1851 1024">
     <span class='ocr_line' id='line_1_71' title="bbox 1061 987 1851 1024; baseline 0.001 -9"><span class='ocrx_word' id='word_1_567' title='bbox 1061 988 1122 1015; x_wconf 76' lang='grc' dir='ltr'>οὔτε</span> <span class='ocrx_word' id='word_1_568' title='bbox 1139 989 1193 1024; x_wconf 86' lang='grc' dir='ltr'><strong>γὰρ</strong></span> <span class='ocrx_word' id='word_1_569' title='bbox 1212 987 1266 1015; x_wconf 80' lang='grc' dir='ltr'>εἶδε</span> <span class='ocrx_word' id='word_1_570' title='bbox 1285 988 1334 1024; x_wconf 81' lang='grc' dir='ltr'>τὴν</span> <span class='ocrx_word' id='word_1_571' title='bbox 1354 988 1501 1015; x_wconf 81' lang='grc' dir='ltr'>ὲπέκτασιν</span> <span class='ocrx_word' id='word_1_572' title='bbox 1515 987 1575 1014; x_wconf 77' lang='grc' dir='ltr'>οῦτε</span> <span class='ocrx_word' id='word_1_573' title='bbox 1590 988 1621 1015; x_wconf 75' lang='grc' dir='ltr'><strong>τὸ</strong></span> <span class='ocrx_word' id='word_1_574' title='bbox 1635 988 1745 1020; x_wconf 85' lang='grc' dir='ltr'>πλάτος.</span> <span class='ocrx_word' id='word_1_575' title='bbox 1763 990 1820 1016; x_wconf 78' lang='grc' dir='ltr'><strong>Καὶ</strong></span> <span class='ocrx_word' id='word_1_576' title='bbox 1835 990 1851 1016; x_wconf 90' lang='lat'><strong>6</strong></span> 
     </span>
    </p>
   </div>
   <div class='ocr_carea' id='block_1_72' title="bbox 1064 1033 1851 1070">
    <p class='ocr_par' dir='ltr' id='par_1_72' title="bbox 1064 1033 1851 1070">
     <span class='ocr_line' id='line_1_72' title="bbox 1064 1033 1851 1070; baseline 0 -9"><span class='ocrx_word' id='word_1_577' title='bbox 1064 1036 1112 1070; x_wconf 81' lang='grc' dir='ltr'>μὲν</span> <span class='ocrx_word' id='word_1_578' title='bbox 1129 1034 1260 1070; x_wconf 76' lang='grc' dir='ltr'>ἑωρακὼς</span> <span class='ocrx_word' id='word_1_579' title='bbox 1277 1034 1426 1069; x_wconf 82' lang='grc' dir='ltr'>ὴλήθευσεν</span> <span class='ocrx_word' id='word_1_580' title='bbox 1438 1041 1445 1048; x_wconf 91' lang='grc'><strong>·</strong></span> <span class='ocrx_word' id='word_1_581' title='bbox 1465 1035 1479 1060; x_wconf 87' lang='lat'><strong>6</strong></span> <span class='ocrx_word' id='word_1_582' title='bbox 1496 1033 1525 1060; x_wconf 85' lang='grc' dir='ltr'><strong>δὲ</strong></span> <span class='ocrx_word' id='word_1_583' title='bbox 1543 1034 1679 1061; x_wconf 79' lang='grc' dir='ltr'>ἀντειπὼν</span> <span class='ocrx_word' id='word_1_584' title='bbox 1705 1035 1742 1070; x_wconf 84' lang='grc' dir='ltr'>μὴ</span> <span class='ocrx_word' id='word_1_585' title='bbox 1762 1035 1851 1070; x_wconf 78' lang='grc' dir='ltr'>ἑωρα-</span> 
     </span>
    </p>
   </div>
   <div class='ocr_carea' id='block_1_73' title="bbox 1063 1078 1850 1114">
    <p class='ocr_par' dir='ltr' id='par_1_73' title="bbox 1063 1078 1850 1114">
     <span class='ocr_line' id='line_1_73' title="bbox 1063 1078 1850 1114; baseline 0 -8"><span class='ocrx_word' id='word_1_586' title='bbox 1063 1080 1139 1106; x_wconf 82' lang='grc' dir='ltr'>κέναι</span> <span class='ocrx_word' id='word_1_587' title='bbox 1153 1080 1203 1106; x_wconf 87' lang='grc' dir='ltr'>οὑκ</span> <span class='ocrx_word' id='word_1_588' title='bbox 1220 1079 1363 1114; x_wconf 73' lang='grc' dir='ltr'>ἐψεύσατο,</span> <span class='ocrx_word' id='word_1_589' title='bbox 1380 1078 1448 1105; x_wconf 78' lang='grc' dir='ltr'>ἀλλὰ</span> <span class='ocrx_word' id='word_1_590' title='bbox 1464 1079 1510 1105; x_wconf 77' lang='grc' dir='ltr'>καὶ</span> <span class='ocrx_word' id='word_1_591' title='bbox 1524 1079 1603 1110; x_wconf 83' lang='grc' dir='ltr'>αὐτὸς</span> <span class='ocrx_word' id='word_1_592' title='bbox 1619 1079 1762 1114; x_wconf 82' lang='grc' dir='ltr'>ἠλήθευσε.</span> <span class='ocrx_word' id='word_1_593' title='bbox 1779 1080 1850 1106; x_wconf 85' lang='grc' dir='ltr'>Πολ-</span> 
     </span>
    </p>
   </div>
   <div class='ocr_carea' id='block_1_74' title="bbox 1062 1124 1851 1161">
    <p class='ocr_par' dir='ltr' id='par_1_74' title="bbox 1062 1124 1851 1161">
     <span class='ocr_line' id='line_1_74' title="bbox 1062 1124 1851 1161; baseline 0 -9"><span class='ocrx_word' id='word_1_594' title='bbox 1062 1125 1140 1156; x_wconf 81' lang='grc' dir='ltr'>λάκις</span> <span class='ocrx_word' id='word_1_595' title='bbox 1153 1125 1208 1161; x_wconf 81' lang='grc' dir='ltr'>γὰρ</span> <span class='ocrx_word' id='word_1_596' title='bbox 1220 1125 1268 1151; x_wconf 71' lang='grc' dir='ltr'>καὶ</span> <span class='ocrx_word' id='word_1_597' title='bbox 1284 1125 1330 1151; x_wconf 79' lang='grc' dir='ltr'>επὶ</span> <span class='ocrx_word' id='word_1_598' title='bbox 1345 1124 1485 1160; x_wconf 80' lang='grc' dir='ltr'>ἀκρωρείᾳ</span> <span class='ocrx_word' id='word_1_599' title='bbox 1497 1124 1578 1159; x_wconf 76' lang='grc' dir='ltr'>ὅρους</span> <span class='ocrx_word' id='word_1_600' title='bbox 1594 1124 1711 1156; x_wconf 82' lang='grc' dir='ltr'><strong>ἑστῶτες</strong></span> <span class='ocrx_word' id='word_1_601' title='bbox 1724 1124 1851 1160; x_wconf 80' lang='grc' dir='ltr'><strong>θεώμεθα</strong></span> 
     </span>
    </p>
   </div>
   <div class='ocr_carea' id='block_1_75' title="bbox 1063 1168 1852 1205">
    <p class='ocr_par' dir='ltr' id='par_1_75' title="bbox 1063 1168 1852 1205">
     <span class='ocr_line' id='line_1_75' title="bbox 1063 1168 1852 1205; baseline 0.001 -9"><span class='ocrx_word' id='word_1_602' title='bbox 1063 1171 1110 1196; x_wconf 77' lang='grc' dir='ltr'>καὶ</span> <span class='ocrx_word' id='word_1_603' title='bbox 1123 1170 1173 1205; x_wconf 86' lang='grc' dir='ltr'>τὴν</span> <span class='ocrx_word' id='word_1_604' title='bbox 1189 1169 1327 1196; x_wconf 85' lang='grc' dir='ltr'>θάλασσαν</span> <span class='ocrx_word' id='word_1_605' title='bbox 1338 1177 1345 1183; x_wconf 91' lang='grc'>·</span> <span class='ocrx_word' id='word_1_606' title='bbox 1360 1170 1407 1195; x_wconf 83' lang='grc' dir='ltr'>καὶ</span> <span class='ocrx_word' id='word_1_607' title='bbox 1431 1168 1479 1196; x_wconf 78' lang='grc' dir='ltr'>ἐὰν</span> <span class='ocrx_word' id='word_1_608' title='bbox 1491 1169 1614 1204; x_wconf 76' lang='grc' dir='ltr'>εἴπωμεν</span> <span class='ocrx_word' id='word_1_609' title='bbox 1630 1170 1780 1205; x_wconf 82' lang='grc' dir='ltr'>ἑωρακέναι</span> <span class='ocrx_word' id='word_1_610' title='bbox 1802 1170 1852 1197; x_wconf 68' lang='lat' dir='ltr'><strong>0d-</strong></span> 
     </span>
    </p>
   </div>
   <div class='ocr_carea' id='block_1_76' title="bbox 1062 1214 1848 1249">
    <p class='ocr_par' dir='ltr' id='par_1_76' title="bbox 1062 1214 1848 1249">
     <span class='ocr_line' id='line_1_76' title="bbox 1062 1214 1848 1249; baseline 0 -7"><span class='ocrx_word' id='word_1_611' title='bbox 1062 1215 1181 1246; x_wconf 86' lang='grc' dir='ltr'>λασσαν,</span> <span class='ocrx_word' id='word_1_612' title='bbox 1208 1215 1258 1241; x_wconf 85' lang='grc' dir='ltr'>οὐκ</span> <span class='ocrx_word' id='word_1_613' title='bbox 1277 1214 1460 1249; x_wconf 76' lang='grc' dir='ltr'>ὲψευσάμεθα.</span> <span class='ocrx_word' id='word_1_614' title='bbox 1479 1214 1511 1241; x_wconf 77' lang='lat' dir='ltr'><strong>Et</strong></span> <span class='ocrx_word' id='word_1_615' title='bbox 1535 1214 1564 1241; x_wconf 82' lang='grc' dir='ltr'>δέ</span> <span class='ocrx_word' id='word_1_616' title='bbox 1587 1223 1629 1246; x_wconf 85' lang='grc' dir='ltr'>τις</span> <span class='ocrx_word' id='word_1_617' title='bbox 1654 1215 1777 1242; x_wconf 79' lang='grc' dir='ltr'><strong>ἀντείποι</strong></span> <span class='ocrx_word' id='word_1_618' title='bbox 1800 1214 1848 1242; x_wconf 80' lang='grc' dir='ltr'>λέ-</span> 
     </span>
    </p>
   </div>
   <div class='ocr_carea' id='block_1_77' title="bbox 1062 1255 1846 1296">
    <p class='ocr_par' dir='ltr' id='par_1_77' title="bbox 1062 1255 1846 1296">
     <span class='ocr_line' id='line_1_77' title="bbox 1062 1255 1846 1296; baseline 0 -8"><span class='ocrx_word' id='word_1_619' title='bbox 1062 1269 1129 1295; x_wconf 88' lang='grc' dir='ltr'>γων,</span> <span class='ocrx_word' id='word_1_620' title='bbox 1146 1261 1187 1288; x_wconf 78' lang='grc' dir='ltr'><strong>ὅτι</strong></span> <span class='ocrx_word' id='word_1_621' title='bbox 1201 1261 1257 1296; x_wconf 81' lang='grc' dir='ltr'>Οὐχ</span> <span class='ocrx_word' id='word_1_622' title='bbox 1271 1255 1406 1296; x_wconf 76' lang='grc' dir='ltr'>ἑώρακας,</span> <span class='ocrx_word' id='word_1_623' title='bbox 1422 1260 1469 1287; x_wconf 73' lang='grc' dir='ltr'><strong>καὶ</strong></span> <span class='ocrx_word' id='word_1_624' title='bbox 1489 1260 1570 1292; x_wconf 77' lang='grc' dir='ltr'>αὐτὸς</span> <span class='ocrx_word' id='word_1_625' title='bbox 1584 1260 1614 1287; x_wconf 75' lang='grc' dir='ltr'>οὒ</span> <span class='ocrx_word' id='word_1_626' title='bbox 1634 1260 1772 1295; x_wconf 77' lang='grc' dir='ltr'>ψεύδεται.</span> <span class='ocrx_word' id='word_1_627' title='bbox 1789 1261 1846 1288; x_wconf 79' lang='grc' dir='ltr'><strong>Ποῦ</strong></span> 
     </span>
    </p>
   </div>
   <div class='ocr_carea' id='block_1_78' title="bbox 1063 1305 1851 1342">
    <p class='ocr_par' dir='ltr' id='par_1_78' title="bbox 1063 1305 1851 1342">
     <span class='ocr_line' id='line_1_78' title="bbox 1063 1305 1851 1342; baseline 0 -9"><span class='ocrx_word' id='word_1_628' title='bbox 1063 1306 1118 1342; x_wconf 83' lang='grc' dir='ltr'><strong>γὰρ</strong></span> <span class='ocrx_word' id='word_1_629' title='bbox 1129 1307 1269 1333; x_wconf 83' lang='grc' dir='ltr'>διικνεῖται</span> <span class='ocrx_word' id='word_1_630' title='bbox 1283 1306 1314 1332; x_wconf 84' lang='grc' dir='ltr'><strong>τὸ</strong></span> <span class='ocrx_word' id='word_1_631' title='bbox 1326 1306 1435 1338; x_wconf 83' lang='grc' dir='ltr'><strong>πλάτος,</strong></span> <span class='ocrx_word' id='word_1_632' title='bbox 1447 1305 1498 1332; x_wconf 83' lang='grc' dir='ltr'><strong>ποῦ</strong></span> <span class='ocrx_word' id='word_1_633' title='bbox 1508 1305 1539 1332; x_wconf 79' lang='grc' dir='ltr'><strong>τὸ</strong></span> <span class='ocrx_word' id='word_1_634' title='bbox 1548 1305 1704 1341; x_wconf 85' lang='grc' dir='ltr'>μῆκος,ποῦ</span> <span class='ocrx_word' id='word_1_635' title='bbox 1716 1308 1747 1332; x_wconf 75' lang='grc' dir='ltr'><strong>τὸ</strong></span> <span class='ocrx_word' id='word_1_636' title='bbox 1756 1306 1851 1341; x_wconf 82' lang='grc' dir='ltr'><strong>βάθος,</strong></span> 
     </span>
    </p>
   </div>
   <div class='ocr_carea' id='block_1_79' title="bbox 1063 1349 1853 1385">
    <p class='ocr_par' dir='ltr' id='par_1_79' title="bbox 1063 1349 1853 1385">
     <span class='ocr_line' id='line_1_79' title="bbox 1063 1349 1853 1385; baseline 0.004 -10"><span class='ocrx_word' id='word_1_637' title='bbox 1063 1349 1116 1375; x_wconf 87' lang='grc' dir='ltr'><strong>ποῦ</strong></span> <span class='ocrx_word' id='word_1_638' title='bbox 1133 1350 1156 1375; x_wconf 85' lang='grc' dir='ltr'>οἱ</span> <span class='ocrx_word' id='word_1_639' title='bbox 1179 1349 1259 1384; x_wconf 61' lang='grc' dir='ltr'><strong>μυχοὶ¹</strong></span> <span class='ocrx_word' id='word_1_640' title='bbox 1279 1349 1326 1376; x_wconf 87' lang='grc' dir='ltr'><strong>τοῦ</strong></span> <span class='ocrx_word' id='word_1_641' title='bbox 1352 1349 1444 1384; x_wconf 82' lang='grc' dir='ltr'>βυθοῦ,</span> <span class='ocrx_word' id='word_1_642' title='bbox 1460 1349 1508 1376; x_wconf 78' lang='grc' dir='ltr'>καὶ</span> <span class='ocrx_word' id='word_1_643' title='bbox 1525 1350 1560 1376; x_wconf 82' lang='grc' dir='ltr'><strong>τὰ</strong></span> <span class='ocrx_word' id='word_1_644' title='bbox 1583 1349 1803 1385; x_wconf 75' lang='grc' dir='ltr'>ἀποτελέσματα,</span> <span class='ocrx_word' id='word_1_645' title='bbox 1820 1351 1853 1378; x_wconf 83' lang='grc' dir='ltr'>οὐ</span> 
     </span>
    </p>
   </div>
   <div class='ocr_carea' id='block_1_80' title="bbox 1063 1394 1856 1431">
    <p class='ocr_par' dir='ltr' id='par_1_80' title="bbox 1063 1394 1856 1431">
     <span class='ocr_line' id='line_1_80' title="bbox 1063 1394 1856 1431; baseline 0.003 -10"><span class='ocrx_word' id='word_1_646' title='bbox 1063 1395 1173 1422; x_wconf 85' lang='grc' dir='ltr'>δύναται</span> <span class='ocrx_word' id='word_1_647' title='bbox 1188 1395 1288 1421; x_wconf 83' lang='grc' dir='ltr'>εἰδέναι</span> <span class='ocrx_word' id='word_1_648' title='bbox 1303 1395 1444 1430; x_wconf 77' lang='grc' dir='ltr'>ἄνθρωπος</span> <span class='ocrx_word' id='word_1_649' title='bbox 1459 1394 1506 1422; x_wconf 82' lang='grc' dir='ltr'><strong>ὢν.</strong></span> <span class='ocrx_word' id='word_1_650' title='bbox 1521 1395 1552 1421; x_wconf 82' lang='grc' dir='ltr'><strong>Εἰ</strong></span> <span class='ocrx_word' id='word_1_651' title='bbox 1566 1395 1656 1421; x_wconf 76' lang='grc' dir='ltr'>τοίνυν</span> <span class='ocrx_word' id='word_1_652' title='bbox 1669 1395 1703 1421; x_wconf 84' lang='grc' dir='ltr'>τὰ</span> <span class='ocrx_word' id='word_1_653' title='bbox 1719 1396 1784 1431; x_wconf 75' lang='grc' dir='ltr'>περὶ</span> <span class='ocrx_word' id='word_1_654' title='bbox 1798 1397 1856 1423; x_wconf 79' lang='grc' dir='ltr'>τῶν</span> 
     </span>
    </p>
   </div>
   <div class='ocr_carea' id='block_1_81' title="bbox 1064 1439 1853 1477">
    <p class='ocr_par' dir='ltr' id='par_1_81' title="bbox 1064 1439 1853 1477">
     <span class='ocr_line' id='line_1_81' title="bbox 1064 1439 1853 1477; baseline 0.004 -11"><span class='ocrx_word' id='word_1_655' title='bbox 1064 1441 1220 1475; x_wconf 82' lang='grc' dir='ltr'>κτισμάτων</span> <span class='ocrx_word' id='word_1_656' title='bbox 1234 1440 1320 1472; x_wconf 84' lang='grc' dir='ltr'>οὕτως</span> <span class='ocrx_word' id='word_1_657' title='bbox 1331 1440 1361 1466; x_wconf 83' lang='grc' dir='ltr'>ἐν</span> <span class='ocrx_word' id='word_1_658' title='bbox 1371 1441 1437 1475; x_wconf 85' lang='grc' dir='ltr'>ἡμῖν</span> <span class='ocrx_word' id='word_1_659' title='bbox 1448 1439 1608 1476; x_wconf 84' lang='grc' dir='ltr'>πληροῦται,</span> <span class='ocrx_word' id='word_1_660' title='bbox 1619 1440 1694 1476; x_wconf 79' lang='grc' dir='ltr'>πόσῳ</span> <span class='ocrx_word' id='word_1_661' title='bbox 1706 1449 1738 1475; x_wconf 84' lang='grc' dir='ltr'><strong>γε</strong></span> <span class='ocrx_word' id='word_1_662' title='bbox 1749 1443 1853 1477; x_wconf 79' lang='grc' dir='ltr'>μᾶλλον</span> 
     </span>
    </p>
   </div>
   <div class='ocr_carea' id='block_1_82' title="bbox 1064 1482 1854 1522">
    <p class='ocr_par' dir='ltr' id='par_1_82' title="bbox 1064 1482 1854 1522">
     <span class='ocr_line' id='line_1_82' title="bbox 1064 1482 1854 1522; baseline 0.004 -11"><span class='ocrx_word' id='word_1_663' title='bbox 1064 1486 1093 1512; x_wconf 82' lang='grc' dir='ltr'>ὲν</span> <span class='ocrx_word' id='word_1_664' title='bbox 1113 1487 1146 1520; x_wconf 82' lang='grc' dir='ltr'><strong>τῇ</strong></span> <span class='ocrx_word' id='word_1_665' title='bbox 1174 1485 1281 1521; x_wconf 83' lang='grc' dir='ltr'>χάριτι,</span> <span class='ocrx_word' id='word_1_666' title='bbox 1297 1482 1314 1521; x_wconf 84' lang='grc' dir='ltr'>ᾖ</span> <span class='ocrx_word' id='word_1_667' title='bbox 1334 1485 1481 1521; x_wconf 77' lang='grc' dir='ltr'>ἐχαρίσατο</span> <span class='ocrx_word' id='word_1_668' title='bbox 1504 1486 1518 1511; x_wconf 91' lang='lat'><strong>6</strong></span> <span class='ocrx_word' id='word_1_669' title='bbox 1541 1485 1607 1517; x_wconf 88' lang='grc' dir='ltr'>Θεὸς</span> <span class='ocrx_word' id='word_1_670' title='bbox 1627 1487 1782 1522; x_wconf 84' lang='grc' dir='ltr'>προφήταις</span> <span class='ocrx_word' id='word_1_671' title='bbox 1802 1489 1854 1516; x_wconf 73' lang='grc' dir='ltr'><strong>καὶ</strong></span> 
     </span>
    </p>
   </div>
   <div class='ocr_carea' id='block_1_83' title="bbox 1064 1528 1854 1566">
    <p class='ocr_par' dir='ltr' id='par_1_83' title="bbox 1064 1528 1854 1566">
     <span class='ocr_line' id='line_1_83' title="bbox 1064 1528 1854 1566; baseline 0.003 -8"><span class='ocrx_word' id='word_1_672' title='bbox 1064 1531 1240 1564; x_wconf 71' lang='grc' dir='ltr'>ἀποστόλοιςς</span> <span class='ocrx_word' id='word_1_673' title='bbox 1261 1530 1422 1558; x_wconf 84' lang='grc' dir='ltr'>Ἐθεάσαντο</span> <span class='ocrx_word' id='word_1_674' title='bbox 1441 1528 1488 1557; x_wconf 85' lang='grc' dir='ltr'><strong>οῦν</strong></span> <span class='ocrx_word' id='word_1_675' title='bbox 1507 1530 1538 1557; x_wconf 83' lang='grc' dir='ltr'><strong>τὸ</strong></span> <span class='ocrx_word' id='word_1_676' title='bbox 1549 1530 1579 1557; x_wconf 76' lang='grc' dir='ltr'>ὃν</span> <span class='ocrx_word' id='word_1_677' title='bbox 1595 1531 1634 1566; x_wconf 83' lang='grc' dir='ltr'>τῷ</span> <span class='ocrx_word' id='word_1_678' title='bbox 1654 1532 1721 1564; x_wconf 77' lang='grc' dir='ltr'>ὄντι,</span> <span class='ocrx_word' id='word_1_679' title='bbox 1737 1533 1783 1559; x_wconf 75' lang='grc' dir='ltr'>καὶ</span> <span class='ocrx_word' id='word_1_680' title='bbox 1800 1533 1854 1560; x_wconf 79' lang='grc' dir='ltr'>οὐκ</span> 
     </span>
    </p>
   </div>
   <div class='ocr_carea' id='block_1_84' title="bbox 1065 1575 1854 1612">
    <p class='ocr_par' dir='ltr' id='par_1_84' title="bbox 1065 1575 1854 1612">
     <span class='ocr_line' id='line_1_84' title="bbox 1065 1575 1854 1612; baseline 0.001 -9"><span class='ocrx_word' id='word_1_681' title='bbox 1065 1576 1227 1603; x_wconf 74' lang='grc' dir='ltr'>ἐθεάσαντο·</span> <span class='ocrx_word' id='word_1_682' title='bbox 1242 1576 1299 1603; x_wconf 78' lang='grc' dir='ltr'>ἀλλ’</span> <span class='ocrx_word' id='word_1_683' title='bbox 1316 1575 1473 1607; x_wconf 73' lang='grc' dir='ltr'>ἐθεάσαντο,</span> <span class='ocrx_word' id='word_1_684' title='bbox 1489 1575 1527 1607; x_wconf 86' lang='grc' dir='ltr'>ὡς</span> <span class='ocrx_word' id='word_1_685' title='bbox 1539 1575 1654 1611; x_wconf 75' lang='grc' dir='ltr'>ἠδύνατο</span> <span class='ocrx_word' id='word_1_686' title='bbox 1674 1577 1690 1611; x_wconf 89' lang='grc' dir='ltr'><strong>ἡ</strong></span> <span class='ocrx_word' id='word_1_687' title='bbox 1705 1577 1787 1611; x_wconf 82' lang='grc' dir='ltr'>φύσις</span> <span class='ocrx_word' id='word_1_688' title='bbox 1801 1578 1854 1612; x_wconf 86' lang='grc' dir='ltr'>φέ-</span> 
     </span>
    </p>
   </div>
   <div class='ocr_carea' id='block_1_85' title="bbox 1067 1619 1854 1658">
    <p class='ocr_par' dir='ltr' id='par_1_85' title="bbox 1067 1619 1854 1658">
     <span class='ocr_line' id='line_1_85' title="bbox 1067 1619 1854 1658; baseline 0.003 -10"><span class='ocrx_word' id='word_1_689' title='bbox 1067 1630 1122 1657; x_wconf 85' lang='grc' dir='ltr'>ρειν</span> <span class='ocrx_word' id='word_1_690' title='bbox 1135 1630 1142 1637; x_wconf 91' lang='grc'>·</span> <span class='ocrx_word' id='word_1_691' title='bbox 1158 1621 1205 1648; x_wconf 78' lang='grc' dir='ltr'>καὶ</span> <span class='ocrx_word' id='word_1_692' title='bbox 1227 1622 1292 1648; x_wconf 82' lang='grc' dir='ltr'>αὐτὸ</span> <span class='ocrx_word' id='word_1_693' title='bbox 1315 1622 1386 1648; x_wconf 80' lang='grc' dir='ltr'>κατὰ</span> <span class='ocrx_word' id='word_1_694' title='bbox 1406 1620 1486 1656; x_wconf 80' lang='grc' dir='ltr'>χάριν</span> <span class='ocrx_word' id='word_1_695' title='bbox 1506 1621 1656 1656; x_wconf 80' lang='grc' dir='ltr'>δυνάμεως,</span> <span class='ocrx_word' id='word_1_696' title='bbox 1675 1619 1710 1658; x_wconf 84' lang='grc' dir='ltr'>ἦς</span> <span class='ocrx_word' id='word_1_697' title='bbox 1728 1623 1854 1650; x_wconf 76' lang='grc' dir='ltr'>ἐνεδυνά-</span> 
     </span>
    </p>
   </div>
   <div class='ocr_carea' id='block_1_86' title="bbox 1065 1666 1853 1703">
    <p class='ocr_par' dir='ltr' id='par_1_86' title="bbox 1065 1666 1853 1703">
     <span class='ocr_line' id='line_1_86' title="bbox 1065 1666 1853 1703; baseline 0.001 -9"><span class='ocrx_word' id='word_1_698' title='bbox 1065 1676 1155 1703; x_wconf 79' lang='grc' dir='ltr'>μωσεν</span> <span class='ocrx_word' id='word_1_699' title='bbox 1178 1669 1192 1694; x_wconf 88' lang='grc' dir='ltr'><strong>ό</strong></span> <span class='ocrx_word' id='word_1_700' title='bbox 1215 1667 1328 1699; x_wconf 81' lang='grc' dir='ltr'>δυνατὸς</span> <span class='ocrx_word' id='word_1_701' title='bbox 1356 1668 1385 1693; x_wconf 83' lang='grc' dir='ltr'>ὲν</span> <span class='ocrx_word' id='word_1_702' title='bbox 1412 1667 1497 1694; x_wconf 84' lang='grc' dir='ltr'>ᾶπασι</span> <span class='ocrx_word' id='word_1_703' title='bbox 1520 1666 1563 1694; x_wconf 80' lang='grc' dir='ltr'><strong>διὰ</strong></span> <span class='ocrx_word' id='word_1_704' title='bbox 1582 1667 1674 1702; x_wconf 80' lang='grc' dir='ltr'>φιλίαν</span> <span class='ocrx_word' id='word_1_705' title='bbox 1696 1668 1743 1694; x_wconf 83' lang='grc' dir='ltr'><strong>τοῦ</strong></span> <span class='ocrx_word' id='word_1_706' title='bbox 1768 1669 1853 1695; x_wconf 81' lang='grc' dir='ltr'>αὐτοῦ</span> 
     </span>
    </p>
   </div>
   <div class='ocr_carea' id='block_1_87' title="bbox 1064 1712 1854 1748">
    <p class='ocr_par' dir='ltr' id='par_1_87' title="bbox 1064 1712 1854 1748">
     <span class='ocr_line' id='line_1_87' title="bbox 1064 1712 1854 1748; baseline 0 -8"><span class='ocrx_word' id='word_1_707' title='bbox 1064 1713 1217 1748; x_wconf 83' lang='grc' dir='ltr'>ἀνθρώπου,</span> <span class='ocrx_word' id='word_1_708' title='bbox 1241 1713 1287 1740; x_wconf 78' lang='grc' dir='ltr'>καὶ</span> <span class='ocrx_word' id='word_1_709' title='bbox 1305 1712 1456 1739; x_wconf 85' lang='grc' dir='ltr'>δουλεύοντι</span> <span class='ocrx_word' id='word_1_710' title='bbox 1473 1713 1483 1727; x_wconf 87' lang='grc'>²</span> <span class='ocrx_word' id='word_1_711' title='bbox 1498 1712 1573 1747; x_wconf 77' lang='grc' dir='ltr'><strong>αὖτῷ</strong></span> <span class='ocrx_word' id='word_1_712' title='bbox 1589 1713 1618 1739; x_wconf 78' lang='grc' dir='ltr'>ἐν</span> <span class='ocrx_word' id='word_1_713' title='bbox 1641 1713 1765 1748; x_wconf 77' lang='grc' dir='ltr'>ἀληθείᾳ.</span> <span class='ocrx_word' id='word_1_714' title='bbox 1788 1714 1854 1740; x_wconf 80' lang='grc' dir='ltr'>Ἐὰν</span> 
     </span>
    </p>
   </div>
   <div class='ocr_carea' id='block_1_88' title="bbox 1064 1756 1852 1794">
    <p class='ocr_par' dir='ltr' id='par_1_88' title="bbox 1064 1756 1852 1794">
     <span class='ocr_line' id='line_1_88' title="bbox 1064 1756 1852 1794; baseline 0 -9"><span class='ocrx_word' id='word_1_715' title='bbox 1064 1756 1110 1785; x_wconf 84' lang='grc' dir='ltr'>οὖν</span> <span class='ocrx_word' id='word_1_716' title='bbox 1125 1759 1150 1785; x_wconf 74' lang='grc' dir='ltr'>οἱ</span> <span class='ocrx_word' id='word_1_717' title='bbox 1166 1758 1281 1785; x_wconf 81' lang='grc' dir='ltr'>τοιοῦτοι</span> <span class='ocrx_word' id='word_1_718' title='bbox 1298 1757 1430 1793; x_wconf 86' lang='grc' dir='ltr'>νομίσωσι</span> <span class='ocrx_word' id='word_1_719' title='bbox 1443 1758 1537 1792; x_wconf 87' lang='grc' dir='ltr'>χεῖρας</span> <span class='ocrx_word' id='word_1_720' title='bbox 1553 1757 1624 1784; x_wconf 75' lang='grc' dir='ltr'>οὕτω</span> <span class='ocrx_word' id='word_1_721' title='bbox 1633 1758 1678 1784; x_wconf 74' lang='grc' dir='ltr'><strong>τὸν</strong></span> <span class='ocrx_word' id='word_1_722' title='bbox 1688 1758 1755 1784; x_wconf 83' lang='grc' dir='ltr'>Θεὸν</span> <span class='ocrx_word' id='word_1_723' title='bbox 1768 1758 1852 1794; x_wconf 80' lang='grc' dir='ltr'>ἔχειν,</span> 
     </span>
    </p>
   </div>
   <div class='ocr_carea' id='block_1_89' title="bbox 1063 1802 1853 1839">
    <p class='ocr_par' dir='ltr' id='par_1_89' title="bbox 1063 1802 1853 1839">
     <span class='ocr_line' id='line_1_89' title="bbox 1063 1802 1853 1839; baseline 0.001 -10"><span class='ocrx_word' id='word_1_724' title='bbox 1063 1805 1080 1839; x_wconf 81' lang='grc' dir='ltr'>ἢ</span> <span class='ocrx_word' id='word_1_725' title='bbox 1095 1803 1260 1839; x_wconf 74' lang='grc' dir='ltr'>ὀφθαλμοὺς,</span> <span class='ocrx_word' id='word_1_726' title='bbox 1277 1802 1294 1838; x_wconf 79' lang='grc' dir='ltr'><strong>ἢ</strong></span> <span class='ocrx_word' id='word_1_727' title='bbox 1310 1803 1344 1829; x_wconf 85' lang='grc' dir='ltr'>τὰ</span> <span class='ocrx_word' id='word_1_728' title='bbox 1363 1802 1441 1834; x_wconf 85' lang='grc' dir='ltr'>ἄλλα,</span> <span class='ocrx_word' id='word_1_729' title='bbox 1454 1802 1499 1828; x_wconf 80' lang='grc' dir='ltr'>διὰ</span> <span class='ocrx_word' id='word_1_730' title='bbox 1517 1802 1548 1829; x_wconf 83' lang='grc' dir='ltr'><strong>τὸ</strong></span> <span class='ocrx_word' id='word_1_731' title='bbox 1562 1802 1647 1835; x_wconf 76' lang='grc' dir='ltr'>οὕτως</span> <span class='ocrx_word' id='word_1_732' title='bbox 1661 1803 1831 1839; x_wconf 75' lang='grc' dir='ltr'>ὀφθήσεσθαι</span> <span class='ocrx_word' id='word_1_733' title='bbox 1842 1805 1853 1820; x_wconf 88' lang='grc'><strong><em>³</em></strong></span> 
     </span>
    </p>
   </div>
   <div class='ocr_carea' id='block_1_90' title="bbox 1063 1845 1853 1882">
    <p class='ocr_par' dir='ltr' id='par_1_90' title="bbox 1063 1845 1853 1882">
     <span class='ocr_line' id='line_1_90' title="bbox 1063 1845 1853 1882; baseline 0 -8"><span class='ocrx_word' id='word_1_734' title='bbox 1063 1849 1119 1879; x_wconf 81' lang='grc' dir='ltr'>τοῖς</span> <span class='ocrx_word' id='word_1_735' title='bbox 1135 1847 1288 1882; x_wconf 84' lang='grc' dir='ltr'>προφήταις</span> <span class='ocrx_word' id='word_1_736' title='bbox 1301 1846 1349 1872; x_wconf 78' lang='grc' dir='ltr'>καὶ</span> <span class='ocrx_word' id='word_1_737' title='bbox 1368 1845 1536 1878; x_wconf 71' lang='grc' dir='ltr'>ἀποστόλοις,</span> <span class='ocrx_word' id='word_1_738' title='bbox 1550 1845 1707 1879; x_wconf 75' lang='grc' dir='ltr'>φιλονείκως</span> <span class='ocrx_word' id='word_1_739' title='bbox 1724 1847 1853 1882; x_wconf 75' lang='grc' dir='ltr'>φέρονται</span> 
     </span>
    </p>
   </div>
   <div class='ocr_carea' id='block_1_91' title="bbox 1065 1891 1854 1928">
    <p class='ocr_par' dir='ltr' id='par_1_91' title="bbox 1065 1891 1854 1928">
     <span class='ocr_line' id='line_1_91' title="bbox 1065 1891 1854 1928; baseline 0 -9"><span class='ocrx_word' id='word_1_740' title='bbox 1065 1893 1236 1928; x_wconf 76' lang='grc' dir='ltr'>ἐλεγχόμενοι</span> <span class='ocrx_word' id='word_1_741' title='bbox 1257 1892 1311 1919; x_wconf 81' lang='grc' dir='ltr'>ἀπὸ</span> <span class='ocrx_word' id='word_1_742' title='bbox 1325 1891 1375 1927; x_wconf 77' lang='grc' dir='ltr'>τῆς</span> <span class='ocrx_word' id='word_1_743' title='bbox 1397 1891 1536 1927; x_wconf 86' lang='grc' dir='ltr'>ἀληθείας.</span> <span class='ocrx_word' id='word_1_744' title='bbox 1557 1892 1637 1918; x_wconf 81' lang='grc' dir='ltr'>Ἀλλὰ</span> <span class='ocrx_word' id='word_1_745' title='bbox 1650 1891 1700 1918; x_wconf 83' lang='grc' dir='ltr'><strong>ὅσα</strong></span> <span class='ocrx_word' id='word_1_746' title='bbox 1715 1892 1765 1926; x_wconf 80' lang='grc' dir='ltr'>μὲν</span> <span class='ocrx_word' id='word_1_747' title='bbox 1779 1892 1854 1926; x_wconf 73' lang='grc' dir='ltr'>λέγει</span> 
     </span>
    </p>
   </div>
   <div class='ocr_carea' id='block_1_92' title="bbox 1065 1936 1853 1973">
    <p class='ocr_par' dir='ltr' id='par_1_92' title="bbox 1065 1936 1853 1973">
     <span class='ocr_line' id='line_1_92' title="bbox 1065 1936 1853 1973; baseline 0 -9"><span class='ocrx_word' id='word_1_748' title='bbox 1065 1939 1094 1965; x_wconf 79' lang='grc' dir='ltr'>ὲν</span> <span class='ocrx_word' id='word_1_749' title='bbox 1110 1939 1143 1973; x_wconf 75' lang='grc' dir='ltr'><strong>τῇ</strong></span> <span class='ocrx_word' id='word_1_750' title='bbox 1159 1937 1220 1972; x_wconf 76' lang='grc' dir='ltr'>θείᾳ</span> <span class='ocrx_word' id='word_1_751' title='bbox 1241 1937 1346 1973; x_wconf 83' lang='grc' dir='ltr'>Γραφῇ,</span> <span class='ocrx_word' id='word_1_752' title='bbox 1365 1936 1501 1963; x_wconf 82' lang='grc' dir='ltr'>πιστεύειν</span> <span class='ocrx_word' id='word_1_753' title='bbox 1516 1937 1580 1972; x_wconf 87' lang='grc' dir='ltr'>χρὴ,</span> <span class='ocrx_word' id='word_1_754' title='bbox 1595 1937 1636 1963; x_wconf 86' lang='grc' dir='ltr'>ὅτι</span> <span class='ocrx_word' id='word_1_755' title='bbox 1654 1936 1727 1963; x_wconf 77' lang='grc' dir='ltr'>ἐστι·</span> <span class='ocrx_word' id='word_1_756' title='bbox 1748 1936 1806 1968; x_wconf 79' lang='grc' dir='ltr'><strong>πῶς</strong></span> <span class='ocrx_word' id='word_1_757' title='bbox 1821 1937 1853 1964; x_wconf 80' lang='grc' dir='ltr'><strong>δὲ</strong></span> 
     </span>
    </p>
   </div>
   <div class='ocr_carea' id='block_1_93' title="bbox 1065 1979 1853 2016">
    <p class='ocr_par' dir='ltr' id='par_1_93' title="bbox 1065 1979 1853 2016">
     <span class='ocr_line' id='line_1_93' title="bbox 1065 1979 1853 2016; baseline -0.004 -8"><span class='ocrx_word' id='word_1_758' title='bbox 1065 1982 1148 2014; x_wconf 70' lang='grc' dir='ltr'>ἔστιν,</span> <span class='ocrx_word' id='word_1_759' title='bbox 1164 1981 1239 2016; x_wconf 85' lang='grc' dir='ltr'>αὐτῷ</span> <span class='ocrx_word' id='word_1_760' title='bbox 1261 1981 1333 2016; x_wconf 81' lang='grc' dir='ltr'>μόνῳ</span> <span class='ocrx_word' id='word_1_761' title='bbox 1353 1980 1496 2014; x_wconf 82' lang='grc' dir='ltr'>ἔγνωσται.</span> <span class='ocrx_word' id='word_1_762' title='bbox 1519 1980 1574 2007; x_wconf 77' lang='lat' dir='ltr'><strong>Kal</strong></span> <span class='ocrx_word' id='word_1_763' title='bbox 1588 1980 1629 2006; x_wconf 83' lang='grc' dir='ltr'><strong>ὅτι</strong></span> <span class='ocrx_word' id='word_1_764' title='bbox 1649 1979 1726 2014; x_wconf 76' lang='grc' dir='ltr'>ὤφθη</span> <span class='ocrx_word' id='word_1_765' title='bbox 1746 1979 1785 2014; x_wconf 83' lang='grc' dir='ltr'>τῷ</span> <span class='ocrx_word' id='word_1_766' title='bbox 1802 1980 1853 2014; x_wconf 79' lang='grc' dir='ltr'>μὲν</span> 
     </span>
    </p>
   </div>
   <div class='ocr_carea' id='block_1_94' title="bbox 1065 2023 1852 2060">
    <p class='ocr_par' dir='ltr' id='par_1_94' title="bbox 1065 2023 1852 2060">
     <span class='ocr_line' id='line_1_94' title="bbox 1065 2023 1852 2060; baseline -0.004 -7"><span class='ocrx_word' id='word_1_767' title='bbox 1065 2026 1131 2058; x_wconf 78' lang='grc' dir='ltr'>ὕντι,</span> <span class='ocrx_word' id='word_1_768' title='bbox 1145 2026 1207 2052; x_wconf 85' lang='grc' dir='ltr'>ναί·</span> <span class='ocrx_word' id='word_1_769' title='bbox 1225 2025 1304 2060; x_wconf 77' lang='grc' dir='ltr'>ὤφθη</span> <span class='ocrx_word' id='word_1_770' title='bbox 1327 2025 1355 2051; x_wconf 79' lang='grc' dir='ltr'><strong>δὲ</strong></span> <span class='ocrx_word' id='word_1_771' title='bbox 1378 2025 1417 2056; x_wconf 84' lang='grc' dir='ltr'><strong>ὡς</strong></span> <span class='ocrx_word' id='word_1_772' title='bbox 1431 2024 1557 2060; x_wconf 77' lang='grc' dir='ltr'>ἠθέλησε,</span> <span class='ocrx_word' id='word_1_773' title='bbox 1574 2025 1621 2052; x_wconf 81' lang='grc' dir='ltr'>καὶ</span> <span class='ocrx_word' id='word_1_774' title='bbox 1639 2024 1747 2060; x_wconf 86' lang='grc' dir='ltr'>ἀληθῶς</span> <span class='ocrx_word' id='word_1_775' title='bbox 1761 2023 1852 2059; x_wconf 76' lang='grc' dir='ltr'>ὤφθη,</span> 
     </span>
    </p>
   </div>
   <div class='ocr_carea' id='block_1_95' title="bbox 1065 2067 1853 2106">
    <p class='ocr_par' dir='ltr' id='par_1_95' title="bbox 1065 2067 1853 2106">
     <span class='ocr_line' id='line_1_95' title="bbox 1065 2067 1853 2106; baseline -0.004 -9"><span class='ocrx_word' id='word_1_776' title='bbox 1065 2070 1102 2102; x_wconf 81' lang='grc' dir='ltr'><strong>ὡς</strong></span> <span class='ocrx_word' id='word_1_777' title='bbox 1117 2070 1205 2106; x_wconf 80' lang='grc' dir='ltr'>ὤφθη.</span> <span class='ocrx_word' id='word_1_778' title='bbox 1223 2070 1315 2096; x_wconf 84' lang='grc' dir='ltr'>Πάντα</span> <span class='ocrx_word' id='word_1_779' title='bbox 1330 2069 1384 2105; x_wconf 88' lang='grc' dir='ltr'><strong>γὰρ</strong></span> <span class='ocrx_word' id='word_1_780' title='bbox 1396 2068 1508 2095; x_wconf 83' lang='grc' dir='ltr'>δύναται</span> <span class='ocrx_word' id='word_1_781' title='bbox 1523 2068 1599 2101; x_wconf 83' lang='grc' dir='ltr'>Θεὸς,</span> <span class='ocrx_word' id='word_1_782' title='bbox 1620 2069 1668 2095; x_wconf 76' lang='grc' dir='ltr'>καὶ</span> <span class='ocrx_word' id='word_1_783' title='bbox 1686 2068 1763 2095; x_wconf 79' lang='grc' dir='ltr'>οὐδὲν</span> <span class='ocrx_word' id='word_1_784' title='bbox 1777 2067 1853 2102; x_wconf 75' lang='grc' dir='ltr'>αὐτῷ</span> 
     </span>
    </p>
   </div>
   <div class='ocr_carea' id='block_1_96' title="bbox 1065 2113 1853 2151">
    <p class='ocr_par' dir='ltr' id='par_1_96' title="bbox 1065 2113 1853 2151">
     <span class='ocr_line' id='line_1_96' title="bbox 1065 2113 1853 2151; baseline -0.005 -7"><span class='ocrx_word' id='word_1_785' title='bbox 1065 2117 1204 2144; x_wconf 84' lang='grc' dir='ltr'>ἀδύνατον.</span> <span class='ocrx_word' id='word_1_786' title='bbox 1223 2116 1301 2142; x_wconf 83' lang='grc' dir='ltr'>Ἔστι</span> <span class='ocrx_word' id='word_1_787' title='bbox 1317 2115 1346 2142; x_wconf 73' lang='grc' dir='ltr'>δὲ</span> <span class='ocrx_word' id='word_1_788' title='bbox 1362 2115 1564 2151; x_wconf 81' lang='grc' dir='ltr'>ἁκατάληπτος,</span> <span class='ocrx_word' id='word_1_789' title='bbox 1581 2114 1688 2149; x_wconf 74' lang='grc' dir='ltr'>πνεῦμα.</span> <span class='ocrx_word' id='word_1_790' title='bbox 1701 2113 1740 2141; x_wconf 85' lang='grc' dir='ltr'>ὢν</span> <span class='ocrx_word' id='word_1_791' title='bbox 1753 2114 1853 2149; x_wconf 81' lang='grc' dir='ltr'>ἀπερι-</span> 
     </span>
    </p>
   </div>
   <div class='ocr_carea' id='block_1_97' title="bbox 1066 2158 1854 2198">
    <p class='ocr_par' dir='ltr' id='par_1_97' title="bbox 1066 2158 1854 2198">
     <span class='ocr_line' id='line_1_97' title="bbox 1066 2158 1854 2198; baseline -0.006 -8"><span class='ocrx_word' id='word_1_792' title='bbox 1066 2163 1169 2198; x_wconf 88' lang='grc' dir='ltr'>νόητον,</span> <span class='ocrx_word' id='word_1_793' title='bbox 1186 2162 1275 2189; x_wconf 85' lang='grc' dir='ltr'>πάντα</span> <span class='ocrx_word' id='word_1_794' title='bbox 1289 2161 1433 2197; x_wconf 84' lang='grc' dir='ltr'>περιέχων,</span> <span class='ocrx_word' id='word_1_795' title='bbox 1445 2158 1522 2193; x_wconf 70' lang='grc' dir='ltr'>οὗτος</span> <span class='ocrx_word' id='word_1_796' title='bbox 1541 2160 1588 2186; x_wconf 81' lang='grc' dir='ltr'><strong>ὑπ’</strong></span> <span class='ocrx_word' id='word_1_797' title='bbox 1600 2159 1706 2191; x_wconf 79' lang='grc' dir='ltr'>οὐδενὸς</span> <span class='ocrx_word' id='word_1_798' title='bbox 1724 2159 1854 2195; x_wconf 87' lang='grc' dir='ltr'>περιεχό-</span> 
     </span>
    </p>
   </div>
   <div class='ocr_carea' id='block_1_98' title="bbox 1067 2204 1853 2243">
    <p class='ocr_par' dir='ltr' id='par_1_98' title="bbox 1067 2204 1853 2243">
     <span class='ocr_line' id='line_1_98' title="bbox 1067 2204 1853 2243; baseline -0.003 -10"><span class='ocrx_word' id='word_1_799' title='bbox 1067 2216 1160 2243; x_wconf 84' lang='grc' dir='ltr'>μενος.</span> <span class='ocrx_word' id='word_1_800' title='bbox 1173 2206 1228 2233; x_wconf 77' lang='lat' dir='ltr'><strong>Kal</strong></span> <span class='ocrx_word' id='word_1_801' title='bbox 1252 2207 1343 2237; x_wconf 83' lang='grc' dir='ltr'>ὁποῖος</span> <span class='ocrx_word' id='word_1_802' title='bbox 1361 2207 1375 2233; x_wconf 94' lang='lat'><strong>6</strong></span> <span class='ocrx_word' id='word_1_803' title='bbox 1392 2206 1504 2242; x_wconf 82' lang='grc' dir='ltr'>Πατὴρ,</span> <span class='ocrx_word' id='word_1_804' title='bbox 1524 2204 1643 2237; x_wconf 86' lang='grc' dir='ltr'>τοιοῦτος</span> <span class='ocrx_word' id='word_1_805' title='bbox 1657 2206 1705 2232; x_wconf 76' lang='grc' dir='ltr'>καὶ</span> <span class='ocrx_word' id='word_1_806' title='bbox 1728 2205 1744 2231; x_wconf 86' lang='grc' dir='ltr'><strong>ὸ</strong></span> <span class='ocrx_word' id='word_1_807' title='bbox 1770 2205 1853 2237; x_wconf 73' lang='grc' dir='ltr'>Υἱὸς,</span> 
     </span>
    </p>
   </div>
   <div class='ocr_carea' id='block_1_99' title="bbox 1063 2246 1854 2285">
    <p class='ocr_par' dir='ltr' id='par_1_99' title="bbox 1063 2246 1854 2285">
     <span class='ocr_line' id='line_1_99' title="bbox 1063 2246 1854 2285; baseline -0.004 -8"><span class='ocrx_word' id='word_1_808' title='bbox 1063 2250 1136 2278; x_wconf 80' lang='grc' dir='ltr'>οὕτω</span> <span class='ocrx_word' id='word_1_809' title='bbox 1153 2251 1201 2277; x_wconf 80' lang='grc' dir='ltr'>καὶ</span> <span class='ocrx_word' id='word_1_810' title='bbox 1225 2249 1337 2285; x_wconf 82' lang='grc' dir='ltr'>Πνεῦμα</span> <span class='ocrx_word' id='word_1_811' title='bbox 1360 2249 1389 2276; x_wconf 81' lang='grc' dir='ltr'><strong>έν</strong></span> <span class='ocrx_word' id='word_1_812' title='bbox 1403 2250 1436 2284; x_wconf 83' lang='grc' dir='ltr'>τῇ</span> <span class='ocrx_word' id='word_1_813' title='bbox 1453 2246 1568 2285; x_wconf 71' lang='grc' dir='ltr'>θεότητι.</span> <span class='ocrx_word' id='word_1_814' title='bbox 1583 2249 1670 2280; x_wconf 85' lang='grc' dir='ltr'>Μόνος</span> <span class='ocrx_word' id='word_1_815' title='bbox 1691 2248 1720 2275; x_wconf 76' lang='grc' dir='ltr'><strong>δὲ</strong></span> <span class='ocrx_word' id='word_1_816' title='bbox 1734 2249 1748 2275; x_wconf 89' lang='lat'><strong>6</strong></span> <span class='ocrx_word' id='word_1_817' title='bbox 1766 2247 1854 2275; x_wconf 83' lang='grc' dir='ltr'>Μονο-</span> 
     </span>
    </p>
   </div>
   <div class='ocr_carea' id='block_1_100' title="bbox 1064 2291 1854 2332">
    <p class='ocr_par' dir='ltr' id='par_1_100' title="bbox 1064 2291 1854 2332">
     <span class='ocr_line' id='line_1_100' title="bbox 1064 2291 1854 2332; baseline -0.005 -9"><span class='ocrx_word' id='word_1_818' title='bbox 1064 2296 1145 2332; x_wconf 85' lang='grc' dir='ltr'>γενὴς</span> <span class='ocrx_word' id='word_1_819' title='bbox 1158 2295 1300 2322; x_wconf 78' lang='grc' dir='ltr'>ἐνεδύσατο</span> <span class='ocrx_word' id='word_1_820' title='bbox 1321 2294 1405 2321; x_wconf 77' lang='grc' dir='ltr'>ἐλθὼν</span> <span class='ocrx_word' id='word_1_821' title='bbox 1419 2294 1518 2330; x_wconf 78' lang='grc' dir='ltr'>σάρκα,</span> <span class='ocrx_word' id='word_1_822' title='bbox 1534 2295 1564 2320; x_wconf 85' lang='grc' dir='ltr'>ὲν</span> <span class='ocrx_word' id='word_1_823' title='bbox 1584 2291 1601 2331; x_wconf 83' lang='grc' dir='ltr'>ᾖ</span> <span class='ocrx_word' id='word_1_824' title='bbox 1625 2294 1672 2320; x_wconf 75' lang='grc' dir='ltr'>καὶ</span> <span class='ocrx_word' id='word_1_825' title='bbox 1687 2293 1801 2328; x_wconf 81' lang='grc' dir='ltr'>ἀνέστη,</span> <span class='ocrx_word' id='word_1_826' title='bbox 1819 2293 1854 2328; x_wconf 81' lang='grc' dir='ltr'>ἣν</span> 
     </span>
    </p>
   </div>
   <div class='ocr_carea' id='block_1_101' title="bbox 1063 2338 1853 2375">
    <p class='ocr_par' dir='ltr' id='par_1_101' title="bbox 1063 2338 1853 2375">
     <span class='ocr_line' id='line_1_101' title="bbox 1063 2338 1853 2375; baseline -0.005 -7"><span class='ocrx_word' id='word_1_827' title='bbox 1063 2342 1111 2369; x_wconf 70' lang='grc' dir='ltr'><strong>καὶ</strong></span> <span class='ocrx_word' id='word_1_828' title='bbox 1133 2342 1269 2371; x_wconf 85' lang='grc' dir='ltr'>συνήνωσε</span> <span class='ocrx_word' id='word_1_829' title='bbox 1289 2341 1323 2375; x_wconf 81' lang='grc' dir='ltr'><strong>τῇ</strong></span> <span class='ocrx_word' id='word_1_830' title='bbox 1348 2340 1454 2375; x_wconf 85' lang='grc' dir='ltr'>θεότητι</span> <span class='ocrx_word' id='word_1_831' title='bbox 1479 2340 1519 2369; x_wconf 79' lang='grc' dir='ltr'>εἰς</span> <span class='ocrx_word' id='word_1_832' title='bbox 1544 2338 1653 2374; x_wconf 82' lang='grc' dir='ltr'>πνεῦμα</span> <span class='ocrx_word' id='word_1_833' title='bbox 1677 2338 1853 2370; x_wconf 82' lang='grc' dir='ltr'>σννενώσας,</span> 
     </span>
    </p>
   </div>
   <div class='ocr_carea' id='block_1_102' title="bbox 1064 2383 1855 2419">
    <p class='ocr_par' dir='ltr' id='par_1_102' title="bbox 1064 2383 1855 2419">
     <span class='ocr_line' id='line_1_102' title="bbox 1064 2383 1855 2419; baseline -0.005 -5"><span class='ocrx_word' id='word_1_834' title='bbox 1064 2387 1204 2414; x_wconf 77' lang='grc' dir='ltr'>ἐκάθισεν</span> <span class='ocrx_word' id='word_1_835' title='bbox 1211 2386 1253 2412; x_wconf 79' lang='grc' dir='ltr'><strong>’ἐν</strong></span> <span class='ocrx_word' id='word_1_836' title='bbox 1268 2385 1342 2419; x_wconf 82' lang='grc' dir='ltr'>δόξῃ</span> <span class='ocrx_word' id='word_1_837' title='bbox 1352 2405 1359 2418; x_wconf 87' lang='grc'><strong>,</strong></span> <span class='ocrx_word' id='word_1_838' title='bbox 1377 2384 1504 2418; x_wconf 73' lang='grc' dir='ltr'>ὲνδεξιᾷ</span> <span class='ocrx_word' id='word_1_839' title='bbox 1514 2384 1568 2412; x_wconf 82' lang='grc' dir='ltr'><strong>τοῦ</strong></span> <span class='ocrx_word' id='word_1_840' title='bbox 1591 2383 1715 2417; x_wconf 82' lang='grc' dir='ltr'>Πατρὸς,</span> <span class='ocrx_word' id='word_1_841' title='bbox 1734 2383 1807 2410; x_wconf 79' lang='grc' dir='ltr'>κατὰ</span> <span class='ocrx_word' id='word_1_842' title='bbox 1823 2383 1855 2410; x_wconf 74' lang='grc' dir='ltr'><strong>τὸ</strong></span> 
     </span>
    </p>
   </div>
   <div class='ocr_carea' id='block_1_103' title="bbox 1068 2429 1852 2468">
    <p class='ocr_par' dir='ltr' id='par_1_103' title="bbox 1068 2429 1852 2468">
     <span class='ocr_line' id='line_1_103' title="bbox 1068 2429 1852 2468; baseline -0.005 -8"><span class='ocrx_word' id='word_1_843' title='bbox 1068 2433 1267 2468; x_wconf 87' lang='grc' dir='ltr'>γεγραμμένον.</span> <span class='ocrx_word' id='word_1_844' title='bbox 1285 2433 1329 2463; x_wconf 86' lang='grc' dir='ltr'>Ὧς</span> <span class='ocrx_word' id='word_1_845' title='bbox 1341 2429 1388 2459; x_wconf 82' lang='grc' dir='ltr'>οὖν</span> <span class='ocrx_word' id='word_1_846' title='bbox 1402 2433 1474 2458; x_wconf 73' lang='grc' dir='ltr'>ἐστιν</span> <span class='ocrx_word' id='word_1_847' title='bbox 1490 2431 1680 2466; x_wconf 75' lang='grc' dir='ltr'>ἀκατάληπτος</span> <span class='ocrx_word' id='word_1_848' title='bbox 1693 2430 1742 2456; x_wconf 74' lang='grc' dir='ltr'>καὶ</span> <span class='ocrx_word' id='word_1_849' title='bbox 1756 2430 1852 2466; x_wconf 75' lang='grc' dir='ltr'>ἀπεριο</span> 
     </span>
    </p>
   </div>
   <div class='ocr_carea' id='block_1_104' title="bbox 1067 2476 1855 2515">
    <p class='ocr_par' dir='ltr' id='par_1_104' title="bbox 1067 2476 1855 2515">
     <span class='ocr_line' id='line_1_104' title="bbox 1067 2476 1855 2515; baseline -0.005 -9"><span class='ocrx_word' id='word_1_850' title='bbox 1067 2479 1171 2515; x_wconf 84' lang='grc' dir='ltr'>νόητος,</span> <span class='ocrx_word' id='word_1_851' title='bbox 1185 2479 1255 2506; x_wconf 81' lang='grc' dir='ltr'>οὕτω</span> <span class='ocrx_word' id='word_1_852' title='bbox 1271 2479 1358 2506; x_wconf 84' lang='grc' dir='ltr'>πάντα</span> <span class='ocrx_word' id='word_1_853' title='bbox 1372 2478 1406 2505; x_wconf 83' lang='grc' dir='ltr'><strong>τὰ</strong></span> <span class='ocrx_word' id='word_1_854' title='bbox 1418 2478 1482 2513; x_wconf 75' lang='grc' dir='ltr'>περὶ</span> <span class='ocrx_word' id='word_1_855' title='bbox 1494 2477 1577 2504; x_wconf 74' lang='grc' dir='ltr'>αὐτοῦ</span> <span class='ocrx_word' id='word_1_856' title='bbox 1593 2476 1727 2511; x_wconf 87' lang='grc' dir='ltr'>λεγόμενα</span> <span class='ocrx_word' id='word_1_857' title='bbox 1738 2476 1855 2511; x_wconf 81' lang='grc' dir='ltr'>ὰληθινά</span> 
     </span>
    </p>
   </div>
   <div class='ocr_carea' id='block_1_105' title="bbox 1068 2521 1854 2557">
    <p class='ocr_par' dir='ltr' id='par_1_105' title="bbox 1068 2521 1854 2557">
     <span class='ocr_line' id='line_1_105' title="bbox 1068 2521 1854 2557; baseline -0.005 -6"><span class='ocrx_word' id='word_1_858' title='bbox 1068 2525 1142 2552; x_wconf 78' lang='grc' dir='ltr'>ἐστιν</span> <span class='ocrx_word' id='word_1_859' title='bbox 1158 2524 1232 2553; x_wconf 74' lang='grc' dir='ltr'>ὄντα.</span> <span class='ocrx_word' id='word_1_860' title='bbox 1253 2525 1296 2556; x_wconf 78' lang='grc' dir='ltr'>Ὠς</span> <span class='ocrx_word' id='word_1_861' title='bbox 1310 2524 1339 2550; x_wconf 77' lang='grc' dir='ltr'><strong>δὲ</strong></span> <span class='ocrx_word' id='word_1_862' title='bbox 1355 2523 1420 2555; x_wconf 86' lang='grc' dir='ltr'>Θεός</span> <span class='ocrx_word' id='word_1_863' title='bbox 1444 2524 1518 2550; x_wconf 70' lang='grc' dir='ltr'>ἐστιν</span> <span class='ocrx_word' id='word_1_864' title='bbox 1537 2521 1747 2557; x_wconf 79' lang='grc' dir='ltr'>ἀκατάληπτος,</span> <span class='ocrx_word' id='word_1_865' title='bbox 1767 2521 1854 2553; x_wconf 82' lang='grc' dir='ltr'>οὕτως</span> 
     </span>
    </p>
   </div>
   <div class='ocr_carea' id='block_1_106' title="bbox 1068 2566 1854 2606">
    <p class='ocr_par' dir='ltr' id='par_1_106' title="bbox 1068 2566 1854 2606">
     <span class='ocr_line' id='line_1_106' title="bbox 1068 2566 1854 2606; baseline -0.008 -8"><span class='ocrx_word' id='word_1_866' title='bbox 1068 2572 1123 2598; x_wconf 76' lang='grc' dir='ltr'><strong>πᾶν</strong></span> <span class='ocrx_word' id='word_1_867' title='bbox 1137 2571 1167 2598; x_wconf 84' lang='grc' dir='ltr'><strong>τὸ</strong></span> <span class='ocrx_word' id='word_1_868' title='bbox 1182 2571 1246 2606; x_wconf 69' lang='grc' dir='ltr'>περὶ</span> <span class='ocrx_word' id='word_1_869' title='bbox 1259 2569 1340 2597; x_wconf 80' lang='grc' dir='ltr'>αὐτοῦ</span> <span class='ocrx_word' id='word_1_870' title='bbox 1356 2568 1501 2605; x_wconf 79' lang='grc' dir='ltr'>λεγόμενον</span> <span class='ocrx_word' id='word_1_871' title='bbox 1512 2567 1703 2603; x_wconf 74' lang='grc' dir='ltr'>ἀκατάληπτόν</span> <span class='ocrx_word' id='word_1_872' title='bbox 1717 2567 1776 2593; x_wconf 73' lang='grc' dir='ltr'><strong>ἐστι</strong></span> <span class='ocrx_word' id='word_1_873' title='bbox 1792 2566 1854 2601; x_wconf 80' lang='grc' dir='ltr'>μὲν,</span> 
     </span>
    </p>
   </div>
   <div class='ocr_carea' id='block_1_107' title="bbox 1067 2610 1853 2652">
    <p class='ocr_par' dir='ltr' id='par_1_107' title="bbox 1067 2610 1853 2652">
     <span class='ocr_line' id='line_1_107' title="bbox 1067 2610 1853 2652; baseline -0.008 -9"><span class='ocrx_word' id='word_1_874' title='bbox 1067 2616 1135 2644; x_wconf 77' lang='grc' dir='ltr'>ἀλλὰ</span> <span class='ocrx_word' id='word_1_875' title='bbox 1150 2616 1340 2652; x_wconf 72' lang='grc' dir='ltr'>ἀκατάληπτον</span> <span class='ocrx_word' id='word_1_876' title='bbox 1354 2616 1434 2642; x_wconf 84' lang='grc' dir='ltr'>ὁποῖα</span> <span class='ocrx_word' id='word_1_877' title='bbox 1450 2613 1529 2645; x_wconf 84' lang='grc' dir='ltr'>Θεοῦ,</span> <span class='ocrx_word' id='word_1_878' title='bbox 1542 2613 1590 2640; x_wconf 76' lang='grc' dir='ltr'>καὶ</span> <span class='ocrx_word' id='word_1_879' title='bbox 1602 2613 1639 2645; x_wconf 83' lang='grc' dir='ltr'>ὼς</span> <span class='ocrx_word' id='word_1_880' title='bbox 1654 2612 1728 2639; x_wconf 73' lang='grc' dir='ltr'>ἐστιν</span> <span class='ocrx_word' id='word_1_881' title='bbox 1745 2612 1775 2638; x_wconf 78' lang='grc' dir='ltr'>ὲν</span> <span class='ocrx_word' id='word_1_882' title='bbox 1790 2610 1853 2646; x_wconf 78' lang='grc' dir='ltr'><strong>δόξῃ</strong></span> 
     </span>
    </p>
   </div>
   <div class='ocr_carea' id='block_1_108' title="bbox 1067 2657 1854 2697">
    <p class='ocr_par' dir='ltr' id='par_1_108' title="bbox 1067 2657 1854 2697">
     <span class='ocr_line' id='line_1_108' title="bbox 1067 2657 1854 2697; baseline -0.009 -8"><span class='ocrx_word' id='word_1_883' title='bbox 1067 2662 1258 2697; x_wconf 81' lang='grc' dir='ltr'>ἀκαταλήπτῳ.</span> <span class='ocrx_word' id='word_1_884' title='bbox 1279 2661 1334 2688; x_wconf 75' lang='lat' dir='ltr'><strong>Kal</strong></span> <span class='ocrx_word' id='word_1_885' title='bbox 1347 2661 1433 2688; x_wconf 83' lang='grc' dir='ltr'>ταῦτα</span> <span class='ocrx_word' id='word_1_886' title='bbox 1454 2661 1514 2696; x_wconf 76' lang='grc' dir='ltr'>μὲν,</span> <span class='ocrx_word' id='word_1_887' title='bbox 1528 2658 1619 2690; x_wconf 88' lang='grc' dir='ltr'>καθὼς</span> <span class='ocrx_word' id='word_1_888' title='bbox 1631 2657 1801 2693; x_wconf 71' lang='grc' dir='ltr'>ἐχωροῦμεν,</span> <span class='ocrx_word' id='word_1_889' title='bbox 1813 2657 1854 2687; x_wconf 82' lang='grc' dir='ltr'><strong>είς</strong></span> 
     </span>
    </p>
   </div>
   <div class='ocr_carea' id='block_1_109' title="bbox 1068 2701 1853 2742">
    <p class='ocr_par' dir='ltr' id='par_1_109' title="bbox 1068 2701 1853 2742">
     <span class='ocr_line' id='line_1_109' title="bbox 1068 2701 1853 2742; baseline -0.009 -7"><span class='ocrx_word' id='word_1_890' title='bbox 1068 2707 1219 2741; x_wconf 82' lang='grc' dir='ltr'>δοξολογίαν</span> <span class='ocrx_word' id='word_1_891' title='bbox 1235 2706 1302 2734; x_wconf 86' lang='grc' dir='ltr'>Θεοῦ</span> <span class='ocrx_word' id='word_1_892' title='bbox 1323 2707 1436 2742; x_wconf 87' lang='grc' dir='ltr'>στόματι</span> <span class='ocrx_word' id='word_1_893' title='bbox 1452 2704 1614 2742; x_wconf 82' lang='grc' dir='ltr'>ἀνθρωπίνῳ</span> <span class='ocrx_word' id='word_1_894' title='bbox 1632 2703 1799 2739; x_wconf 71' lang='grc' dir='ltr'>εἰρήκαμεν·</span> <span class='ocrx_word' id='word_1_895' title='bbox 1823 2701 1853 2728; x_wconf 77' lang='grc' dir='ltr'>οὗ</span> 
     </span>
    </p>
   </div>
   <div class='ocr_carea' id='block_1_110' title="bbox 1069 2745 1854 2788">
    <p class='ocr_par' dir='ltr' id='par_1_110' title="bbox 1069 2745 1854 2788">
     <span class='ocr_line' id='line_1_110' title="bbox 1069 2745 1854 2788; baseline -0.009 -8"><span class='ocrx_word' id='word_1_896' title='bbox 1069 2753 1123 2788; x_wconf 86' lang='grc' dir='ltr'><strong>γὰρ</strong></span> <span class='ocrx_word' id='word_1_897' title='bbox 1134 2752 1230 2788; x_wconf 77' lang='grc' dir='ltr'>ἔχομεν</span> <span class='ocrx_word' id='word_1_898' title='bbox 1241 2752 1335 2788; x_wconf 76' lang='grc' dir='ltr'>ἑτέρας</span> <span class='ocrx_word' id='word_1_899' title='bbox 1351 2751 1471 2787; x_wconf 82' lang='grc' dir='ltr'>φθογγῆς</span> <span class='ocrx_word' id='word_1_900' title='bbox 1484 2751 1581 2786; x_wconf 79' lang='grc' dir='ltr'>χρῆσιν</span> <span class='ocrx_word' id='word_1_901' title='bbox 1593 2748 1662 2784; x_wconf 84' lang='grc' dir='ltr'>ὑπὲρ</span> <span class='ocrx_word' id='word_1_902' title='bbox 1675 2748 1726 2783; x_wconf 82' lang='grc' dir='ltr'>τὴν</span> <span class='ocrx_word' id='word_1_903' title='bbox 1741 2749 1774 2774; x_wconf 78' lang='grc' dir='ltr'>ἐκ</span> <span class='ocrx_word' id='word_1_904' title='bbox 1786 2745 1854 2774; x_wconf 78' lang='grc' dir='ltr'>Θεοῦ</span> 
     </span>
    </p>
   </div>
   <div class='ocr_carea' id='block_1_111' title="bbox 274 2826 1012 2864">
    <p class='ocr_par' dir='ltr' id='par_1_111' title="bbox 274 2826 1012 2863">
     <span class='ocr_line' id='line_1_111' title="bbox 274 2826 1012 2863; baseline 0.003 -8"><span class='ocrx_word' id='word_1_905' title='bbox 274 2828 284 2844; x_wconf 91' lang='grc'><strong>¹</strong></span> <span class='ocrx_word' id='word_1_906' title='bbox 296 2827 395 2862; x_wconf 80' lang='lat' dir='ltr'><strong>Ephes.</strong></span> <span class='ocrx_word' id='word_1_907' title='bbox 415 2835 446 2858; x_wconf 81' lang='lat' dir='ltr'>II.</span> <span class='ocrx_word' id='word_1_908' title='bbox 457 2827 490 2860; x_wconf 77' lang='lat'><strong><em>6;</em></strong></span> <span class='ocrx_word' id='word_1_909' title='bbox 504 2826 586 2856; x_wconf 81' lang='lat' dir='ltr'><strong>Hebr.</strong></span> <span class='ocrx_word' id='word_1_910' title='bbox 601 2836 660 2863; x_wconf 74' lang='lat' dir='ltr'>VIII,</span> <span class='ocrx_word' id='word_1_911' title='bbox 676 2828 700 2856; x_wconf 81' lang='grc' dir='ltr'><strong>Ι.</strong></span> <span class='ocrx_word' id='word_1_912' title='bbox 740 2829 749 2846; x_wconf 83' lang='grc'><em>³</em></span> <span class='ocrx_word' id='word_1_913' title='bbox 767 2828 831 2858; x_wconf 76' lang='lat' dir='ltr'><strong>r&#39;or.</strong></span> <span class='ocrx_word' id='word_1_914' title='bbox 848 2829 1012 2862; x_wconf 77' lang='grc' dir='ltr'>δουλεύοντος</span> 
     </span>
    </p>
   </div>
   <div class='ocr_carea' id='block_1_112' title="bbox 1065 2826 1282 2864">
    <p class='ocr_par' dir='ltr' id='par_1_112' title="bbox 1080 2828 1282 2864">
     <span class='ocr_line' id='line_1_112' title="bbox 1080 2828 1282 2864; baseline -0.005 -7"><span class='ocrx_word' id='word_1_915' title='bbox 1080 2829 1142 2857; x_wconf 87' lang='lat' dir='ltr'><strong>Cor.</strong></span> <span class='ocrx_word' id='word_1_916' title='bbox 1156 2828 1282 2864; x_wconf 81' lang='grc' dir='ltr'>ὀφθῆναι.</span> 
     </span>
    </p>
   </div>
  </div>
