1929 3039
80 163 140 193 355

423 159 607 189 ADVERSUS
627 158 797 188 IIA'IRESES
815 157 878 186 LIB.
897 157 940 186 111.
962 157 1044 185 τοιι.
1061 157 1081 184 1.
1097 157 1274 185 ~H1ERES.
1296 157 1378 186 LXX.

1660 158 1713 187 σοι

80 225 155 259 ἡμῖν
172 223 201 250 ἐν
218 222 310 258 μέτρῳ
322 221 456 254 δοθεῖσαν,
475 222 499 248 ει
518 222 566 248 καὶ
579 221 618 257 τῷ
632 221 670 256 νῷ
685 220 876 257 περισσότερον

935 219 1068 252 licuntur,
1082 219 1224 247 verissima
1236 223 1311 248 sunt.
1328 219 1405 247 Sicut
1417 223 1506 246 autem
1520 219 1713 254 comprehendi

79 269 153 304 περὶ
178 268 246 295 Θεοῦ
270 267 513 303 ὑπολαμϐάνομεν·
533 267 590 294 ἀλλ’
609 267 658 302 οὺχ
682 266 768 293 ὁπόσα
781 267 796 293 ό
815 265 877 297 νοῦς

83 315 155 351 ἔχει,
173 314 293 342 τοσαῦτα
310 313 420 341 δύναται
433 314 464 340 τὺ
480 314 567 349 στόμα
587 313 687 348 λέγειν,
704 313 796 348 μέτρῳ
809 313 876 339 ἀπο-

85 360 295 395 κεκλεισμένον,
308 359 356 386 καὶ
367 359 543 394 συνεχόμενον
552 360 608 390 τοῖς
619 359 784 394 σωματικοῖς
795 357 876 392 ὀργά-

84 415 155 437 νοις.
169 405 216 432 Διὸ
229 405 278 432 καὶ
297 405 483 439 συγγνωμονεῖ
495 404 561 436 Θεὸς
576 404 640 440 παρ’
655 404 734 439 ἡμῶν
748 403 874 438 ἀποδεχό-

86 459 171 486 μενος
192 450 242 486 τὴν
266 450 331 486 περὶ
347 449 429 476 αὐτοῦ
450 449 550 484 εἴδησιν
568 449 616 476 καὶ
629 449 791 483 δοξολογίαν,
807 448 878 483 ὑπὲρ

83 497 137 532 τὴν
153 496 234 532 ἡμῶν
250 495 365 530 δύναμιν
384 495 624 530 ὲπεκτεινομένην,
644 495 704 529 οὐχὶ
723 493 784 528 Θεῷ
800 494 879 529 χαρί-

85 541 189 568 σασθαί
204 549 243 574 τι,
263 540 332 567 ἀλλά
350 539 501 575 δοξολογεῖν
522 540 552 567 τὸ
574 540 650 567 Θείον
670 539 741 566 κατὰ
754 539 878 574 δύναμιν,

85 587 129 618 εἰς
140 587 173 613 τὸ
186 586 306 618 εὐσεϐῶς
321 586 465 622 φρονῆσαι,
481 586 529 612 καὶ
543 586 580 621 μὴ
594 586 720 612 ἐκπεσεῖν
733 584 783 619 τῆς
796 583 879 611 αὐτοῦ

86 633 203 668 χάριτος
229 631 276 658 καὶ
302 631 442 667 ἀληθείας.
465 630 557 657 Ταῦτα
583 631 611 657 δὲ
638 631 702 666 περὶ
723 629 772 657 τοῦ
797 628 879 656 αὐτοῦ

85 678 188 705 Δύδίου
216 678 261 704 καὶ
285 677 340 704 τῶν
370 676 508 703 Αὺδιανῶν
534 676 780 711 διαλαμϐάνοντες,
808 674 879 706 ὲξεί-

87 732 180 759 πομεν
189 724 224 750 τά
239 724 284 750 ὑπ’
297 722 387 750 αὐτῶν
401 722 534 758 λεγόμενα
544 730 551 736 ’
565 719 605 753 οἷς
619 721 688 749 κατὰ
704 720 734 747 τὸ
747 720 879 747 ἰδιωτικὸν

87 769 138 796 καὶ
163 769 242 796 αὐτοὶ
265 767 449 804 διηγούμενοι,
465 767 511 793 καὶ
541 766 612 793 κατὰ
631 765 662 791 τὺ
686 765 835 800 φιλόνεικον
850 765 879 791 ἐν

86 814 197 846 τούτοις
211 814 377 849 ἀντέχονται,
392 807 524 848 ἀπρεπῶς
538 811 763 847 διισχυριζόμενοι

931 263 1002 292 Deus
1018 272 1071 292 non
1089 268 1187 300 potest,
1204 265 1241 291 ita
1252 265 1286 292 de
1304 264 1351 292 illo
1365 264 1497 300 quidquid
1509 265 1715 299 asseriturper-

930 310 993 338 inde
1013 310 1204 345 comprehendi
1229 310 1333 345 nequit.
1360 310 1458 346 nequit
1482 314 1715 339 autemreatenus

929 356 1028 387 solum,
1049 359 1183 390 quatenus
1207 354 1261 382 Deo
1283 355 1420 388 convenit,
1439 359 1466 382 et
1487 363 1520 382 eo
1539 356 1631 389 modo,
1658 364 1714 390 quo

929 401 1000 429 inest
1010 401 1036 428 in
1048 409 1081 428 eo
1091 400 1244 436 splendore,
1257 401 1304 435 qui
1318 401 1588 436 comprehensionem
1605 401 1714 429 excedit

928 446 1046 475 omnem.
1067 446 1128 474 llaec
1144 455 1193 475 nos
1207 455 1255 482 pro
1268 447 1372 474 viribus
1385 447 1499 478 nostris,
1511 446 1544 474 ad
1560 446 1606 474 Dei
1629 448 1715 473 hono-

928 501 986 522 rem
1001 498 1027 521 et
1041 493 1164 528 gloriam.
1182 493 1300 520 humana
1314 493 1406 528 lingua
1428 493 1626 527 disputavimus
1641 503 1647 520 :
1662 501 1714 520 non

929 539 1002 566 enim
1031 538 1084 565 alia
1101 545 1167 565 voce
1180 542 1226 564 aut
1241 545 1366 566 sermone
1380 538 1419 565 uti
1436 545 1592 572 possumus,
1608 538 1655 573 qui
1677 539 1713 566 sit

929 591 962 612 eo
976 584 1157 619 prmstantior,
1173 591 1253 618 quem
1271 583 1349 612 nobis
1364 583 1444 611 modo
1458 583 1574 618 quodam
1591 591 1623 610 ac
1638 591 1715 611 men-

930 637 995 657 sura
1021 629 1092 658 Deus
1117 629 1382 661 attribuit;tametsi
1410 629 1585 664 praestantius
1610 628 1714 664 aliquid

932 677 1021 702 mente
1034 673 1067 701 de
1075 673 1130 702 Deo
1146 673 1343 708 concipiamus.
1358 672 1457 701 Verum
1470 677 1603 708 quantum
1621 677 1714 700 nostra

932 727 1008 747 mens
1027 719 1108 754 capit,
1125 723 1229 746 tantum
1243 726 1275 746 os
1294 719 1382 754 eloqui
1406 726 1458 746 non
1475 722 1580 753 potest;
1598 718 1671 753 quod
1687 723 1715 744 ιιι

931 771 1059 791 mensura
1079 764 1123 790 illa
1147 769 1297 797 coercetur,
1317 769 1344 791 et
1366 764 1504 799 corporeis
1527 763 1715 791 instrumentis

932 810 1041 837 aﬁixum
1057 815 1176 838 tenetur.
1192 809 1326 843 Quocirca
1337 810 1516 838 imbecillitati
1529 815 1630 837 nostrae
1644 809 1715 837 Deus

76 859 249 895 ,indulgens,
265 867 346 894 quant
367 859 402 886 de
417 858 477 893 ips'o
492 857 616 885 notitiam
648 857 836 892 adipiscimur,
858 863 890 883 ac
922 857 1037 891 gloriam
1062 856 1225 889 deferimus,
1253 856 1323 892 :equi
1351 855 1472 891 bonique
1497 856 1627 888 consulit,
1650 855 1715 882 dunt

89 905 169 933 illam
180 906 262 933 etiam
280 913 362 940 supra
375 906 474 932 virium
490 908 646 932 nostrarum
660 907 769 939 captum
785 902 967 936 extendimus,
986 911 1041 931 non
1062 908 1091 930 ut
1114 904 1168 930 ulla
1192 903 1220 930 in
1249 911 1280 931 re
1310 903 1365 931 Deo
1394 903 1590 939 gratiﬁcemur,
1611 902 1658 930 sed
1688 907 1718 930 ut

91 952 170 980 illum
182 952 274 988 quoad
290 952 372 980 situm
389 952 416 979 in
431 952 511 979 nobis
526 957 577 984 est,
591 952 669 979 laude
689 951 869 984 celebremus,
888 955 918 978 ut
936 955 963 979 et
978 955 1012 979 de
1027 952 1074 978 illo
1091 951 1218 986 religiose
1237 951 1398 983 sentiamus,
1414 954 1442 978 et
1479 951 1513 978 ab
1541 950 1601 985 ejus
1629 951 1716 985 gratia

90 1003 119 1025 et
142 999 258 1026 veritate
280 1005 336 1025 non
363 998 533 1026 excidamus.
558 998 647 1033 Atque
669 997 726 1024 hanc
749 997 882 1025 adversus
898 997 1017 1024 Audium
1032 998 1226 1032 Audianosque
1253 997 1435 1032 disputantes,
1463 997 1571 1023 illorum
1590 996 1717 1030 dogmata

91 1044 306 1079 proposuimus,
325 1051 386 1078 qua:
407 1043 566 1078 simpliciori
583 1042 699 1078 quadam
721 1043 828 1070 ratione
849 1050 882 1071 ac
901 1044 1035 1078 pertinaci
1048 1043 1231 1071 contentionis
1246 1042 1339 1070 studio
1355 1041 1470 1077 turpiter
1483 1045 1653 1070 asseverant.

128 1101 167 1128 8'.
187 1100 300 1136 Ἔχουσι
315 1100 343 1127 δὲ
368 1100 415 1126 καὶ
439 1100 506 1127 ἄλλα
524 1099 593 1133 τινὰ,
618 1099 652 1126 δι’
666 1099 738 1135 ἅπερ
762 1099 879 1135 μάλιστα

963 1098 1008 1126 ΙΧ.
1031 1098 1134 1125 Habent
1153 1105 1218 1125 vero
1230 1101 1257 1125 et
1271 1097 1323 1124 alia
1338 1096 1490 1131 complura,
1507 1096 1607 1130 quibus
1628 1096 1718 1130 potis-

92 1147 220 1174 ιστανται
233 1146 425 1182 περισσότερον
438 1146 488 1181 τὴν
501 1145 632 1180 διαίρεσιν
643 1145 819 1180 ποιησάμενοι
832 1144 881 1179 τῆς

99 1191 276 1226 Ἐκκλησίας,
292 1191 325 1218 δι’
345 1188 379 1227 ἦς
400 1190 448 1218 καὶ
463 1190 560 1223 ἄλλους
582 1190 733 1226 πτύραντες
752 1190 881 1221 πολλάκις

92 1236 272 1264 ἀνθέλκουσιν
296 1237 350 1263 ἀπὸ
375 1236 426 1271 τῆς
451 1235 629 1270 Ἐκκλησίας,
662 1235 879 1270 παρελκύσαντες

94 1283 197 1319 ἄνδρας
219 1291 250 1309 τε
267 1283 314 1309 καὶ
329 1283 471 1317 γυναῖκας.
495 1282 573 1309 Μετὰ
588 1281 642 1317 γὰρ
662 1281 795 1308 Ἰουδαίων
819 1280 882 1316 βού-

95 1329 189 1356 λονται
206 1328 236 1355 τὸ
260 1328 356 1363 Πάσχα
381 1328 531 1354 ἐπιτελεῖν·
550 1327 696 1360 τουτέστιν,
756 1326 844 1362 καιρῷ
857 1326 881 1352 οἱ

101 1374 226 1401 Ἰουδαῖοι
239 1373 347 1400 ποιοῦσι
360 1373 394 1399 τὰ
409 1373 473 1408 παρ’
491 1373 581 1404 αὐτοῖς
594 1371 714 1406 Ἀξυμα,
727 1371 788 1397 τότε
806 1371 882 1398 αὐτοὶ

96 1419 282 1455 φιλονεικοῦσι
298 1419 328 1445 τὸ
349 1418 446 1453 Πάσχα
462 1418 554 1452 ἄγειν·
573 1417 620 1444 καὶ
641 1417 720 1452 δῆθεν
738 1417 779 1443 ὅτι
798 1416 883 1447 οὕτως

96 1464 133 1502 ἦν
153 1467 171 1501 ἠ
191 1465 340 1500 Ἐκκλησία
356 1464 492 1499 φερομένη
503 1472 509 1478 ·
527 1464 585 1498 εῐγε
610 1463 658 1489 καὶ
681 1463 758 1496 λόγον
773 1470 885 1488 σεσυκο-

98 1511 273 1547 φαντημένον
298 1510 450 1537 δεικνύουσι
478 1511 535 1541 τοῖς
559 1508 794 1543 ὲκκλησιαστικοῖς
815 1507 884 1534 κατὰ

97 1558 178 1585 τοῦτο
193 1557 224 1584 τδ
239 1557 330 1592 μέρος,
341 1556 489 1588 φάσκοντες
498 1555 551 1581 ἀπὸ
564 1554 770 1581 Κωνσταντίου¹
788 1553 826 1588 (4)
842 1553 885 1579 διὰ

98 1603 149 1638 τὴν
173 1603 242 1638 πρὸς
257 1602 302 1629 τὸν
318 1602 438 1636 βασιλέα,
454 1601 533 1636 φησὶ,
550 1599 780 1635 προσωποληψίαν
802 1607 886 1625 κατα·

98 1647 234 1675 λελοιπότι
244 1648 254 1662 ³
267 1647 316 1682 τὴν
329 1647 382 1673 τῶν
398 1646 523 1682 πατέρων
537 1645 601 1681 περὶ
614 1644 662 1671 τοῦ
677 1644 772 1679 Πάσχα
788 1643 886 1679 ἑορτῆς

99 1692 279 1726 ἀκολουθίαν,
304 1692 351 1719 καὶ
375 1691 424 1726 τὴν
450 1691 556 1726 ἡμέραν
582 1689 764 1726 μετηλλάξατε
792 1690 832 1720 εἰς
856 1689 886 1715 τὸ

101 1739 223 1775 καθῆκον
239 1738 287 1765 τοῦ
303 1737 445 1773 βασιλέως.
455 1736 532 1768 Τινὲς
548 1736 576 1762 δὲ
592 1735 673 1762 πάλιν
695 1734 765 1761 κατὰ
776 1734 806 1761 τὸ
823 1734 887 1761 ἴδιον

935 1145 1033 1173 simum
1056 1145 1199 1176 nitttntur,
1224 1151 1309 1178 seque
1323 1143 1356 1170 ab
1376 1141 1503 1169 Ecclesiae
1523 1142 1718 1176 conjunctione

934 1194 1120 1225 segregarunt,
1140 1190 1240 1224 quibus
1259 1192 1286 1216 et
1307 1188 1375 1215 alios
1397 1188 1555 1222 plerumque
1569 1187 1716 1214 conturba-

935 1240 978 1263 tos
998 1236 1032 1263 ab
1050 1236 1144 1263 eadem
1169 1234 1287 1262 Ecclesia
1304 1233 1447 1265 divellunt,
1471 1233 1613 1267 utriusque
1634 1240 1718 1260 sexus

935 1278 1067 1305 homines.
1086 1276 1152 1303 Nam
1173 1284 1235 1303 cum
1256 1275 1358 1303 Iudaeis
1381 1275 1485 1302 Pascha
1508 1275 1646 1302 celebrare
1668 1282 1716 1301 vo-

935 1325 1005 1357 lunt,
1026 1323 1077 1350 hoc
1094 1326 1146 1354 est,
1166 1330 1220 1356 quo
1240 1326 1361 1356 tempore
1378 1320 1463 1347 Judaei
1478 1320 1579 1355 Azyiua
1593 1327 1642 1347 sua
1655 1327 1717 1354 per-

936 1373 1031 1404 agunt,
1053 1372 1117 1395 tunc
1137 1368 1174 1394 illi
1195 1367 1335 1394 Paschalis
1356 1366 1542 1393 celebritatem
1558 1365 1669 1396 obeunt,
1690 1369 1719 1391 ut

937 1415 970 1441 ab
996 1413 1116 1440 Ecclesia
1140 1412 1286 1440 dissentire
1309 1411 1463 1438 videantur.
1492 1409 1570 1443 Quod
1594 1409 1719 1437 videliCu-t

936 1459 1001 1486 olim
1025 1459 1082 1486 hu-c
1106 1458 1133 1485 in
1157 1458 1238 1492 821
1268 1456 1390 1484 Ecclesia
1419 1454 1585 1482 consuetudo
1611 1459 1719 1488 recepta

938 1504 1029 1531 fuerit.
1047 1503 1206 1538 Quanquam
1220 1501 1342 1528 nonnihil
1357 1500 1412 1527 hac
1424 1500 1450 1526 in
1465 1503 1543 1534 parte
1554 1499 1721 1526 calumnian-

937 1554 992 1582 tur,
1011 1554 1037 1576 et
1051 1548 1246 1576 ecclesiasticis
1271 1547 1366 1574 falsam
1382 1545 1516 1572 rationem
1538 1544 1681 1578 objiciunt.
1698 1544 1718 1569 Α

937 1594 1118 1625 Constantini,
1137 1593 1273 1628 inquiunt,
1294 1596 1427 1627 tempore,
1448 1594 1479 1617 ut
1492 1589 1663 1624 imperatoris
1676 1596 1720 1615 ra-

939 1641 1039 1667 tionem
1056 1639 1190 1666 haberetis
1202 1641 1340 1672 paternam
1353 1656 1360 1668 ,
1376 1636 1403 1662 in
1417 1634 1578 1662 celebrando
1588 1633 1721 1661 Pascha:e

939 1684 1164 1712 Consuetudinem
1202 1682 1349 1716 reliquistis
1370 1681 1496 1714 diemque
1517 1679 1720 1709 commutastis,

939 1733 969 1757 ut
980 1737 1027 1757 vos
1040 1729 1074 1756 ad
1087 1728 1260 1763 imperatoris
1275 1731 1371 1754 nutum
1388 1724 1643 1753 accommodaretis.
1655 1723 1722 1756 Qni-

101 1770 254 1820 φιλόνεικον
267 1770 413 1819 ὁρίζονται,
429 1783 480 1815 δτι,
497 1782 562 1808 Ὅτε
583 1781 618 1808 τὰ
640 1779 763 1815 γενέθλια
779 1780 817 1815 (5)
838 1778 883 1805 τοῦ

936 1776 998 1803 dam
1014 1775 1094 1803 etiam
1113 1773 1282 1809 pervicacius
1302 1771 1453 1804 deﬁniunt,
1471 1774 1510 1802 et,
1526 1770 1594 1798 Cum
1611 1770 1719 1800 natalis.

101 1830 320 1862 Κωνσταντίνου,
333 1830 394 1856 τότε
410 1826 635 1864 μετεποιήσασθε,
649 1827 725 1862 φησὶ,
735 1825 765 1852 τὺ
779 1825 885 1860 Πάσχα.

102 1877 158 1903 Καὶ
175 1877 199 1903 εί
226 1876 277 1912 μὲν
300 1876 334 1910 τῇ
351 1874 420 1909 αὐτῇ
439 1873 531 1909 ἡμέρᾳ.
549 1871 580 1899 τὸ
603 1871 699 1906 Πάσχα
723 1871 805 1906 ἤγετο
828 1868 889 1896 κατ’

102 1922 172 1954 ἔτος,
193 1922 241 1948 καὶ
256 1921 289 1956 τῇ
304 1921 371 1955 αὐτῇ
387 1919 492 1954 ὡρίσθη
506 1917 585 1946 τοῦτο
601 1918 688 1944 ποιεῖν
703 1915 749 1942 ἐπὶ
764 1915 812 1950 τῆς
822 1914 888 1941 ’ἐπὶ

103 1965 308 1994 Κωνσταντίνου
329 1964 506 1999 συναχθείσης
532 1963 641 1989 συνόδου
652 1982 659 1993 ,
681 1960 792 1988 πιθανὸν
807 1958 842 1996 ἦν
858 1959 888 1986 τὺ

103 2015 169 2050 παρ’
180 2014 271 2044 αὐτοῖς
284 2011 430 2046 λεγόμενον
440 2019 446 2025 -
461 2009 541 2036 ὁπότε
556 2008 584 2035 δὲ
598 2007 658 2034 καθ’
672 2007 786 2033 ἕκαστον
799 2006 888 2032 ὲνιαυ-

101 2060 147 2086 τὸν
160 2059 191 2085 οὐ
206 2058 318 2085 δύναται
332 2056 440 2092 ἔχεσθαι
450 2055 500 2090 τῆς
508 2054 592 2089 αὐτῆς
601 2053 691 2088 ψήφου
706 2052 723 2087 ή
734 2050 886 2081 ἀκολουθία,

102 2105 228 2131 διέπεσεν
249 2104 264 2130 ὁ
279 2103 368 2129 αὐτῶν
385 2101 473 2135 λόγος.
492 2100 529 2126 Οὐ
543 2100 597 2134 γὰρ
620 2098 664 2125 διὰ
680 2098 710 2124 τὸ
724 2096 860 2131 γενέθλιον
873 2095 888 2120 ὁ

105 2150 232 2185 βασιλεὺς
258 2146 460 2183 ὲπεμελήσατο,
488 2145 556 2171 ἀλλὰ
582 2144 626 2170 διὰ
647 2142 696 2178 τὴν
720 2142 817 2168 ἕνωσιν
838 2140 889 2175 τῆς

110 2195 282 2229 Ἐκκλησίας.
298 2193 344 2228 Τῷ
362 2193 416 2228 γὰρ
434 2193 490 2219 ὄντι
506 2191 552 2218 δύο
567 2191 682 2226 μέγιστα
701 2190 766 2225 ἡμῖν
782 2187 890 2223 κατώρ-

104 2243 190 2269 θωσεν
204 2242 220 2267 ὸ
242 2239 309 2271 Θεὸς
331 2239 374 2266 διὰ
396 2238 443 2265 τοῦ
463 2236 661 2273 προειρημένου
685 2233 888 2261 Κωνσταντίνου

103 2288 150 2314 τοῦ
171 2284 378 2320 θεοφιλεστάτου
402 2284 448 2310 καὶ
470 2283 513 2310 ἀεὶ
531 2280 712 2317 μακαριστοῦ,
731 2279 762 2306 τὸ
778 2278 889 2310 συνάξαι

103 2332 296 2368 οἰκουμενικὴν
321 2330 439 2361 σύνοδον,
464 2329 511 2355 καὶ
524 2327 654 2354 ἐκθέσθαι
677 2326 726 2362 τὴν
739 2326 768 2352 ὲν
787 2324 889 2360 Νικαίςι

104 2377 262 2405 ὲκτεθεῖσαν
283 2376 385 2408 πίστιν,
401 2375 449 2402 καὶ
465 2374 675 2409 ὁμολογηθεῖσαν
697 2371 756 2407 μεθ’
770 2371 890 2406 ὑπογρα-

104 2423 158 2457 φῆς
178 2422 232 2448 τῶν
253 2421 431 2448 συνελθόντων
449 2420 615 2451 ἐπισκόπων,
628 2416 822 2453 καθαιρεθῆναι
839 2415 889 2451 μὲν

937 1821 1077 1856 inquiunt,
1089 1815 1259 1847 Constantini
1271 1817 1466 1848 celebraretur,
1483 1815 1624 1843 Paschalis
1638 1815 1722 1841 ratio-

938 1875 999 1895 nem
1025 1865 1200 1893 immutastis.
1225 1863 1323 1891 Verum
1344 1863 1368 1890 si
1391 1862 1485 1890 eadem
1509 1860 1658 1896 quotannis
1677 1859 1722 1886 die

937 1913 1042 1940 Pascha
1055 1914 1305 1947 reprmsentaretur,
1320 1910 1346 1937 in
1358 1916 1445 1944 eaque
1456 1906 1648 1935 celebrandum
1660 1913 1722 1933 esse

937 1959 1081 1988 statuisset
1101 1959 1145 1985 illa
1161 1957 1282 1993 synodus
1297 1964 1312 1983 a
1326 1954 1506 1983 Constantino
1520 1954 1643 1985 collecta,
1659 1960 1722 1987 pro-

934 2004 1035 2032 babilis
1054 2004 1170 2031 istorum
1187 2005 1260 2030 esset
1276 2002 1373 2029 oratio.
1392 1999 1472 2026 Nunc
1488 2006 1550 2026 cum
1567 1998 1647 2025 annis
1658 1997 1724 2025 siu—

937 2051 1008 2085 gulis
1028 2056 1082 2076 non
1109 2047 1205 2076 eadem
1222 2052 1375 2082 temporum
1399 2045 1485 2073 series
1503 2044 1661 2079 putatioque
1680 2049 1723 2070 re-

938 2094 1080 2130 spondeat,
1103 2093 1193 2120 inanis
1205 2096 1247 2120 est
1261 2092 1314 2119 ista
1329 2091 1408 2118 ratio.
1425 2089 1482 2117 Non
1500 2088 1572 2116 enim
1591 2087 1627 2114 oh
1644 2090 1723 2112 nata-

937 2141 990 2168 lem
1009 2147 1100 2171 suum,
1117 2138 1165 2167 sed
1182 2138 1215 2164 ad
1237 2137 1385 2164 Ecclesiam
1404 2133 1613 2165 conciliandam,
1631 2131 1656 2159 ci
1682 2131 1722 2159 rei

938 2186 1058 2214 studium
1076 2185 1224 2219 imperator
1247 2182 1381 2209 adhibuit.
1410 2181 1481 2208 Sane
1495 2178 1562 2206 illud
1582 2176 1721 2204 fatendum

938 2230 1018 2258 nobis
1037 2233 1090 2260 est,
1116 2228 1170 2255 duo
1190 2227 1313 2262 quaedam
1335 2225 1452 2252 maxima
1474 2231 1521 2258 per
1545 2219 1721 2255 religiosissi-

938 2283 1024 2307 mum,
1042 2283 1074 2302 ac
1086 2273 1251 2301 beatissime
1265 2271 1401 2299 memoria:
1414 2268 1624 2297 Constantinum
1639 2273 1653 2292 a
1667 2265 1721 2292 Deo

938 2329 999 2350 esse
1017 2320 1280 2355 praestituquorunt
1296 2317 1412 2352 primunt
1432 2314 1493 2346 fuit,
1511 2318 1541 2340 ut
1553 2311 1722 2340 oecumeuica

939 2367 1060 2403 synodus
1085 2365 1275 2400 colligeretur,
1298 2369 1329 2389 ac
1351 2361 1412 2389 fidei
1432 2367 1537 2388 summa
1557 2358 1653 2385 Nicaea:
1674 2365 1722 2384 er-

939 2413 1039 2449 plicata
1055 2413 1263 2446 proponeretur,
1280 2412 1307 2436 et
1319 2408 1508 2442 episcoporum
1528 2404 1575 2440 qui
1590 2410 1723 2431 convene-

106 2450 224 2503 έιίρειον,
232 2467 262 2494 te
268 2467 296 2494 δὲ
303 2466 421 2502 καθαρὸν
430 2466 485 2501 τῆς
492 2450 611 2496 πίστεως
622 2450 792 2499 κηρυχθῆναι
807 2462 883 2488 πᾶσι·

939 2463 1002 2487 rant
1027 2456 1232 2492 subscriptione
1259 2455 1469 2483 continuaretur
1486 2462 1492 2480 :
1509 2451 1576 2479 adeo
1602 2454 1631 2478 ut
1657 2450 1723 2476 Ario

86 2606 88 2608 _
139 2569 147 2584 ‘
165 2568 231 2604 Leg.
245 2567 462 2596 Κωνσταντίνου,
499 2566 510 2581 ¹
525 2565 588 2593 Cor.
601 2562 825 2592 καταλελοίπατε.
862 2561 872 2577 ³

935 2568 947 2590 '.
963 2559 1016 2587 ὑπδ
1027 2560 1088 2596 τῆς.

138 2669 177 2703 (ι)
192 2668 363 2700 Φάσκοντες
385 2665 457 2703 ἀπὸλ
471 2665 688 2703 Κωνᾳταντίορ.
719 2663 776 2690 lmo
804 2663 883 2703 Ktov-
936 2656 1410 2703 aﬁvgoslfjviopﬂvufaﬁé-Epedali:

103 2697 253 2732 παντίνου.
284 2697 428 2730 lactabant
452 2700 570 2728 haeretici
598 2707 630 2727 ac
652 2697 883 2733 Τεσσαρεσκαιδε-

102 2741 222 2770 κατϊται,
240 2738 363 2765 Nicaeuos
381 2736 486 2767 Patres,
505 2737 531 2762 in
559 2734 734 2762 Constantini
753 2733 881 2770 gratiam,

105 2767 253 2809 legitimam
275 2771 632 2809 Paschalis_c__e_leb_ritatem
654 2776 725 2809 nova
742 2767 885 2809 sanctione

131 2801 288 2836 frturbasse.
305 2808 380 2841 Quos
395 2806 492 2834 refellit
509 2805 637 2841 Socrates
654 2804 701 2841 lib,
715 2810 740 2835 ν,
754 2809 816 2836 cap.

145 2844 214 2879 ὶούχ
224 2843 261 2875 ὥς
275 2837 345 2875 τινες
362 2840 576 2877 ὲπεθρύλλησαν,
588 2840 605 2875 ἡ
620 2840 666 2866 ἐπὶ
681 2837 886 2866 Κωνσταντίνου

971 2694 1009 2729 (5)
1028 2687 1089 2719 ’⁵0τὶ
1103 2687 1153 2729 ὄτέ
1164 2687 1361 2729 τᾶᾼγενέθλὶαξ
1374 2691 1415 2729 _Ar_t
1425 2688 1578 2729 nativitatis
1585 2687 1675 2729 ciem,

936 2719 1179 2764 im‘périihnatalem
1203 2719 1346 2764 intelligat,
1365 2725 1484 2764 dubitari
1504 2726 1605 2758 potest.
1622 2719 1720 2764 Inft‘itlit

937 2754 1016 2792 'e'iiin'i
1026 2754 1164 2790 Nicacnum
1179 2754 1325 2788 conciliuvm
1338 2754 1368 2788 in
1377 2768 1439 2787 enm
1455 2754 1566 2788 ann—um.
1581 2763 1636 2791 quo
1647 2754 1719 2792 Gon-

939 2790 1078 2827 stanlinus
1095 2795 1254 2823 Vicenualia
1278 2795 1436 2825 celebravit,
1462 2790 1719 2827 adeoque’natalcm

941 2825 1048 2870 imporii
1057 2831 1130 2860 diem
1140 2832 1317 2867 exquisitiore
1330 2837 1428 2866 pompa
1441 2834 1468 2857 et
1478 2825 1609 2863 apparatu
1623 2825 1720 2853 colu.t.
