1929 3039
203 145 259 174 363

903 145 932 173 S.
957 144 1127 172 EPlPllANll

1777 148 1829 176 5οί

203 204 279 231 illius
299 202 432 237 dogmatis
455 202 555 230 veritas
578 202 715 233 consistit.
736 206 764 230 et
785 210 817 229 ex
841 202 990 237 apostolica

1044 201 1190 233 διατάξεως
1210 201 1264 227 τῶν
1277 201 1444 233 ἀποστόλων,
1460 202 1500 228 δτι
1514 202 1548 228 δι’
1564 203 1700 238 ὁμόνοιαν,
1716 203 1755 235 ὡς
1770 213 1828 230 συν-

204 249 252 275 illa
266 248 463 275 constitutione
487 248 580 283 liqttet,
596 249 749 275 concordim
762 248 849 283 gratia
869 249 910 274 sic
926 255 989 275 esse

204 296 362 326 decretum,
392 298 422 320 ut
440 293 474 321 ad
502 295 708 321 consensionem
730 294 939 323 stabiliendam.
961 292 989 320 id

205 340 278 375 quod
295 348 380 367 nexus
395 340 451 375 ipse
466 340 599 367 orationis
611 340 738 371 ostendit.
761 341 784 368 si
800 341 901 368 Pascha
916 340 989 368 cele-

207 388 334 416 bremus,
360 385 482 419 adeoque
506 389 533 411 et
566 385 603 411 illi
635 385 790 416 celebrent,
816 388 878 420 post
903 385 990 419 tequi-

206 431 326 458 noct'zum
339 430 421 465 824,
434 430 459 458 id
476 430 589 457 omnino
603 430 746 461 iaciamus.
761 430 989 466 quemadmodum

198 483 325 510 persaepe
340 475 483 502 nobiscttm
497 475 637 503 celebrare
657 476 695 502 illi
718 477 817 503 solent.
832 477 900 503 Cum
918 476 989 503 inte-

206 522 255 548 rim
270 525 297 548 et
313 526 375 548 ante
392 521 585 556 aequinoctium
598 521 753 548 confectum
770 522 796 549 id
809 522 844 549 ab
860 522 913 549 illis
926 530 989 556 per-

205 571 312 602 agatur.
340 575 403 594 cum
423 566 549 595 videlicet
570 567 621 595 soli
643 567 748 595 Pascha
771 575 850 595 suum
877 567 988 595 obeunt.

202 613 306 646 Quodsi
337 620 388 640 nos
412 620 469 639 una
492 612 678 645 celebremus,
697 613 723 640 in
743 613 868 640 eumdem
889 620 990 640 annum

204 661 259 687 duo
273 660 405 687 Paschata
420 659 498 687 nobis
514 659 664 690 incurrent,
676 662 739 686 ante
751 658 875 685 videlicet
887 663 913 685 et
928 662 990 694 post

196 705 408 741 atquinoctium.
424 704 493 732 Tum
507 712 577 731 anno
595 709 723 739 sequente
739 711 771 731 ne
785 711 867 730 unum
879 704 989 738 quidem

206 752 390 778 celebrabitur
412 759 419 778 :
438 757 525 785 eoque
549 749 631 777 modo
661 750 814 777 institutum
835 756 915 776 omne
939 757 989 776 no-

204 802 292 824 strum
315 803 422 824 summo
444 803 505 823 cum
526 803 619 823 errore
646 794 821 829 conjunctum
842 802 857 821 a
878 795 990 822 veritate

1042 250 1124 284 ἦκται
1161 248 1207 275 τοῦ
1237 248 1316 282 λόγου
1349 250 1363 275 ὁ
1399 249 1561 285 σύνδεσμος.
1592 250 1640 276 ἑὰν
1672 251 1829 278 ἐπιτελέσω-

1042 302 1102 329 μεν,
1119 294 1135 329 ἢ
1153 295 1201 320 καὶ
1217 293 1373 327 ἐπιτελῶσι,
1393 295 1461 329 μετὰ
1487 295 1647 330 ἰσημερίανο
1671 295 1761 328 καθὼς
1783 297 1830 322 κά-

1041 341 1125 366 κεῖνοι
1140 339 1236 374 ἄγουσι
1251 339 1381 372 πολλάκις
1397 349 1437 372 τε,
1454 341 1500 366 καὶ
1522 341 1611 375 ἡμεῖς.
1630 341 1715 367 Πάλιν
1730 341 1758 367 δὲ
1779 341 1829 376 πρὸ

1041 384 1088 411 τοῦ
1112 384 1268 420 τελεσθῆναι
1285 385 1334 421 τὴν
1359 385 1513 420 ἰσημερίαν,
1529 386 1566 417 ὡς
1585 387 1685 413 ἐκεῖνοι
1707 387 1827 420 ἄγουσιν,

1041 430 1086 456 ὅτε
1107 430 1182 466 μόνοι
1202 430 1325 464 ἄγουσιν.
1344 430 1406 456 Ἐὰν
1431 428 1477 457 οὖν
1500 431 1546 457 καὶ
1563 432 1644 466 ἡμεῖς
1668 431 1828 458 ἐπιτελέσω-

1043 484 1104 511 μεν,
1128 476 1301 511 συμϐέϐηκεν
1324 476 1390 511 ἡμῖν
1412 477 1441 502 ὲν
1467 477 1506 502 ἐνὶ
1529 476 1643 511 ἐνιαυτῷ
1668 476 1715 502 δύο
1736 476 1829 510 Πάσχα

1041 522 1205 553 ἐπιτελέσαι,
1227 523 1296 558 μετὰ
1314 523 1459 557 ἰσημερίαν
1475 523 1521 549 καὶ
1544 522 1597 558 πρὸ
1615 522 1758 557 ἰσημερίας
1769 530 1775 536 ·
1793 522 1829 555 ’ιῷ

1041 567 1070 594 δὲ
1086 568 1158 603 ἄλλῳ
1172 567 1236 603 ἑξῆς
1255 568 1371 604 ἐνιαυτῷ
1386 569 1446 595 οὐδὲ
1469 567 1536 599 ὅλως
1557 567 1756 601 ἐπιτελέσωμεν
1776 567 1829 592 Πά-

1041 622 1102 648 σχα.
1125 614 1181 640 Καὶ
1201 614 1378 650 εὑρεθήσεται
1402 614 1434 641 τὺ
1453 615 1507 641 πᾶν
1529 613 1633 648 πλάνης
1656 611 1725 638 εἴναι
1751 611 1829 646 ἔργον

1041 659 1114 694 ἥπερ
1129 659 1251 695 ἀλήθεια.
1268 660 1324 695 Πρὸ
1338 660 1392 695 γὰρ
1412 658 1556 694 ἰσημερίας
1570 659 1600 684 οὐ
1620 657 1828 692 πληρωθήσεται

1040 704 1070 730 τὸ
1085 704 1159 734 ἔτος·
1180 703 1241 731 οὕτε
1255 704 1405 740 πληροῦται
1418 703 1466 730 τοῦ
1482 703 1583 730 κύκλου
1601 702 1648 728 τοῦ
1670 701 1782 736 δρόμου,
1797 701 1828 726 ἐκ

1041 750 1108 777 Θεοῦ
1125 751 1181 781 τοῖς
1194 749 1347 785 ἀνθρώποις
1362 749 1540 784 τεταγμένου,
1553 749 1567 774 ὁ
1581 747 1714 778 ἐνιαυτὸς,
1728 746 1776 773 ἐὰν
1791 745 1828 781 μὴ

1043 796 1165 832 παρέλθῃ
1182 796 1322 832 ἰσημερία.

202 841 315 877 penitus
331 840 498 868 abhorrebit.
517 840 623 867 Etenim
649 844 711 867 ante
731 839 923 874 atquinoetium
945 839 1065 868 nondum
1097 849 1186 869 annus
1209 842 1337 876 impletus
1360 845 1417 874 est;
1439 848 1527 876 neque
1556 839 1706 875 legitimum
1719 839 1819 865 .circn-

211 888 305 915 itionis
329 887 401 914 illius
428 891 548 921 tempus,
567 886 640 921 quod
663 893 678 913 a
694 886 746 913 Deo
766 885 922 913 hominibus
943 887 1121 920 pratstitutum
1137 892 1189 918 est,
1208 887 1363 914 confectum
1386 891 1508 922 putatur,
1549 886 1601 913 nisi
1630 885 1826 920 aequinoctium

205 932 378 968 praeterierit.

241 979 297 1007 XLI.
318 979 376 1012 Qua
392 978 425 1006 de
443 985 474 1005 re
487 977 564 1013 plura
584 984 599 1004 a
614 977 693 1004 nobis
706 976 914 1004 commemorari
928 983 989 1011 pos-
1006 981 1026 1008 Β

204 1030 276 1056 sent,
292 1033 324 1053 ex
342 1024 442 1059 quibus
456 1027 592 1050 constaret
610 1022 728 1057 majores
747 1026 857 1050 nostros
873 1022 992 1049 saluber-

205 1072 274 1098 rimo
291 1070 416 1102 consilio,
431 1069 487 1097 sive
501 1069 592 1103 potius
608 1068 691 1096 Deum
708 1075 756 1103 per
771 1067 831 1094 illos
842 1067 991 1103 religiosis-

203 1117 266 1143 sinti
282 1117 354 1143 illius
370 1122 402 1142 ac
420 1114 587 1142 sanctissimi
601 1114 653 1141 diei
667 1113 823 1140 celebrandi
842 1112 991 1140 accuratis-

203 1165 300 1189 sima'n
316 1161 462 1188 tradidisse
483 1160 630 1191 rationem,
646 1163 675 1186 ttt
690 1159 818 1186 nimirum
837 1162 897 1193 post
910 1158 991 1193 tequi-

205 1208 325 1235 noctium
342 1207 467 1236 iniretur,
486 1205 594 1240 quoties
611 1205 682 1232 luna:
696 1204 802 1232 decima
815 1208 913 1239 quarta
931 1203 990 1232 dies

204 1252 348 1283 inrideret,
375 1259 429 1278 non
450 1254 481 1277 ut
496 1251 554 1285 ipsa
576 1250 682 1277 decima
708 1254 806 1285 quarta
827 1255 988 1285 peragatur;

205 1305 267 1324 natu
282 1297 367 1324 .luda-i
387 1296 496 1331 quidem
514 1296 621 1322 unicam
641 1295 712 1322 diem
733 1296 890 1328 observant,
906 1303 920 1322 a
941 1303 991 1322 no-

207 1342 248 1369 bis
265 1348 329 1368 rero
353 1349 406 1368 non
423 1341 515 1372 unius,
540 1340 587 1367 sed
609 1340 720 1375 integrae
740 1340 917 1368 hebdomadis
941 1341 989 1368 ha-

206 1387 293 1415 benda
315 1387 385 1414 ratio
405 1390 456 1413 est.
473 1386 513 1413 0b
531 1386 557 1413 id
574 1387 614 1412 lex
636 1386 694 1421 ipsa
713 1386 787 1414 velut
810 1391 916 1421 tempus
938 1387 990 1414 dif-

206 1433 333 1464 fundens,
350 1431 504 1467 Accipietis.
516 1432 614 1466 inquit,
628 1431 699 1458 vobis
711 1439 806 1466 agnum
827 1432 990 1464 anniculam,

206 1478 416 1510 inmmculatum,
431 1477 582 1512 perfectum,
595 1485 611 1503 a
623 1476 723 1503 decima
734 1477 777 1504 die
789 1479 884 1505 mensis
895 1486 903 1509 ,'
915 1486 990 1513 quem

205 1531 249 1550 vos
262 1521 398 1549 servabitis
414 1530 494 1555 usque
509 1521 542 1547 ad
560 1521 685 1548 decimam
699 1526 832 1555 quartam.
848 1522 882 1548 Et
897 1523 991 1549 immo-

207 1567 294 1594 labitis
318 1566 393 1592 illum
409 1566 442 1592 ad
465 1573 596 1600 vesperam
625 1566 726 1592 decima
745 1571 840 1600 quarta
863 1567 905 1594 die
921 1576 992 1594 men-

206 1614 243 1640 sis
254 1613 273 1644 ι,
287 1612 338 1639 hoc
353 1617 393 1639 est
407 1612 487 1638 lunai.
504 1611 622 1639 Proinde
637 1611 664 1638 id
681 1611 807 1639 Ecclesiae
823 1613 990 1640 consuetudo

1077 975 1124 1002 IB'.
1146 975 1201 1001 Καὶ
1215 972 1249 1010 ἦν
1271 974 1321 1009 μὲν
1340 974 1404 1010 περὶ
1433 973 1528 1001 τούτου
1559 973 1644 1000 πολλὰ
1673 973 1775 1007 λέγειν,
1791 975 1828 1007 ὡς

1041 1020 1129 1051 καλῶς
1150 1021 1311 1055 ποιήσαντες
1333 1020 1357 1046 οἱ
1380 1019 1506 1054 πατέρες,
1527 1019 1670 1054 μᾶλλονδὲ
1693 1020 1726 1046 δι’
1738 1021 1829 1047 αὐτῶν

1040 1066 1054 1092 6
1071 1065 1136 1096 Θεὸς
1155 1065 1319 1101 κατώρθωσε
1333 1066 1366 1100 τῇ
1385 1065 1532 1101 Ἐκκλησία
1548 1065 1579 1092 τὸ
1594 1067 1649 1093 πᾶν
1667 1067 1830 1103 ἀκρίὸασμι

1040 1110 1089 1146 τῆς
1111 1110 1238 1146 ἀληθείας
1260 1110 1310 1145 τῆς
1334 1111 1526 1145 πανσεεάσμου
1548 1111 1649 1146 ταύτης
1665 1112 1764 1148 ἑορτῆς
1785 1114 1830 1140 καὶ

1041 1156 1193 1190 παναγίας,
1217 1156 1286 1191 μετὰ
1308 1156 1453 1192 ἰσημερίαν
1472 1156 1521 1191 μὲν
1544 1157 1689 1190 ποιεῖσθαι,
1705 1159 1750 1185 ὅτε
1768 1159 1830 1185 ὑπνρ

1041 1202 1135 1228 πίπτει
1164 1202 1180 1236 ἠ
1203 1201 1252 1236 τῆς
1275 1202 1572 1237 τεσσαρεσκαιδεκάτης
1598 1203 1667 1230 κατὰ
1697 1203 1749 1238 τῆς
1783 1213 1829 1231 tis-

1039 1246 1123 1281 λὴνης
1141 1246 1249 1282 ἡμέρας
1270 1245 1374 1280 ψῆφοςο
1395 1247 1445 1282 οὐχ
1465 1247 1508 1274 ἵνα
1531 1248 1560 1274 ἐν
1580 1249 1649 1284 αὐτῇ
1673 1249 1706 1284 τῇ
1728 1258 1829 1277 τεσσα-

1043 1291 1240 1328 ρεσκαιδεκάτῃ
1263 1291 1472 1328 ἐπιτελέσωμεν.
1493 1293 1551 1319 Μία
1573 1293 1627 1329 γὰρ
1645 1294 1738 1329 ἡμέρα
1762 1294 1828 1331 παρ’

1040 1337 1153 1369 ἐκείνοις
1176 1337 1314 1373 ζητεῖται”
1335 1338 1400 1373 παρ’
1414 1339 1479 1374 ἡμῖν
1498 1339 1527 1365 δὲ
1541 1339 1571 1366 οὐ
1596 1339 1646 1374 μία
1666 1340 1740 1375 (19),
1761 1341 1830 1368 ἀλλὰ

1040 1383 1070 1416 ἒξ
1092 1382 1208 1418 ἑϐδομὰς
1233 1383 1417 1419 πληρεστάτη.
1436 1383 1482 1410 Διὺ
1498 1384 1545 1410 καὶ
1565 1384 1645 1416 αὐτὸς
1666 1384 1740 1419 λέγει
1768 1386 1828 1413 ὲπι-

1041 1430 1180 1456 πλατύνων
1199 1430 1240 1462 τὺ,
1258 1430 1400 1464 And-svos
1424 1430 1541 1464 ἑαυτοῖς
1560 1432 1708 1465 πρόϐατον
1728 1432 1830 1460 ἐνιαύ-

1041 1483 1119 1508 σιον,
1138 1475 1268 1510 ἄμωμον,
1280 1475 1407 1508 τέλειον,
1423 1475 1482 1503 ἀπὸ
1502 1476 1630 1503 δεκάτου
1642 1476 1696 1503 τοῦ
1715 1478 1826 1511 μηνός·

1040 1520 1088 1546 καὶ
1100 1520 1183 1547 ἔσται
1195 1521 1264 1555 ὑμῖν
1273 1520 1522 1556 διατετηρημένον
1530 1522 1597 1556 ἄχρι
1607 1522 1660 1556 τῆς
1666 1529 1829 1558 τεσσαρεσ-

1041 1565 1225 1599 καιδεκάτης.
1250 1566 1305 1592 Kal
1337 1567 1467 1595 θύσεσθε
1495 1566 1569 1593 αὐτὸ
1594 1568 1670 1600 πρὸς
1693 1567 1830 1602 ἑσπέραν

1041 1609 1078 1644 τῇ
1093 1611 1402 1645 τεσσαρεσκαιδεκάτῃ
1429 1611 1523 1646 ἡμέρᾳ
1549 1612 1602 1639 τοῦ
1622 1612 1730 1647 μηνὸς,
1750 1621 1830 1640 τουτ-

205 1657 315 1689 t'etinet,
330 1661 355 1684 ut
373 1656 516 1685 Paschalis
532 1657 642 1690 festum,
658 1657 710 1684 hoc
730 1661 772 1685 est
793 1658 987 1686 hebdomadem

1041 1656 1098 1683 ἐστι
1112 1656 1160 1691 τῆς
1174 1656 1288 1692 σελήνης
1302 1657 1368 1693 (ευ).
1383 1658 1584 1693 Παρατηρεῖται
1598 1658 1625 1684 δὲ
1640 1659 1657 1694 ἡ
1679 1658 1828 1694 Ἐκκλησία

205 1706 240 1731 ab
260 1703 391 1739 apostolis
410 1703 437 1730 in
461 1703 507 1730 illa
530 1703 725 1731 constitutione
740 1704 887 1738 praefixam,
909 1711 925 1731 a
951 1712 991 1732 se-

205 1750 296 1777 cunda
322 1749 504 1776 Sabbatorum
530 1749 670 1776 celebrare
692 1749 821 1784 incipiat;
846 1757 906 1784 qua:
932 1749 990 1778 dies

206 1796 268 1827 agni
298 1799 340 1822 est
367 1795 496 1829 emptioni
514 1795 597 1822 dicta.
625 1793 702 1827 Quod
727 1795 749 1822 si
766 1803 811 1821 xtv
836 1795 906 1822 luna:
932 1795 991 1822 dies

207 1839 234 1864 in
251 1846 267 1864 tt
283 1837 465 1864 Sahbatorutn
488 1836 600 1867 incidat,
624 1836 742 1864 indidem
757 1836 816 1871 agni
833 1836 990 1863 immolandi

207 1889 314 1917 tempus
331 1882 441 1916 incipit;
458 1881 515 1909 sive
532 1882 559 1908 in
579 1889 608 1908 ut
625 1882 817 1913 Sabbatorum.
836 1883 893 1910 sive
909 1882 936 1909 in
952 1890 987 1915 iv,

207 1914 264 1955 είῆ
285 1927 312 1953 in
330 1936 355 1959 v,
377 1927 434 1954 sive
458 1927 484 1953 in
512 1926 689 1959 Parasceven,
708 1927 765 1954 sive
789 1927 815 1954 in
841 1927 988 1955 Sabbatum

207 1974 308 2008 ipsum,
330 1971 549 2006 quandoqttidem
571 1979 597 1998 v1
619 1972 732 1999 omnitto
752 1972 810 2000 dies
833 1972 858 2000 ei
882 1973 990 2009 negotio

245 2050 251 2065 ¹
268 2049 353 2076 Exod.
367 2057 414 2080 xtt.
431 2049 456 2076 5.
513 2049 523 2064 ¹
535 2048 683 2076 tiornarius
694 2048 760 2083 legit
776 2049 815 2080 εἰς
833 2048 923 2084 μέσον.

242 2107 299 2140 (19)
322 2105 390 2140 Πιιρ¹
402 2105 474 2140 ἡμῖν
485 2104 519 2131 δὲ
531 2104 567 2131 οὐ
576 2105 640 2139 μία.
660 2105 712 2131 Sex
724 2105 783 2132 dics
798 2106 992 2134 lu-hdmnatlem

213 2142 329 2173 fat-inut,
353 2144 538 2177 annunterata
565 2140 708 2168 Paschalis
737 2141 909 2174 Celebritate,
933 2149 994 2177 qua:

208 2176 403 2204 hebdomadam
417 2175 556 2202 tertninat.

243 2212 299 2245 (~20)
323 2210 459 2237 τουτέστι
487 2209 540 2244 τῆς
562 2209 708 2242 σελήνης.
730 2209 792 2236 ΙΙειιο
820 2213 862 2236 est
889 2211 990 2245 glossa,
1009 2205 1030 2233 D

208 2254 289 2280 quatit
305 2253 336 2272 ex
354 2245 490 2272 communi
519 2246 654 2280 sententia
677 2245 710 2272 ad
736 2245 884 2279 Scriptura:
901 2248 989 2273 locutu

209 2279 340 2307 :idtexttit.
355 2280 448 2315 Neque
464 2280 535 2307 enitn
555 2279 626 2306 luna:
638 2279 783 2316 Scriptura
799 2281 850 2307 hoc
868 2281 894 2307 in
911 2289 990 2316 uego-

211 2316 251 2341 tio
264 2316 395 2346 meminit,
423 2315 470 2342 sed
491 2322 611 2342 mensem
628 2315 761 2341 duntaxat
780 2316 911 2343 nominat.
933 2315 988 2344 Nos

208 2349 412 2393 tleldttilzeor‘ttpt
426 2357 499 2393 anno
510 2357 592 2393 supra
607 2349 798 2393 disseruimus;

244 2385 300 2419 ('21)
318 2384 438 2420 Καὶ-ἐὰν
449 2384 507 2420 μὲν
532 2384 571 2420 ἦν
587 2384 907 2420 τεσσαρεσκαιδεκάτη.
929 2385 989 2412 Non

209 2420 290 2446 unius
303 2419 354 2446 diei
376 2418 531 2447 Paschalis.
545 2418 594 2446 sed
611 2420 694 2445 totius
717 2419 893 2446 hebdomadis
905 2421 989 2447 ratio-

303 2437 354 2446 ...υ
376 2437 386 2443 .
398 2437 518 2446 ..ουν-...ο
548 2437 594 2446 ,πμ
611 2437 694 2445 wn...
717 2437 893 2446 ..υυυυηη-...ο
906 2437 988 2447 μημι-

210 2462 269 2480 nent
279 2455 358 2480 habet
370 2452 501 2484 Ecclesia,
513 2437 592 2487 [fuam
603 2452 787 2488 Xeropltagite,
798 2459 843 2480 attt
851 2454 988 2487 Sanctam,

209 2494 256 2514 aut
274 2488 376 2524 Pascha
392 2488 473 2513 etiam
495 2488 676 2524 appellarunt,
700 2493 729 2515 ut
747 2489 779 2515 ad
811 2489 889 2516 linem
909 2490 989 2524 hujus

209 2523 300 2557 operis
316 2522 485 2548 adnotantus.
503 2523 531 2549 Si
547 2523 627 2556 igitur
645 2531 688 2549 xtv
705 2523 767 2550 luna
784 2525 810 2550 ili
833 2524 927 2551 feriam
945 2522 990 2552 sc-

209 2558 326 2584 cundani
344 2557 480 2588 incidet-it,
502 2561 548 2584 aut
563 2558 589 2584 in
606 2558 726 2592 reliquos
743 2558 917 2585 hebdomada:
930 2559 989 2587 dies

209 2593 243 2619 ad
264 2592 411 2619 Sabbuttnn
424 2599 524 2627 usque,
544 2591 690 2619 hebdomas
715 2592 891 2627 Xerophagiae
918 2594 989 2621 cele-

210 2628 315 2658 bratur,
339 2631 366 2654 et
382 2634 397 2653 a
421 2626 486 2652 feria
510 2627 630 2653 secunda
652 2627 711 2660 ejus
735 2626 855 2654 initium’
869 2628 987 2656 ducitur.

209 2661 306 2689 Totam
332 2661 402 2688 hanc
419 2661 611 2688 Itebtlotnadetn
628 2661 701 2697 θῦμα
722 2662 869 2697 προϐάτου.
886 2669 988 2690 πιαειιιο

211 2699 305 2723 tionem
316 2697 376 2731 agni
387 2700 536 2730 nuncupat,
556 2697 620 2731 quia
636 2697 662 2723 in
681 2702 812 2731 apparatu
823 2698 990 2726 celebritatis

211 2737 238 2767 et
255 2732 447 2767 immolationis
461 2732 520 2758 dies
536 2732 639 2766 aliquot
656 2739 670 2758 a
691 2731 792 2759 Jud.eis
809 2733 872 2759 olim
894 2734 988 2767 positi.

212 2765 278 2792 Nam
295 2767 375 2800 μέσον
389 2766 493 2800 ἄγεται,
510 2771 540 2792 ut
555 2774 636 2800 supra
654 2767 807 2797 docuimus,
832 2765 901 2793 nihil
915 2769 988 2795 aliud

211 2805 339 2836 estquam
351 2802 506 2831 celebratur.
518 2802 662 2835 peragitur.
676 2801 721 2828 Sit:
738 2802 802 2828 illud
814 2801 892 2828 Joan.
903 2811 951 2835 vn,
960 2804 987 2836 7,

214 2834 283 2870 Ἲιδη
300 2835 326 2861 δὲ
339 2835 387 2870 τῆς
407 2836 502 2871 ἑορτῆς
529 2837 673 2871 μεσούσης,
693 2837 777 2871 ιιι-εἰμί
793 2841 890 2871 potest.
904 2834 989 2866 Gtcth

1038 1702 1114 1736 ἄγειν
1136 1702 1185 1737 τὴν
1209 1702 1305 1738 ἑορτὴν
1330 1702 1376 1729 τοῦ
1402 1703 1511 1738 Πάσχα,
1538 1703 1660 1730 τουτέστι
1677 1704 1727 1739 τὴν
1749 1705 1827 1732 €680-

1041 1748 1110 1783 μάδα
1126 1748 1175 1783 τὴν
1190 1747 1348 1784 ὡρισμένην
1371 1749 1418 1776 καὶ
1437 1750 1484 1775 ἀπ’
1496 1749 1586 1776 αὐτῶν
1600 1750 1655 1776 τῶν
1668 1750 1828 1777 ἀποστόλων

1038 1795 1067 1820 ἐν
1083 1794 1116 1829 τῇ
1132 1794 1261 1827 διατάξει,
1276 1794 1330 1820 ἀπὺ
1350 1794 1477 1830 δευτέρας
1493 1794 1635 1821 σαϐϐάτων
1645 1802 1652 1808 ·
1667 1794 1736 1830 ὅπερ
1753 1795 1828 1821 ἐστὶν

1039 1839 1194 1874 ἅγορασμδς
1220 1839 1267 1866 τοῦ
1289 1839 1434 1876 προϐάτου.
1451 1840 1506 1867 Καὶ
1529 1840 1576 1867 ὲὰν
1600 1840 1650 1876 μὲν
1672 1837 1707 1876 ἦν
1728 1849 1827 1868 τεσσα-

1040 1884 1235 1920 ρεσκαιδεκάτη
1250 1885 1305 1919 (21)
1319 1886 1368 1920 τῆς
1383 1886 1496 1921 σελήνης
1512 1887 1545 1921 τῇ
1561 1885 1675 1922 δευτέρᾳ
1694 1886 1752 1912 τῶν
1766 1885 1827 1912 σαϐ-

1037 1929 1138 1962 ϐάτων,
1155 1930 1236 1965 μέσον
1250 1932 1260 1946 ²
1277 1931 1374 1964 ἄγεται
1388 1930 1419 1957 τὸ
1441 1930 1514 1966 θῦμα
1530 1930 1576 1957 τοῦ
1602 1930 1758 1966 προὸάτηυ·
1781 1930 1827 1958 ὲάν

1038 1982 1068 2000 τε
1079 1973 1157 2010 τρίτῃ
1171 1974 1325 2002 σαϐϐάτων.
1337 1974 1384 2002 ὲὰν
1398 1975 1427 2002 δὲ
1441 1974 1556 2011 τετάρτῃ
1567 1974 1719 2008 σαὸὗᾶτων,
1736 1975 1786 2003 ἐάν
1796 1982 1827 2002 τι

1047 2116 1107 2135 rutn
1138 2108 1293 2140 Dominicm,
1323 2110 1381 2137 sive
1405 2109 1480 2136 feria:
1496 2108 1590 2144 primae
1612 2109 1665 2136 hoc
1688 2109 1751 2137 loco
1773 2117 1827 2138 non

1047 2144 1180 2176 meminit,
1201 2145 1272 2178 quod
1287 2144 1320 2171 ab
1329 2151 1360 2171 ea
1381 2143 1519 2179 nunquam
1534 2143 1710 2179 Xerophagia:
1726 2144 1827 2172 hebdo-

1047 2185 1106 2214 nias
1130 2179 1198 2214 inire
1215 2179 1310 2213 possit,
1326 2187 1387 2206 cum
1407 2179 1543 2206 Dominica
1561 2179 1604 2206 die
1626 2179 1752 2214 jejunare
1772 2188 1824 2207 non

1047 2212 1133 2240 liceat.
1150 2213 1181 2239 Et
1201 2212 1289 2240 tamen
1312 2214 1333 2240 si
1349 2214 1376 2240 in
1391 2221 1450 2240 eam
1471 2221 1514 2240 stv
1531 2214 1601 2241 luna:
1617 2212 1676 2242 dies
1687 2214 1824 2246 inciderit,

1040 2248 1171 2282 postridie
1189 2247 1387 2283 Xerophagiam
1400 2249 1577 2276 inchoabant.
1600 2249 1628 2276 In
1641 2249 1825 2277 Tessaresctw

1040 2283 1218 2324 decutitarum
1233 2284 1339 2324 haeresi,
1350 2292 1410 2318 quae
1418 2284 1701 2324 estqpittquargesima,
1711 2292 1788 2312 num.
1798 2284 1825 2316 2,

1040 2317 1074 2353 t_|e
1086 2317 1183 2344 dichtts
1208 2319 1273 2353 agit,
1292 2325 1361 2352 quos
1387 2322 1451 2345 ante
1477 2317 1603 2345 Paschati
1626 2319 1749 2346 solemne
1771 2325 1824 2346 tam

1039 2351 1137 2388 Judari,
1154 2351 1238 2388 quani
1261 2351 1409 2379 Christiani
1439 2353 1623 2381 celebrabant.
1642 2353 1826 2388 Reprehendit

1040 2387 1111 2428 enim
1126 2387 1279 2428 Altaireticos=
1299 2388 1345 2428 qui
1371 2388 1503 2428 adlunum
1520 2388 1592 2428 diem_
1605 2387 1760 2428 respectum
1777 2389 1824 2428 ha-

1040 2421 1145 2458 berent,
1160 2429 1222 2448 cum
1235 2429 1249 2448 a
1264 2421 1370 2458 decima
1387 2423 1431 2449 die
1458 2430 1556 2458 agnum
1577 2421 1658 2458 deligi
1673 2424 1825 2451 asservari-

1041 2463 1093 2489 que
1104 2457 1144 2483 lex
1154 2457 1322 2491 praeceperit.
1339 2456 1416 2484 Uude
1427 2456 1546 2491 quinque
1556 2456 1653 2485 abillis
1665 2457 1724 2485 dies
1737 2458 1827 2486 obser-

1040 2491 1097 2526 vari
1112 2491 1272 2518 debuerant.
1291 2492 1327 2519 De
1348 2491 1448 2519 ludatis
1466 2493 1538 2519 enim
1568 2499 1600 2519 ac
1618 2491 1826 2526 Judaizantibns

1040 2525 1293 2558 Quartadecimanis
1309 2527 1438 2561 loquitur.
1451 2527 1537 2554 Porro
1551 2526 1636 2554 Judaei
1647 2535 1708 2554 cum
1722 2527 1825 2554 decima

1040 2566 1136 2597 quarta
1149 2561 1193 2588 dte
1200 2561 1232 2588 ad
1245 2569 1384 2596 vesperam
1393 2561 1496 2589 Pascha
1509 2566 1677 2597 peragerent,
1687 2565 1714 2589 et
1721 2562 1825 2589 decima

1040 2595 1084 2622 die
1098 2603 1196 2630 agnum
1206 2595 1343 2631 caperent,
1356 2605 1371 2622 v
1388 2597 1490 2624 solidos
1506 2595 1564 2624 dies
1575 2595 1700 2631 religioni
1712 2597 1815 2624 Pascha

1041 2631 1077 2657 tis
1092 2630 1286 2658 attribuebant.
1302 2631 1358 2658 luto
1371 2639 1436 2658 vero
1450 2639 1512 2658 cum
1535 2630 1652 2659 exeunte
1665 2639 1712 2658 xtv
1727 2637 1826 2666 agnum

1042 2666 1223 2696 immolarent,
1249 2666 1360 2693 ineunte
1375 2674 1487 2700 vespera
1503 2674 1535 2692 xv
1551 2666 1643 2700 hujus,
1666 2667 1719 2694 hoc
1736 2670 1779 2694 est
1794 2671 1826 2692 xv

1042 2705 1145 2734 partem
1165 2701 1296 2730 libabant.
1314 2701 1437 2736 adeoque
1451 2709 1477 2728 Vl
1493 2702 1552 2728 dies
1565 2702 1759 2730 observabant.
1770 2707 1824 2736 non

1041 2743 1121 2771 unam
1138 2735 1278 2771 duntaxat.
1288 2736 1377 2768 Quare
1393 2735 1442 2763 nos
1455 2743 1487 2763 eo
1507 2736 1577 2771 loco,
1594 2735 1620 2762 id
1636 2740 1678 2762 est
1690 2744 1750 2771 pigt
1762 2735 1822 2766 hi,

1041 2778 1066 2796 ν.
1080 2770 1107 2800 2,
1123 2771 1140 2805 ἡ
1157 2770 1224 2804 αὐτὴ
1241 2771 1470 2806 πεντεκαιδεκάτη
1484 2770 1677 2804 ἐπιφώσκουςα
1692 2770 1748 2805 pro
1761 2777 1823 2796 τεσ-

1041 2813 1105 2838 cap:
1111 2805 1273 2838 σκαιδεκατη
1281 2806 1484 2832 reseribemlnnt
1493 2811 1629 2839 putatnus.
1640 2806 1726 2839 Quam
1736 2811 1825 2833 einen.

1040 2839 1177 2867 dationetn
1195 2841 1326 2867 sententia
1342 2841 1399 2875 ipsa
1415 2843 1542 2875 postulat.
