1931 3041
93 161 148 190 369

431 160 614 189 ADVERSUS
635 161 803 190 IIzISllESES
823 163 886 191 LIB.
908 163 949 191 IIl.
965 163 1044 192 TORI.
1067 164 1132 190 I.—-
1152 163 1286 191 IIA‘ZRES.
1307 162 1387 190 LXX.

1671 162 1723 190 570

98 224 141 248 στιν
155 220 227 246 ἔτεσι
245 220 298 254 μὴν
312 219 414 254 ἕτερος.
431 219 486 244 Καὶ
501 219 686 254 περιλείπεται
700 221 755 247 ἀπὸ
767 220 821 247 τῶν
837 221 886 247 ὲπ-

941 227 1040 256 rpaeta:
1065 230 1142 254 XVIII,
1159 222 1231 249 Ιιοτω
1249 229 1304 248 XXI.
1325 220 1394 248 Tum
1417 227 1465 247 νιιι
1483 227 1555 248 anno
1577 229 1602 247 ΧΙ
1629 229 1724 249 [ιιι-ειιυ

95 266 190 292 ικτῶν
214 265 315 300 ἡμέραι
337 263 376 297 ἒξ,
395 265 441 290 καὶ
459 262 530 299 ὧραι
542 268 587 300 ιη’.
610 265 831 301 ῐΙροστιοεμένων
858 267 885 293 δὲ

96 310 200 338 τούτων
214 310 254 345 τῷ
271 310 376 344 ἑϐδόμῳ
388 310 442 335 ἔτει
455 310 515 341 ταῖς
531 313 575 342 ια’,
591 311 651 342 ταῖς
669 311 723 337 ἀπὸ
738 311 785 337 τοῦ
799 311 885 344 ἔτους,

96 357 147 383 καὶ
163 356 248 391 ὥραις
262 356 346 391 τρισὶ,
362 355 481 388 γίνονται.
498 356 616 382 ὲπακταὶ
634 355 677 387 ιζ’,
689 353 758 392 ὦραι
773 360 824 383 κα¹.
842 357 886 393 Τῷ

95 402 126 428 δὲ
146 402 231 436 ὀγδόῳ
247 401 302 427 ἔτει
316 401 534 436 προστιθεμένων
550 401 630 428 πάλιν
645 402 699 430 τῶν
717 407 750 429 ια’
762 403 883 438 ἡμερῶν,

98 448 145 475 καὶ
158 448 237 482 ὡρῶν
251 450 285 481 γ’.
300 447 418 481 γίνονται
434 447 534 482 ἡμέραι
548 451 590 482 κη’
610 449 727 475 ἐπακταὶ
750 449 797 476 καὶ
813 446 883 485 ὧραι

100 493 149 524 ιιᾶ,
170 492 198 518 αἶ
216 492 337 519 ποιοῦσιν
361 492 466 528 ἡμέρας
489 492 520 527 β’.
547 493 595 519 Ἐκ
615 493 717 520 τούτων
738 494 792 520 τῶν
805 494 884 530 ὡρῶν

99 536 319 571 προστιθεμένων
343 537 404 567 ταῖς
424 536 467 571 κη’
485 536 601 572 ἡμέραις
626 537 746 571 γίνονται
766 538 834 574 ὁμοῦ
851 539 883 566 λ’.

99 582 155 608 Καὶ
172 581 314 616 συμϐαίνει
335 582 405 608 κατὰ
426 581 471 607 τὸν
484 581 576 616 ὄγδοον
587 581 642 617 (‘26)
662 583 784 610 ἐνιαυτὸν
805 584 886 618 ἐμϐο-

98 626 257 661 Αιμεύεσοαι
273 626 322 657 τὰς
336 625 357 652 λ’
376 626 493 661 ἡμέρας,
516 626 563 652 τὸν
585 626 633 653 ἕνα
645 628 717 663 μῆνα
735 629 774 660 εἰς
792 628 826 655 τὰ
840 628 887 655 δύο

98 673 158 707 ἐτη·
178 672 225 698 καὶ
242 671 329 703 οὕτως
352 671 423 698 κατὰ
444 671 567 705 περίοδον
585 672 775 708 ὀχταετηρίδος
800 673 890 708 ἐνενή-

98 726 181 744 κοντα
192 717 303 752 ἡμέραι,
317 717 416 748 αἵτινές
427 718 479 743 εἱσι
491 717 671 752 πληρέστατοι
682 718 822 753 ἐμϐόλιμοι
839 719 891 753 μῆ-

97 771 145 795 νες
169 764 254 798 τρεῖς,
281 763 306 789 οῖ
334 763 454 796 γίνονται
488 762 557 788 κατὰ
585 762 648 798 τρία
678 763 726 798 ἐτη
758 763 810 798 μὴν
838 761 890 795 εἷς,

98 809 148 835 καὶ
172 809 242 834 κατὰ
271 808 318 834 δύο
345 808 379 834 τὰ
395 807 495 842 ὕστερα
513 807 562 842 ἐτη
581 807 635 842 μὴν
653 806 704 839 εἷς.
727 809 771 835 Ἐν
785 808 892 841 τούτοις

935 267 1044 300 diebus,
1068 267 1198 302 horiSque
1220 266 1309 294 tribus
1325 265 1474 300 adjunctis,
1488 274 1537 293 vm
1564 270 1591 293 et
1615 275 1648 292 xx
1667 266 1724 293 die-

935 320 1006 344 rum,
1022 318 1104 347 alque
1117 313 1246 339 horarum
1264 319 1326 339 sxw
1342 316 1442 346 cpactze
1453 312 1634 346 colliguntur;
1651 312 1724 339 hora:

933 358 992 386 dies
1001 357 1150 385 coniiciunt
1159 357 1237 386 duos.
1250 357 1296 391 qui
1309 365 1393 384 xmu
1409 357 1463 384 illis
1478 357 1659 388 annumerati,
1672 365 1724 383 xu

932 403 991 430 dies
1007 402 1109 430 solidos
1124 403 1268 437 complent.
1286 402 1376 435 Quare
1392 411 1436 429 VIII
1456 410 1528 429 anno
1545 410 1598 429 xxx
1611 402 1670 430 dies
1683 403 1724 429 in-

932 448 1112 480 terealantur;
1124 452 1151 475 et
1159 448 1296 476 biennium
1308 448 1379 475 istud
1392 456 1511 476 mensem
1526 448 1605 475 habet
1617 456 1700 475 unum
1715 456 1722 474 :

933 494 1053 528 adeoque
1084 497 1139 520 tota
1167 493 1211 520 illa
1239 493 1366 528 periodus
1395 494 1556 521 oetaeterica
1588 494 1646 520 dies
1671 493 1722 520 sibi

934 539 1053 566 vindicat
1069 545 1113 572 xc,
1135 539 1180 573 qui
1203 547 1312 566 menses
1335 539 1437 566 solidos
1454 539 1573 566 cﬂiciunt
1589 547 1629 570 In,
1645 539 1724 565 nimi-

935 593 994 612 rum
1001 585 1096 619 primis
1109 584 1215 612 duobus
1228 585 1352 612 trienniis
1361 584 1475 619 singulis
1490 592 1609 612 mensem
1626 592 1722 617 unum,

936 630 1046 657 biennio
1070 629 1162 657 itidem
1200 635 1331 664 sequente
1356 637 1475 657 mensem
1505 638 1599 656 unum.
1623 629 1651 656 III
1677 629 1720 657 Itis

938 675 1026 702 tribus
1049 675 1257 702 intercalaribus
1281 675 1442 706 ntensibus,
1470 675 1516 709 qui
1541 675 1641 709 triplici
1673 675 1719 701 illa

936 720 1040 748 dierum
1057 721 1218 748 collectione
1244 725 1388 754 constant,
1415 720 1570 747 Judaeorum
1598 720 1720 752 Pascha,

939 774 953 793 a
979 767 1197 794 Christianorum
1234 773 1450 801 ca-terormnque
1475 766 1609 794 I‘asrltate
1631 766 1722 793 diver-

940 820 1000 839 sum
1022 817 1073 840 est.

97 856 155 886 τοῖς
174 853 261 889 τρισὶν
279 853 435 888 ὲμόολίμοις
460 854 517 888 (‘27)
545 854 599 880 τῶν
621 854 705 889 τριῶν
731 855 886 882 συστάσεων
905 856 1034 893 διαφωνεῖ
1050 860 1079 887 τὺ
1107 861 1203 896 Πάσχα
1226 858 1299 894 παρὰ
1318 858 1454 890 Ἰουδαίοις
1474 866 1504 884 τε
1533 858 1579 884 καὶ
1596 858 1724 892 Χριστια-

98 902 166 931 νοίς,
179 900 226 926 καὶ
240 900 296 930 τοῖς
309 898 408 930 ἄλλοις.

136 947 195 972 1Δ’.
215 945 258 970 ‘Ev
269 944 374 976 τούτοις
387 944 544 980 ἡδιαλλαγὴ
558 945 634 980 παρὰ
653 946 709 976 τοῖς
724 946 890 981 προειρημέ-

976 947 1045 975 XIV.
1058 948 1119 975 Ilaec
1129 953 1193 976 sunt
1208 947 1343 983 inquibus
1354 946 1470 973 Audiani
1485 947 1518 974 ab
1535 946 1654 973 Ecclesia
1670 947 1727 975 dis—

99 998 157 1021 νοις
178 989 318 1020 Αὐδιανοῖς
346 989 477 1023 γίγνεται·
493 989 539 1015 καὶ
568 989 703 1015 πλανῶσιν
726 989 825 1024 ἄνδρας
842 990 889 1017 καὶ

100 1036 244 1068 γυναῖκας,
262 1035 291 1060 ὲν
301 1034 387 1069 τούτῳ
403 1034 442 1069 τῷ
458 1034 536 1069 μέρει
551 1035 744 1069 σεμνυνόμενοι
754 1035 825 1062 κατὰ
841 1036 890 1071 τὴν

100 1080 252 1115 παράδοσιν
264 1080 312 1115 τῆς
329 1081 454 1114 ἀπαρχῆς
468 1080 689 1116 ἐπιτελουμένην,
703 1081 749 1107 καὶ
763 1081 833 1107 κατὰ
842 1081 890 1116 τὴν

99 1127 221 1159 διάταξιν
231 1126 285 1152 τῶν
297 1126 462 1157 ἀποστόλων,
476 1126 609 1161 μηδεμιᾶς
624 1127 766 1162 ἀκριϐείας
781 1127 789 1142 ³
805 1135 891 1162 προσ-

101 1172 220 1206 έχοντες,
236 1172 303 1207 μηδὲ
322 1172 497 1206 ἐπιστάμενοι
517 1172 547 1198 τὺ
566 1173 649 1206 σαφὲς
663 1173 711 1208 τῆς
733 1173 762 1198 ὲν
772 1173 892 1205 διατάξει

101 1219 156 1244 τῶν
169 1218 325 1245 ἀποστόλων
341 1218 508 1252 ἐπιμελείας,
525 1216 559 1254 ἦς
576 1219 747 1254 ἐποιήσαντο.
760 1219 790 1245 οὐ
804 1219 848 1245 διὰ
861 1220 891 1246 τὸ

102 1264 211 1295 πάντως
227 1264 304 1298 ἄγειν
320 1264 382 1295 τοὺς
406 1263 547 1296 Ἰουδαίους
569 1265 638 1299 μετὰ
653 1265 806 1300 ἀκριϐείας,
824 1265 892 1292 ἀλλὰ,

100 1309 144 1336 διὰ
170 1309 201 1335 τὸ
224 1310 348 1343 ἐκτεμεῖν
371 1309 420 1344 τὴν
449 1309 613 1343 φιλονεικίαν
640 1309 694 1336 τῶν
722 1310 892 1345 βουλομένων

102 1355 163 1382 καθ’
183 1355 297 1384 ἑαυτοὺς
315 1355 428 1381 ἕκαστον
448 1355 590 1387 ἐπιτελεῖν,
609 1356 656 1383 καὶ
670 1356 707 1391 μὴ
724 1357 752 1382 ὲν
769 1357 888 1392 ὁμονοίᾳ.

103 1401 152 1426 Ἓν
170 1399 226 1435 γὰρ
241 1400 335 1434 Πάσχα
347 1400 463 1435 Χριστὸς
487 1400 620 1435 βούλεται,
636 1401 682 1428 καὶ
695 1401 774 1428 τοῦτο
787 1402 891 1436 λογίζε-

101 1454 156 1478 ται,
172 1445 221 1472 καὶ
243 1445 419 1480 προσδέχεται
439 1446 486 1476 τὸν,
507 1446 684 1480 ἀφιλονείκως
703 1447 890 1480 ἐπιτελοῦντα,

104 1491 196 1527 μέντοι
209 1500 242 1525 γε
260 1490 329 1526 μετὰ
360 1490 413 1518 τῶν
430 1491 498 1526 μετὰ
515 1492 656 1526 ἀκριϐείας
671 1492 828 1526 ποιούντων,
844 1502 892 1528 με·

101 1537 137 1564 τὰ
159 1537 251 1572 πάσης
272 1537 321 1571 τῆς
343 1536 423 1570 ἁγίας
448 1537 620 1571 Ἑκκλησίας,
631 1538 680 1573 τῆς
694 1538 764 1565 κατὰ
779 1539 891 1570 πολλοὺς

102 1583 221 1618 τρόπους
237 1582 285 1617 τὴν
307 1581 403 1617 ἑορτὴν
416 1582 546 1618 ἀγούσης.
562 1582 617 1609 Καὶ
635 1584 658 1609 εί
680 1583 729 1618 μὲν
745 1583 799 1610 ἀπὸ
815 1585 891 1610 Κων-

940 994 1080 1025 sentiunt;
1103 1001 1182 1028 quem
1206 994 1233 1020 in
1248 1001 1368 1020 errorem
1385 992 1458 1019 viros
1474 992 1587 1026 perinde
1615 999 1648 1019 ac
1667 1000 1726 1020 mu-

940 1038 1022 1068 lieres
1035 1039 1179 1070 inducunt,
1196 1039 1259 1066 dum
1279 1039 1329 1065 hac
1344 1038 1370 1064 in
1389 1042 1465 1072 parte
1478 1037 1630 1071 gloriantur
1643 1039 1726 1065 veteri

940 1091 970 1111 se
983 1084 1121 1111 traditioni
1140 1089 1166 1111 et
1178 1082 1493 1119 apostolorumdecretis
1509 1082 1727 1116 insisteremum

941 1129 1048 1156 interim
1066 1129 1132 1156 nihil
1147 1130 1198 1157 hoc
1210 1129 1238 1156 in
1255 1128 1363 1162 Itegotio
1380 1127 1541 1162 castigatum
1554 1133 1726 1155 accuratum-

940 1183 993 1211 que
1004 1179 1124 1208 teneant,
1141 1183 1191 1202 nec
1205 1175 1326 1202 sedulam
1339 1175 1413 1202 illam
1433 1175 1618 1210 apostolorum
1632 1175 1658 1202 in
1676 1175 1727 1204 hac

941 1221 1137 1249 constitutione
1153 1221 1320 1256 diligentiam
1341 1221 1503 1255 intelligant,
1522 1228 1602 1256 quam
1616 1229 1649 1248 eo
1661 1230 1725 1249 cou-

941 1267 1001 1294 silio
1026 1267 1206 1294 adhibendam
1227 1266 1265 1293 illi
1297 1269 1437 1301 putarunt,
1461 1274 1516 1293 non
1540 1267 1611 1301 quod
1639 1267 1726 1295 Judaei

941 1311 1041 1346 optime
1057 1318 1089 1338 ac
1107 1311 1166 1338 sine
1183 1318 1276 1338 errore
1292 1311 1319 1337 in
1343 1310 1389 1338 illa
1415 1310 1574 1338 celebritate
1584 1319 1726 1339 versaren-

941 1359 1002 1388 tur;
1026 1356 1073 1383 sed
1103 1360 1133 1383 ut
1158 1363 1252 1383 eorum
1271 1356 1449 1391 pertinaciam
1467 1356 1652 1390 excluderent,
1668 1358 1727 1392 qui,

941 1400 1079 1428 eomnmni
1089 1400 1272 1427 consensione
1286 1403 1388 1435 spreta,
1403 1407 1459 1427 sua:
1468 1401 1584 1435 quisque
1595 1401 1727 1427 voluntati

941 1453 972 1471 ac
996 1445 1187 1472 consuetudini
1209 1444 1312 1472 servire
1342 1445 1463 1471 mallent.
1474 1445 1577 1472 Etenim
1602 1445 1729 1474 Christus

942 1499 1024 1518 unum
1040 1491 1143 1518 Pascha
1156 1491 1191 1518 ab
1208 1491 1336 1518 omnibus
1352 1491 1492 1518 observari
1510 1492 1632 1526 cupiens,
1646 1492 1729 1526 hujus

942 1537 1023 1563 unius
1033 1537 1165 1563 rationem
1179 1536 1254 1563 ducit
1272 1546 1279 1563 :
1309 1542 1336 1564 et
1351 1544 1411 1564 eum
1424 1536 1566 1571 approbat,
1579 1537 1636 1571 qui.
1654 1538 1733 1564 omni

942 1582 1116 1609 contentione
1132 1582 1230 1615 posita,
1254 1589 1316 1609 cum
1344 1582 1377 1608 iis
1393 1581 1523 1613 celebrat,
1540 1582 1586 1616 qui
1610 1582 1728 1608 certissi-

103 1627 244 1654 παντίνου
258 1626 368 1662 ἐσχίσθη
389 1627 420 1652 τὸ
439 1627 545 1662 Πάσχα,
561 1628 674 1654 πιθανὸν
692 1625 726 1663 ἦν
746 1629 802 1660 τοῖς
815 1627 890 1655 τοῦτε

944 1635 1014 1654 ιιιιιιιι
1030 1628 1102 1654 illius
1117 1628 1248 1655 rationem
1266 1628 1369 1658 ineunt,
1384 1627 1436 1654 hoc
1452 1633 1494 1654 est
1516 1635 1576 1654 cum
1606 1627 1727 1654 Ecclesia

104 1672 325 1706 συκοφαντοῦσιν·
340 1673 473 1707 ἐπειδὴδὲ
494 1673 547 1708 πρὸ
570 1673 617 1700 τοῦ
633 1673 837 1700 Κωνσταντίνου
858 1674 892 1700 τὰ

104 1719 241 1754 σχίσματα
255 1715 300 1752 ἧν,
315 1718 361 1744 καὶ
371 1716 404 1753 ἦν
418 1718 511 1754 χλεύη,
528 1719 660 1754 Ἑλλήνων
680 1718 823 1753 λεγόντων,
844 1719 891 1746 καὶ

141 1798 149 1813 ¹
160 1797 224 1825 Cor.
245 1798 363 1833 μηδεμιᾷ
378 1797 515 1834 ἀκριϐείᾳ.

140 1855 196 1890 (26)
215 1855 271 1882 Καὶ
300 1855 456 1889 συμϐαίνει
482 1853 557 1890 κατὰ
584 1853 638 1880 τὸν
664 1853 779 1890 ὄγδοον.
805 1853 890 1890 Deest

104 1888 264 1918 octaeteridi
288 1888 437 1916 secundum
468 1888 569 1916 medios
595 1892 686 1915 motus
711 1888 743 1915 ad
772 1888 888 1916 solidum

105 1933 227 1952 mensem
253 1924 439 1958 romplendum
470 1924 580 1950 biduum
607 1923 673 1950 fere.
696 1923 761 1949 Nam
789 1927 890 1956 opai-ta:

105 1961 170 1987 anni
187 1960 275 1986 octavi
288 1963 352 1986 sunt
363 1966 457 1988 xxvnl.
481 1958 628 1985 octaeteris
645 1958 748 1984 lunaris
764 1961 890 1984 accurata

105 1996 214 2022 dierum
231 1999 272 2021 est
284 1993 365 2025 2925,
383 1994 426 2025 II,
444 1994 495 2024 δι’,
511 1993 560 2020 hoc
575 1996 616 2020 est
630 1993 757 2019 horarum
773 1992 828 2018 fere
841 2000 889 2024 xtl,

106 2034 137 2056 ut
150 2030 188 2056 ait
199 2029 340 2056 Geminus.
354 2029 445 2063 Itaque
457 2029 545 2055 minor
564 2027 765 2063 estortaeteris
779 2026 892 2063 Epipha-

106 2065 144 2091 nii
162 2064 250 2090 lunari
272 2061 437 2090 ortaetcride
452 2062 599 2096 sesquidie.
614 2061 647 2087 Et
661 2066 750 2088 tamen
764 2061 890 2095 prazripi-

107 2103 181 2126 tatur
196 2098 384 2128 embolismus,
401 2097 473 2132 quod
488 2097 629 2124 minimum
648 2097 720 2132 absit
735 2096 769 2123 ab
787 2097 892 2131 integra

107 2134 228 2169 syzygia.
244 2132 320 2169 Quod
337 2131 417 2160 etiam
434 2133 461 2169 in
485 2131 740 2169 enneaderaeteride
757 2137 890 2169 servatur.

132 2165 371 2194 adferubolismus
391 2167 486 2194 tertius
505 2167 539 2193 ab
557 2165 748 2192 Alexandrinis
772 2170 797 2192 et
817 2165 891 2192 Lati-

108 2204 152 2230 nis
166 2207 194 2230 et
209 2202 235 2228 in
248 2202 321 2229 omni
337 2202 405 2229 adeo
419 2202 506 2236 cyclo.
527 2205 708 2236 octavoranno
730 2200 890 2236 collocatur.

107 2237 221 2266 Octavo.
242 2237 362 2270 inquam,
387 2235 443 2263 non
464 2244 536 2263 nono
555 2245 560 2262 :
578 2235 631 2262 etsi
647 2235 813 2261 contrarium
831 2242 889 2260 Ina-

108 2272 248 2300 tltematici
261 2271 370 2306 quidam
385 2270 562 2306 eruditissimi
578 2277 609 2296 ac
622 2273 812 2306 compulerunt
825 2270 894 2306 scri-

129 2312 202 2333 tores
228 2304 365 2333 asserunt.
387 2305 465 2338 Quod
482 2306 613 2332 adversus
630 2305 690 2331 illos
709 2305 826 2331 breviter
844 2304 895 2330 hnc

119 2349 170 2368 oco
186 2341 428 2368 demonstrandum
445 2345 497 2367 est.
520 2339 599 2373 (Vide
617 2339 841 2366 Dissertationcnt
859 2338 895 2366 De

108 2376 209 2409 duplici
228 2375 300 2410 cyclo
317 2381 340 2402 et
358 2375 704 2410 enrbolismorunrratione,
724 2374 805 2408 hujus
833 2374 895 2410 exli-

108 2407 194 2438 tionis
211 2407 277 2437 toin.
297 2410 342 2441 III,
358 2410 385 2437 in
403 2410 560 2444 Appendice
575 2407 813 2444 Dissertationum.
833 2407 895 2443 En.)

144 2446 201 2485 (2])
220 2445 267 2471 Ἐν
279 2446 394 2485 τούτοις
409 2443 472 2485 τοῖς
486 2445 585 2479 τρισὶν
600 2444 777 2485 ὲμρίονβίμοις.
791 2443 831 2485 hic
843 2443 894 2470 hoc

106 2478 219 2515 quidem
234 2487 337 2510 verum,
349 2484 394 2506 aut
405 2481 473 2507 satis
489 2478 614 2515 accurate
629 2479 733 2515 dictum
748 2487 753 2505 :
769 2487 777 2503 ι
789 2478 895 2515 dissen-

107 2512 215 2543 sionem
239 2522 358 2546 omnem,
378 2522 439 2549 quae
454 2514 625 2541 Christianos
651 2514 770 2549 interrae
787 2512 895 2549 Judceos

107 2554 136 2583 et
151 2554 265 2576 catteros
285 2547 488 2580 intercesserat,
507 2549 557 2575 hoc
576 2553 618 2576 est
638 2548 782 2583 haereticos
796 2547 895 2574 Tessa-

110 2584 339 2614 rescacderatitas.
362 2589 409 2611 aut
434 2585 479 2618 qui
501 2584 527 2610 in
546 2583 626 2618 primi
642 2582 745 2618 mensis
758 2583 861 2618 epoeha
879 2589 894 2609 a

108 2619 219 2646 Νιρεηο
242 2626 346 2646 canone
370 2616 557 2648 discedebant,
572 2618 666 2652 quales
680 2616 768 2644 Latini
779 2621 806 2644 et
816 2616 895 2644 Occi-

108 2654 234 2680 dentales
250 2654 370 2688 plerique
387 2657 468 2688 atque
484 2654 510 2679 in
521 2651 616 2687 primis
630 2651 703 2688 Secti
722 2653 840 2688 fuerunt,
853 2652 894 2688 ‘in

109 2689 198 2715 tribus
223 2686 399 2715 oetaetc’ridis
423 2686 576 2716 emboliinis
591 2687 751 2714 consistere.
767 2695 775 2711 ι
792 2686 894 2720 Duplex

108 2723 181 2756 apud
197 2722 370 2750 Christianos
385 2723 526 2749 Paschatis
546 2722 702 2756 depravatio
721 2721 770 2747 fuit
785 2730 792 2747 :
811 2723 895 2748 altera

110 2758 191 2792 plane
212 2756 326 2784 Iudaica
356 2761 383 2784 et
406 2757 588 2784 Asiaticorum
615 2756 678 2782 olim
701 2756 821 2792 propria,
848 2756 894 2790 qui

110 2791 155 2818 inv
168 2792 243 2824 luna,
255 2800 447 2827 quamrunque
462 2792 488 2818 in
504 2792 596 2827 feriam
615 2791 776 2827 incurreret,
792 2791 894 2817 Pascha

109 2827 303 2859 celebrabant;
321 2826 421 2858 altera,
439 2835 500 2861 quac
520 2826 546 2852 in
567 2826 765 2861 primimensis
785 2833 896 2852 nemne.

111 2862 157 2888 nia
173 2865 268 2889 contra
283 2869 416 2890 canonem
433 2860 625 2893 rennuitteret,
642 2860 707 2887 dum
725 2861 797 2887 illam
813 2861 895 2887 citius

946 1673 1091 1704 catholica,
1106 1681 1165 1707 qua:
1176 1673 1257 1700 variis
1271 1672 1359 1699 modis
1374 1671 1472 1699 festum
1482 1671 1729 1698 illudimlicilJznn

943 1726 1008 1746 vero
1035 1718 1058 1746 si
1086 1726 1102 1745 ιι
1117 1717 1289 1746 Constantini
1313 1717 1480 1752 temporibus
1501 1717 1588 1752 prima
1607 1717 1731 1744 otunium

942 1851 1129 1879 anteverlcbat
1144 1859 1150 1878 :
1163 1850 1232 1877 adeo
1247 1854 1276 1877 ut
1293 1858 1337 1877 XIV
1358 1850 1421 1877 luna
1440 1850 1633 1885 mquinocliuut
1658 1857 1727 1883 prae-

941 1887 1060 1926 cederet.
1073 1886 1427 1926 ριιιιιιῃδιαστρορήνλιοιιι
1437 1885 1727 1926 errorectnnulabant.

944 1926 973 1948 nt
991 1922 1017 1948 in
1035 1921 1151 1948 termino
1165 1920 1234 1954 ipso,
1255 1919 1278 1947 Si
1299 1921 1325 1946 iu
1342 1920 1509 1947 Dominicatu
1530 1919 1672 1949 incideret.
1685 1928 1728 1947 cc-
1761 1920 1771 1924 ”

944 1957 1069 1984 lcbritale
1083 1955 1272 1990 fungerentur.
1291 1954 1459 1983 Posteriores
1476 1956 1601 1987 isti,ctnn
1617 1954 1728 1980 decem-

944 1991 1089 2019 novennali
1108 1990 1196 2025 cyclo.
1221 1989 1388 2025 Judmorumr
1405 1990 1502 2021 instar,
1529 1993 1680 2025 uterentur,
1701 1990 1730 2016 in

943 2026 1050 2053 duobus
1066 2024 1198 2052 duntaxat
1222 2026 1300 2051 annis
1328 2025 1361 2052 ab
1376 2024 1568 2052 Alexandrinis
1582 2029 1609 2052 et
1622 2024 1734 2051 Nic-aena.

945 2061 1086 2088 sanctione
1103 2060 1284 2090 dissidebant,
1301 2060 1377 2095 cyclo
1394 2060 1522 2087 nimirum
1544 2067 1589 2086 vlil
1612 2067 1642 2095 ac
1664 2067 1728 2091 xix;

946 2104 1007 2122 natn
1024 2094 1112 2121 lunari
1132 2095 1220 2129 cyclo,
1244 2102 1299 2121 non
1322 2095 1413 2120 aureis
1433 2095 1551 2121 numeris
1571 2094 1726 2120 utebantur.

945 2130 1039 2164 Itaque
1055 2129 1143 2156 tribus
1158 2129 1242 2164 cyclis
1256 2130 1291 2156 ab
1306 2129 1498 2164 Alexandrinis
1514 2129 1704 2164 discrepabunt
1719 2138 1726 2155 ε

945 2169 985 2195 υι,
996 2163 1112 2198 exelnpli
1126 2163 1221 2193 causa.
1231 2163 1414 2190 Alexandrino
1428 2171 1541 2191 numero
1554 2171 1572 2192 I.
1581 2163 1729 2196 responde-

946 2199 1001 2232 hat,
1012 2199 1125 2225 aliorum
1148 2206 1211 2225 xvn.
1230 2198 1293 2225 Item
1316 2198 1561 2225 Alexamlrinorum
1584 2205 1641 2229 VIII,
1659 2198 1728 2224 isto—

945 2242 1003 2260 rum
1020 2242 1046 2266 \',
1059 2233 1164 2260 decimo
1176 2241 1248 2260 ιιιιιιι)
1263 2232 1657 2264 Alexandrinorum,Jndaicus
1672 2240 1726 2260 va.

946 2268 1063 2302 Indeque
1077 2275 1139 2294 cum
1160 2268 1336 2294 Alexandrini
1356 2275 1428 2294 anno
1443 2268 1512 2301 cycli
1527 2267 1726 2294 det-emnoven-

946 2301 1026 2330 nalis?
1041 2307 1148 2334 octavo,
1173 2303 1215 2329 cui
1240 2310 1371 2329 numerus
1390 2310 1489 2329 aureus
1505 2309 1541 2328 νιι
1558 2302 1591 2328 ad
1607 2301 1729 2335 Aprilem

946 2346 1033 2372 usque
1048 2338 1185 2372 convenit.
1204 2344 1323 2364 mensem
1352 2337 1538 2364 intercalarem
1567 2341 1727 2369 attcxercnt,

945 2371 995 2408 qui?
1007 2380 1021 2398 a
1038 2381 1062 2408 vi
1085 2371 1173 2408 Martii
1188 2379 1305 2408 exorsus
1324 2372 1351 2398 in
1372 2371 1473 2406 Aprilis
1493 2380 1519 2398 IV
1534 2372 1680 2408 desineret,
1696 2381 1727 2399 ac

946 2406 1149 2442 postr_idie,hoc
1163 2410 1205 2433 est
1222 2406 1323 2441 Aprilis
1337 2414 1363 2438 ν,
1380 2414 1480 2433 annum
1499 2414 1600 2433 nonum
1618 2406 1727 2433 inchoa-

945 2441 1016 2472 rent,
1032 2441 1233 2468 Judaitautium
1251 2442 1334 2468 factio
1355 2449 1404 2476 pro
1420 2442 1590 2469 embolimaro
1603 2450 1727 2469 COIIIIIIII-

947 2485 1006 2504 nem
1023 2485 1158 2512 usurpans
1178 2484 1293 2512 annum:
1307 2477 1563 2512 prhnumrmensem
1585 2477 1728 2503 inchoabat

947 2512 1034 2539 Martii
1051 2519 1092 2543 rt;
1113 2511 1192 2546 cujus
1208 2519 1263 2541 xlv.
1280 2511 1419 2538 Paschalis
1430 2511 1517 2538 Martii
1534 2520 1577 2538 xix
1593 2516 1729 2546 compete-

947 2547 1001 2573 bat.
1021 2546 1092 2573 Idem
1109 2554 1181 2573 anno
1197 2553 1243 2572 xtx
1257 2547 1441 2580 contingebat.
1455 2554 1533 2580 quem
1552 2546 1727 2573 Alexandrini

946 2581 1033 2616 pridie
1047 2581 1116 2608 Non.
1132 2582 1196 2616 Apr.
1210 2580 1374 2608 inchoabant
1385 2591 1393 2614 ;
1406 2581 1451 2608 alii
1469 2590 1498 2608 ιιι
1517 2581 1584 2608 Νυιι.
1599 2580 1726 2611 Martias;

945 2624 1008 2643 nam
1027 2616 1203 2642 Alexandrini
1224 2624 1268 2642 xtx
1290 2624 1402 2648 annum,
1421 2617 1464 2643 cui
1483 2623 1612 2643 numerus
1628 2623 1727 2642 aureus

946 2659 1012 2678 leu
1035 2651 1190 2684 respondet.
1207 2651 1404 2677 CIIIImItuNl'ltIII
1422 2651 1633 2678 constituebant.
1648 2650 1728 2683 eique

946 2694 1065 2712 mensem
1078 2686 1153 2712 illum
1164 2685 1338 2719 arrogabant,
1347 2694 1361 2712 a
1374 2694 1427 2720 quo
1439 2686 1523 2713 Jud;ci
1536 2691 1637 2711 annum
1647 2691 1726 2711 suum

946 2728 978 2747 ac
1000 2721 1115 2753 primum
1141 2728 1260 2747 tncnSenI
1283 2719 1504 2754 auspicabantur.
1532 2719 1568 2745 De
1583 2726 1639 2754 qua
1656 2726 1685 2754 re
1700 2721 1727 2744 cl.

946 2761 1024 2782 antea
1041 2755 1219 2781 tIISSt‘l‘UIlntls
1244 2758 1269 2780 rt
1292 2753 1386 2789 agn-tur
1402 2756 1465 2781 alibi
1485 2753 1632 2789 copiosius.
1651 2753 1725 2789 Quo-

946 2791 1018 2816 circa
1033 2798 1086 2816 non
1102 2790 1127 2816 in
1150 2790 1237 2816 tribus
1256 2787 1429 2816 ortaetcridis
1448 2787 1621 2815 clnbolimzuis
1634 2788 1724 2817 annis,

947 2825 992 2851 sed
1010 2825 1035 2850 in
1055 2832 1109 2851 uno
1129 2825 1214 2850 solum
1237 2823 1322 2850 Jndzci
1346 2828 1372 2850 ct
1397 2823 1516 2850 haeretici
1540 2830 1552 2849 ιι
1575 2823 1726 2849 (λιιιῑιυΙιινίδ

947 2860 1145 2894 discrepabunt.
1160 2859 1211 2886 hoc
1223 2864 1263 2886 est
1279 2859 1306 2885 in
1324 2864 1430 2886 octavo.
