1931 3041
205 150 256 178 571

907 149 937 178 S.
958 150 1132 179 EPlPllANll

1797 143 1850 171 372

206 208 240 234 de
272 206 424 234 istiusmodi
447 205 604 234 celebritate
625 206 739 234 conﬂata
760 207 850 236 forent
867 208 993 242 dissidia,

1054 209 1238 245 χλευαζόντων
1266 207 1315 243 τὴν
1339 207 1367 233 ὲν
1393 207 1426 241 τῇ
1449 203 1595 239 Ἐκκλησία
1614 202 1778 237 διαφωνίαν,
1805 202 1850 228 ἐπὶ

207 253 357 281 nonnullus
382 253 497 280 istorum
520 252 663 280 calumniae
682 253 760 281 locus
775 262 836 282 esse
849 255 999 285 videretur.

209 299 263 326 Sed
288 307 351 328 cum
381 303 444 326 ante
465 299 673 326 Constantinum
697 300 792 328 cadent
813 301 859 328 illa
885 301 1001 329 divortia

209 345 341 380 vigerent,
368 349 395 371 ct
417 345 532 379 gentiles
552 349 654 372 tantam
683 345 811 374 Ecclesia:
835 347 1000 374 discordiam

209 399 263 418 non
296 392 355 420 sine
383 391 503 418 ludibrio
531 391 612 420 nobis
637 392 857 426 exprobrarent;
890 394 998 420 tandem

208 444 274 464 vero
297 437 349 464 sub
380 436 545 471 imperatore
571 436 752 465 Constantino
775 437 998 473 conspirantibus

209 483 343 518 episcopis
371 483 518 510 dissidium
545 482 610 509 illud
638 483 809 518 pacilicatum
837 488 862 511 et
877 483 911 510 ad
935 491 999 510 con-

211 527 330 556 rordiam
351 528 490 556 redactum
507 528 608 556 fuerit:
625 529 689 564 quid
708 529 815 557 tandem
835 529 940 560 utilius,
953 533 1001 556 aut

208 574 358 610 jucundius
389 579 442 607 est,
468 582 549 609 quam
582 574 616 602 ab
644 575 774 602 extremis
799 579 879 602 terra:
899 574 1000 609 ﬁnibus

209 620 381 648 Christianos
393 627 489 647 oumes
502 619 616 654 populos
643 619 669 646 in
697 619 828 646 honorem
863 617 910 646 Dei
938 617 1001 645 festi

210 665 284 693 illius
297 666 456 693 celebritate
471 665 594 701 defungi.
611 672 643 692 ac
661 665 800 692 connuuni
817 663 1000 692 consensione

210 710 318 746 vigilias
339 710 437 738 obire?
456 709 585 742 Eosdem,
607 710 730 746 inquam,
753 714 780 737 et
806 711 925 745 a-quales
941 709 1001 737 dies

1051 255 1258 283 Κωνσταντίνου
1281 253 1310 279 δὲ
1328 251 1373 279 διὰ
1395 251 1444 286 τῆς
1465 250 1520 277 τῶν
1550 249 1706 275 ἐπισκόπων
1726 247 1850 283 σπουδῆς

1052 300 1195 336 συνηνώθη
1219 299 1319 336 μᾶλλον
1345 297 1376 324 τὸ
1400 297 1502 332 σχίσμα
1522 297 1561 327 είς
1583 295 1647 330 μίαν
1665 295 1807 329 ὁμόνοιαν·
1823 293 1850 318 τί

1050 347 1096 375 οὖν
1109 347 1203 374 τούτου
1213 346 1270 373 ἐστὶ
1280 343 1506 381 προυργιαίτερον
1515 342 1560 368 καὶ
1569 340 1748 376 χαριέστατον
1757 340 1780 370 ί,
1796 339 1851 365 ἀπὸ

1050 395 1103 430 γῆς
1123 392 1248 429 περάτων
1266 392 1295 417 ὲν
1315 391 1367 426 μιᾷ
1382 388 1473 424 ἡμέρᾳ
1495 387 1677 414 ἀπαλλάττειν
1696 384 1764 411 λαὸν
1779 383 1850 418 Θεῷ,

1053 439 1208 474 συμφωνεῖν
1221 446 1250 464 τε
1270 436 1317 464 καὶ
1331 435 1491 471 ἀγρυπνεῖν,
1507 433 1554 460 καὶ
1568 432 1618 463 τὰς
1633 431 1717 462 αὑτὰς
1737 430 1852 466 ἡμέρας

1053 484 1114 515 [σας
1143 482 1234 517 φέρειν
1261 480 1290 507 ἕν
1322 489 1352 507 τε
1378 478 1541 515 ἀγρυπνίαις
1573 477 1620 504 καὶ
1647 476 1770 511 δεήσεσι,
1804 475 1852 501 καὶ

1051 528 1163 564 ὁμονοίᾳ
1181 527 1227 554 καὶ
1246 525 1369 562 λατρεία,
1386 524 1496 560 νηστείᾳ
1517 532 1546 550 τε
1568 523 1615 549 καὶ
1633 520 1792 557 ξηροφαγίᾳ
1807 520 1853 547 καὶ

1054 573 1161 609 ἁγνεία,
1176 573 1223 600 καὶ
1238 573 1297 604 ταῖς
1312 571 1406 603 ἄλλαις
1419 572 1479 602 ταῖς
1495 569 1566 596 κατὰ
1579 568 1628 604 τὴν
1644 567 1854 601 πανσεὸάσμιον

1039 651 1044 654 _
1054 618 1157 653 ταύτην
1167 617 1275 653 ἡμέραν
1285 616 1401 652 ἀγαθαῖς
1413 615 1473 651 Θεῷ
1483 614 1694 650 εὐαρεστήσεσιν
1707 621 1714 645 ;
1737 610 1854 642 Ίκανῶς

1054 665 1083 692 δὲ
1100 664 1171 699 ἔχειν
1185 663 1289 698 νομίζω
1309 663 1359 698 τῆς
1379 661 1451 689 κατὰ
1470 660 1550 688 τοῦτο
1572 659 1603 686 τδ
1617 659 1710 694 τάγμα
1724 657 1784 684 τῶν
1801 656 1854 684 Ati-

1055 708 1152 735 διαιρῶν
1169 706 1328 742 διαφωνίας.

209 756 397 791 pernoctando
427 757 617 792 precandoque
645 756 788 784 traducere
807 763 914 784 summa
945 754 1093 783 concordia
1124 754 1206 790 827
1240 761 1271 781 ac
1290 753 1375 781 divini
1399 751 1526 780 Numinis
1550 749 1694 784 obsequio,
1725 747 1853 783 ieiuniis,

211 804 349 831 aridorum
369 812 432 834 usu.
446 804 620 832 castimonia.
637 803 752 839 aliisque
766 803 875 838 pietatis
908 802 1014 833 oﬂiciis,
1036 801 1136 836 quibus
1156 799 1394 836 religiosissimum
1419 799 1494 825 illum
1516 797 1589 825 diem
1607 796 1786 830 frequentare
1822 803 1854 823 ac

211 851 335 878 venerari
350 851 458 878 solent?
471 850 523 878 Sed
541 851 597 878 haec
608 851 675 878 satis
687 858 748 878 esse
761 851 879 877 arbitror
891 849 925 877 de
938 849 1129 876 Audianorum
1145 848 1259 876 dissidio
1275 847 1410 874 hactenus
1422 846 1570 881 disputata.

245 896 379 924 Caeterum
395 897 466 923 idem
481 896 525 924 ille
539 904 621 924 senex
646 896 750 924 Audius
770 896 797 923 in
815 896 954 932 Scythiam
968 897 1002 924 ab
1018 900 1038 927 l}

211 942 375 977 imperatore
391 942 527 976 relegatus
546 946 606 974 est;
624 942 698 977 quod
719 943 834 977 populos
848 942 950 977 passim
966 942 1001 969 ab

211 987 342 1015 Ecclesia:
374 987 508 1022 obsequio
524 987 686 1020 retraheret,
705 994 767 1014 cum
789 994 822 1014 eo
841 986 951 1013 nomine
968 986 1002 1013 ab

211 1033 349 1068 episcopis
377 1036 450 1060 esset
475 1032 508 1059 ad
535 1032 727 1067 imperalorem
747 1033 861 1060 delatus
879 1033 1004 1066 Cumque

211 1078 239 1105 in
255 1085 286 1105 ea
302 1077 414 1112 regione
429 1081 585 1104 versaretur
607 1077 684 1113 (quot
700 1082 789 1104 autem
809 1078 888 1104 annis
904 1077 1002 1104 ibidem

211 1123 320 1154 vixerit.
329 1127 404 1150 certo
416 1130 576 1150 asseverare
584 1130 638 1150 non
647 1122 817 1158 possumus),
831 1123 856 1149 in
873 1123 1003 1150 interiora

211 1168 345 1197 Gotthicae
368 1172 533 1204 penetrans,
556 1168 689 1196 barbaros
718 1169 819 1196 multos
841 1169 1005 1196 Christiana:

210 1214 351 1250 religionis
373 1214 534 1240 rudimentis
549 1213 668 1240 instituit
683 1223 689 1240 :
704 1221 735 1241 ex
754 1221 809 1249 quo
837 1214 1004 1240 monasteria

211 1261 239 1288 in
253 1258 360 1286 Gotthia
377 1259 507 1286 nonnulla
527 1263 674 1294 propagata
690 1264 765 1291 sunt,
784 1259 809 1286 in
824 1259 924 1294 quibus
943 1260 1005 1286 reli-

210 1306 287 1341 giosa
313 1305 419 1333 vivendi
442 1307 512 1333 ratio
527 1310 554 1333 et
573 1306 714 1341 virginitas
732 1307 942 1342 arctissinmque
964 1306 1006 1333 di-

191 1379 195 1383 η
210 1352 326 1387 sciplina
343 1351 445 1378 ﬂoruit.
463 1350 511 1378 Est
522 1351 595 1378 enim
611 1351 751 1378 hominum
767 1351 817 1378 iste
834 1355 922 1378 cattus
941 1351 1004 1378 vitae

209 1398 317 1425 ratione
330 1401 358 1425 et
383 1397 509 1424 instituto
529 1404 590 1424 cum
606 1397 703 1431 primis
717 1396 903 1429 admirabilis;
923 1401 1005 1431 atque

209 1442 237 1470 in
253 1443 360 1470 illorum
378 1443 554 1470 monasteriis
579 1441 646 1468 nihil
658 1449 711 1468 non
729 1442 888 1476 praeclarum
904 1446 931 1469 et
947 1443 1005 1469 cxi-

210 1487 295 1514 mium
309 1493 352 1515 est
365 1496 372 1521 ;
385 1488 408 1515 si
424 1486 596 1522 praefractam
618 1487 691 1514 illam
717 1488 916 1515 contumaciam
929 1488 1005 1515 exei-

1094 895 1214 930 ’Υπὲστη
1231 895 1259 921 δὲ
1275 895 1322 922 καὶ
1339 893 1445 930 ὲξορίαν
1461 893 1541 924 αὐτὸς
1559 893 1573 920 ό
1588 891 1677 928 γέρων
1685 891 1798 923 Αῡδιος,
1815 892 1854 923 είς

1048 942 1083 969 τὰ
1104 942 1175 978 μέρη
1192 942 1241 977 τῆς
1256 940 1376 972 Σκυθίας
1395 940 1447 967 ὑπὸ
1465 939 1512 966 τοῦ
1531 939 1662 974 βασιλέως
1686 937 1852 974 ἑξοριοθεὶς,

1050 988 1095 1015 διὰ
1107 988 1136 1014 τὸ
1151 987 1311 1023 ἀφηνιάζειν
1325 987 1417 1018 λαοὺς,
1439 986 1485 1013 καὶ
1502 986 1555 1012 ὑπὸ
1568 985 1622 1012 τῶν
1635 985 1799 1011 ἐπισκόπων
1815 984 1854 1020 τῷ

1055 1033 1162 1070 βασιλεῖ
1176 1033 1322 1069 ἀνηνέχθη.
1345 1033 1418 1059 Ἐκεῖ
1437 1031 1466 1058 δὲ
1486 1031 1604 1067 μάλιστα
1621 1030 1770 1066 διατρίϐων
1788 1031 1852 1066 χρό-

1052 1089 1097 1106 νον
1112 1080 1192 1110 ἐτῶν,
1209 1079 1259 1106 οὐκ
1273 1078 1327 1114 ἔχω
1343 1078 1443 1113 λέγειν,
1457 1078 1504 1104 καὶ
1525 1079 1564 1109 είς
1576 1077 1610 1103 τὰ
1628 1077 1722 1113 πρόσω
1739 1077 1852 1112 βαίνων,

1053 1125 1100 1152 καὶ
1111 1125 1151 1158 εἰς
1165 1125 1199 1151 τὰ
1211 1124 1334 1151 ὲσώτατα
1346 1124 1396 1159 τῆς
1408 1124 1531 1155 Γοτθίας.
1545 1123 1658 1155 πολλοὺς
1673 1123 1728 1149 τῶν
1743 1122 1854 1150 Γότϐων

1053 1172 1217 1207 κατήχησεν·
1245 1170 1291 1205 ἀφ’
1315 1167 1401 1205 οὗπερ
1423 1170 1470 1196 καὶ
1492 1170 1661 1205 μοθαστήρια
1679 1169 1708 1194 ἐν
1723 1170 1757 1204 τῇ
1777 1168 1847 1203 αὐτῇ

1053 1217 1150 1252 Γοτθὶξ.
1174 1217 1293 1251 ἐγένετο,
1314 1216 1361 1243 καὶ
1384 1216 1507 1243 πολιτεία
1527 1216 1574 1242 καὶ
1593 1214 1728 1250 παρθενία
1753 1223 1786 1241 τε
1804 1215 1853 1241 καὶ

1054 1264 1171 1298 ἄσκησις
1189 1263 1239 1298 οὺχ
1257 1264 1273 1298 ἡ
1291 1262 1418 1298 τυχοῦσα.
1435 1261 1514 1289 Ἔστι
1526 1261 1581 1297 γὰρ
1593 1261 1632 1296 τῷ
1645 1261 1702 1287 ὄντι
1718 1260 1777 1296 (‘38)
1792 1260 1854 1287 10-3-

1054 1319 1084 1337 το
1105 1310 1135 1336 τὸ
1157 1310 1251 1345 τάγμα
1268 1309 1339 1336 πάνυ
1361 1310 1390 1335 ὲν
1407 1309 1564 1343 ἀναστροφῇ
1581 1307 1735 1342 θαυμαστῇ·
1756 1307 1805 1333 καὶ
1820 1306 1854 1332 τὰ

1055 1355 1145 1382 πάντα
1159 1355 1249 1381 αὐτῶν
1270 1355 1299 1381 ὲν
1315 1356 1370 1385 τοῖς
1386 1354 1474 1381 αὐτῶν
1489 1353 1678 1389 μοναστηρίοις
1694 1353 1788 1384 καλῶς
1806 1352 1854 1387 φέ-

1057 1409 1144 1436 ρεται,
1160 1400 1230 1436 πλὴν
1249 1400 1303 1426 τῶν
1318 1399 1488 1435 φιλονεικιῶν
1501 1399 1613 1431 τούτων,
1631 1399 1681 1433 τῆς
1696 1407 1726 1424 τε
1744 1398 1853 1434 παραλ-

1055 1446 1142 1481 λαγῆς
1156 1445 1205 1473 τοῦ
1221 1446 1327 1481 Πάσχα,
1341 1446 1390 1480 τῆς
1403 1454 1433 1471 τε
1453 1444 1523 1472 κατὰ
1533 1444 1562 1471 τὸ
1578 1444 1710 1471 ἰδιωτικὸν
1721 1442 1855 1478 ἐγκειμέ-

1056 1500 1106 1526 νης
1118 1490 1165 1518 τοῦ
1178 1492 1238 1518 κατ’
1251 1491 1345 1518 εἰκόνα
1361 1489 1518 1526 ὁμολογίας.

209 1535 278 1569 pias,
303 1541 357 1569 qua
381 1537 408 1562 et
432 1534 460 1562 in
484 1533 618 1561 Pasehate
641 1534 816 1566 celebrando,
851 1542 865 1561 a
895 1536 1034 1563 communi
1053 1538 1253 1567 consuetudine
1276 1537 1438 1569 discedunt,
1461 1541 1488 1565 et
1517 1536 1583 1564 illud
1606 1535 1640 1564 de
1663 1535 1709 1563 Dei
1730 1533 1853 1570 imagine

208 1580 327 1615 simplici
341 1579 459 1615 quadam
475 1580 580 1606 ratione
595 1579 827 1614 interpretandum
840 1584 947 1615 putant.

244 1625 302 1653 XV.
322 1625 377 1653 Sed
395 1625 463 1653 illud
489 1626 602 1661 reliquis
613 1625 743 1652 oumibus
757 1625 791 1652 ad
814 1625 958 1652 horrorem
975 1630 1001 1653 et

1088 1625 1139 1651 lE'.
1162 1625 1199 1650 Τὸ
1221 1624 1250 1651 δὲ
1276 1624 1425 1660 δεινότερον
1449 1624 1558 1651 πάντων
1581 1623 1628 1650 καὶ
1648 1623 1850 1662 φοϐερώτερον.

208 1671 380 1699 atrocitatem
393 1672 483 1706 majus
494 1675 546 1704 est,
564 1670 637 1706 quod
651 1678 713 1698 cum
725 1671 835 1698 nemine
844 1675 1002 1705 precantur.

208 1717 316 1746 tametsi
331 1717 453 1745 honestis
463 1721 544 1752 atque
559 1717 672 1752 integris
685 1717 808 1745 moribus
824 1724 884 1745 esse
892 1717 1001 1744 videan-

207 1769 262 1796 tur,
277 1772 366 1800 neque
379 1764 530 1799 quidquam
553 1764 672 1791 habeant
686 1764 758 1798 quod
784 1763 838 1791 illis
853 1763 1002 1798 objiciant;

208 1818 262 1838 non
273 1811 371 1846 stupri,
389 1818 443 1837 non
460 1809 596 1842 adulterii,
617 1817 672 1836 non
696 1809 822 1836 avaritia:
842 1809 945 1836 crimen
961 1809 1002 1835 ul-

207 1855 276 1887 lum,
290 1855 342 1882 nisi
354 1855 407 1882 hoc
422 1854 566 1886 duntaxat,
582 1853 654 1889 quod
671 1853 800 1881 Ecclesiae.
811 1853 1004 1884 communione

207 1902 377 1929 continetur.
394 1901 440 1928 Est
451 1901 503 1927 hoc
518 1907 595 1933 vero,
615 1900 653 1927 uti
670 1900 802 1932 diximus,
824 1899 1002 1932 horrendum,

207 1948 426 1976 Christianorum
454 1950 625 1974 commutare
646 1953 757 1980 nomen,
778 1946 825 1981 qui
852 1945 880 1972 in
904 1950 1003 1973 sancta

209 1994 330 2021 Ecclesia
343 1996 501 2026 censentur,
529 2000 590 2027 quae
613 1993 672 2020 sola
687 1992 790 2020 Christi
822 1996 850 2020 et
869 1992 1001 2020 ulti-istia-

208 2047 307 2067 norum
330 2039 512 2074 appellatione
528 2042 666 2070 contenta.
683 2037 832 2066 ascititium
849 2046 930 2065 omne
951 2046 1002 2066 no-

208 2091 270 2112 men
302 2085 416 2119 respuit.
438 2083 490 2112 Pro
505 2084 562 2116 illo,
592 2084 715 2120 inquam,
733 2084 844 2111 nomine
862 2083 1003 2112 Audianos

207 2129 350 2164 appellari,
371 2129 506 2157 coitiones
535 2129 606 2156 inter
634 2136 664 2156 se
689 2128 788 2160 facere,
812 2136 844 2156 ac
869 2133 1002 2156 tesseram

208 2175 275 2202 meri
302 2175 422 2203 hominis
452 2175 563 2202 nomine
587 2175 749 2210 inscriptam
772 2175 892 2209 exigere.
921 2173 1000 2206 llaec,

208 2222 331 2258 inquam,
346 2221 458 2249 minimc
473 2221 668 2253 ferendasunt,
681 2222 806 2257 quamvis
818 2221 919 2255 alioqui
933 2222 1002 2248 inte-

207 2268 344 2302 gerrimus
367 2267 402 2295 sit
420 2267 562 2295 hominum
579 2267 624 2294 ille
641 2271 810 2299 conventus;
831 2270 913 2301 atque
926 2266 1001 2294 Ouini

1055 1670 1095 1698 ὅτι
1112 1670 1161 1697 οὐκ
1177 1669 1301 1705 εὔχονται
1318 1671 1387 1705 μετά
1400 1679 1482 1702 τινος,
1493 1670 1544 1697 κᾶν
1557 1679 1585 1697 τε
1601 1671 1655 1697 τῶν
1665 1671 1788 1707 δοκίμων
1802 1682 1852 1706 σα-

1055 1716 1098 1751 νῇ.
1114 1715 1162 1742 καὶ
1185 1715 1268 1750 μηδὲν
1287 1716 1328 1747 εἰς
1344 1716 1530 1751 κατηγόρησιν
1548 1715 1674 1751 ἐχόντων,
1696 1717 1766 1752 μηδὲ
1785 1717 1851 1753 μέμ.-

1054 1761 1100 1796 qm
1126 1761 1254 1797 πορνείας
1274 1761 1291 1797 ἢ
1313 1762 1436 1796 μοιχείας
1458 1761 1475 1796 ἦ
1503 1761 1669 1794 πλεονεξίας,
1684 1762 1741 1789 ἀλλ’
1767 1763 1810 1790 ὅτι
1836 1765 1850 1790 ὀ

1055 1806 1176 1838 τοιοῦτος
1190 1808 1218 1834 ἐν
1227 1809 1259 1842 τῇ
1277 1807 1425 1843 Ἐκκλησία
1433 1807 1588 1842 συνάγεται.
1599 1808 1654 1834 Καὶ
1662 1807 1742 1835 τοῦτό
1751 1809 1812 1836 ἐστι
1820 1809 1849 1836 τὸ

1055 1853 1179 1888 φοϐερὸν,
1190 1854 1221 1880 τὸ
1234 1854 1405 1890 παραλλάξαι
1419 1853 1504 1890 ὄνομα
1516 1854 1687 1890 Χριστιανῶν
1700 1855 1750 1892 τῆς
1768 1856 1849 1890 ἁγίας

1061 1899 1235 1934 Ἐκκλησίας,
1258 1899 1309 1934 τῆς
1333 1899 1370 1935 μὴ
1391 1899 1506 1935 ἐχούσης
1527 1900 1651 1928 ἐπίθετον
1666 1901 1764 1936 ὄνομα,
1782 1901 1849 1928 ἀλλὰ

1056 1945 1136 1980 μόνον
1146 1945 1232 1980 ὄνομα
1245 1945 1363 1981 Χριστοῦ
1381 1946 1428 1973 καὶ
1443 1946 1623 1982 Χριστιανῶν.
1638 1947 1679 1978 εὶς
1698 1947 1785 1983 ὄνομα
1796 1947 1849 1974 Αὑο

1054 1990 1110 2017 δίου
1140 1990 1292 2024 καλεῖσθαι,
1310 1991 1453 2018 συνθέσθαι
1472 2000 1501 2018 τε
1517 1991 1565 2018 καὶ
1582 1992 1759 2019 ἀπαιτεῖσθαι
1788 1993 1849 2019 σύν-

1054 2039 1130 2072 θημα
1151 2037 1326 2073 ἀνθρωπίνης
1349 2037 1466 2072 φύσεως,
1490 2039 1514 2064 εἰ
1533 2038 1580 2064 καὶ
1595 2038 1640 2065 ἐπὶ
1657 2038 1687 2065 τὸ
1699 2038 1848 2074 ἀκραιφνὲς

1054 2084 1097 2119 εἴη
1113 2084 1151 2119 τῷ
1173 2084 1232 2119 βίῳ,
1250 2084 1296 2110 καὶ
1308 2084 1382 2120 πάσῃ
1394 2085 1549 2121 δικαιοσύνῃ
1565 2085 1596 2111 τὸ
1608 2085 1702 2120 τάγμα
1718 2085 1848 2121 σεμνυνύ-

1056 2138 1146 2165 μενον.
1163 2130 1260 2157 Πολλοὶ
1278 2130 1307 2157 δὲ
1321 2131 1368 2157 καὶ
1386 2131 1454 2166 μετὰ
1467 2131 1516 2166 τὴν
1532 2130 1636 2158 ἐκείνου
1653 2131 1785 2167 τελευτὴν
1801 2139 1847 2165 γε-

1052 2177 1149 2211 γόνασι
1169 2177 1218 2204 σὺν
1237 2178 1328 2209 αὐτοῖς
1343 2186 1373 2204 τε
1398 2177 1444 2204 καὶ
1468 2178 1526 2213 μετ’
1547 2177 1629 2204 αὑτὸν
1644 2177 1691 2204 τοῦ
1708 2177 1847 2214 τάγματος

1053 2222 1136 2249 αὑτοῦ
1151 2223 1306 2252 ἐπίσκοποι.
1319 2223 1452 2258 Οὐράνιός
1470 2232 1511 2255 τις
1523 2223 1573 2258 τῆς
1586 2223 1680 2259 Μέσης
1695 2224 1750 2251 τῶν
1763 2232 1847 2251 πατα-

1055 2267 1122 2303 μῶν·
1142 2268 1190 2294 καὶ
1206 2269 1260 2294 ἀπὸ
1275 2269 1325 2304 τῆς
1347 2269 1458 2301 Γοτθίας
1474 2269 1502 2296 δὲ
1522 2269 1584 2304 ἔσχε
1613 2270 1698 2302 τινὰς,
1722 2271 1769 2297 καὶ
1785 2278 1847 2297 κατ-

207 2321 238 2342 se
263 2313 398 2348 probitate
420 2313 582 2348 iustitiaque
605 2313 735 2340 venditet.
762 2312 826 2339 l’ost
841 2312 914 2340 illius
938 2320 1001 2339 vero

1056 2314 1168 2349 έστησεν
1182 2315 1280 2346 αὐτοὺς
1294 2315 1469 2347 ἐπισκόπους·
1490 2316 1558 2343 ἀλλὰ
1574 2316 1620 2342 καὶ
1635 2316 1779 2348 Σιλουανὸς
1796 2325 1846 2348 τις.

207 2363 324 2388 mortem
353 2360 387 2387 ad
407 2362 534 2387 eumdem
558 2359 634 2386 illum
655 2363 756 2387 emtum
773 2359 912 2386 adhazsere
925 2366 1002 2386 com-

208 2405 300 2440 plures
315 2405 452 2440 cpiscopi,
468 2405 515 2432 sed
537 2405 563 2432 in
586 2405 682 2439 primis
699 2403 819 2432 Uranius
836 2405 862 2432 in
878 2404 1004 2440 Mesopo-

210 2450 305 2479 tamia.
325 2449 480 2483 Quinetiam
507 2457 540 2477 ex
561 2449 620 2484 ipsa
644 2449 755 2477 Gotthia
771 2449 822 2476 sibi
836 2449 939 2484 aliquot
956 2449 1004 2476 ad-

205 2495 308 2529 junxit,
333 2499 360 2522 et
373 2495 518 2529 episcopos
542 2496 697 2523 constituit.
719 2494 822 2522 Praeter
834 2502 904 2529 quos
919 2494 1002 2522 etiam

209 2541 337 2569 Silvanus
352 2545 378 2568 et
394 2541 440 2568 alii
468 2541 579 2576 quidam
592 2542 766 2574 exstiterunt,
783 2549 798 2568 e
815 2541 914 2577 quibus
936 2548 1003 2568 non-

209 2587 275 2615 nulli
303 2587 403 2614 mortui
420 2590 496 2620 sunt,
526 2592 553 2614 et
575 2587 646 2615 inter
669 2587 738 2615 alios
757 2586 886 2619 Uranius.
909 2587 1003 2622 quise

210 2634 238 2662 iu
268 2634 314 2661 illa
343 2633 422 2661 turba
439 2641 494 2669 prae
519 2633 627 2661 caeteris
655 2632 794 2661 eﬂerebat.
815 2633 917 2661 Verum
941 2636 1003 2668 post

208 2678 316 2713 Uranii,
339 2678 424 2714 828
436 2686 468 2706 ac
482 2678 592 2714 Sylvani
610 2678 638 2706 in
655 2677 766 2706 Gotthia
789 2677 912 2713 episcopi
928 2685 1003 2705 mor-

245 2756 254 2771 ι
273 2755 338 2791 Leg.
353 2755 541 2791 χαριέστερον.

1052 2360 1099 2386 καὶ
1117 2360 1192 2387 ἄλλοι
1211 2361 1295 2393 τινὲς,
1314 2358 1351 2388 ὧν
1371 2361 1528 2397 συμϐέϐηκὲ
1545 2371 1621 2394 τινας
1637 2362 1684 2388 τοῦ
1703 2362 1764 2397 βίου
1780 2363 1847 2390 παύ-

1053 2404 1161 2436 σασθαι,
1181 2406 1300 2440 μάλιστα
1316 2407 1458 2440 Οὐράνιον.
1475 2406 1560 2442 Ηῦχει
1579 2407 1632 2444 γὰρ
1648 2404 1725 2440 οὗτος
1745 2409 1846 2444 ἀναμέ-

1053 2459 1098 2477 cev
1111 2451 1234 2478 τοιούτου
1248 2453 1399 2487 τάγματος.
1413 2452 1491 2479 Μετὰ
1507 2453 1536 2479 δὲ
1558 2453 1607 2489 τὴν
1622 2453 1676 2479 τῶν
1690 2453 1846 2480 ἐπισκόπων

1053 2496 1143 2523 αὐτῶν
1157 2497 1260 2524 τούτων
1277 2497 1408 2534 Οὐρανίου
1433 2499 1480 2525 καὶ
1495 2498 1640 2525 Σιλουανοῦ
1657 2498 1704 2525 τοῦ
1731 2500 1764 2525 ἐκ
1783 2499 1844 2525 1‘0:—

1053 2541 1112 2574 θὶας
1125 2543 1263 2578 τελευτὴν,
1279 2543 1372 2570 πολλοὶ
1385 2543 1558 2579 διελύθησαν,
1573 2545 1620 2571 καὶ
1631 2545 1670 2576 εἰς
1682 2544 1771 2578 ὀλίγον
1782 2542 1844 2580 ἦλθε

1052 2586 1083 2613 τὸ
1096 2586 1198 2613 τούτων
1213 2587 1350 2623 σύστημα,
1368 2588 1396 2615 ἐν
1412 2597 1441 2615 τε
1459 2590 1515 2620 τοῖς
1538 2589 1633 2624 μέρεσι
1653 2588 1785 2621 Χαλκίδος
1798 2587 1844 2623 τῆς

1053 2633 1121 2668 πρὸς
1138 2634 1313 2669 Ἀντιοχείας,
1330 2636 1378 2662 καὶ
1392 2636 1421 2662 ὲν
1439 2637 1495 2667 τοῖς
1512 2636 1609 2671 μέρεσι
1625 2634 1672 2662 τοῦ
1690 2635 1832 2671 Εὐφράτου

1052 2679 1108 2705 Καὶ
1123 2678 1176 2714 γὰρ
1195 2680 1249 2706 ἀπὸ
1265 2680 1314 2715 τῆς
1329 2680 1349 2706 Γ
1350 2680 1442 2713 οτθίας
1457 2680 1623 2716 ἐδιώχθησαν
1637 2681 1662 2708 oi
1678 2681 1796 2714 πλείους,
1814 2679 1842 2708 οὗ

244 2815 476 2855 (28)“'E¢7_u3~dp
494 2815 533 2855 τῷ
556 2815 708 2855 ὄντιΖ-ίιξιιο
723 2814 868 2855 Epiphanii
902 2813 1021 2855 fortasse
1042 2814 1220 2850 temporibus.
1245 2814 1278 2842 At
1297 2819 1377 2844 aetate
1392 2815 1555 2845 Theodoreti
1588 2816 1776 2844 Audianorum
1793 2815 1841 2844 ista

211 2850 354 2884 discrpiiua
369 2851 397 2879 in
413 2850 551 2884 licentiam
565 2859 596 2880 ac
613 2851 753 2880 libidinem
766 2850 928 2878 desciverat.
