1931 3041
194 145 246 173 575

887 150 915 178 S.
937 150 1106 179 EPIPIIANII

1769 153 1836 182 575

230 198 280 226 Hic
291 198 427 228 Christum
440 208 456 228 a
468 201 601 238 principio
614 206 693 238 negat
703 203 848 238 exstitisse,
866 205 912 232 sed
923 205 979 240 jam

1065 207 1166 235 Φάσκει
1180 207 1208 234 δὲ
1220 203 1296 240 οὗτος
1306 228 1313 238 ,
1327 207 1454 244 ἀπαρχῆς
1478 208 1523 236 τὸν
1538 209 1654 244 Χριστὸν
1672 210 1711 246 μὴ
1728 208 1811 237 εἶναι
1821 229 1834 244 ,

195 250 252 274 tum
266 255 280 274 a
295 247 377 275 Maria
389 248 499 285 Virgine
512 249 618 277 initium
632 247 783 286 accepisse,
798 259 830 280 ac
846 257 980 280 recentem

196 301 271 321 esse:
288 301 321 320 ex
342 302 395 329 quo
407 294 535 329 Spiritus,
552 295 650 330 inquit,
668 300 779 325 sanctus
798 297 824 324 in
842 298 917 325 illum
935 297 982 326 de-

196 339 312 371 scendit,
326 343 353 366 et
366 347 380 366 e
396 338 497 374 Spiritu
511 345 606 368 sancto
619 341 726 377 genitus
740 347 792 369 est.
818 342 902 375 Quem
920 343 982 378 qui-

195 385 255 412 dem
274 383 405 419 Spiritum
424 390 549 413 sanctum
564 387 666 415 Christi
692 395 753 415 esse
778 392 870 422 putat,
893 387 982 415 audax

195 431 369 464 architectus,
394 437 420 459 et
442 433 606 466 caelestium,
632 442 692 468 qua:
715 442 841 462 sermone
853 434 981 469 explicari

195 482 343 512 nequeunt,
363 477 512 506 dimensor.
532 478 595 505 Fuit
617 479 660 506 hic
681 483 803 515 prompta
820 480 852 506 ad
869 479 982 514 loquen-

194 524 258 551 dum
275 530 307 551 ac
330 524 442 551 volubili
469 525 570 560 lingua,
587 525 655 557 adeo
676 529 706 552 ut
721 526 865 560 plerosque
884 526 982 552 verbo-

195 576 254 595 rum
279 569 336 604 ipsa
357 571 590 604 pronuntiatione,
614 576 640 598 et
666 571 773 599 dicendi
793 572 930 599 celeritate
954 572 980 598 in

194 613 316 641 fraudem
329 619 421 650 posset
433 615 580 650 impellere.
601 616 677 651 Smpe
692 617 763 644 enim
778 625 793 644 a
808 617 900 645 multis
912 616 982 643 refu-

195 663 267 687 tatus
282 665 334 692 est,
353 666 415 695 post
430 661 502 688 illam
520 661 562 689 sui
579 663 765 697 purgationem
780 670 861 697 quam
878 662 904 689 in
917 661 982 689 Sar-

194 705 299 734 dicensi
313 707 417 742 synodo
429 708 628 743 suscepit,cum
644 708 678 735 ab
692 708 828 743 episcopis
847 708 982 744 pestifera:

195 751 336 785 doctrina,
354 760 434 788 quam
453 757 641 788 proposuerat,
660 754 792 780 rationem
811 753 924 782 reddere
940 757 983 781 est

193 796 300 831 jussus.
330 797 435 825 Etenim
455 798 648 825 Constantium
667 799 857 833 imperatorem
877 799 982 833 adiens,

195 845 324 875 tanquam
337 842 430 877 inique
444 842 585 876 depositus
600 847 683 874 esset.
702 850 792 871 causa!
806 851 862 871 suae
874 843 983 879 judices

1032 253 1085 280 ἀπὸ
1102 253 1130 280 δὲ
1152 253 1260 289 Μαρίας
1285 254 1432 289 καὶιδεῦρο
1452 255 1533 281 αὑτὸν
1560 255 1707 291 ὑπάρχειν·
1728 257 1833 290 ἐξότε,

1032 299 1114 335 φησὶ,
1132 299 1162 326 τὸ
1184 299 1294 334 Πνεῦμα
1311 299 1342 326 τὸ
1366 299 1443 333 ἅγιον
1465 300 1580 335 ὲπῆλθεν
1597 301 1639 327 ἐπ’
1654 301 1753 333 αὐτὸν,
1774 301 1834 328 καὶ

1031 345 1162 380 ἐγεννήθη
1186 345 1218 371 ὲκ
1241 343 1399 380 Πνεύματος
1424 344 1512 379 ἁγίου.
1540 345 1576 371 Τὸ
1598 345 1627 371 δὲ
1651 345 1768 380 Πνεῦμα
1796 346 1834 371 τὺ

1032 390 1108 424 ἅγιόν
1124 399 1222 425 φησιν,
1238 390 1276 422 ὡς
1289 390 1423 426 τολμηρὸς
1441 390 1622 425 ἀρχιτέκτων,
1640 391 1764 426 νομίζειν
1783 388 1833 416 εἷ-

1031 445 1075 462 ναι
1087 435 1134 463 τοῦ
1149 435 1279 471 Χριστοῦ,
1296 436 1343 462 καὶ
1364 435 1401 467 ὡς
1427 435 1630 471 οὐρανομέτρης
1645 436 1698 462 τῶν
1712 436 1835 462 ἀνεκδι-

1031 481 1152 516 ηγήτων.
1160 481 1257 514 Γέγονε
1269 480 1298 507 δὲ
1305 478 1381 512 οὗτος
1395 482 1409 507 ὁ
1423 480 1552 512 Φωτεινὺς
1566 480 1644 512 λάλος
1651 480 1697 519 τὸν
1704 481 1832 516 τρόπον,

1031 526 1079 552 καὶ
1093 525 1252 561 ὠξυμμένος
1268 525 1317 561 τὴν
1337 525 1461 559 γλῶτταν
1472 545 1479 556 ,
1497 525 1610 556 πολλοὺς
1625 526 1654 552 δὲ
1667 526 1833 561 δυνάμενος

1031 572 1138 607 ἁπατᾷν
1160 573 1193 607 τῇ
1220 571 1266 598 τοῦ
1292 571 1372 605 λόγου
1405 572 1530 607 προφορᾷ
1558 572 1605 598 καὶ
1633 572 1830 607 ἑτοιμολοῖὶᾳ.

1032 616 1166 648 Πολλάκις
1179 616 1233 652 γὰρ
1247 616 1299 643 ὑπὸ
1316 616 1420 643 πολλῶν
1432 617 1608 652 ἐλεγχόμενος
1623 618 1670 644 καὶ
1685 617 1756 652 μετὰ
1770 618 1832 652 τὴν

1031 663 1092 689 τότε
1105 663 1254 698 γενομένην
1274 663 1302 689 ἐν
1315 664 1347 698 τῇ
1363 663 1479 699 Σαρδικῇ
1497 663 1580 690 αὑτοῦ
1603 663 1750 699 ἀπολογίᾳ,
1773 665 1832 690 ὅτε

1032 709 1086 735 ἀπὸ
1107 708 1161 734 τῶν
1181 707 1337 735 ἐπισκόπων
1360 708 1461 744 ἐκλήθη
1486 708 1577 735 δοῦναι
1593 708 1671 742 λόγον
1686 709 1750 744 περὶ
1769 709 1832 743 τῆς

1033 753 1079 780 ὑπ’
1092 752 1173 780 αὑτοῦ
1187 752 1387 788 προϐληθείσης
1401 753 1590 784 κακοπιστίας.
1607 753 1661 779 Καὶ
1675 753 1729 788 γὰρ
1742 750 1831 784 οὗτος

1032 798 1131 834 ἠξίωσε
1146 798 1334 825 Κωνστάντιον
1346 798 1393 824 τὸν
1405 798 1526 833 βασιλέα,
1541 798 1579 829 ὡς
1595 798 1683 834 μάτην
1698 799 1831 834 καθῃρη-

1035 844 1129 878 μένος,
1151 843 1226 874 ὅπως
1246 842 1384 878 ἀκροατὰς
1406 842 1483 869 λάϐοι
1499 841 1594 874 αὖθις,
1614 842 1661 869 τοῦ
1678 843 1831 876 ἀποδεῖξαι

195 895 228 914 ac
243 887 442 922 disceptatores
457 888 544 923 petiit,
565 889 665 924 quibus
683 888 784 917 frustra
799 890 851 918 sibi
866 890 981 925 abroga-

1042 888 1128 915 αυτὸν
1146 888 1234 923 μάτην
1255 887 1458 923 καθῃρημένον.
1480 888 1562 915 Ὅθεν
1582 889 1597 915 ὁ
1619 888 1667 924 μὲν
1692 888 1831 923 βασιλεὺς

195 937 253 960 tum
274 940 336 961 esse
361 934 544 962 sacerdotium
569 935 706 970 probaret.
732 935 773 964 οι)
793 936 818 963 id
835 936 983 971 imperator

194 978 302 1010 judiccs
318 978 404 1011 misit,
426 980 497 1015 apud
514 988 583 1015 quos
604 981 649 1009 ille
666 989 777 1009 causam
793 986 894 1017 ageret,
910 981 982 1009 Tha-

195 1025 309 1052 lassium
326 1029 353 1053 et
367 1025 521 1058 Datianum,
535 1027 699 1060 Cerealium,
719 1027 852 1062 Taurum,
871 1029 984 1056 Marcel-

196 1070 293 1102 linum,
303 1071 476 1103 Evanthium,
490 1071 643 1107 Olympium
662 1077 688 1100 et
702 1072 857 1104 Leontium,
875 1073 984 1100 datum-

195 1122 249 1150 que
268 1114 367 1142 Basilio
391 1115 536 1151 Ancyrano
556 1117 706 1152 negotium,
731 1121 761 1145 ut
776 1118 851 1146 illum
869 1118 985 1145 interro-

196 1165 283 1195 garet,
299 1165 326 1188 ct
337 1169 397 1196 qua;
410 1162 445 1190 ab
457 1169 489 1189 eo
500 1166 693 1198 purgarenlur,
708 1167 755 1190 aut
766 1163 984 1197 admitterentur,

196 1206 340 1235 refelleret.
353 1207 414 1235 Fuit
426 1216 490 1236 vero
505 1208 576 1236 haud
589 1209 735 1237 mediocris
750 1209 795 1236 illa
809 1216 871 1237 cum
885 1209 986 1237 Basilio

197 1256 324 1288 suscepta
350 1253 508 1288 disputatio.
548 1253 601 1281 Sed
625 1254 800 1289 nequissima:
821 1255 987 1283 mulierculae

198 1306 284 1331 more,
308 1307 368 1334 qua:
389 1299 458 1327 fucis
473 1300 592 1327 colorem
611 1300 755 1334 adulterat,
784 1290 934 1330 sententias
958 1301 987 1328 in

198 1345 361 1380 disputando
376 1346 521 1373 nonnullas
536 1346 690 1380 injiciebat:
706 1354 775 1381 quas
790 1354 806 1374 a
820 1354 903 1374 sensu
916 1346 988 1374 veri-

199 1391 264 1420 tatis
280 1390 456 1418 abhorrentes
473 1390 618 1424 depravata
635 1398 685 1418 sua
701 1391 878 1426 intelligentia
893 1398 989 1418 corru-

199 1440 286 1471 perat.
316 1435 369 1463 Sed
384 1436 518 1464 sermonis
534 1436 680 1464 calliditate
703 1444 734 1464 ac
758 1437 886 1472 loquendi
902 1436 988 1464 facili-

1032 935 1092 961 κατ*
1116 934 1204 961 ἐκεῖνο
1227 933 1323 970 καιροῦ
1344 933 1480 969 ἐξέπεμψε
1497 933 1595 969 κριτὰς
1619 934 1667 961 καὶ
1682 934 1829 969 ἀκροατὰς

1032 979 1083 1014 τῆς
1095 979 1178 1006 αὑτοῦ
1194 979 1344 1015 μελλούσης
1366 979 1475 1007 ἔσεσθαι
1494 980 1650 1014 ἀπολογίας,
1670 980 1830 1007 Θαλάσσιον

1033 1026 1080 1052 καὶ
1104 1025 1232 1052 Δατιανδν
1255 1025 1300 1052 καὶ
1314 1024 1460 1060 Κερεάλιον
1482 1025 1528 1052 καὶ
1548 1024 1654 1061 Ταῦρον
1673 1025 1722 1052 καὶ
1743 1026 1829 1061 Μαρ-

1034 1071 1153 1098 κελλῖνον
1173 1072 1220 1099 καὶ
1241 1071 1370 1099 Εὑάνθιον
1388 1072 1435 1098 καὶ
1454 1072 1599 1107 Ὀλύμπιον
1622 1072 1670 1098 καλ⁹
1683 1072 1828 1102 Λεόντιον,

1035 1117 1175 1144 Βασιλείου
1191 1117 1239 1144 τοῦ
1261 1117 1441 1152 ’Λγκυριανοῦ
1456 1118 1504 1149 τὰς
1521 1117 1604 1144 αὑτοῦ
1618 1117 1729 1149 πεύσεις
1753 1118 1830 1153 ἐρω-

1034 1164 1145 1196 τῶντος,
1170 1164 1217 1190 καὶ
1235 1163 1419 1197 ἀντιλέγοντος
1442 1165 1498 1195 τοῖς
1516 1163 1561 1189 ὑπ’
1577 1163 1660 1190 αὐτοῦ
1679 1163 1829 1199 μέλλουσιν

1035 1209 1238 1244 ἀπολογεῖσθαι.
1260 1209 1277 1245 ἢ
1302 1209 1350 1237 καὶ
1375 1209 1582 1245 καταδέχεσθαι.
1609 1209 1646 1236 Οὐ
1669 1209 1770 1245 μικρὰν
1795 1209 1828 1235 δὲ

1035 1255 1152 1289 διάλεξιν
1172 1255 1240 1291 πρὸς
1260 1254 1306 1282 τὸν
1327 1254 1408 1282 αὐτὸν
1435 1254 1565 1289 βασιλέα¹
1579 1255 1742 1290 ἐποιήσατοο
1763 1254 1828 1281 ἀλλ’

1036 1300 1130 1337 ὥσπερ
1144 1300 1403 1337 παρατετριμμένης
1415 1300 1520 1336 φαύλης
1532 1300 1658 1335 γυναικὸς
1670 1300 1700 1327 τὺ
1712 1301 1826 1336 χρῶμα,

1036 1346 1080 1374 διὰ
1094 1346 1148 1373 τῶν
1163 1346 1249 1381 λόγων
1260 1345 1342 1373 αὑτοῦ
1360 1345 1515 1382 παρέφερεν
1529 1347 1558 1373 ὲν
1573 1347 1606 1381 τῇ
1621 1346 1736 1378 διαλέξει
1752 1346 1827 1381 ῥητὰ

1037 1391 1177 1418 ἁσύστατα
1198 1391 1265 1426 προς
1280 1390 1329 1428 τὴν
1347 1390 1467 1417 διάνοιαν
1484 1391 1533 1426 τῆς
1549 1390 1696 1426 ἀληθείας,
1711 1390 1776 1417 ὄντα
1796 1390 1828 1417 δὲ

1038 1435 1121 1462 αὑτοῦ
1134 1436 1168 1471 τῇ
1184 1435 1272 1471 ἐννοίᾳ
1286 1435 1556 1470 παραπεποιημένως
1570 1435 1712 1470 νοούμενα.
1730 1435 1780 1462 Διὰ
1796 1435 1827 1462 δὲ

199 1486 254 1509 tate
268 1481 301 1509 ad
329 1482 372 1509 sui
388 1481 599 1517 auditorumque
617 1482 803 1517 deceptionem
816 1490 877 1510 eum
893 1482 988 1517 primis

1042 1481 1088 1516 τῆς
1101 1480 1242 1516 ἁπατηλῆς
1264 1481 1346 1508 αὑτοῦ
1361 1480 1482 1516 φθογγῆς
1498 1481 1543 1507 καὶ
1569 1481 1765 1516 ἑτοιμολογιας,
1784 1482 1828 1513 εἰς

201 1528 362 1559 instructus,
373 1527 454 1554 etiam
471 1528 535 1554 illud
548 1527 653 1562 jactare
664 1532 824 1563 arroganter
837 1535 921 1555 ausus
935 1532 987 1558 est.

1042 1525 1210 1561 κατασκευὴν
1230 1525 1313 1552 αὑτοῦ
1337 1534 1366 1552 τε
1391 1525 1439 1553 καὶ
1462 1526 1517 1552 τῶν
1538 1527 1692 1553 ἀκουόντων
1711 1526 1756 1553 διὰ
1774 1527 1828 1561 τῆς

200 1577 309 1600 centum
327 1579 356 1600 se
381 1572 530 1608 Scripturae
556 1573 722 1600 testimoniis
740 1573 895 1608 opinionem
912 1580 989 1600 suam

1042 1572 1163 1607 γλώσσης
1183 1571 1273 1598 αὐτῶν
1286 1571 1487 1607 ἡτοιμασμένος
1497 1591 1505 1604 ,
1521 1572 1568 1599 καλ¹
1583 1572 1651 1608 μετὰ
1667 1572 1828 1607 καυχήσεως

201 1625 263 1646 esse
275 1618 461 1653 probaturum.
479 1618 555 1646 Multi
569 1617 642 1646 enim
658 1617 789 1646 adversus
800 1618 876 1645 illum
890 1618 917 1645 in
934 1625 991 1645 cer-

203 1667 293 1690 tamen
315 1663 524 1695 descendcrunt,
548 1667 578 1690 ut
600 1663 627 1690 in
649 1664 719 1691 actis
741 1663 894 1691 collationis
917 1662 990 1690 illius

202 1716 264 1740 cum
283 1708 383 1738 Basilio
395 1709 557 1744 reperimus,
577 1717 637 1744 qua:
650 1716 665 1735 a
687 1709 801 1737 notariis
812 1713 922 1744 excepta
937 1712 989 1741 est.

204 1755 307 1792 Anysio
333 1755 505 1790 imperatoris
529 1755 685 1789 ministro‘,
709 1760 737 1782 et
752 1754 898 1783 Callicrate
912 1762 992 1782 exce-

203 1805 281 1836 ptore
296 1800 387 1828 Ruﬁni
401 1801 533 1836 praefecti,
548 1801 683 1837 Olympio,
700 1801 783 1836 830
795 1801 899 1832 Niceta,
916 1800 992 1828 Basi-

203 1846 251 1879 lio,
258 1846 305 1881 qui
322 1850 401 1874 erant
409 1853 424 1872 a
433 1846 572 1877 memoria,
584 1846 704 1881 Eutyche
711 1851 739 1873 et
747 1846 885 1873 Theodqu
899 1845 991 1873 Basilii

204 1891 330 1922 notariis.
355 1891 460 1924 Quibus
479 1891 606 1919 omnibus
627 1891 798 1927 perscriptis,
816 1895 906 1918 tomus
921 1898 992 1919 unus

205 1935 366 1971 obsignatus
389 1935 422 1962 ad
448 1935 637 1970 imperatorem
657 1936 866 1963 Constantinum
892 1936 993 1964 missus

206 1985 266 2014 est;
287 1981 357 2008 alius
379 1988 462 2015 penes
483 1982 628 2018 synodum.
651 1982 695 2009 cui
716 1981 832 2010 Basilius
851 1983 992 2015 intererat,

207 2027 350 2055 remansit.
371 2027 492 2055 Tertium
507 2028 620 2063 perinde
634 2029 807 2063 obsignatum
822 2029 893 2064 apud
904 2037 933 2058 se
947 2037 995 2057 co-

207 2071 287 2102 mites
301 2071 467 2106 habuerunt,
482 2073 527 2100 ubi
539 2076 594 2100 tota
610 2073 683 2101 illius
706 2073 842 2109 dogmatis
859 2075 994 2110 expositio

208 2117 406 2147 continebatur.

1041 1617 1168 1653 περὶτῆς
1180 1617 1332 1649 ὑποθέσεως
1347 1618 1444 1644 ἑκατὸν
1461 1618 1614 1654 μαρτυρίας
1629 1618 1722 1654 φέρειν
1737 1620 1750 1645 ό
1764 1627 1828 1652 γεν-

1040 1665 1121 1696 νάδας
1143 1663 1333 1699 ἐπηγγείλατο.
1358 1664 1414 1690 Καὶ
1436 1664 1492 1700 γὰρ
1516 1663 1592 1690 τῶν³
1619 1664 1663 1690 ἀεὶ
1695 1663 1827 1695 πολλάκις

1041 1710 1109 1745 πρὸς
1121 1710 1201 1736 αὑτὸν
1215 1708 1440 1740 ἀντιῦαλλόντων,
1457 1709 1495 1740 ὡς
1507 1709 1554 1736 καὶ
1570 1709 1599 1735 ὲν
1615 1710 1648 1744 τῇ
1663 1709 1731 1744 πρὸς
1745 1708 1829 1735 Βασι-

1041 1756 1112 1783 λειον
1129 1755 1244 1788 διαλέξει
1259 1754 1391 1790 εὕρομεν,
1408 1755 1437 1781 ὲν
1454 1753 1495 1786 οἷς
1520 1755 1666 1781 ἐκέλευσαν
1688 1755 1828 1790 ταχυγράο

1042 1809 1101 1836 φοις
1117 1799 1243 1835 γράφειν,
1266 1799 1379 1834 Ἀνυσίῳ
1402 1799 1517 1834 διακόνῳ
1530 1799 1577 1826 τοῦ
1592 1799 1722 1834 βασιλέως
1736 1798 1745 1814 ⁸
1758 1799 1798 1834 (3i
1805 1800 1827 1832 ),

1042 1846 1089 1873 καὶ
1114 1845 1296 1881 Καλλικράτει
1325 1844 1491 1881 ὲκσκέπτορι
1517 1845 1585 1879 (52)
1614 1845 1755 1879 Ῥουιρίνου
1779 1844 1827 1870 τοῦ

1043 1891 1174 1926 ἐπάρχου,
1195 1891 1242 1917 καὶ
1263 1890 1402 1925 Ὀλυμπίῳ
1429 1890 1476 1916 καὶ
1502 1889 1609 1925 Νικήτῃ
1629 1890 1676 1916 καὶ
1696 1888 1829 1924 Βασιλείῳ

1042 1935 1224 1972 Μεμοραδίοις
1239 1936 1306 1971 (55),
1321 1937 1367 1963 καὶ
1378 1935 1502 1970 Εὑτυχεῖ,
1525 1935 1572 1962 καὶ
1584 1934 1731 1969 Θεοδούλῳ,
1749 1943 1829 1961 νοτα-

1044 1982 1112 2018 ρίοις
1127 1982 1175 2008 τοῦ
1189 1982 1329 2008 Βασιλείου
1342 1981 1412 2017 (54)·
1429 1982 1475 2008 καὶ
1488 1981 1628 2015 ἀπεστάλη
1643 1979 1829 2016 ἐσφραγισμέ-

1043 2036 1088 2059 νος
1115 2028 1197 2063 τόμος
1221 2025 1260 2060 εἷς
1286 2027 1324 2063 τῷ
1353 2027 1457 2062 βασιλεῖ
1485 2026 1717 2062 Κωνσταντίνῳυ·
1741 2024 1781 2057 εἷς
1800 2026 1829 2053 δὲ

1044 2073 1152 2109 ἔμεινεν
1172 2074 1201 2100 ἐν
1218 2075 1251 2109 τῇ
1266 2073 1337 2100 κατὰ
1351 2073 1489 2101 Βασίλειον
1507 2072 1622 2108 συνόδῳ·
1636 2073 1682 2099 καὶ
1696 2072 1775 2104 ἄλλος
1790 2071 1828 2098 τό-

1047 2127 1096 2154 μος
1121 2120 1189 2155 μετά
1211 2119 1265 2146 τῶν
1289 2119 1426 2154 κομήτων,
1448 2118 1578 2149 ὡσαύτως
1602 2118 1828 2155 ἐσφραγισμένος,

1045 2165 1083 2196 ὼς
1095 2165 1105 2180 ⁸
1122 2165 1156 2191 τὰ
1168 2165 1216 2199 τῆς
1231 2164 1314 2191 αὑτοῦ
1332 2164 1459 2196 ὑπονοίας
1474 2163 1636 2199 βεϐλημένα.

244 2206 275 2234 ll.
293 2206 378 2235 Porro
389 2214 450 2234 cum
464 2207 497 2235 de
511 2207 557 2235 illo
576 2207 694 2235 Basilius
716 2209 914 2242 sciscitaretur,
926 2217 989 2244 quo-

1083 2210 1120 2237 B’.
1144 2210 1242 2237 Εῖποτε
1256 2210 1310 2245 γὰρ
1326 2211 1340 2236 ὸ
1354 2210 1491 2241 Βασίλειος
1504 2209 1654 2245 ἠρώτησεν,
1668 2209 1709 2235 ὅτι
1726 2208 1786 2240 πῶς
1803 2208 1831 2235 αἱ

209 2253 291 2280 modo
314 2253 463 2289 Scriptura
483 2261 568 2282 sacrae
591 2255 625 2282 de
645 2254 759 2282 Domino
786 2262 818 2282 ac
838 2254 892 2282 Deo
909 2254 994 2282 Verbo

210 2298 350 2332 docerent,
369 2303 446 2327 «ante
464 2300 555 2327 omnia
570 2300 668 2328 saecula
681 2299 854 2337 Unigenitum
868 2301 953 2334 illum,
967 2305 995 2328 et

211 2413 223 2429 .
232 2377 427 2440 Basilii
442 2378 566 2406 diacono.
604 2379 615 2394 ¹
627 2378 690 2407 Cor.
705 2378 854 2409 Βασίλειον.

249 2467 304 2504 (³1)
318 2467 602 2504 ΑἎνζισίῳγδιακὸνῳ
629 2472 682 2499 τοῦ
701 2471 863 2504 βασιλέως.
885 2470 999 2498 Videtur

211 2502 508 2541 Βασιλεζου-Ιθετηδςό
532 2502 655 2533 nonnihil
674 2502 823 2541 suspensos
842 2502 892 2533 nos
913 2510 997 2537 tenet,

213 2538 285 2572 quod
300 2538 345 2576 hic
361 2537 452 2576 Basilii
468 2539 601 2576 diaconus
618 2537 781 2576 appellatur,
798 2541 926 2568 nimirum
942 2541 997 2566 An-

214 2573 319 2608 cyrani,
336 2573 381 2606 qui
409 2575 511 2610 actoris
536 2581 627 2609 partes
636 2573 796 2603 sustinebat
813 2585 819 2603 :
837 2583 869 2603 ac
885 2575 999 2610 proinde

215 2613 358 2645 suspectus
372 2616 433 2636 esse
447 2609 564 2637 Photino
579 2611 712 2638 diaconus
725 2611 797 2638 illius
812 2609 926 2645 poterat.

251 2643 306 2676 (52)
331 2644 539 2681 Καλλικράτει
549 2645 739 2681 ρκσκέπτορι.
762 2643 901 2681 Ἐτέαρχος
930 2653 998 2680 prte-

216 2677 314 2715 fcctum
331 2677 450 2715 praetorii
471 2677 1005 2715 signiﬁcat.Corn'ariusVt‘ro'pra'sidem

215 2713 315 2774 Feddit.
353 2713 523 2741 Crediderim
555 2714 713 2750 praefectum
743 2713 873 2751 przctorio
905 2716 1004 2752 Illyrici

229 2755 310 2774 uisse.

229 2755 310 2774 UISSG.

252 2783 317 2820 t3'5)_
335 2783 389 2809 Καὶ
406 2783 555 2820 Βαᾳινῐξ-ιῳ
574 2785 779 2820 Μεμβραδιόις.
802 2785 932 2815 Fortasse
949 2787 1004 2813 Με-

218 2818 370 2855 μοραρξοις,
392 2818 470 2851 quasi
497 2817 671 2847 Memorariu’s
699 2817 787 2852 vocet,
803 2822 849 2855 qui
868 2827 931 2848 sunt
947 2821 1004 2848 Mc-

216 2852 340 2884 mortalcs
354 2860 364 2879 :
375 2860 491 2888 quorum
503 2854 642 2889 proprium
653 2863 752 2884 munus
764 2852 822 2884 erat
839 2857 910 2892 leg-'5
925 2862 1003 2884 etre-

1048 2255 1119 2283 θεῖαι
1143 2257 1249 2292 Γραφαὶ
1271 2256 1426 2283 διδάσκουσι
1446 2255 1570 2291 περὶτοῦ
1585 2256 1686 2291 Κυρίου
1698 2255 1745 2281 τοῦ
1765 2254 1831 2281 Θεοῦ

1048 2302 1135 2336 Λόγου
1151 2302 1222 2337 ιπρὸ
1234 2301 1340 2328 αἰώνων
1351 2299 1420 2329 εῖναι
1432 2301 1628 2336 τὺνΜονογενῆ
1643 2302 1689 2328 καὶ
1705 2301 1754 2328 σὺν
1775 2302 1831 2328 Πα-

902 2378 989 2407 'F.x

1042 2388 1045 2405 ι
1059 2378 1125 2406 τῶν.
1161 2378 1173 2394 ⁵
1189 2377 1252 2406 Cor.
1270 2378 1409 2406 Βασιλείου
1423 2378 1497 2415 legit.
1534 2379 1545 2395 '
1555 2378 1619 2407 Cor.
1640 2378 1831 2413 Κωνσταντιῳ.

1050 2470 1153 2505 scripta
1169 2469 1305 2504 excipere,
1321 2477 1353 2497 ac
1375 2469 1554 2503 perscribere.
1564 2469 1650 2505 AAliud
1664 2473 1706 2497 est
1721 2478 1834 2505 μεμορυ-

1049 2503 1147 2538 φύλαξ,
1162 2509 1188 2532 et
1205 2503 1354 2540 μέμορίτης
1378 2505 1405 2531 in
1427 2505 1543 2532 concilio
1558 2503 1698 2536 Chalced.,
1721 2503 1776 2532 act.
1791 2503 1832 2538 iv;

1049 2540 1100 2566 hoc
1115 2544 1156 2567 est
1169 2540 1182 2566 ὁ
1197 2541 1225 2566 ὲν
1243 2539 1383 2576 μεμορίοις
1395 2539 1538 2576 κατοικῷν.
1558 2539 1618 2576 ραι
1634 2539 1666 2567 ad
1686 2540 1834 2576 memorias

1049 2579 1202 2609 martyrum
1219 2579 1245 2601 et
1267 2574 1294 2602 in
1311 2574 1435 2602 ecclesiis
1455 2575 1553 2602 ibidem
1569 2574 1708 2602 collocatis
1721 2575 1833 2602 habitat.

1085 2610 1141 2646 (54)
1157 2610 1310 2644 Νοταρίοις
1328 2609 1382 2646 τοῦ
1404 2609 1575 2646 Βαοςιτζείου.
1599 2609 1662 2646 Cor.
1684 2609 1833 2646 βασιλέως.

1050 2644 1209 2672 Habuerunt
1229 2649 1317 2671 tamen
1342 2645 1368 2671 in
1390 2644 1515 2671 conciliis
1528 2650 1554 2670 et
1570 2644 1690 2678 episcopi
1712 2645 1833 2671 notarios

1058 2689 1139 2711 suos,
1162 2685 1243 2714 atque
1264 2685 1469 2714 cxceploresrac
1491 2678 1575 2705 ferme
1593 2679 1735 2711 diaconos,
1757 2682 1787 2705 ut
1803 2686 1832 2705 cx

1057 2715 1186 2743 Chalcetl.
1200 2713 1278 2741 conc.
1292 2718 1409 2741 constat.
1424 2713 1476 2740 Sed
1491 2718 1517 2740 ct
1531 2713 1601 2748 apud
1616 2714 1729 2747 August.
1746 2713 1794 2740 lib.
1805 2721 1833 2740 ut

1055 2755 1147 2777 contra
1162 2750 1293 2777 Cresceut.
1310 2757 1369 2782 cap.
1385 2748 1418 2775 99
1442 2751 1468 2774 in
1491 2747 1562 2774 Actis
1585 2748 1767 2775 consularibus
1786 2747 1834 2775 sub

1055 2785 1214 2820 chophilu,
1239 2783 1423 2810 Numliuarius
1440 2783 1551 2820 “Silvani
1572 2783 1725 2811 Cirthensis
1748 2782 1833 2811 Dona-

1055 2818 1273 2848 tisttc‘diaconus
1289 2823 1417 2854 exceptor
1431 2818 1540 2845 dicitur.
