  <div class='ocr_page' id='page_1' title='image "/cluster/home/n/w/nwhite01/storage/ocr_20150623/42/njp.32101077772588/202.png"; bbox 0 0 1931 3041; ppageno 0'>
   <div class='ocr_carea' id='block_1_1' title="bbox 87 163 148 190">
    <p class='ocr_par' dir='ltr' id='par_1_1' title="bbox 87 163 148 190">
     <span class='ocr_line' id='line_1_1' title="bbox 87 163 148 190; baseline -0.016 0"><span class='ocrx_word' id='word_1_1' title='bbox 87 163 148 190; x_wconf 80' lang='grc'><strong>577</strong></span> 
     </span>
    </p>
   </div>
   <div class='ocr_carea' id='block_1_2' title="bbox 428 161 890 192">
    <p class='ocr_par' dir='ltr' id='par_1_2' title="bbox 428 162 883 192">
     <span class='ocr_line' id='line_1_2' title="bbox 428 162 883 192; baseline 0.002 -2"><span class='ocrx_word' id='word_1_2' title='bbox 428 162 610 191; x_wconf 79' lang='lat' dir='ltr'><strong>ADVERSUS</strong></span> <span class='ocrx_word' id='word_1_3' title='bbox 631 163 801 191; x_wconf 62' lang='lat' dir='ltr'><strong>IIxERESES</strong></span> <span class='ocrx_word' id='word_1_4' title='bbox 821 164 883 192; x_wconf 83' lang='lat' dir='ltr'><strong>LIB.</strong></span> 
     </span>
    </p>
   </div>
   <div class='ocr_carea' id='block_1_3' title="bbox 942 161 1429 192">
    <p class='ocr_par' dir='ltr' id='par_1_3' title="bbox 945 161 1429 192">
     <span class='ocr_line' id='line_1_3' title="bbox 945 161 1429 192; baseline -0.006 0"><span class='ocrx_word' id='word_1_5' title='bbox 945 185 952 192; x_wconf 92' lang='lat'><strong>.</strong></span> <span class='ocrx_word' id='word_1_6' title='bbox 983 165 1063 192; x_wconf 73' lang='lat' dir='ltr'><strong>T0“.</strong></span> <span class='ocrx_word' id='word_1_7' title='bbox 1085 163 1104 192; x_wconf 93' lang='grc' dir='ltr'><strong>Ι.</strong></span> <span class='ocrx_word' id='word_1_8' title='bbox 1125 179 1159 184; x_wconf 94' lang='grc'><strong><em>-</em></strong></span> <span class='ocrx_word' id='word_1_9' title='bbox 1178 163 1314 192; x_wconf 70' lang='lat' dir='ltr'><strong>llAillES.</strong></span> <span class='ocrx_word' id='word_1_10' title='bbox 1335 161 1429 190; x_wconf 73' lang='lat' dir='ltr'><strong>LXXI.</strong></span> 
     </span>
    </p>
   </div>
   <div class='ocr_carea' id='block_1_4' title="bbox 1673 159 1729 189">
    <p class='ocr_par' dir='ltr' id='par_1_4' title="bbox 1673 159 1729 189">
     <span class='ocr_line' id='line_1_4' title="bbox 1673 159 1729 189; baseline -0.018 -1"><span class='ocrx_word' id='word_1_11' title='bbox 1673 159 1729 189; x_wconf 74' lang='lat'><strong>378</strong></span> 
     </span>
    </p>
   </div>
   <div class='ocr_carea' id='block_1_5' title="bbox 88 219 890 259">
    <p class='ocr_par' dir='ltr' id='par_1_5' title="bbox 88 219 890 259">
     <span class='ocr_line' id='line_1_5' title="bbox 88 219 890 259; baseline 0.004 -11"><span class='ocrx_word' id='word_1_12' title='bbox 88 221 144 254; x_wconf 73' lang='grc' dir='ltr'>τρε</span> <span class='ocrx_word' id='word_1_13' title='bbox 151 230 159 236; x_wconf 92' lang='grc'>·</span> <span class='ocrx_word' id='word_1_14' title='bbox 175 231 185 247; x_wconf 73' lang='grc' dir='ltr'><strong>ι</strong></span> <span class='ocrx_word' id='word_1_15' title='bbox 203 222 218 249; x_wconf 85' lang='lat'><strong>6</strong></span> <span class='ocrx_word' id='word_1_16' title='bbox 230 219 364 254; x_wconf 74' lang='grc' dir='ltr'>Φωτεινὸς</span> <span class='ocrx_word' id='word_1_17' title='bbox 377 221 427 258; x_wconf 78' lang='grc' dir='ltr'>μὲν</span> <span class='ocrx_word' id='word_1_18' title='bbox 440 222 486 250; x_wconf 73' lang='grc' dir='ltr'>τὸν</span> <span class='ocrx_word' id='word_1_19' title='bbox 506 223 585 257; x_wconf 81' lang='grc' dir='ltr'>λόγον</span> <span class='ocrx_word' id='word_1_20' title='bbox 598 223 716 258; x_wconf 77' lang='grc' dir='ltr'>ἐδέχετο,</span> <span class='ocrx_word' id='word_1_21' title='bbox 729 224 764 250; x_wconf 81' lang='grc' dir='ltr'>τὰ</span> <span class='ocrx_word' id='word_1_22' title='bbox 784 225 834 259; x_wconf 83' lang='grc' dir='ltr'>μὲν</span> <span class='ocrx_word' id='word_1_23' title='bbox 852 226 890 256; x_wconf 82' lang='grc' dir='ltr'>εἰς</span> 
     </span>
    </p>
   </div>
   <div class='ocr_carea' id='block_1_6' title="bbox 942 219 1730 259">
    <p class='ocr_par' dir='ltr' id='par_1_6' title="bbox 943 220 1730 256">
     <span class='ocr_line' id='line_1_6' title="bbox 943 220 1730 256; baseline -0.004 -4"><span class='ocrx_word' id='word_1_24' title='bbox 943 232 1004 252; x_wconf 89' lang='lat' dir='ltr'><strong>cum</strong></span> <span class='ocrx_word' id='word_1_25' title='bbox 1022 225 1100 252; x_wconf 79' lang='lat' dir='ltr'><strong>Patre</strong></span> <span class='ocrx_word' id='word_1_26' title='bbox 1114 225 1231 256; x_wconf 66' lang='lat' dir='ltr'><strong>fuisse,»</strong></span> <span class='ocrx_word' id='word_1_27' title='bbox 1250 223 1384 251; x_wconf 80' lang='lat' dir='ltr'><strong>Photinus</strong></span> <span class='ocrx_word' id='word_1_28' title='bbox 1409 221 1529 249; x_wconf 79' lang='lat' dir='ltr'><strong>adhibita</strong></span> <span class='ocrx_word' id='word_1_29' title='bbox 1555 220 1730 249; x_wconf 74' lang='lat' dir='ltr'><strong>distinctione</strong></span> 
     </span>
    </p>
   </div>
   <div class='ocr_carea' id='block_1_7' title="bbox 90 267 894 304">
    <p class='ocr_par' dir='ltr' id='par_1_7' title="bbox 90 267 894 304">
     <span class='ocr_line' id='line_1_7' title="bbox 90 267 894 304; baseline 0.002 -10"><span class='ocrx_word' id='word_1_30' title='bbox 90 267 221 303; x_wconf 76' lang='grc' dir='ltr'>Χριστὸν</span> <span class='ocrx_word' id='word_1_31' title='bbox 235 269 286 303; x_wconf 76' lang='grc' dir='ltr'>τὴν</span> <span class='ocrx_word' id='word_1_32' title='bbox 298 268 430 304; x_wconf 67' lang='grc' dir='ltr'>διαίρεσιν</span> <span class='ocrx_word' id='word_1_33' title='bbox 450 268 628 304; x_wconf 78' lang='grc' dir='ltr'><strong>προσάπτων,</strong></span> <span class='ocrx_word' id='word_1_34' title='bbox 641 269 677 295; x_wconf 75' lang='grc' dir='ltr'>τὰ</span> <span class='ocrx_word' id='word_1_35' title='bbox 691 269 720 296; x_wconf 82' lang='grc' dir='ltr'><strong>δὲ</strong></span> <span class='ocrx_word' id='word_1_36' title='bbox 735 270 775 300; x_wconf 82' lang='grc' dir='ltr'><strong>είς</strong></span> <span class='ocrx_word' id='word_1_37' title='bbox 789 269 835 296; x_wconf 81' lang='grc' dir='ltr'><strong>τὸν</strong></span> <span class='ocrx_word' id='word_1_38' title='bbox 846 270 894 296; x_wconf 83' lang='grc' dir='ltr'>Λό-</span> 
     </span>
    </p>
   </div>
   <div class='ocr_carea' id='block_1_8' title="bbox 90 313 893 349">
    <p class='ocr_par' dir='ltr' id='par_1_8' title="bbox 90 313 893 349">
     <span class='ocr_line' id='line_1_8' title="bbox 90 313 893 349; baseline 0.001 -10"><span class='ocrx_word' id='word_1_39' title='bbox 90 321 147 346; x_wconf 80' lang='grc' dir='ltr'><strong>γον</strong></span> <span class='ocrx_word' id='word_1_40' title='bbox 172 313 305 340; x_wconf 83' lang='grc' dir='ltr'><strong>ἀνωτάτω</strong></span> <span class='ocrx_word' id='word_1_41' title='bbox 325 313 541 349; x_wconf 80' lang='grc' dir='ltr'>ἀναλογοὺμενα.</span> <span class='ocrx_word' id='word_1_42' title='bbox 561 313 598 340; x_wconf 80' lang='lat' dir='ltr'><strong><em>T6</em></strong></span> <span class='ocrx_word' id='word_1_43' title='bbox 621 314 675 349; x_wconf 84' lang='grc' dir='ltr'><strong>γὰρ</strong></span> <span class='ocrx_word' id='word_1_44' title='bbox 688 335 695 346; x_wconf 83' lang='grc'>,</span> <span class='ocrx_word' id='word_1_45' title='bbox 717 314 893 348; x_wconf 73' lang='grc' dir='ltr'><strong>Ποιήσωμεν·</strong></span> 
     </span>
    </p>
   </div>
   <div class='ocr_carea' id='block_1_9' title="bbox 92 357 893 393">
    <p class='ocr_par' dir='ltr' id='par_1_9' title="bbox 92 357 893 393">
     <span class='ocr_line' id='line_1_9' title="bbox 92 357 893 393; baseline 0.001 -9"><span class='ocrx_word' id='word_1_46' title='bbox 92 357 262 392; x_wconf 75' lang='grc' dir='ltr'><strong>ἄνθρωπον</strong></span> <span class='ocrx_word' id='word_1_47' title='bbox 280 358 342 385; x_wconf 73' lang='grc' dir='ltr'>κατ’</span> <span class='ocrx_word' id='word_1_48' title='bbox 357 359 460 385; x_wconf 81' lang='grc' dir='ltr'>εικόνα</span> <span class='ocrx_word' id='word_1_49' title='bbox 475 359 622 393; x_wconf 75' lang='grc' dir='ltr'><strong>ἡμετέραν</strong></span> <span class='ocrx_word' id='word_1_50' title='bbox 643 359 692 385; x_wconf 76' lang='grc' dir='ltr'>καὶ</span> <span class='ocrx_word' id='word_1_51' title='bbox 707 359 771 385; x_wconf 77' lang='grc' dir='ltr'>καθ’</span> <span class='ocrx_word' id='word_1_52' title='bbox 790 359 893 393; x_wconf 74' lang='grc' dir='ltr'>ὁμοίω-</span> 
     </span>
    </p>
   </div>
   <div class='ocr_carea' id='block_1_10' title="bbox 94 403 893 439">
    <p class='ocr_par' dir='ltr' id='par_1_10' title="bbox 94 403 893 439">
     <span class='ocr_line' id='line_1_10' title="bbox 94 403 893 439; baseline 0 -10"><span class='ocrx_word' id='word_1_53' title='bbox 94 410 165 435; x_wconf 68' lang='grc' dir='ltr'><strong>σιν,</strong></span> <span class='ocrx_word' id='word_1_54' title='bbox 190 403 231 438; x_wconf 84' lang='grc' dir='ltr'>τῷ</span> <span class='ocrx_word' id='word_1_55' title='bbox 252 403 332 438; x_wconf 84' lang='grc' dir='ltr'><strong>Λόγῳ</strong></span> <span class='ocrx_word' id='word_1_56' title='bbox 350 403 459 435; x_wconf 74' lang='grc' dir='ltr'>ἑαυτοῦ,</span> <span class='ocrx_word' id='word_1_57' title='bbox 486 403 580 439; x_wconf 74' lang='grc' dir='ltr'>φησὶν,</span> <span class='ocrx_word' id='word_1_58' title='bbox 596 405 610 430; x_wconf 98' lang='lat'><strong>6</strong></span> <span class='ocrx_word' id='word_1_59' title='bbox 625 403 720 439; x_wconf 87' lang='grc' dir='ltr'>Πατὴρ</span> <span class='ocrx_word' id='word_1_60' title='bbox 734 403 840 439; x_wconf 74' lang='grc' dir='ltr'>εἴρηκε.</span> <span class='ocrx_word' id='word_1_61' title='bbox 860 403 893 429; x_wconf 92' lang='grc' dir='ltr'>Τί</span> 
     </span>
    </p>
   </div>
   <div class='ocr_carea' id='block_1_11' title="bbox 95 446 893 484">
    <p class='ocr_par' dir='ltr' id='par_1_11' title="bbox 95 446 893 484">
     <span class='ocr_line' id='line_1_11' title="bbox 95 446 893 484; baseline 0.001 -10"><span class='ocrx_word' id='word_1_62' title='bbox 95 446 148 474; x_wconf 76' lang='grc' dir='ltr'>οὖν</span> <span class='ocrx_word' id='word_1_63' title='bbox 161 456 169 480; x_wconf 86' lang='grc'><strong>;</strong></span> <span class='ocrx_word' id='word_1_64' title='bbox 183 448 199 474; x_wconf 93' lang='lat'><strong>6</strong></span> <span class='ocrx_word' id='word_1_65' title='bbox 211 449 296 482; x_wconf 81' lang='grc' dir='ltr'>Λόγος</span> <span class='ocrx_word' id='word_1_66' title='bbox 319 449 348 475; x_wconf 81' lang='grc' dir='ltr'>ὲν</span> <span class='ocrx_word' id='word_1_67' title='bbox 369 448 408 484; x_wconf 84' lang='grc' dir='ltr'>τῷ</span> <span class='ocrx_word' id='word_1_68' title='bbox 432 449 535 484; x_wconf 78' lang='grc' dir='ltr'>Πατρὶ,</span> <span class='ocrx_word' id='word_1_69' title='bbox 550 449 642 484; x_wconf 75' lang='grc' dir='ltr'>φησὶν,</span> <span class='ocrx_word' id='word_1_70' title='bbox 655 446 705 484; x_wconf 82' lang='grc' dir='ltr'><strong>ἦν,</strong></span> <span class='ocrx_word' id='word_1_71' title='bbox 724 449 781 476; x_wconf 84' lang='grc' dir='ltr'>ἀλλ’</span> <span class='ocrx_word' id='word_1_72' title='bbox 795 450 846 475; x_wconf 82' lang='grc' dir='ltr'>οὐκ</span> <span class='ocrx_word' id='word_1_73' title='bbox 859 447 893 484; x_wconf 84' lang='grc' dir='ltr'>ἦν</span> 
     </span>
    </p>
   </div>
   <div class='ocr_carea' id='block_1_12' title="bbox 98 493 894 530">
    <p class='ocr_par' dir='ltr' id='par_1_12' title="bbox 98 493 894 530">
     <span class='ocr_line' id='line_1_12' title="bbox 98 493 894 530; baseline 0.001 -10"><span class='ocrx_word' id='word_1_74' title='bbox 98 493 179 525; x_wconf 74' lang='grc' dir='ltr'>Υἱός.</span> <span class='ocrx_word' id='word_1_75' title='bbox 195 494 260 524; x_wconf 66' lang='grc' dir='ltr'>Καὶ,</span> <span class='ocrx_word' id='word_1_76' title='bbox 275 494 395 528; x_wconf 78' lang='grc' dir='ltr'>Ἕϐρεεε</span> <span class='ocrx_word' id='word_1_77' title='bbox 408 494 516 528; x_wconf 82' lang='grc' dir='ltr'>Κύριος</span> <span class='ocrx_word' id='word_1_78' title='bbox 531 495 611 528; x_wconf 79' lang='grc' dir='ltr'>παρὰ</span> <span class='ocrx_word' id='word_1_79' title='bbox 624 495 745 529; x_wconf 79' lang='grc' dir='ltr'><strong>Κυρίου,</strong></span> <span class='ocrx_word' id='word_1_80' title='bbox 761 495 789 521; x_wconf 79' lang='grc' dir='ltr'>ὲν</span> <span class='ocrx_word' id='word_1_81' title='bbox 805 495 894 530; x_wconf 74' lang='grc' dir='ltr'>Πατρὶ</span> 
     </span>
    </p>
   </div>
   <div class='ocr_carea' id='block_1_13' title="bbox 97 537 894 574">
    <p class='ocr_par' dir='ltr' id='par_1_13' title="bbox 97 537 894 574">
     <span class='ocr_line' id='line_1_13' title="bbox 97 537 894 574; baseline 0.001 -9"><span class='ocrx_word' id='word_1_82' title='bbox 97 537 141 565; x_wconf 76' lang='grc' dir='ltr'><strong>ὣν</strong></span> <span class='ocrx_word' id='word_1_83' title='bbox 158 539 174 565; x_wconf 84' lang='lat'><strong>6</strong></span> <span class='ocrx_word' id='word_1_84' title='bbox 187 539 284 573; x_wconf 79' lang='grc' dir='ltr'>Λόγος.</span> <span class='ocrx_word' id='word_1_85' title='bbox 298 539 369 571; x_wconf 77' lang='grc' dir='ltr'><strong>Καὶ,</strong></span> <span class='ocrx_word' id='word_1_86' title='bbox 387 537 488 571; x_wconf 76' lang='grc' dir='ltr'><strong>Εἶδον,</strong></span> <span class='ocrx_word' id='word_1_87' title='bbox 504 539 571 574; x_wconf 72' lang='grc' dir='ltr'>φησὶ</span> <span class='ocrx_word' id='word_1_88' title='bbox 583 558 590 570; x_wconf 90' lang='grc'>,</span> <span class='ocrx_word' id='word_1_89' title='bbox 604 540 821 574; x_wconf 75' lang='grc' dir='ltr'><strong>κατερχόμενον</strong></span> <span class='ocrx_word' id='word_1_90' title='bbox 842 539 894 566; x_wconf 78' lang='grc' dir='ltr'><strong>ἐπ-</strong></span> 
     </span>
    </p>
   </div>
   <div class='ocr_carea' id='block_1_14' title="bbox 98 583 893 620">
    <p class='ocr_par' dir='ltr' id='par_1_14' title="bbox 98 583 893 620">
     <span class='ocr_line' id='line_1_14' title="bbox 98 583 893 620; baseline -0.001 -8"><span class='ocrx_word' id='word_1_91' title='bbox 98 583 166 611; x_wconf 71' lang='grc' dir='ltr'><strong>άνω</strong></span> <span class='ocrx_word' id='word_1_92' title='bbox 189 584 249 612; x_wconf 80' lang='grc' dir='ltr'><strong>τῶν</strong></span> <span class='ocrx_word' id='word_1_93' title='bbox 271 584 417 620; x_wconf 67' lang='grc' dir='ltr'><em>νεφελῶν,</em></span> <span class='ocrx_word' id='word_1_94' title='bbox 438 585 480 618; x_wconf 83' lang='grc' dir='ltr'>ὡς</span> <span class='ocrx_word' id='word_1_95' title='bbox 507 584 576 611; x_wconf 77' lang='grc' dir='ltr'><strong>Υίὸν</strong></span> <span class='ocrx_word' id='word_1_96' title='bbox 595 584 772 619; x_wconf 70' lang='grc' dir='ltr'>ἀνθρώπου*</span> <span class='ocrx_word' id='word_1_97' title='bbox 796 584 893 617; x_wconf 78' lang='grc' dir='ltr'>τοῦτο,</span> 
     </span>
    </p>
   </div>
   <div class='ocr_carea' id='block_1_15' title="bbox 99 629 893 666">
    <p class='ocr_par' dir='ltr' id='par_1_15' title="bbox 99 629 893 666">
     <span class='ocr_line' id='line_1_15' title="bbox 99 629 893 666; baseline 0 -10"><span class='ocrx_word' id='word_1_98' title='bbox 99 629 191 665; x_wconf 70' lang='grc' dir='ltr'>φησι,</span> <span class='ocrx_word' id='word_1_99' title='bbox 207 629 483 666; x_wconf 82' lang='grc' dir='ltr'>προκαταγγελτικῶς</span> <span class='ocrx_word' id='word_1_100' title='bbox 499 629 602 664; x_wconf 79' lang='grc' dir='ltr'>ἔλεγεν,</span> <span class='ocrx_word' id='word_1_101' title='bbox 628 629 678 664; x_wconf 81' lang='grc' dir='ltr'>οὐχ</span> <span class='ocrx_word' id='word_1_102' title='bbox 701 629 739 661; x_wconf 86' lang='grc' dir='ltr'>ὡς</span> <span class='ocrx_word' id='word_1_103' title='bbox 760 629 808 656; x_wconf 80' lang='grc' dir='ltr'>τοῦ</span> <span class='ocrx_word' id='word_1_104' title='bbox 827 629 893 656; x_wconf 86' lang='grc' dir='ltr'><strong>Υἱοῦ</strong></span> 
     </span>
    </p>
   </div>
   <div class='ocr_carea' id='block_1_16' title="bbox 99 674 894 710">
    <p class='ocr_par' dir='ltr' id='par_1_16' title="bbox 99 674 894 710">
     <span class='ocr_line' id='line_1_16' title="bbox 99 674 894 710; baseline 0.001 -9"><span class='ocrx_word' id='word_1_105' title='bbox 99 675 286 710; x_wconf 82' lang='grc' dir='ltr'>ὑπάρχοντος,</span> <span class='ocrx_word' id='word_1_106' title='bbox 299 675 367 702; x_wconf 79' lang='grc' dir='ltr'>ἀλλὰ</span> <span class='ocrx_word' id='word_1_107' title='bbox 380 675 412 710; x_wconf 81' lang='grc' dir='ltr'><strong>δὴ</strong></span> <span class='ocrx_word' id='word_1_108' title='bbox 426 675 441 701; x_wconf 83' lang='grc' dir='ltr'><strong>ὃ</strong></span> <span class='ocrx_word' id='word_1_109' title='bbox 455 674 566 710; x_wconf 69' lang='grc' dir='ltr'>ἔμελλεν</span> <span class='ocrx_word' id='word_1_110' title='bbox 581 674 646 706; x_wconf 66' lang='lat' dir='ltr'><strong>Tib;</strong></span> <span class='ocrx_word' id='word_1_111' title='bbox 667 674 809 702; x_wconf 81' lang='grc' dir='ltr'>καλεῖσθαι</span> <span class='ocrx_word' id='word_1_112' title='bbox 826 675 894 709; x_wconf 75' lang='grc' dir='ltr'>μετὰ</span> 
     </span>
    </p>
   </div>
   <div class='ocr_carea' id='block_1_17' title="bbox 99 720 894 757">
    <p class='ocr_par' dir='ltr' id='par_1_17' title="bbox 99 720 894 757">
     <span class='ocr_line' id='line_1_17' title="bbox 99 720 894 757; baseline -0.001 -9"><span class='ocrx_word' id='word_1_113' title='bbox 99 721 153 756; x_wconf 82' lang='grc' dir='ltr'>τὴν</span> <span class='ocrx_word' id='word_1_114' title='bbox 166 721 275 756; x_wconf 84' lang='grc' dir='ltr'><strong>Μαρίαν</strong></span> <span class='ocrx_word' id='word_1_115' title='bbox 284 741 291 752; x_wconf 84' lang='grc'><strong>.</strong></span> <span class='ocrx_word' id='word_1_116' title='bbox 304 721 352 748; x_wconf 71' lang='grc' dir='ltr'>καὶ</span> <span class='ocrx_word' id='word_1_117' title='bbox 364 721 425 748; x_wconf 80' lang='grc' dir='ltr'>ἀντὶ</span> <span class='ocrx_word' id='word_1_118' title='bbox 438 721 488 757; x_wconf 83' lang='grc' dir='ltr'>τῆς</span> <span class='ocrx_word' id='word_1_119' title='bbox 508 721 609 757; x_wconf 71' lang='grc' dir='ltr'>σαρκὸς</span> <span class='ocrx_word' id='word_1_120' title='bbox 624 720 738 753; x_wconf 83' lang='grc' dir='ltr'>ἀνιέναι,</span> <span class='ocrx_word' id='word_1_121' title='bbox 754 720 894 755; x_wconf 77' lang='grc' dir='ltr'>γεννηθεὶς</span> 
     </span>
    </p>
   </div>
   <div class='ocr_carea' id='block_1_18' title="bbox 99 765 892 801">
    <p class='ocr_par' dir='ltr' id='par_1_18' title="bbox 99 765 892 801">
     <span class='ocr_line' id='line_1_18' title="bbox 99 765 892 801; baseline 0 -10"><span class='ocrx_word' id='word_1_122' title='bbox 99 766 116 791; x_wconf 86' lang='lat'><strong>6</strong></span> <span class='ocrx_word' id='word_1_123' title='bbox 139 765 258 800; x_wconf 80' lang='grc' dir='ltr'>Χριστὸς</span> <span class='ocrx_word' id='word_1_124' title='bbox 279 766 312 792; x_wconf 77' lang='grc' dir='ltr'>ὲκ</span> <span class='ocrx_word' id='word_1_125' title='bbox 334 765 492 800; x_wconf 83' lang='grc' dir='ltr'>Πνεύματος</span> <span class='ocrx_word' id='word_1_126' title='bbox 513 766 595 800; x_wconf 82' lang='grc' dir='ltr'>ἁγίου</span> <span class='ocrx_word' id='word_1_127' title='bbox 616 766 663 792; x_wconf 81' lang='grc' dir='ltr'>καὶ</span> <span class='ocrx_word' id='word_1_128' title='bbox 685 765 739 792; x_wconf 84' lang='grc' dir='ltr'><strong>ἀπὸ</strong></span> <span class='ocrx_word' id='word_1_129' title='bbox 761 765 870 801; x_wconf 80' lang='grc' dir='ltr'><strong>Μαρίας</strong></span> <span class='ocrx_word' id='word_1_130' title='bbox 884 784 892 797; x_wconf 87' lang='grc'><em>,</em></span> 
     </span>
    </p>
   </div>
   <div class='ocr_carea' id='block_1_19' title="bbox 101 810 894 846">
    <p class='ocr_par' dir='ltr' id='par_1_19' title="bbox 101 810 894 846">
     <span class='ocr_line' id='line_1_19' title="bbox 101 810 894 846; baseline 0.001 -10"><span class='ocrx_word' id='word_1_131' title='bbox 101 811 331 845; x_wconf 81' lang='grc' dir='ltr'>προχρηστικῶς,</span> <span class='ocrx_word' id='word_1_132' title='bbox 351 811 432 846; x_wconf 81' lang='grc' dir='ltr'>φησὶ,</span> <span class='ocrx_word' id='word_1_133' title='bbox 447 810 482 837; x_wconf 83' lang='grc' dir='ltr'>τὰ</span> <span class='ocrx_word' id='word_1_134' title='bbox 503 810 594 838; x_wconf 82' lang='grc' dir='ltr'>πάντα.</span> <span class='ocrx_word' id='word_1_135' title='bbox 610 810 775 846; x_wconf 77' lang='grc' dir='ltr'>ἀναφέρεται</span> <span class='ocrx_word' id='word_1_136' title='bbox 791 811 831 842; x_wconf 83' lang='grc' dir='ltr'>εἱς</span> <span class='ocrx_word' id='word_1_137' title='bbox 845 811 894 837; x_wconf 80' lang='grc' dir='ltr'><strong>αὺ-</strong></span> 
     </span>
    </p>
   </div>
   <div class='ocr_carea' id='block_1_20' title="bbox 101 853 893 892">
    <p class='ocr_par' dir='ltr' id='par_1_20' title="bbox 101 853 893 892">
     <span class='ocr_line' id='line_1_20' title="bbox 101 853 893 892; baseline 0 -10"><span class='ocrx_word' id='word_1_138' title='bbox 101 855 150 882; x_wconf 77' lang='grc' dir='ltr'>τὸν</span> <span class='ocrx_word' id='word_1_139' title='bbox 167 856 304 891; x_wconf 76' lang='grc' dir='ltr'>ἀπαρχῆς,</span> <span class='ocrx_word' id='word_1_140' title='bbox 317 855 400 883; x_wconf 79' lang='grc' dir='ltr'>Οὔπω</span> <span class='ocrx_word' id='word_1_141' title='bbox 415 856 443 883; x_wconf 87' lang='grc' dir='ltr'><strong>δὲ</strong></span> <span class='ocrx_word' id='word_1_142' title='bbox 454 854 500 892; x_wconf 78' lang='grc' dir='ltr'><strong>ἦν,</strong></span> <span class='ocrx_word' id='word_1_143' title='bbox 516 856 602 891; x_wconf 82' lang='grc' dir='ltr'>Λόγος</span> <span class='ocrx_word' id='word_1_144' title='bbox 619 856 648 883; x_wconf 83' lang='grc' dir='ltr'><strong>δὲ</strong></span> <span class='ocrx_word' id='word_1_145' title='bbox 663 853 705 891; x_wconf 78' lang='grc' dir='ltr'><strong>ἦν.</strong></span> <span class='ocrx_word' id='word_1_146' title='bbox 721 856 847 891; x_wconf 76' lang='grc' dir='ltr'>καθάπερ</span> <span class='ocrx_word' id='word_1_147' title='bbox 865 856 893 882; x_wconf 79' lang='grc' dir='ltr'>ὲν</span> 
     </span>
    </p>
   </div>
   <div class='ocr_carea' id='block_1_21' title="bbox 944 265 1728 304">
    <p class='ocr_par' dir='ltr' id='par_1_21' title="bbox 944 265 1728 304">
     <span class='ocr_line' id='line_1_21' title="bbox 944 265 1728 304; baseline -0.006 -8"><span class='ocrx_word' id='word_1_148' title='bbox 944 270 980 295; x_wconf 88' lang='lat' dir='ltr'><strong>ita</strong></span> <span class='ocrx_word' id='word_1_149' title='bbox 994 271 1065 304; x_wconf 87' lang='lat' dir='ltr'><strong>quod</strong></span> <span class='ocrx_word' id='word_1_150' title='bbox 1079 269 1220 296; x_wconf 88' lang='lat' dir='ltr'><strong>dicebatur</strong></span> <span class='ocrx_word' id='word_1_151' title='bbox 1230 268 1372 304; x_wconf 83' lang='lat' dir='ltr'><strong>probabat,</strong></span> <span class='ocrx_word' id='word_1_152' title='bbox 1383 267 1480 302; x_wconf 79' lang='lat' dir='ltr'><strong>partim</strong></span> <span class='ocrx_word' id='word_1_153' title='bbox 1494 270 1524 293; x_wconf 86' lang='lat' dir='ltr'><strong>ut</strong></span> <span class='ocrx_word' id='word_1_154' title='bbox 1536 266 1569 293; x_wconf 84' lang='lat' dir='ltr'><strong>ad</strong></span> <span class='ocrx_word' id='word_1_155' title='bbox 1580 265 1728 298; x_wconf 77' lang='lat' dir='ltr'><strong>Christum,</strong></span> 
     </span>
    </p>
   </div>
   <div class='ocr_carea' id='block_1_22' title="bbox 943 311 1730 350">
    <p class='ocr_par' dir='ltr' id='par_1_22' title="bbox 943 311 1730 350">
     <span class='ocr_line' id='line_1_22' title="bbox 943 311 1730 350; baseline -0.004 -9"><span class='ocrx_word' id='word_1_156' title='bbox 943 316 1041 350; x_wconf 78' lang='lat' dir='ltr'><strong>partim</strong></span> <span class='ocrx_word' id='word_1_157' title='bbox 1058 315 1092 342; x_wconf 88' lang='lat' dir='ltr'><strong>ad</strong></span> <span class='ocrx_word' id='word_1_158' title='bbox 1109 314 1228 342; x_wconf 91' lang='lat' dir='ltr'><strong>Verbum</strong></span> <span class='ocrx_word' id='word_1_159' title='bbox 1244 313 1339 341; x_wconf 82' lang='lat' dir='ltr'><strong>referri</strong></span> <span class='ocrx_word' id='word_1_160' title='bbox 1352 313 1499 347; x_wconf 83' lang='lat' dir='ltr'><strong>judicaret.</strong></span> <span class='ocrx_word' id='word_1_161' title='bbox 1526 311 1594 339; x_wconf 82' lang='lat' dir='ltr'><strong>Nam</strong></span> <span class='ocrx_word' id='word_1_162' title='bbox 1614 311 1656 338; x_wconf 89' lang='lat' dir='ltr'><strong>his</strong></span> <span class='ocrx_word' id='word_1_163' title='bbox 1669 319 1730 338; x_wconf 76' lang='lat' dir='ltr'><strong>ver-</strong></span> 
     </span>
    </p>
   </div>
   <div class='ocr_carea' id='block_1_23' title="bbox 943 357 1730 392">
    <p class='ocr_par' dir='ltr' id='par_1_23' title="bbox 943 357 1730 392">
     <span class='ocr_line' id='line_1_23' title="bbox 943 357 1730 392; baseline -0.005 -6"><span class='ocrx_word' id='word_1_164' title='bbox 943 359 1000 386; x_wconf 86' lang='lat' dir='ltr'><strong>bis:</strong></span> <span class='ocrx_word' id='word_1_165' title='bbox 1026 358 1170 386; x_wconf 71' lang='lat' dir='ltr'><strong>Faciamu;</strong></span> <span class='ocrx_word' id='word_1_166' title='bbox 1193 359 1324 386; x_wconf 70' lang='lat' dir='ltr'><strong>hominem</strong></span> <span class='ocrx_word' id='word_1_167' title='bbox 1348 357 1382 384; x_wconf 83' lang='lat' dir='ltr'><strong>ad</strong></span> <span class='ocrx_word' id='word_1_168' title='bbox 1406 357 1546 392; x_wconf 76' lang='lat' dir='ltr'><strong>imaginem</strong></span> <span class='ocrx_word' id='word_1_169' title='bbox 1569 361 1686 383; x_wconf 77' lang='lat' dir='ltr'><strong>nostram</strong></span> <span class='ocrx_word' id='word_1_170' title='bbox 1704 360 1730 383; x_wconf 72' lang='lat' dir='ltr'><strong>at</strong></span> 
     </span>
    </p>
   </div>
   <div class='ocr_carea' id='block_1_24' title="bbox 943 401 1729 437">
    <p class='ocr_par' dir='ltr' id='par_1_24' title="bbox 943 401 1729 437">
     <span class='ocr_line' id='line_1_24' title="bbox 943 401 1729 437; baseline -0.001 -6"><span class='ocrx_word' id='word_1_171' title='bbox 943 404 978 431; x_wconf 82' lang='lat' dir='ltr'><strong>ad</strong></span> <span class='ocrx_word' id='word_1_172' title='bbox 994 405 1193 432; x_wconf 76' lang='lat' dir='ltr'><strong>similitudinem</strong></span> <span class='ocrx_word' id='word_1_173' title='bbox 1204 406 1223 436; x_wconf 76' lang='grc' dir='ltr'>ί,</span> <span class='ocrx_word' id='word_1_174' title='bbox 1245 403 1363 431; x_wconf 80' lang='lat' dir='ltr'><strong>Verbum</strong></span> <span class='ocrx_word' id='word_1_175' title='bbox 1384 410 1464 430; x_wconf 75' lang='lat' dir='ltr'><strong>suum</strong></span> <span class='ocrx_word' id='word_1_176' title='bbox 1479 401 1559 429; x_wconf 84' lang='lat' dir='ltr'><strong>Pater</strong></span> <span class='ocrx_word' id='word_1_177' title='bbox 1573 401 1729 437; x_wconf 76' lang='lat' dir='ltr'><strong>alloquitur.</strong></span> 
     </span>
    </p>
   </div>
   <div class='ocr_carea' id='block_1_25' title="bbox 943 446 1731 484">
    <p class='ocr_par' dir='ltr' id='par_1_25' title="bbox 943 446 1731 484">
     <span class='ocr_line' id='line_1_25' title="bbox 943 446 1731 484; baseline -0.003 -8"><span class='ocrx_word' id='word_1_178' title='bbox 943 449 1013 482; x_wconf 85' lang='lat' dir='ltr'><strong>Quid</strong></span> <span class='ocrx_word' id='word_1_179' title='bbox 1034 449 1136 484; x_wconf 77' lang='lat' dir='ltr'><strong>igitur?</strong></span> <span class='ocrx_word' id='word_1_180' title='bbox 1159 448 1236 480; x_wconf 85' lang='lat' dir='ltr'><strong>Erat,</strong></span> <span class='ocrx_word' id='word_1_181' title='bbox 1259 448 1359 483; x_wconf 88' lang='lat' dir='ltr'><strong>inquit,</strong></span> <span class='ocrx_word' id='word_1_182' title='bbox 1380 447 1408 474; x_wconf 86' lang='lat' dir='ltr'><strong>in</strong></span> <span class='ocrx_word' id='word_1_183' title='bbox 1429 446 1511 474; x_wconf 87' lang='lat' dir='ltr'><strong>Patre</strong></span> <span class='ocrx_word' id='word_1_184' title='bbox 1522 446 1656 480; x_wconf 67' lang='lat' dir='ltr'><strong>Verhtut;</strong></span> <span class='ocrx_word' id='word_1_185' title='bbox 1682 447 1731 475; x_wconf 88' lang='lat' dir='ltr'><strong>sed</strong></span> 
     </span>
    </p>
   </div>
   <div class='ocr_carea' id='block_1_26' title="bbox 943 492 1730 525">
    <p class='ocr_par' dir='ltr' id='par_1_26' title="bbox 943 492 1730 525">
     <span class='ocr_line' id='line_1_26' title="bbox 943 492 1730 525; baseline -0.004 -4"><span class='ocrx_word' id='word_1_186' title='bbox 943 494 1064 522; x_wconf 86' lang='lat' dir='ltr'><strong>nondum</strong></span> <span class='ocrx_word' id='word_1_187' title='bbox 1072 500 1131 522; x_wconf 88' lang='lat' dir='ltr'><strong>erat</strong></span> <span class='ocrx_word' id='word_1_188' title='bbox 1138 493 1234 521; x_wconf 84' lang='lat' dir='ltr'><strong>Filius.</strong></span> <span class='ocrx_word' id='word_1_189' title='bbox 1246 494 1314 521; x_wconf 85' lang='lat' dir='ltr'><strong>ltem</strong></span> <span class='ocrx_word' id='word_1_190' title='bbox 1323 503 1329 520; x_wconf 93' lang='lat'>:</span> <span class='ocrx_word' id='word_1_191' title='bbox 1338 492 1413 520; x_wconf 80' lang='lat' dir='ltr'><strong>Pluit</strong></span> <span class='ocrx_word' id='word_1_192' title='bbox 1421 492 1550 520; x_wconf 68' lang='lat' dir='ltr'><strong>Dominus</strong></span> <span class='ocrx_word' id='word_1_193' title='bbox 1561 501 1578 519; x_wconf 87' lang='lat' dir='ltr'><strong>a</strong></span> <span class='ocrx_word' id='word_1_194' title='bbox 1587 492 1700 519; x_wconf 86' lang='lat' dir='ltr'><strong>Domino</strong></span> <span class='ocrx_word' id='word_1_195' title='bbox 1708 495 1730 525; x_wconf 73' lang='grc' dir='ltr'>ί,</span> 
     </span>
    </p>
   </div>
   <div class='ocr_carea' id='block_1_27' title="bbox 943 539 1732 576">
    <p class='ocr_par' dir='ltr' id='par_1_27' title="bbox 943 539 1732 576">
     <span class='ocr_line' id='line_1_27' title="bbox 943 539 1732 576; baseline -0.004 -8"><span class='ocrx_word' id='word_1_196' title='bbox 943 540 1015 576; x_wconf 88' lang='lat' dir='ltr'><strong>qttod</strong></span> <span class='ocrx_word' id='word_1_197' title='bbox 1031 541 1059 568; x_wconf 93' lang='lat' dir='ltr'><strong>in</strong></span> <span class='ocrx_word' id='word_1_198' title='bbox 1069 539 1151 568; x_wconf 87' lang='lat' dir='ltr'><strong>Patre</strong></span> <span class='ocrx_word' id='word_1_199' title='bbox 1166 539 1284 568; x_wconf 85' lang='lat' dir='ltr'><strong>Verbum</strong></span> <span class='ocrx_word' id='word_1_200' title='bbox 1300 543 1390 572; x_wconf 86' lang='lat' dir='ltr'><strong>esset;</strong></span> <span class='ocrx_word' id='word_1_201' title='bbox 1415 542 1456 566; x_wconf 91' lang='lat' dir='ltr'><strong>et:</strong></span> <span class='ocrx_word' id='word_1_202' title='bbox 1480 539 1550 569; x_wconf 78' lang='lat' dir='ltr'><strong>Vidi.</strong></span> <span class='ocrx_word' id='word_1_203' title='bbox 1568 539 1667 574; x_wconf 82' lang='lat' dir='ltr'><strong>inquit,</strong></span> <span class='ocrx_word' id='word_1_204' title='bbox 1684 539 1732 566; x_wconf 81' lang='lat' dir='ltr'><strong>dc-</strong></span> 
     </span>
    </p>
   </div>
   <div class='ocr_carea' id='block_1_28' title="bbox 943 584 1730 620">
    <p class='ocr_par' dir='ltr' id='par_1_28' title="bbox 943 584 1730 620">
     <span class='ocr_line' id='line_1_28' title="bbox 943 584 1730 620; baseline -0.003 -7"><span class='ocrx_word' id='word_1_205' title='bbox 943 585 1107 613; x_wconf 68' lang='lat' dir='ltr'><strong>scendentem</strong></span> <span class='ocrx_word' id='word_1_206' title='bbox 1125 593 1206 620; x_wconf 64' lang='lat' dir='ltr'><strong>capra</strong></span> <span class='ocrx_word' id='word_1_207' title='bbox 1235 584 1327 617; x_wconf 67' lang='lat' dir='ltr'><strong>nubes,</strong></span> <span class='ocrx_word' id='word_1_208' title='bbox 1354 584 1433 620; x_wconf 72' lang='lat' dir='ltr'><strong>quasi</strong></span> <span class='ocrx_word' id='word_1_209' title='bbox 1455 584 1556 612; x_wconf 81' lang='lat' dir='ltr'><strong>Filium</strong></span> <span class='ocrx_word' id='word_1_210' title='bbox 1574 585 1687 612; x_wconf 71' lang='lat' dir='ltr'><strong>hominis</strong></span> <span class='ocrx_word' id='word_1_211' title='bbox 1699 585 1730 612; x_wconf 86' lang='grc'><strong>³;</strong></span> 
     </span>
    </p>
   </div>
   <div class='ocr_carea' id='block_1_29' title="bbox 942 630 1732 666">
    <p class='ocr_par' dir='ltr' id='par_1_29' title="bbox 942 630 1732 666">
     <span class='ocr_line' id='line_1_29' title="bbox 942 630 1732 666; baseline -0.003 -7"><span class='ocrx_word' id='word_1_212' title='bbox 942 631 1016 666; x_wconf 87' lang='lat' dir='ltr'><strong>quod</strong></span> <span class='ocrx_word' id='word_1_213' title='bbox 1030 632 1104 660; x_wconf 88' lang='lat' dir='ltr'><strong>velut</strong></span> <span class='ocrx_word' id='word_1_214' title='bbox 1117 635 1182 659; x_wconf 84' lang='lat' dir='ltr'><strong>ante</strong></span> <span class='ocrx_word' id='word_1_215' title='bbox 1198 631 1365 661; x_wconf 76' lang='lat' dir='ltr'><strong>denuntians</strong></span> <span class='ocrx_word' id='word_1_216' title='bbox 1380 630 1462 664; x_wconf 79' lang='lat' dir='ltr'><strong>dixit;</strong></span> <span class='ocrx_word' id='word_1_217' title='bbox 1483 638 1538 658; x_wconf 87' lang='lat' dir='ltr'><strong>non</strong></span> <span class='ocrx_word' id='word_1_218' title='bbox 1556 630 1627 665; x_wconf 91' lang='lat' dir='ltr'><strong>quod</strong></span> <span class='ocrx_word' id='word_1_219' title='bbox 1642 630 1732 658; x_wconf 88' lang='lat' dir='ltr'><strong>adhuc</strong></span> 
     </span>
    </p>
   </div>
   <div class='ocr_carea' id='block_1_30' title="bbox 944 676 1732 712">
    <p class='ocr_par' dir='ltr' id='par_1_30' title="bbox 944 676 1732 712">
     <span class='ocr_line' id='line_1_30' title="bbox 944 676 1732 712; baseline -0.001 -8"><span class='ocrx_word' id='word_1_220' title='bbox 944 676 1029 706; x_wconf 81' lang='lat' dir='ltr'><strong>Filius</strong></span> <span class='ocrx_word' id='word_1_221' title='bbox 1044 678 1200 709; x_wconf 79' lang='lat' dir='ltr'><strong>exsisteret.</strong></span> <span class='ocrx_word' id='word_1_222' title='bbox 1217 677 1264 705; x_wconf 90' lang='lat' dir='ltr'><strong>sed</strong></span> <span class='ocrx_word' id='word_1_223' title='bbox 1281 678 1369 712; x_wconf 91' lang='lat' dir='ltr'><strong>ipsum</strong></span> <span class='ocrx_word' id='word_1_224' title='bbox 1384 677 1483 708; x_wconf 89' lang='lat' dir='ltr'><strong>solum,</strong></span> <span class='ocrx_word' id='word_1_225' title='bbox 1496 677 1540 704; x_wconf 88' lang='lat' dir='ltr'><strong>cui</strong></span> <span class='ocrx_word' id='word_1_226' title='bbox 1557 676 1618 703; x_wconf 86' lang='lat' dir='ltr'><strong>Filii</strong></span> <span class='ocrx_word' id='word_1_227' title='bbox 1631 684 1732 704; x_wconf 77' lang='lat' dir='ltr'><strong>nomen</strong></span> 
     </span>
    </p>
   </div>
   <div class='ocr_carea' id='block_1_31' title="bbox 943 722 1732 759">
    <p class='ocr_par' dir='ltr' id='par_1_31' title="bbox 943 722 1732 759">
     <span class='ocr_line' id='line_1_31' title="bbox 943 722 1732 759; baseline 0 -9"><span class='ocrx_word' id='word_1_228' title='bbox 943 727 1002 750; x_wconf 89' lang='lat' dir='ltr'><strong>erat</strong></span> <span class='ocrx_word' id='word_1_229' title='bbox 1016 723 1162 759; x_wconf 84' lang='lat' dir='ltr'><strong>aliquando</strong></span> <span class='ocrx_word' id='word_1_230' title='bbox 1178 723 1365 753; x_wconf 85' lang='lat' dir='ltr'><strong>tribuendum,</strong></span> <span class='ocrx_word' id='word_1_231' title='bbox 1386 726 1447 757; x_wconf 85' lang='lat' dir='ltr'><strong>post</strong></span> <span class='ocrx_word' id='word_1_232' title='bbox 1466 722 1578 750; x_wconf 77' lang='lat' dir='ltr'><strong>Mariam</strong></span> <span class='ocrx_word' id='word_1_233' title='bbox 1594 722 1732 755; x_wconf 73' lang='lat' dir='ltr'><strong>videlicet,</strong></span> 
     </span>
    </p>
   </div>
   <div class='ocr_carea' id='block_1_32' title="bbox 944 768 1732 805">
    <p class='ocr_par' dir='ltr' id='par_1_32' title="bbox 944 768 1732 805">
     <span class='ocr_line' id='line_1_32' title="bbox 944 768 1732 805; baseline -0.001 -9"><span class='ocrx_word' id='word_1_234' title='bbox 944 769 1070 805; x_wconf 84' lang='lat' dir='ltr'><strong>quodque</strong></span> <span class='ocrx_word' id='word_1_235' title='bbox 1084 777 1118 797; x_wconf 77' lang='lat' dir='ltr'><strong>ex</strong></span> <span class='ocrx_word' id='word_1_236' title='bbox 1133 776 1215 798; x_wconf 86' lang='lat' dir='ltr'><strong>carne</strong></span> <span class='ocrx_word' id='word_1_237' title='bbox 1230 769 1401 804; x_wconf 89' lang='lat' dir='ltr'><strong>proditurum</strong></span> <span class='ocrx_word' id='word_1_238' title='bbox 1419 774 1489 801; x_wconf 83' lang='lat' dir='ltr'><strong>erat,</strong></span> <span class='ocrx_word' id='word_1_239' title='bbox 1509 768 1634 796; x_wconf 82' lang='lat' dir='ltr'><strong>Christus</strong></span> <span class='ocrx_word' id='word_1_240' title='bbox 1650 768 1732 796; x_wconf 91' lang='lat' dir='ltr'><strong>nimi-</strong></span> 
     </span>
    </p>
   </div>
   <div class='ocr_carea' id='block_1_33' title="bbox 944 814 1732 850">
    <p class='ocr_par' dir='ltr' id='par_1_33' title="bbox 944 814 1732 850">
     <span class='ocr_line' id='line_1_33' title="bbox 944 814 1732 850; baseline 0.001 -9"><span class='ocrx_word' id='word_1_241' title='bbox 944 822 1004 842; x_wconf 89' lang='lat' dir='ltr'><strong>rutn</strong></span> <span class='ocrx_word' id='word_1_242' title='bbox 1019 814 1173 849; x_wconf 64' lang='lat' dir='ltr'><strong>de&#39;Spiritu</strong></span> <span class='ocrx_word' id='word_1_243' title='bbox 1192 819 1287 842; x_wconf 88' lang='lat' dir='ltr'><strong>sancto</strong></span> <span class='ocrx_word' id='word_1_244' title='bbox 1302 814 1440 850; x_wconf 84' lang='lat' dir='ltr'><strong>Mariaque</strong></span> <span class='ocrx_word' id='word_1_245' title='bbox 1454 814 1580 850; x_wconf 78' lang='lat' dir='ltr'><strong>genitus:</strong></span> <span class='ocrx_word' id='word_1_246' title='bbox 1606 814 1634 841; x_wconf 89' lang='lat' dir='ltr'><strong>in</strong></span> <span class='ocrx_word' id='word_1_247' title='bbox 1651 821 1732 848; x_wconf 88' lang='lat' dir='ltr'><strong>quem</strong></span> 
     </span>
    </p>
   </div>
   <div class='ocr_carea' id='block_1_34' title="bbox 944 860 1734 896">
    <p class='ocr_par' dir='ltr' id='par_1_34' title="bbox 944 860 1734 896">
     <span class='ocr_line' id='line_1_34' title="bbox 944 860 1734 896; baseline 0 -9"><span class='ocrx_word' id='word_1_248' title='bbox 944 860 985 888; x_wconf 89' lang='lat' dir='ltr'><strong>sic</strong></span> <span class='ocrx_word' id='word_1_249' title='bbox 1005 863 1133 895; x_wconf 86' lang='lat' dir='ltr'><strong>tanquam</strong></span> <span class='ocrx_word' id='word_1_250' title='bbox 1156 861 1350 896; x_wconf 83' lang='lat' dir='ltr'><strong>anticipatione</strong></span> <span class='ocrx_word' id='word_1_251' title='bbox 1372 860 1488 895; x_wconf 87' lang='lat' dir='ltr'><strong>quadam</strong></span> <span class='ocrx_word' id='word_1_252' title='bbox 1515 860 1642 887; x_wconf 82' lang='lat' dir='ltr'><strong>universa</strong></span> <span class='ocrx_word' id='word_1_253' title='bbox 1666 868 1734 887; x_wconf 85' lang='lat' dir='ltr'><strong>cett-</strong></span> 
     </span>
    </p>
   </div>
   <div class='ocr_carea' id='block_1_35' title="bbox 101 892 890 941">
    <p class='ocr_par' dir='ltr' id='par_1_35' title="bbox 101 900 889 937">
     <span class='ocr_line' id='line_1_35' title="bbox 101 900 889 937; baseline -0.003 -8"><span class='ocrx_word' id='word_1_254' title='bbox 101 901 168 937; x_wconf 72' lang='grc' dir='ltr'>ἐμοὶ</span> <span class='ocrx_word' id='word_1_255' title='bbox 185 901 304 937; x_wconf 79' lang='grc' dir='ltr'>όΛόγος.</span> <span class='ocrx_word' id='word_1_256' title='bbox 318 902 386 937; x_wconf 75' lang='grc' dir='ltr'><strong>Ἶιδη</strong></span> <span class='ocrx_word' id='word_1_257' title='bbox 401 902 430 928; x_wconf 66' lang='grc' dir='ltr'><strong>δὲ</strong></span> <span class='ocrx_word' id='word_1_258' title='bbox 445 900 531 935; x_wconf 79' lang='grc' dir='ltr'>εἷπον,</span> <span class='ocrx_word' id='word_1_259' title='bbox 547 902 589 928; x_wconf 85' lang='grc' dir='ltr'>ὃτι</span> <span class='ocrx_word' id='word_1_260' title='bbox 604 902 658 928; x_wconf 83' lang='grc' dir='ltr'><strong>ἀπὸ</strong></span> <span class='ocrx_word' id='word_1_261' title='bbox 672 901 770 937; x_wconf 81' lang='grc' dir='ltr'><strong>μέρους</strong></span> <span class='ocrx_word' id='word_1_262' title='bbox 785 901 889 928; x_wconf 82' lang='grc' dir='ltr'><strong>Παύλου</strong></span> 
     </span>
    </p>
   </div>
   <div class='ocr_carea' id='block_1_36' title="bbox 942 892 1732 941">
    <p class='ocr_par' dir='ltr' id='par_1_36' title="bbox 944 905 1732 941">
     <span class='ocr_line' id='line_1_36' title="bbox 944 905 1732 941; baseline 0.001 -9"><span class='ocrx_word' id='word_1_263' title='bbox 944 905 1080 933; x_wconf 80' lang='lat' dir='ltr'><strong>feruntur.</strong></span> <span class='ocrx_word' id='word_1_264' title='bbox 1115 905 1275 941; x_wconf 84' lang='lat' dir='ltr'><strong>Quanquam</strong></span> <span class='ocrx_word' id='word_1_265' title='bbox 1294 907 1413 933; x_wconf 83' lang='lat' dir='ltr'><strong>nomium</strong></span> <span class='ocrx_word' id='word_1_266' title='bbox 1432 907 1490 941; x_wconf 88' lang='lat' dir='ltr'><strong>ipse</strong></span> <span class='ocrx_word' id='word_1_267' title='bbox 1505 907 1732 940; x_wconf 79' lang='lat' dir='ltr'><strong>quemadmodum</strong></span> 
     </span>
    </p>
   </div>
   <div class='ocr_carea' id='block_1_37' title="bbox 101 945 892 984">
    <p class='ocr_par' dir='ltr' id='par_1_37' title="bbox 101 945 892 984">
     <span class='ocr_line' id='line_1_37' title="bbox 101 945 892 984; baseline -0.001 -10"><span class='ocrx_word' id='word_1_268' title='bbox 101 945 152 974; x_wconf 81' lang='grc' dir='ltr'>τοῦ</span> <span class='ocrx_word' id='word_1_269' title='bbox 169 948 350 984; x_wconf 77' lang='grc' dir='ltr'>Σαμοσατέως</span> <span class='ocrx_word' id='word_1_270' title='bbox 369 948 440 983; x_wconf 76' lang='grc' dir='ltr'>ἔχων</span> <span class='ocrx_word' id='word_1_271' title='bbox 457 947 493 976; x_wconf 85' lang='grc' dir='ltr'><strong>τὰ</strong></span> <span class='ocrx_word' id='word_1_272' title='bbox 511 949 591 983; x_wconf 82' lang='grc' dir='ltr'>ὅμοια</span> <span class='ocrx_word' id='word_1_273' title='bbox 603 948 652 982; x_wconf 83' lang='grc' dir='ltr'>τῆς</span> <span class='ocrx_word' id='word_1_274' title='bbox 668 947 789 979; x_wconf 73' lang='grc' dir='ltr'>ιννοίας·</span> <span class='ocrx_word' id='word_1_275' title='bbox 810 947 892 982; x_wconf 71' lang='grc' dir='ltr'>ἔτερα</span> 
     </span>
    </p>
   </div>
   <div class='ocr_carea' id='block_1_38' title="bbox 102 991 767 1029">
    <p class='ocr_par' dir='ltr' id='par_1_38' title="bbox 102 991 767 1029">
     <span class='ocr_line' id='line_1_38' title="bbox 102 991 767 1029; baseline -0.003 -9"><span class='ocrx_word' id='word_1_276' title='bbox 102 992 134 1020; x_wconf 70' lang='grc' dir='ltr'><strong>δὲ</strong></span> <span class='ocrx_word' id='word_1_277' title='bbox 148 993 190 1020; x_wconf 74' lang='grc' dir='ltr'>ἔτι</span> <span class='ocrx_word' id='word_1_278' title='bbox 207 994 272 1029; x_wconf 84' lang='grc' dir='ltr'>παρ’</span> <span class='ocrx_word' id='word_1_279' title='bbox 287 993 390 1020; x_wconf 66' lang='grc' dir='ltr'>ἐκεῖνον</span> <span class='ocrx_word' id='word_1_280' title='bbox 406 991 603 1028; x_wconf 64' lang='grc' dir='ltr'>ὑπρὸεόηκὼς</span> <span class='ocrx_word' id='word_1_281' title='bbox 618 993 653 1028; x_wconf 81' lang='grc' dir='ltr'>τῇ</span> <span class='ocrx_word' id='word_1_282' title='bbox 666 991 767 1027; x_wconf 68' lang='grc' dir='ltr'>ἐννοίᾳ.</span> 
     </span>
    </p>
   </div>
   <div class='ocr_carea' id='block_1_39' title="bbox 139 1131 892 1172">
    <p class='ocr_par' dir='ltr' id='par_1_39' title="bbox 139 1131 892 1172">
     <span class='ocr_line' id='line_1_39' title="bbox 139 1131 892 1172; baseline 0.001 -11"><span class='ocrx_word' id='word_1_283' title='bbox 139 1135 178 1162; x_wconf 81' lang='lat' dir='ltr'><strong>I&quot;.</strong></span> <span class='ocrx_word' id='word_1_284' title='bbox 198 1135 253 1161; x_wconf 78' lang='grc' dir='ltr'><strong>Καὶ</strong></span> <span class='ocrx_word' id='word_1_285' title='bbox 274 1134 356 1167; x_wconf 79' lang='grc' dir='ltr'>αὐτὸς</span> <span class='ocrx_word' id='word_1_286' title='bbox 375 1134 404 1162; x_wconf 73' lang='grc' dir='ltr'><strong>δὲ</strong></span> <span class='ocrx_word' id='word_1_287' title='bbox 423 1131 499 1167; x_wconf 67' lang='grc' dir='ltr'>οὗτος</span> <span class='ocrx_word' id='word_1_288' title='bbox 514 1135 737 1172; x_wconf 80' lang='grc' dir='ltr'>ἀνατραπήσεται</span> <span class='ocrx_word' id='word_1_289' title='bbox 753 1136 792 1169; x_wconf 78' lang='grc' dir='ltr'><strong>είς</strong></span> <span class='ocrx_word' id='word_1_290' title='bbox 808 1135 892 1172; x_wconf 75' lang='grc' dir='ltr'>ἐσχά-</span> 
     </span>
    </p>
   </div>
   <div class='ocr_carea' id='block_1_40' title="bbox 103 1180 892 1219">
    <p class='ocr_par' dir='ltr' id='par_1_40' title="bbox 103 1180 892 1219">
     <span class='ocr_line' id='line_1_40' title="bbox 103 1180 892 1219; baseline 0.003 -12"><span class='ocrx_word' id='word_1_291' title='bbox 103 1189 162 1216; x_wconf 40' lang='grc' dir='ltr'>τηνκ</span> <span class='ocrx_word' id='word_1_292' title='bbox 171 1180 256 1208; x_wconf 70' lang='grc' dir='ltr'>ἐλθὼν</span> <span class='ocrx_word' id='word_1_293' title='bbox 269 1181 454 1217; x_wconf 76' lang='grc' dir='ltr'>ἀρνησιθεῖαν,</span> <span class='ocrx_word' id='word_1_294' title='bbox 468 1181 515 1208; x_wconf 75' lang='grc' dir='ltr'>καὶ</span> <span class='ocrx_word' id='word_1_295' title='bbox 526 1181 668 1218; x_wconf 76' lang='grc' dir='ltr'><strong>ἀλλοτρίαν</strong></span> <span class='ocrx_word' id='word_1_296' title='bbox 681 1183 807 1209; x_wconf 82' lang='grc' dir='ltr'><strong>ὑπόνοιαν</strong></span> <span class='ocrx_word' id='word_1_297' title='bbox 819 1182 892 1219; x_wconf 78' lang='grc' dir='ltr'>ζωῆς</span> 
     </span>
    </p>
   </div>
   <div class='ocr_carea' id='block_1_41' title="bbox 105 1227 891 1263">
    <p class='ocr_par' dir='ltr' id='par_1_41' title="bbox 105 1227 891 1263">
     <span class='ocr_line' id='line_1_41' title="bbox 105 1227 891 1263; baseline 0.001 -9"><span class='ocrx_word' id='word_1_298' title='bbox 105 1227 215 1254; x_wconf 80' lang='grc' dir='ltr'>αἰωνίου</span> <span class='ocrx_word' id='word_1_299' title='bbox 228 1228 257 1254; x_wconf 80' lang='grc' dir='ltr'>ὲν</span> <span class='ocrx_word' id='word_1_300' title='bbox 269 1227 380 1255; x_wconf 75' lang='grc' dir='ltr'>ἅπασιν.</span> <span class='ocrx_word' id='word_1_301' title='bbox 393 1228 425 1254; x_wconf 82' lang='grc' dir='ltr'><strong>Εἰ</strong></span> <span class='ocrx_word' id='word_1_302' title='bbox 435 1227 489 1263; x_wconf 80' lang='grc' dir='ltr'><strong>γὰρ</strong></span> <span class='ocrx_word' id='word_1_303' title='bbox 499 1227 655 1263; x_wconf 81' lang='grc' dir='ltr'>πρόσφατος</span> <span class='ocrx_word' id='word_1_304' title='bbox 665 1229 679 1255; x_wconf 92' lang='grc' dir='ltr'><strong>ὀ</strong></span> <span class='ocrx_word' id='word_1_305' title='bbox 690 1228 752 1260; x_wconf 77' lang='grc' dir='ltr'>Υἱὸς</span> <span class='ocrx_word' id='word_1_306' title='bbox 763 1228 812 1255; x_wconf 85' lang='grc' dir='ltr'>τοῦ</span> <span class='ocrx_word' id='word_1_307' title='bbox 823 1228 891 1255; x_wconf 82' lang='grc' dir='ltr'><strong>Θεοῦ</strong></span> 
     </span>
    </p>
   </div>
   <div class='ocr_carea' id='block_1_42' title="bbox 105 1273 891 1310">
    <p class='ocr_par' dir='ltr' id='par_1_42' title="bbox 105 1273 891 1310">
     <span class='ocr_line' id='line_1_42' title="bbox 105 1273 891 1310; baseline 0.001 -10"><span class='ocrx_word' id='word_1_308' title='bbox 105 1273 177 1300; x_wconf 67' lang='grc' dir='ltr'>κατὰ</span> <span class='ocrx_word' id='word_1_309' title='bbox 190 1273 240 1308; x_wconf 79' lang='grc' dir='ltr'>τὴν</span> <span class='ocrx_word' id='word_1_310' title='bbox 255 1273 371 1308; x_wconf 78' lang='grc' dir='ltr'>Θεότητα</span> <span class='ocrx_word' id='word_1_311' title='bbox 380 1294 387 1306; x_wconf 85' lang='grc'>,</span> <span class='ocrx_word' id='word_1_312' title='bbox 402 1274 456 1309; x_wconf 79' lang='grc' dir='ltr'>ἄρα</span> <span class='ocrx_word' id='word_1_313' title='bbox 468 1274 483 1300; x_wconf 88' lang='lat'><strong>6</strong></span> <span class='ocrx_word' id='word_1_314' title='bbox 497 1273 578 1300; x_wconf 78' lang='grc' dir='ltr'><strong>Δαὸὶδ</strong></span> <span class='ocrx_word' id='word_1_315' title='bbox 594 1273 739 1310; x_wconf 82' lang='grc' dir='ltr'><strong>πρωτεύει,</strong></span> <span class='ocrx_word' id='word_1_316' title='bbox 753 1273 852 1309; x_wconf 78' lang='grc' dir='ltr'>μ’ᾶλλον</span> <span class='ocrx_word' id='word_1_317' title='bbox 862 1274 891 1301; x_wconf 83' lang='grc' dir='ltr'><strong>δὲ</strong></span> 
     </span>
    </p>
   </div>
   <div class='ocr_carea' id='block_1_43' title="bbox 105 1319 890 1356">
    <p class='ocr_par' dir='ltr' id='par_1_43' title="bbox 105 1319 890 1356">
     <span class='ocr_line' id='line_1_43' title="bbox 105 1319 890 1356; baseline 0.001 -11"><span class='ocrx_word' id='word_1_318' title='bbox 105 1320 152 1346; x_wconf 83' lang='grc' dir='ltr'>καὶ</span> <span class='ocrx_word' id='word_1_319' title='bbox 169 1319 199 1346; x_wconf 73' lang='grc' dir='ltr'>ὲν</span> <span class='ocrx_word' id='word_1_320' title='bbox 219 1319 391 1355; x_wconf 80' lang='grc' dir='ltr'>προκριτέοις</span> <span class='ocrx_word' id='word_1_321' title='bbox 406 1320 525 1356; x_wconf 83' lang='grc' dir='ltr'><strong>ὑπάρχει</strong></span> <span class='ocrx_word' id='word_1_322' title='bbox 541 1320 588 1346; x_wconf 82' lang='grc' dir='ltr'><strong>τοῦ</strong></span> <span class='ocrx_word' id='word_1_323' title='bbox 603 1319 683 1346; x_wconf 74' lang='grc' dir='ltr'>αὑτὸν</span> <span class='ocrx_word' id='word_1_324' title='bbox 699 1320 890 1355; x_wconf 80' lang='grc' dir='ltr'><strong>πεποιηκότος.</strong></span> 
     </span>
    </p>
   </div>
   <div class='ocr_carea' id='block_1_44' title="bbox 105 1364 892 1401">
    <p class='ocr_par' dir='ltr' id='par_1_44' title="bbox 105 1364 892 1401">
     <span class='ocr_line' id='line_1_44' title="bbox 105 1364 892 1401; baseline 0.001 -10"><span class='ocrx_word' id='word_1_325' title='bbox 105 1364 183 1391; x_wconf 75' lang='grc' dir='ltr'>οὕτω</span> <span class='ocrx_word' id='word_1_326' title='bbox 197 1365 251 1400; x_wconf 75' lang='grc' dir='ltr'><strong>γὰρ</strong></span> <span class='ocrx_word' id='word_1_327' title='bbox 268 1365 315 1391; x_wconf 79' lang='grc' dir='ltr'>καὶ</span> <span class='ocrx_word' id='word_1_328' title='bbox 326 1364 407 1396; x_wconf 80' lang='grc' dir='ltr'>αὐτὸς</span> <span class='ocrx_word' id='word_1_329' title='bbox 420 1365 556 1398; x_wconf 83' lang='grc' dir='ltr'>διενοεῖτο,</span> <span class='ocrx_word' id='word_1_330' title='bbox 578 1365 677 1401; x_wconf 82' lang='grc' dir='ltr'>μᾶλλον</span> <span class='ocrx_word' id='word_1_331' title='bbox 692 1365 739 1392; x_wconf 74' lang='grc' dir='ltr'>καὶ</span> <span class='ocrx_word' id='word_1_332' title='bbox 751 1365 892 1401; x_wconf 81' lang='grc' dir='ltr'>παρελθὼν</span> 
     </span>
    </p>
   </div>
   <div class='ocr_carea' id='block_1_45' title="bbox 105 1409 892 1446">
    <p class='ocr_par' dir='ltr' id='par_1_45' title="bbox 105 1409 892 1446">
     <span class='ocr_line' id='line_1_45' title="bbox 105 1409 892 1446; baseline 0.001 -10"><span class='ocrx_word' id='word_1_333' title='bbox 105 1409 154 1445; x_wconf 82' lang='grc' dir='ltr'>τὴν</span> <span class='ocrx_word' id='word_1_334' title='bbox 174 1409 250 1437; x_wconf 83' lang='grc' dir='ltr'>θείαν</span> <span class='ocrx_word' id='word_1_335' title='bbox 274 1410 396 1446; x_wconf 83' lang='grc' dir='ltr'>Γραφὴν,</span> <span class='ocrx_word' id='word_1_336' title='bbox 417 1410 489 1438; x_wconf 80' lang='grc' dir='ltr'>κατὰ</span> <span class='ocrx_word' id='word_1_337' title='bbox 503 1411 552 1446; x_wconf 88' lang='grc' dir='ltr'>τὴν</span> <span class='ocrx_word' id='word_1_338' title='bbox 578 1411 660 1437; x_wconf 80' lang='grc' dir='ltr'>αὑτοῦ</span> <span class='ocrx_word' id='word_1_339' title='bbox 679 1410 892 1446; x_wconf 80' lang='grc' dir='ltr'>πεπλανημένην</span> 
     </span>
    </p>
   </div>
   <div class='ocr_carea' id='block_1_46' title="bbox 106 1456 893 1492">
    <p class='ocr_par' dir='ltr' id='par_1_46' title="bbox 106 1456 893 1492">
     <span class='ocr_line' id='line_1_46' title="bbox 106 1456 893 1492; baseline 0.003 -9"><span class='ocrx_word' id='word_1_340' title='bbox 106 1456 210 1483; x_wconf 78' lang='grc' dir='ltr'>ἔννοιαν</span> <span class='ocrx_word' id='word_1_341' title='bbox 226 1456 349 1491; x_wconf 81' lang='grc' dir='ltr'>φάσκων,</span> <span class='ocrx_word' id='word_1_342' title='bbox 369 1457 410 1483; x_wconf 85' lang='grc' dir='ltr'>ὅτι</span> <span class='ocrx_word' id='word_1_343' title='bbox 433 1457 479 1484; x_wconf 72' lang='grc' dir='ltr'>καὶ</span> <span class='ocrx_word' id='word_1_344' title='bbox 499 1458 513 1484; x_wconf 97' lang='lat'><strong>6</strong></span> <span class='ocrx_word' id='word_1_345' title='bbox 530 1457 690 1488; x_wconf 79' lang='grc' dir='ltr'>’Λπόστολος</span> <span class='ocrx_word' id='word_1_346' title='bbox 711 1457 838 1492; x_wconf 69' lang='grc' dir='ltr'>εἴρηκεν·</span> <span class='ocrx_word' id='word_1_347' title='bbox 859 1458 893 1485; x_wconf 91' lang='lat' dir='ltr'><strong>&#39;O</strong></span> 
     </span>
    </p>
   </div>
   <div class='ocr_carea' id='block_1_47' title="bbox 107 1500 893 1537">
    <p class='ocr_par' dir='ltr' id='par_1_47' title="bbox 107 1500 893 1537">
     <span class='ocr_line' id='line_1_47' title="bbox 107 1500 893 1537; baseline 0.003 -9"><span class='ocrx_word' id='word_1_348' title='bbox 107 1500 221 1536; x_wconf 75' lang='grc' dir='ltr'>πρῶτος</span> <span class='ocrx_word' id='word_1_349' title='bbox 237 1502 390 1536; x_wconf 81' lang='grc' dir='ltr'>ἄνθρωπος</span> <span class='ocrx_word' id='word_1_350' title='bbox 407 1503 441 1529; x_wconf 82' lang='grc' dir='ltr'>ἐκ</span> <span class='ocrx_word' id='word_1_351' title='bbox 455 1502 512 1537; x_wconf 77' lang='grc' dir='ltr'>γῆς</span> <span class='ocrx_word' id='word_1_352' title='bbox 527 1502 645 1537; x_wconf 81' lang='grc' dir='ltr'><strong>χοτκὺς.</strong></span> <span class='ocrx_word' id='word_1_353' title='bbox 660 1502 709 1529; x_wconf 74' lang='grc' dir='ltr'><strong>καί</strong></span> <span class='ocrx_word' id='word_1_354' title='bbox 726 1504 742 1529; x_wconf 84' lang='grc' dir='ltr'><em>ὁ</em></span> <span class='ocrx_word' id='word_1_355' title='bbox 753 1502 893 1537; x_wconf 79' lang='grc' dir='ltr'>δεύτερος</span> 
     </span>
    </p>
   </div>
   <div class='ocr_carea' id='block_1_48' title="bbox 106 1547 892 1583">
    <p class='ocr_par' dir='ltr' id='par_1_48' title="bbox 106 1547 892 1583">
     <span class='ocr_line' id='line_1_48' title="bbox 106 1547 892 1583; baseline 0 -9"><span class='ocrx_word' id='word_1_356' title='bbox 106 1547 157 1574; x_wconf 82' lang='grc' dir='ltr'><strong>ἀπ’</strong></span> <span class='ocrx_word' id='word_1_357' title='bbox 172 1547 311 1581; x_wconf 74' lang='grc' dir='ltr'>οὐρανοῦ.</span> <span class='ocrx_word' id='word_1_358' title='bbox 327 1548 415 1579; x_wconf 78' lang='grc' dir='ltr'><strong>Εὐθὺς</strong></span> <span class='ocrx_word' id='word_1_359' title='bbox 431 1547 460 1574; x_wconf 79' lang='grc' dir='ltr'><strong>δὲ</strong></span> <span class='ocrx_word' id='word_1_360' title='bbox 474 1548 630 1575; x_wconf 83' lang='grc' dir='ltr'><strong>ἀντιπίπτει</strong></span> <span class='ocrx_word' id='word_1_361' title='bbox 641 1547 739 1583; x_wconf 85' lang='grc' dir='ltr'>αὑτῷό</span> <span class='ocrx_word' id='word_1_362' title='bbox 754 1547 832 1582; x_wconf 81' lang='grc' dir='ltr'>λόγος</span> <span class='ocrx_word' id='word_1_363' title='bbox 843 1548 892 1583; x_wconf 80' lang='grc' dir='ltr'>τῆς</span> 
     </span>
    </p>
   </div>
   <div class='ocr_carea' id='block_1_49' title="bbox 106 1593 892 1629">
    <p class='ocr_par' dir='ltr' id='par_1_49' title="bbox 106 1593 892 1629">
     <span class='ocr_line' id='line_1_49' title="bbox 106 1593 892 1629; baseline 0.001 -10"><span class='ocrx_word' id='word_1_364' title='bbox 106 1593 242 1629; x_wconf 77' lang='grc' dir='ltr'><strong>ἀληθείας,</strong></span> <span class='ocrx_word' id='word_1_365' title='bbox 265 1594 313 1620; x_wconf 78' lang='grc' dir='ltr'>καὶ</span> <span class='ocrx_word' id='word_1_366' title='bbox 330 1593 434 1629; x_wconf 81' lang='grc' dir='ltr'><strong>ἐλέγχει</strong></span> <span class='ocrx_word' id='word_1_367' title='bbox 458 1593 540 1620; x_wconf 79' lang='grc' dir='ltr'>αὐτοῦ</span> <span class='ocrx_word' id='word_1_368' title='bbox 559 1594 608 1628; x_wconf 82' lang='grc' dir='ltr'>τὴν</span> <span class='ocrx_word' id='word_1_369' title='bbox 628 1594 820 1629; x_wconf 81' lang='grc' dir='ltr'>ὲσκοτωμένην</span> <span class='ocrx_word' id='word_1_370' title='bbox 834 1594 892 1621; x_wconf 80' lang='grc' dir='ltr'>διά-</span> 
     </span>
    </p>
   </div>
   <div class='ocr_carea' id='block_1_50' title="bbox 105 1638 892 1676">
    <p class='ocr_par' dir='ltr' id='par_1_50' title="bbox 105 1638 892 1676">
     <span class='ocr_line' id='line_1_50' title="bbox 105 1638 892 1676; baseline 0.001 -11"><span class='ocrx_word' id='word_1_371' title='bbox 105 1647 191 1666; x_wconf 87' lang='grc' dir='ltr'>νοιαν.</span> <span class='ocrx_word' id='word_1_372' title='bbox 207 1638 366 1675; x_wconf 75' lang='grc' dir='ltr'>Ἄνθρωπον</span> <span class='ocrx_word' id='word_1_373' title='bbox 390 1640 444 1676; x_wconf 85' lang='grc' dir='ltr'>γὰρ</span> <span class='ocrx_word' id='word_1_374' title='bbox 465 1639 513 1667; x_wconf 79' lang='grc' dir='ltr'>καὶ</span> <span class='ocrx_word' id='word_1_375' title='bbox 536 1639 678 1675; x_wconf 82' lang='grc' dir='ltr'>ἄνθρωπον</span> <span class='ocrx_word' id='word_1_376' title='bbox 710 1640 762 1676; x_wconf 79' lang='grc' dir='ltr'>ἔφη</span> <span class='ocrx_word' id='word_1_377' title='bbox 782 1641 797 1667; x_wconf 91' lang='lat'><strong>6</strong></span> <span class='ocrx_word' id='word_1_378' title='bbox 815 1639 892 1674; x_wconf 72' lang='grc' dir='ltr'>ἅγιος</span> 
     </span>
    </p>
   </div>
   <div class='ocr_carea' id='block_1_51' title="bbox 113 1684 891 1721">
    <p class='ocr_par' dir='ltr' id='par_1_51' title="bbox 113 1684 891 1721">
     <span class='ocr_line' id='line_1_51' title="bbox 113 1684 891 1721; baseline 0.001 -10"><span class='ocrx_word' id='word_1_379' title='bbox 113 1684 272 1717; x_wconf 79' lang='grc' dir='ltr'>Ἀπόστολος</span> <span class='ocrx_word' id='word_1_380' title='bbox 282 1693 289 1701; x_wconf 89' lang='grc'><strong>·</strong></span> <span class='ocrx_word' id='word_1_381' title='bbox 303 1685 350 1712; x_wconf 79' lang='grc' dir='ltr'>καὶ</span> <span class='ocrx_word' id='word_1_382' title='bbox 362 1685 407 1712; x_wconf 78' lang='grc' dir='ltr'>τὸν</span> <span class='ocrx_word' id='word_1_383' title='bbox 419 1685 467 1721; x_wconf 82' lang='grc' dir='ltr'>μὲν</span> <span class='ocrx_word' id='word_1_384' title='bbox 480 1685 588 1721; x_wconf 83' lang='grc' dir='ltr'>πρῶτον</span> <span class='ocrx_word' id='word_1_385' title='bbox 599 1685 742 1721; x_wconf 77' lang='grc' dir='ltr'>ἄνθρωπον</span> <span class='ocrx_word' id='word_1_386' title='bbox 752 1685 797 1712; x_wconf 77' lang='grc' dir='ltr'>τὸν</span> <span class='ocrx_word' id='word_1_387' title='bbox 807 1685 891 1720; x_wconf 76' lang='grc' dir='ltr'>Ἀδὰμ</span> 
     </span>
    </p>
   </div>
   <div class='ocr_carea' id='block_1_52' title="bbox 107 1727 889 1766">
    <p class='ocr_par' dir='ltr' id='par_1_52' title="bbox 107 1727 889 1766">
     <span class='ocr_line' id='line_1_52' title="bbox 107 1727 889 1766; baseline 0.003 -10"><span class='ocrx_word' id='word_1_388' title='bbox 107 1730 138 1756; x_wconf 76' lang='grc' dir='ltr'>ὲκ</span> <span class='ocrx_word' id='word_1_389' title='bbox 154 1729 206 1764; x_wconf 83' lang='grc' dir='ltr'>γῆς</span> <span class='ocrx_word' id='word_1_390' title='bbox 228 1727 298 1757; x_wconf 82' lang='grc' dir='ltr'>εἶναι</span> <span class='ocrx_word' id='word_1_391' title='bbox 321 1730 422 1764; x_wconf 81' lang='grc' dir='ltr'>χοῖκὸν,</span> <span class='ocrx_word' id='word_1_392' title='bbox 447 1730 493 1757; x_wconf 81' lang='grc' dir='ltr'>τὸν</span> <span class='ocrx_word' id='word_1_393' title='bbox 506 1730 535 1757; x_wconf 81' lang='grc' dir='ltr'><strong>δὲ</strong></span> <span class='ocrx_word' id='word_1_394' title='bbox 551 1730 676 1766; x_wconf 84' lang='grc' dir='ltr'>δεύτερον</span> <span class='ocrx_word' id='word_1_395' title='bbox 698 1731 745 1757; x_wconf 79' lang='grc' dir='ltr'><strong>ἀπ’</strong></span> <span class='ocrx_word' id='word_1_396' title='bbox 763 1731 889 1766; x_wconf 78' lang='grc' dir='ltr'>οὗρανοῦ.</span> 
     </span>
    </p>
   </div>
   <div class='ocr_carea' id='block_1_53' title="bbox 107 1774 892 1812">
    <p class='ocr_par' dir='ltr' id='par_1_53' title="bbox 107 1774 892 1812">
     <span class='ocr_line' id='line_1_53' title="bbox 107 1774 892 1812; baseline 0.001 -11"><span class='ocrx_word' id='word_1_397' title='bbox 107 1774 202 1801; x_wconf 77' lang='grc' dir='ltr'>Καίτοι</span> <span class='ocrx_word' id='word_1_398' title='bbox 216 1783 248 1808; x_wconf 90' lang='grc' dir='ltr'><strong>γε</strong></span> <span class='ocrx_word' id='word_1_399' title='bbox 263 1775 404 1811; x_wconf 80' lang='grc' dir='ltr'>ἄνθρωπον</span> <span class='ocrx_word' id='word_1_400' title='bbox 415 1775 513 1809; x_wconf 85' lang='grc' dir='ltr'>λέγων,</span> <span class='ocrx_word' id='word_1_401' title='bbox 526 1776 575 1803; x_wconf 82' lang='grc' dir='ltr'><strong>οὐκ</strong></span> <span class='ocrx_word' id='word_1_402' title='bbox 586 1775 615 1809; x_wconf 80' lang='grc' dir='ltr'><strong>ἐξ</strong></span> <span class='ocrx_word' id='word_1_403' title='bbox 625 1775 739 1812; x_wconf 82' lang='grc' dir='ltr'>οὐρανοῦ</span> <span class='ocrx_word' id='word_1_404' title='bbox 753 1776 781 1802; x_wconf 69' lang='grc' dir='ltr'><strong>δὲ</strong></span> <span class='ocrx_word' id='word_1_405' title='bbox 794 1777 811 1812; x_wconf 82' lang='grc' dir='ltr'><strong>ή</strong></span> <span class='ocrx_word' id='word_1_406' title='bbox 823 1776 892 1812; x_wconf 72' lang='grc' dir='ltr'>σὰρξ</span> 
     </span>
    </p>
   </div>
   <div class='ocr_carea' id='block_1_54' title="bbox 108 1820 891 1856">
    <p class='ocr_par' dir='ltr' id='par_1_54' title="bbox 108 1820 891 1856">
     <span class='ocr_line' id='line_1_54' title="bbox 108 1820 891 1856; baseline 0.003 -10"><span class='ocrx_word' id='word_1_407' title='bbox 108 1820 304 1855; x_wconf 71' lang='grc' dir='ltr'>καταϐέϐηκεν,</span> <span class='ocrx_word' id='word_1_408' title='bbox 322 1821 379 1847; x_wconf 86' lang='grc' dir='ltr'>ἀλλ’</span> <span class='ocrx_word' id='word_1_409' title='bbox 393 1820 567 1856; x_wconf 77' lang='grc' dir='ltr'>ὡμολόγηται</span> <span class='ocrx_word' id='word_1_410' title='bbox 587 1821 634 1848; x_wconf 71' lang='grc' dir='ltr'>καὶ</span> <span class='ocrx_word' id='word_1_411' title='bbox 653 1821 708 1848; x_wconf 80' lang='grc' dir='ltr'>ἀπὸ</span> <span class='ocrx_word' id='word_1_412' title='bbox 722 1821 817 1848; x_wconf 84' lang='grc' dir='ltr'>τούτου</span> <span class='ocrx_word' id='word_1_413' title='bbox 837 1821 891 1848; x_wconf 80' lang='grc' dir='ltr'>ἀπὸ</span> 
     </span>
    </p>
   </div>
   <div class='ocr_carea' id='block_1_55' title="bbox 107 1863 890 1902">
    <p class='ocr_par' dir='ltr' id='par_1_55' title="bbox 107 1863 890 1902">
     <span class='ocr_line' id='line_1_55' title="bbox 107 1863 890 1902; baseline 0.001 -11"><span class='ocrx_word' id='word_1_414' title='bbox 107 1865 213 1900; x_wconf 72' lang='grc' dir='ltr'>Μαρίας</span> <span class='ocrx_word' id='word_1_415' title='bbox 227 1863 303 1892; x_wconf 81' lang='grc' dir='ltr'>οὖσα.</span> <span class='ocrx_word' id='word_1_416' title='bbox 319 1865 378 1892; x_wconf 81' lang='grc' dir='ltr'><strong>Ἀπ’</strong></span> <span class='ocrx_word' id='word_1_417' title='bbox 393 1865 507 1901; x_wconf 78' lang='grc' dir='ltr'>οὐρανοῦ</span> <span class='ocrx_word' id='word_1_418' title='bbox 520 1865 549 1892; x_wconf 84' lang='grc' dir='ltr'>δὲ</span> <span class='ocrx_word' id='word_1_419' title='bbox 561 1866 787 1902; x_wconf 83' lang='grc' dir='ltr'>καταχρηστικῶς</span> <span class='ocrx_word' id='word_1_420' title='bbox 803 1866 834 1892; x_wconf 80' lang='grc' dir='ltr'>οὐ</span> <span class='ocrx_word' id='word_1_421' title='bbox 848 1866 890 1892; x_wconf 80' lang='grc' dir='ltr'><strong>λέ-</strong></span> 
     </span>
    </p>
   </div>
   <div class='ocr_carea' id='block_1_56' title="bbox 107 1910 890 1948">
    <p class='ocr_par' dir='ltr' id='par_1_56' title="bbox 107 1910 890 1948">
     <span class='ocr_line' id='line_1_56' title="bbox 107 1910 890 1948; baseline 0.004 -12"><span class='ocrx_word' id='word_1_422' title='bbox 107 1918 148 1944; x_wconf 89' lang='grc' dir='ltr'><strong>γει</strong></span> <span class='ocrx_word' id='word_1_423' title='bbox 164 1910 264 1945; x_wconf 78' lang='grc' dir='ltr'>σάρκα,</span> <span class='ocrx_word' id='word_1_424' title='bbox 278 1911 345 1937; x_wconf 81' lang='grc' dir='ltr'>ἀλλὰ.</span> <span class='ocrx_word' id='word_1_425' title='bbox 362 1911 407 1938; x_wconf 71' lang='grc' dir='ltr'><strong>τὸν</strong></span> <span class='ocrx_word' id='word_1_426' title='bbox 422 1911 550 1948; x_wconf 78' lang='grc' dir='ltr'>δεύτερον</span> <span class='ocrx_word' id='word_1_427' title='bbox 567 1912 719 1947; x_wconf 73' lang='grc' dir='ltr'>ἄνθρωπον,</span> <span class='ocrx_word' id='word_1_428' title='bbox 734 1912 807 1944; x_wconf 75' lang='grc' dir='ltr'>ἐξότε</span> <span class='ocrx_word' id='word_1_429' title='bbox 819 1911 890 1939; x_wconf 83' lang='grc' dir='ltr'>ἄνω-</span> 
     </span>
    </p>
   </div>
   <div class='ocr_carea' id='block_1_57' title="bbox 107 1954 890 1992">
    <p class='ocr_par' dir='ltr' id='par_1_57' title="bbox 107 1954 890 1992">
     <span class='ocr_line' id='line_1_57' title="bbox 107 1954 890 1992; baseline 0.003 -10"><span class='ocrx_word' id='word_1_430' title='bbox 107 1955 151 1982; x_wconf 86' lang='grc' dir='ltr'><strong>οεν</strong></span> <span class='ocrx_word' id='word_1_431' title='bbox 168 1954 250 1992; x_wconf 77' lang='grc' dir='ltr'>ἦλθεν</span> <span class='ocrx_word' id='word_1_432' title='bbox 272 1957 286 1983; x_wconf 89' lang='lat'><strong>6</strong></span> <span class='ocrx_word' id='word_1_433' title='bbox 308 1957 404 1991; x_wconf 85' lang='grc' dir='ltr'>Λόγος,</span> <span class='ocrx_word' id='word_1_434' title='bbox 421 1956 470 1983; x_wconf 77' lang='grc' dir='ltr'>καὶ</span> <span class='ocrx_word' id='word_1_435' title='bbox 484 1957 660 1991; x_wconf 81' lang='grc' dir='ltr'><strong>ἐσκήνωσεν</strong></span> <span class='ocrx_word' id='word_1_436' title='bbox 672 1957 708 1986; x_wconf 77' lang='grc' dir='ltr'><strong>ἐν</strong></span> <span class='ocrx_word' id='word_1_437' title='bbox 723 1957 805 1992; x_wconf 80' lang='grc' dir='ltr'><strong>ἡμῖν,</strong></span> <span class='ocrx_word' id='word_1_438' title='bbox 819 1957 890 1984; x_wconf 80' lang='grc' dir='ltr'>κατὰ</span> 
     </span>
    </p>
   </div>
   <div class='ocr_carea' id='block_1_58' title="bbox 105 2000 890 2038">
    <p class='ocr_par' dir='ltr' id='par_1_58' title="bbox 105 2000 890 2038">
     <span class='ocr_line' id='line_1_58' title="bbox 105 2000 890 2038; baseline 0 -10"><span class='ocrx_word' id='word_1_439' title='bbox 105 2001 136 2028; x_wconf 80' lang='grc' dir='ltr'><strong>τὸ</strong></span> <span class='ocrx_word' id='word_1_440' title='bbox 149 2002 350 2037; x_wconf 75' lang='grc' dir='ltr'>γεγραμμένον.</span> <span class='ocrx_word' id='word_1_441' title='bbox 366 2003 397 2028; x_wconf 85' lang='lat' dir='ltr'><strong>El</strong></span> <span class='ocrx_word' id='word_1_442' title='bbox 411 2000 456 2029; x_wconf 82' lang='grc' dir='ltr'>οὖν</span> <span class='ocrx_word' id='word_1_443' title='bbox 472 2003 651 2038; x_wconf 82' lang='grc' dir='ltr'>προϋπῆρχεν</span> <span class='ocrx_word' id='word_1_444' title='bbox 675 2004 689 2029; x_wconf 88' lang='lat'><strong>6</strong></span> <span class='ocrx_word' id='word_1_445' title='bbox 709 2003 822 2038; x_wconf 81' lang='grc' dir='ltr'>Κύριος,</span> <span class='ocrx_word' id='word_1_446' title='bbox 841 2002 890 2029; x_wconf 73' lang='grc' dir='ltr'>καὶ</span> 
     </span>
    </p>
   </div>
   <div class='ocr_carea' id='block_1_59' title="bbox 106 2045 889 2082">
    <p class='ocr_par' dir='ltr' id='par_1_59' title="bbox 106 2045 889 2082">
     <span class='ocr_line' id='line_1_59' title="bbox 106 2045 889 2082; baseline 0.001 -9"><span class='ocrx_word' id='word_1_447' title='bbox 106 2047 248 2082; x_wconf 76' lang='grc' dir='ltr'>πάρεστιν,</span> <span class='ocrx_word' id='word_1_448' title='bbox 260 2048 308 2080; x_wconf 78' lang='grc' dir='ltr'><strong>’⁸ος</strong></span> <span class='ocrx_word' id='word_1_449' title='bbox 321 2047 428 2082; x_wconf 62' lang='grc' dir='ltr'>ἐφεῦρε</span> <span class='ocrx_word' id='word_1_450' title='bbox 441 2047 544 2074; x_wconf 80' lang='grc' dir='ltr'>πᾶσαν</span> <span class='ocrx_word' id='word_1_451' title='bbox 557 2046 630 2074; x_wconf 81' lang='grc' dir='ltr'><strong>ὁδὸν</strong></span> <span class='ocrx_word' id='word_1_452' title='bbox 643 2048 806 2080; x_wconf 81' lang='grc' dir='ltr'><strong>συνέσεως,</strong></span> <span class='ocrx_word' id='word_1_453' title='bbox 820 2045 889 2074; x_wconf 74' lang='grc' dir='ltr'>εἶναι</span> 
     </span>
    </p>
   </div>
   <div class='ocr_carea' id='block_1_60' title="bbox 105 2092 889 2129">
    <p class='ocr_par' dir='ltr' id='par_1_60' title="bbox 105 2092 889 2129">
     <span class='ocr_line' id='line_1_60' title="bbox 105 2092 889 2129; baseline 0 -10"><span class='ocrx_word' id='word_1_454' title='bbox 105 2093 134 2119; x_wconf 63' lang='grc' dir='ltr'><strong>δὲ</strong></span> <span class='ocrx_word' id='word_1_455' title='bbox 148 2093 238 2125; x_wconf 73' lang='grc' dir='ltr'>αὑτὸν,</span> <span class='ocrx_word' id='word_1_456' title='bbox 254 2093 291 2124; x_wconf 83' lang='grc' dir='ltr'>ὡς</span> <span class='ocrx_word' id='word_1_457' title='bbox 305 2094 355 2120; x_wconf 79' lang='grc' dir='ltr'>οὐκ</span> <span class='ocrx_word' id='word_1_458' title='bbox 370 2092 534 2128; x_wconf 77' lang='grc' dir='ltr'>ἀμφιϐάλλει</span> <span class='ocrx_word' id='word_1_459' title='bbox 551 2094 568 2128; x_wconf 82' lang='grc' dir='ltr'><strong>ὴ</strong></span> <span class='ocrx_word' id='word_1_460' title='bbox 581 2092 641 2119; x_wconf 83' lang='grc' dir='ltr'>θεία</span> <span class='ocrx_word' id='word_1_461' title='bbox 654 2093 758 2128; x_wconf 84' lang='grc' dir='ltr'>Γραφή.</span> <span class='ocrx_word' id='word_1_462' title='bbox 775 2093 816 2119; x_wconf 84' lang='grc' dir='ltr'><strong>Τὰ</strong></span> <span class='ocrx_word' id='word_1_463' title='bbox 833 2093 889 2129; x_wconf 85' lang='grc' dir='ltr'><strong>γὰρ</strong></span> 
     </span>
    </p>
   </div>
   <div class='ocr_carea' id='block_1_61' title="bbox 108 2138 889 2175">
    <p class='ocr_par' dir='ltr' id='par_1_61' title="bbox 108 2138 889 2175">
     <span class='ocr_line' id='line_1_61' title="bbox 108 2138 889 2175; baseline 0 -10"><span class='ocrx_word' id='word_1_464' title='bbox 108 2138 176 2173; x_wconf 82' lang='grc' dir='ltr'>μετὰ</span> <span class='ocrx_word' id='word_1_465' title='bbox 193 2138 279 2165; x_wconf 76' lang='grc' dir='ltr'>ταῦτα</span> <span class='ocrx_word' id='word_1_466' title='bbox 307 2139 435 2174; x_wconf 83' lang='grc' dir='ltr'>σημαίνει</span> <span class='ocrx_word' id='word_1_467' title='bbox 455 2139 591 2175; x_wconf 84' lang='grc' dir='ltr'>προόντα,</span> <span class='ocrx_word' id='word_1_468' title='bbox 616 2138 663 2164; x_wconf 74' lang='grc' dir='ltr'>καὶ</span> <span class='ocrx_word' id='word_1_469' title='bbox 688 2138 718 2165; x_wconf 81' lang='grc' dir='ltr'>τὸ</span> <span class='ocrx_word' id='word_1_470' title='bbox 743 2138 889 2174; x_wconf 85' lang='grc' dir='ltr'>εὑρηκέναι</span> 
     </span>
    </p>
   </div>
   <div class='ocr_carea' id='block_1_62' title="bbox 106 2182 889 2219">
    <p class='ocr_par' dir='ltr' id='par_1_62' title="bbox 106 2182 889 2219">
     <span class='ocr_line' id='line_1_62' title="bbox 106 2182 889 2219; baseline -0.001 -8"><span class='ocrx_word' id='word_1_471' title='bbox 106 2185 194 2211; x_wconf 75' lang='grc' dir='ltr'>πᾶσαν</span> <span class='ocrx_word' id='word_1_472' title='bbox 216 2183 275 2211; x_wconf 79' lang='grc' dir='ltr'><strong>ὁδὸν</strong></span> <span class='ocrx_word' id='word_1_473' title='bbox 299 2185 452 2216; x_wconf 73' lang='grc' dir='ltr'>συνέσεως·</span> <span class='ocrx_word' id='word_1_474' title='bbox 477 2182 537 2211; x_wconf 73' lang='grc' dir='ltr'>εἶτα</span> <span class='ocrx_word' id='word_1_475' title='bbox 562 2183 609 2210; x_wconf 68' lang='grc' dir='ltr'><strong>ἐπὶ</strong></span> <span class='ocrx_word' id='word_1_476' title='bbox 637 2183 690 2218; x_wconf 82' lang='grc' dir='ltr'>γῆς</span> <span class='ocrx_word' id='word_1_477' title='bbox 716 2183 793 2219; x_wconf 78' lang='grc' dir='ltr'>ὤφθη</span> <span class='ocrx_word' id='word_1_478' title='bbox 806 2203 814 2216; x_wconf 86' lang='lat'><strong>,</strong></span> <span class='ocrx_word' id='word_1_479' title='bbox 839 2183 889 2218; x_wconf 79' lang='grc' dir='ltr'>τὴν</span> 
     </span>
    </p>
   </div>
   <div class='ocr_carea' id='block_1_63' title="bbox 941 950 1734 986">
    <p class='ocr_par' dir='ltr' id='par_1_63' title="bbox 941 950 1734 986">
     <span class='ocr_line' id='line_1_63' title="bbox 941 950 1734 986; baseline -0.001 -8"><span class='ocrx_word' id='word_1_480' title='bbox 941 955 969 979; x_wconf 86' lang='lat' dir='ltr'><strong>et</strong></span> <span class='ocrx_word' id='word_1_481' title='bbox 980 950 1096 979; x_wconf 85' lang='lat' dir='ltr'><strong>Verbum</strong></span> <span class='ocrx_word' id='word_1_482' title='bbox 1116 951 1194 984; x_wconf 92' lang='lat' dir='ltr'><strong>illud,</strong></span> <span class='ocrx_word' id='word_1_483' title='bbox 1216 951 1287 986; x_wconf 89' lang='lat' dir='ltr'><strong>quod</strong></span> <span class='ocrx_word' id='word_1_484' title='bbox 1305 952 1332 978; x_wconf 89' lang='lat' dir='ltr'><strong>in</strong></span> <span class='ocrx_word' id='word_1_485' title='bbox 1355 959 1396 978; x_wconf 89' lang='lat' dir='ltr'><strong>me</strong></span> <span class='ocrx_word' id='word_1_486' title='bbox 1409 956 1460 979; x_wconf 83' lang='lat' dir='ltr'><strong>est.</strong></span> <span class='ocrx_word' id='word_1_487' title='bbox 1482 951 1538 978; x_wconf 90' lang='lat' dir='ltr'><strong>lloc</strong></span> <span class='ocrx_word' id='word_1_488' title='bbox 1549 955 1639 978; x_wconf 88' lang='lat' dir='ltr'><strong>autem</strong></span> <span class='ocrx_word' id='word_1_489' title='bbox 1653 952 1734 986; x_wconf 89' lang='lat' dir='ltr'><strong>paulo</strong></span> 
     </span>
    </p>
   </div>
   <div class='ocr_carea' id='block_1_64' title="bbox 941 995 1733 1028">
    <p class='ocr_par' dir='ltr' id='par_1_64' title="bbox 941 995 1733 1028">
     <span class='ocr_line' id='line_1_64' title="bbox 941 995 1733 1028; baseline 0 -4"><span class='ocrx_word' id='word_1_490' title='bbox 941 1001 1005 1024; x_wconf 82' lang='lat' dir='ltr'><strong>ante</strong></span> <span class='ocrx_word' id='word_1_491' title='bbox 1017 997 1186 1028; x_wconf 83' lang='lat' dir='ltr'><strong>monuimus.</strong></span> <span class='ocrx_word' id='word_1_492' title='bbox 1209 995 1355 1024; x_wconf 84' lang='lat' dir='ltr'><strong>Photinum</strong></span> <span class='ocrx_word' id='word_1_493' title='bbox 1369 1005 1401 1024; x_wconf 76' lang='lat' dir='ltr'><strong>cx</strong></span> <span class='ocrx_word' id='word_1_494' title='bbox 1415 997 1490 1023; x_wconf 78' lang='lat' dir='ltr'><strong>l’auli</strong></span> <span class='ocrx_word' id='word_1_495' title='bbox 1508 997 1676 1024; x_wconf 80' lang='lat' dir='ltr'><strong>Samosateni</strong></span> <span class='ocrx_word' id='word_1_496' title='bbox 1691 997 1733 1024; x_wconf 82' lang='lat' dir='ltr'><strong>fa-</strong></span> 
     </span>
    </p>
   </div>
   <div class='ocr_carea' id='block_1_65' title="bbox 941 1041 1733 1078">
    <p class='ocr_par' dir='ltr' id='par_1_65' title="bbox 941 1041 1733 1078">
     <span class='ocr_line' id='line_1_65' title="bbox 941 1041 1733 1078; baseline -0.001 -8"><span class='ocrx_word' id='word_1_497' title='bbox 941 1043 1033 1071; x_wconf 87' lang='lat' dir='ltr'><strong>ctione</strong></span> <span class='ocrx_word' id='word_1_498' title='bbox 1049 1050 1123 1076; x_wconf 86' lang='lat' dir='ltr'><strong>esse.</strong></span> <span class='ocrx_word' id='word_1_499' title='bbox 1138 1041 1288 1078; x_wconf 75' lang='lat' dir='ltr'><strong>eademque</strong></span> <span class='ocrx_word' id='word_1_500' title='bbox 1303 1049 1366 1069; x_wconf 88' lang='lat' dir='ltr'><strong>cum</strong></span> <span class='ocrx_word' id='word_1_501' title='bbox 1393 1042 1440 1070; x_wconf 94' lang='lat' dir='ltr'><strong>illo</strong></span> <span class='ocrx_word' id='word_1_502' title='bbox 1454 1042 1610 1075; x_wconf 78' lang='lat' dir='ltr'><strong>defendere,</strong></span> <span class='ocrx_word' id='word_1_503' title='bbox 1625 1043 1733 1070; x_wconf 83' lang='lat' dir='ltr'><strong>tametsi</strong></span> 
     </span>
    </p>
   </div>
   <div class='ocr_carea' id='block_1_66' title="bbox 942 1087 1732 1123">
    <p class='ocr_par' dir='ltr' id='par_1_66' title="bbox 942 1087 1732 1123">
     <span class='ocr_line' id='line_1_66' title="bbox 942 1087 1732 1123; baseline -0.001 -8"><span class='ocrx_word' id='word_1_504' title='bbox 942 1088 1019 1116; x_wconf 87' lang='lat' dir='ltr'><strong>illum</strong></span> <span class='ocrx_word' id='word_1_505' title='bbox 1034 1088 1124 1123; x_wconf 86' lang='lat' dir='ltr'><strong>ipsum</strong></span> <span class='ocrx_word' id='word_1_506' title='bbox 1140 1087 1218 1115; x_wconf 83' lang='lat' dir='ltr'><strong>novis</strong></span> <span class='ocrx_word' id='word_1_507' title='bbox 1232 1087 1374 1115; x_wconf 84' lang='lat' dir='ltr'><strong>erroribus</strong></span> <span class='ocrx_word' id='word_1_508' title='bbox 1389 1087 1560 1122; x_wconf 86' lang='lat' dir='ltr'><strong>inventisque</strong></span> <span class='ocrx_word' id='word_1_509' title='bbox 1581 1087 1732 1122; x_wconf 86' lang='lat' dir='ltr'><strong>superavit.</strong></span> 
     </span>
    </p>
   </div>
   <div class='ocr_carea' id='block_1_67' title="bbox 978 1131 1732 1167">
    <p class='ocr_par' dir='ltr' id='par_1_67' title="bbox 978 1131 1732 1167">
     <span class='ocr_line' id='line_1_67' title="bbox 978 1131 1732 1167; baseline -0.001 -7"><span class='ocrx_word' id='word_1_510' title='bbox 978 1133 1022 1160; x_wconf 89' lang='lat' dir='ltr'><strong>Ill.</strong></span> <span class='ocrx_word' id='word_1_511' title='bbox 1035 1133 1136 1161; x_wconf 87' lang='lat' dir='ltr'><strong>Verum</strong></span> <span class='ocrx_word' id='word_1_512' title='bbox 1159 1133 1337 1161; x_wconf 84' lang='lat' dir='ltr'><strong>nihilominus</strong></span> <span class='ocrx_word' id='word_1_513' title='bbox 1355 1136 1382 1160; x_wconf 88' lang='lat' dir='ltr'><strong>et</strong></span> <span class='ocrx_word' id='word_1_514' title='bbox 1405 1132 1463 1167; x_wconf 89' lang='lat' dir='ltr'><strong>ipse</strong></span> <span class='ocrx_word' id='word_1_515' title='bbox 1477 1131 1625 1164; x_wconf 68' lang='lat' dir='ltr'><strong>refelletur,</strong></span> <span class='ocrx_word' id='word_1_516' title='bbox 1642 1133 1688 1167; x_wconf 88' lang='lat' dir='ltr'><strong>qui</strong></span> <span class='ocrx_word' id='word_1_517' title='bbox 1704 1133 1732 1160; x_wconf 87' lang='lat' dir='ltr'><strong>in</strong></span> 
     </span>
    </p>
   </div>
   <div class='ocr_carea' id='block_1_68' title="bbox 941 1176 1732 1213">
    <p class='ocr_par' dir='ltr' id='par_1_68' title="bbox 941 1176 1732 1213">
     <span class='ocr_line' id='line_1_68' title="bbox 941 1176 1732 1213; baseline -0.003 -7"><span class='ocrx_word' id='word_1_518' title='bbox 941 1183 1091 1206; x_wconf 67' lang='lat' dir='ltr'><strong>extremam</strong></span> <span class='ocrx_word' id='word_1_519' title='bbox 1112 1177 1276 1212; x_wconf 78' lang='lat' dir='ltr'><strong>impietatem</strong></span> <span class='ocrx_word' id='word_1_520' title='bbox 1288 1184 1320 1204; x_wconf 80' lang='lat' dir='ltr'><strong>ac</strong></span> <span class='ocrx_word' id='word_1_521' title='bbox 1333 1176 1418 1204; x_wconf 89' lang='lat' dir='ltr'><strong>divini</strong></span> <span class='ocrx_word' id='word_1_522' title='bbox 1434 1176 1559 1205; x_wconf 88' lang='lat' dir='ltr'><strong>Nutninis</strong></span> <span class='ocrx_word' id='word_1_523' title='bbox 1574 1178 1732 1213; x_wconf 71' lang='lat' dir='ltr'><strong>abnegatio—</strong></span> 
     </span>
    </p>
   </div>
   <div class='ocr_carea' id='block_1_69' title="bbox 943 1223 1733 1259">
    <p class='ocr_par' dir='ltr' id='par_1_69' title="bbox 943 1223 1733 1259">
     <span class='ocr_line' id='line_1_69' title="bbox 943 1223 1733 1259; baseline -0.001 -8"><span class='ocrx_word' id='word_1_524' title='bbox 943 1231 1003 1252; x_wconf 87' lang='lat' dir='ltr'><strong>nem</strong></span> <span class='ocrx_word' id='word_1_525' title='bbox 1029 1223 1184 1259; x_wconf 80' lang='lat' dir='ltr'><strong>prolapsus,</strong></span> <span class='ocrx_word' id='word_1_526' title='bbox 1205 1227 1232 1251; x_wconf 91' lang='lat' dir='ltr'><strong>et</strong></span> <span class='ocrx_word' id='word_1_527' title='bbox 1254 1223 1342 1250; x_wconf 87' lang='lat' dir='ltr'><strong>aliena</strong></span> <span class='ocrx_word' id='word_1_528' title='bbox 1361 1230 1377 1249; x_wconf 92' lang='lat' dir='ltr'><strong>a</strong></span> <span class='ocrx_word' id='word_1_529' title='bbox 1396 1223 1560 1258; x_wconf 82' lang='lat' dir='ltr'><strong>sempiterna</strong></span> <span class='ocrx_word' id='word_1_530' title='bbox 1580 1223 1633 1250; x_wconf 74' lang='lat' dir='ltr'><strong>vita</strong></span> <span class='ocrx_word' id='word_1_531' title='bbox 1657 1232 1733 1251; x_wconf 77' lang='lat' dir='ltr'><strong>rom-</strong></span> 
     </span>
    </p>
   </div>
   <div class='ocr_carea' id='block_1_70' title="bbox 943 1270 1732 1308">
    <p class='ocr_par' dir='ltr' id='par_1_70' title="bbox 943 1270 1732 1308">
     <span class='ocr_line' id='line_1_70' title="bbox 943 1270 1732 1308; baseline 0.005 -12"><span class='ocrx_word' id='word_1_532' title='bbox 943 1273 1033 1297; x_wconf 78' lang='lat' dir='ltr'><strong>menta</strong></span> <span class='ocrx_word' id='word_1_533' title='bbox 1045 1275 1156 1298; x_wconf 86' lang='lat' dir='ltr'><strong>secutus</strong></span> <span class='ocrx_word' id='word_1_534' title='bbox 1169 1275 1221 1299; x_wconf 90' lang='lat' dir='ltr'><strong>est.</strong></span> <span class='ocrx_word' id='word_1_535' title='bbox 1238 1270 1305 1298; x_wconf 88' lang='lat' dir='ltr'><strong>Nam</strong></span> <span class='ocrx_word' id='word_1_536' title='bbox 1322 1272 1346 1298; x_wconf 86' lang='lat' dir='ltr'><strong>si</strong></span> <span class='ocrx_word' id='word_1_537' title='bbox 1362 1279 1457 1300; x_wconf 85' lang='lat' dir='ltr'><strong>recens</strong></span> <span class='ocrx_word' id='word_1_538' title='bbox 1471 1272 1538 1299; x_wconf 89' lang='lat' dir='ltr'><strong>adeo</strong></span> <span class='ocrx_word' id='word_1_539' title='bbox 1553 1276 1604 1304; x_wconf 87' lang='lat' dir='ltr'><strong>est,</strong></span> <span class='ocrx_word' id='word_1_540' title='bbox 1616 1272 1686 1308; x_wconf 88' lang='lat' dir='ltr'><strong>quod</strong></span> <span class='ocrx_word' id='word_1_541' title='bbox 1698 1273 1732 1300; x_wconf 88' lang='lat' dir='ltr'><strong>ad</strong></span> 
     </span>
    </p>
   </div>
   <div class='ocr_carea' id='block_1_71' title="bbox 941 1316 1731 1353">
    <p class='ocr_par' dir='ltr' id='par_1_71' title="bbox 941 1316 1731 1353">
     <span class='ocr_line' id='line_1_71' title="bbox 941 1316 1731 1353; baseline 0.004 -11"><span class='ocrx_word' id='word_1_542' title='bbox 941 1316 1111 1344; x_wconf 85' lang='lat' dir='ltr'><strong>divinitatem</strong></span> <span class='ocrx_word' id='word_1_543' title='bbox 1127 1317 1234 1349; x_wconf 84' lang='lat' dir='ltr'><strong>attinet,</strong></span> <span class='ocrx_word' id='word_1_544' title='bbox 1250 1316 1296 1344; x_wconf 88' lang='lat' dir='ltr'><strong>Dei</strong></span> <span class='ocrx_word' id='word_1_545' title='bbox 1317 1316 1411 1349; x_wconf 81' lang='lat' dir='ltr'><strong>Filius.</strong></span> <span class='ocrx_word' id='word_1_546' title='bbox 1425 1325 1594 1353; x_wconf 89' lang='lat' dir='ltr'><strong>consequens</strong></span> <span class='ocrx_word' id='word_1_547' title='bbox 1608 1323 1660 1351; x_wconf 88' lang='lat' dir='ltr'><strong>cst.</strong></span> <span class='ocrx_word' id='word_1_548' title='bbox 1677 1326 1731 1346; x_wconf 88' lang='lat' dir='ltr'><strong>non</strong></span> 
     </span>
    </p>
   </div>
   <div class='ocr_carea' id='block_1_72' title="bbox 944 1361 1731 1397">
    <p class='ocr_par' dir='ltr' id='par_1_72' title="bbox 944 1361 1731 1397">
     <span class='ocr_line' id='line_1_72' title="bbox 944 1361 1731 1397; baseline 0.003 -8"><span class='ocrx_word' id='word_1_549' title='bbox 944 1362 1024 1389; x_wconf 91' lang='lat' dir='ltr'><strong>modo</strong></span> <span class='ocrx_word' id='word_1_550' title='bbox 1040 1361 1169 1390; x_wconf 87' lang='lat' dir='ltr'><strong>Davidem</strong></span> <span class='ocrx_word' id='word_1_551' title='bbox 1187 1363 1233 1390; x_wconf 93' lang='lat' dir='ltr'><strong>illo</strong></span> <span class='ocrx_word' id='word_1_552' title='bbox 1254 1363 1417 1391; x_wconf 86' lang='lat' dir='ltr'><strong>anteriorem</strong></span> <span class='ocrx_word' id='word_1_553' title='bbox 1431 1371 1501 1397; x_wconf 86' lang='lat' dir='ltr'><strong>esse,</strong></span> <span class='ocrx_word' id='word_1_554' title='bbox 1523 1364 1570 1391; x_wconf 87' lang='lat' dir='ltr'><strong>scd</strong></span> <span class='ocrx_word' id='word_1_555' title='bbox 1595 1369 1622 1391; x_wconf 93' lang='lat' dir='ltr'><strong>et</strong></span> <span class='ocrx_word' id='word_1_556' title='bbox 1643 1364 1731 1391; x_wconf 85' lang='lat' dir='ltr'><strong>eidem</strong></span> 
     </span>
    </p>
   </div>
   <div class='ocr_carea' id='block_1_73' title="bbox 943 1407 1730 1445">
    <p class='ocr_par' dir='ltr' id='par_1_73' title="bbox 943 1407 1730 1445">
     <span class='ocr_line' id='line_1_73' title="bbox 943 1407 1730 1445; baseline 0.001 -10"><span class='ocrx_word' id='word_1_557' title='bbox 943 1407 1078 1435; x_wconf 85' lang='lat' dir='ltr'><strong>conditori</strong></span> <span class='ocrx_word' id='word_1_558' title='bbox 1105 1416 1156 1436; x_wconf 89' lang='lat' dir='ltr'><strong>suo</strong></span> <span class='ocrx_word' id='word_1_559' title='bbox 1181 1409 1390 1444; x_wconf 76' lang='lat' dir='ltr'><strong>pml&#39;erendum.</strong></span> <span class='ocrx_word' id='word_1_560' title='bbox 1427 1409 1514 1445; x_wconf 89' lang='lat' dir='ltr'><strong>Atque</strong></span> <span class='ocrx_word' id='word_1_561' title='bbox 1538 1409 1594 1437; x_wconf 77' lang='lat' dir='ltr'><strong>hzec</strong></span> <span class='ocrx_word' id='word_1_562' title='bbox 1621 1410 1730 1445; x_wconf 84' lang='lat' dir='ltr'><strong>quidem</strong></span> 
     </span>
    </p>
   </div>
   <div class='ocr_carea' id='block_1_74' title="bbox 943 1452 1731 1488">
    <p class='ocr_par' dir='ltr' id='par_1_74' title="bbox 943 1452 1731 1488">
     <span class='ocr_line' id='line_1_74' title="bbox 943 1452 1731 1488; baseline 0.003 -9"><span class='ocrx_word' id='word_1_563' title='bbox 943 1452 1061 1480; x_wconf 71' lang='lat' dir='ltr'><strong>haeretici</strong></span> <span class='ocrx_word' id='word_1_564' title='bbox 1077 1453 1147 1481; x_wconf 91' lang='lat' dir='ltr'><strong>illius</strong></span> <span class='ocrx_word' id='word_1_565' title='bbox 1161 1454 1254 1488; x_wconf 85' lang='lat' dir='ltr'><strong>opinio</strong></span> <span class='ocrx_word' id='word_1_566' title='bbox 1268 1453 1394 1488; x_wconf 80' lang='lat' dir='ltr'><strong>fuit,qui,</strong></span> <span class='ocrx_word' id='word_1_567' title='bbox 1410 1461 1549 1481; x_wconf 82' lang='lat' dir='ltr'><strong>sacrarum</strong></span> <span class='ocrx_word' id='word_1_568' title='bbox 1566 1453 1731 1481; x_wconf 83' lang='lat' dir='ltr'><strong>Litterarum</strong></span> 
     </span>
    </p>
   </div>
   <div class='ocr_carea' id='block_1_75' title="bbox 942 1499 1731 1535">
    <p class='ocr_par' dir='ltr' id='par_1_75' title="bbox 942 1499 1731 1535">
     <span class='ocr_line' id='line_1_75' title="bbox 942 1499 1731 1535; baseline 0.001 -10"><span class='ocrx_word' id='word_1_569' title='bbox 942 1499 1101 1527; x_wconf 76' lang='lat' dir='ltr'><strong>auctoritate</strong></span> <span class='ocrx_word' id='word_1_570' title='bbox 1125 1503 1289 1534; x_wconf 83' lang='lat' dir='ltr'><strong>contempta,</strong></span> <span class='ocrx_word' id='word_1_571' title='bbox 1314 1500 1375 1535; x_wconf 87' lang='lat' dir='ltr'><strong>ejus</strong></span> <span class='ocrx_word' id='word_1_572' title='bbox 1403 1499 1560 1528; x_wconf 87' lang='lat' dir='ltr'><strong>testimonio</strong></span> <span class='ocrx_word' id='word_1_573' title='bbox 1588 1507 1731 1535; x_wconf 87' lang='lat' dir='ltr'><strong>perperam</strong></span> 
     </span>
    </p>
   </div>
   <div class='ocr_carea' id='block_1_76' title="bbox 944 1544 1732 1581">
    <p class='ocr_par' dir='ltr' id='par_1_76' title="bbox 944 1544 1732 1581">
     <span class='ocr_line' id='line_1_76' title="bbox 944 1544 1732 1581; baseline 0.001 -10"><span class='ocrx_word' id='word_1_574' title='bbox 944 1544 1082 1572; x_wconf 84' lang='lat' dir='ltr'><strong>intellecto</strong></span> <span class='ocrx_word' id='word_1_575' title='bbox 1096 1545 1136 1572; x_wconf 89' lang='lat' dir='ltr'><strong>sic</strong></span> <span class='ocrx_word' id='word_1_576' title='bbox 1151 1545 1275 1573; x_wconf 86' lang='lat' dir='ltr'><strong>abutitur</strong></span> <span class='ocrx_word' id='word_1_577' title='bbox 1287 1555 1293 1572; x_wconf 75' lang='grc' dir='ltr'>ε</span> <span class='ocrx_word' id='word_1_578' title='bbox 1304 1546 1461 1581; x_wconf 81' lang='lat' dir='ltr'><strong>Apostolus,</strong></span> <span class='ocrx_word' id='word_1_579' title='bbox 1479 1546 1577 1581; x_wconf 89' lang='lat' dir='ltr'><strong>inquit,</strong></span> <span class='ocrx_word' id='word_1_580' title='bbox 1591 1546 1628 1573; x_wconf 84' lang='lat' dir='ltr'><strong>ita</strong></span> <span class='ocrx_word' id='word_1_581' title='bbox 1645 1547 1732 1580; x_wconf 89' lang='lat' dir='ltr'><strong>loqui-</strong></span> 
     </span>
    </p>
   </div>
   <div class='ocr_carea' id='block_1_77' title="bbox 943 1589 1733 1623">
    <p class='ocr_par' dir='ltr' id='par_1_77' title="bbox 943 1589 1733 1623">
     <span class='ocr_line' id='line_1_77' title="bbox 943 1589 1733 1623; baseline 0.004 -8"><span class='ocrx_word' id='word_1_582' title='bbox 943 1592 1005 1616; x_wconf 89' lang='lat' dir='ltr'><strong>tur:</strong></span> <span class='ocrx_word' id='word_1_583' title='bbox 1038 1589 1146 1616; x_wconf 75' lang='lat' dir='ltr'><strong>Primus</strong></span> <span class='ocrx_word' id='word_1_584' title='bbox 1166 1590 1242 1617; x_wconf 87' lang='lat' dir='ltr'><strong>homo</strong></span> <span class='ocrx_word' id='word_1_585' title='bbox 1261 1590 1293 1617; x_wconf 86' lang='lat' dir='ltr'><strong>de</strong></span> <span class='ocrx_word' id='word_1_586' title='bbox 1313 1595 1385 1617; x_wconf 80' lang='lat' dir='ltr'><strong>terra</strong></span> <span class='ocrx_word' id='word_1_587' title='bbox 1405 1596 1533 1623; x_wconf 77' lang='lat' dir='ltr'><strong>terrenus,</strong></span> <span class='ocrx_word' id='word_1_588' title='bbox 1554 1590 1682 1618; x_wconf 69' lang='lat' dir='ltr'><strong>secundus</strong></span> <span class='ocrx_word' id='word_1_589' title='bbox 1699 1591 1733 1618; x_wconf 75' lang='lat' dir='ltr'><strong>de</strong></span> 
     </span>
    </p>
   </div>
   <div class='ocr_carea' id='block_1_78' title="bbox 942 1634 1730 1672">
    <p class='ocr_par' dir='ltr' id='par_1_78' title="bbox 942 1634 1730 1672">
     <span class='ocr_line' id='line_1_78' title="bbox 942 1634 1730 1672; baseline 0.003 -11"><span class='ocrx_word' id='word_1_590' title='bbox 942 1634 1006 1661; x_wconf 66' lang='lat' dir='ltr'><strong>caelo</strong></span> <span class='ocrx_word' id='word_1_591' title='bbox 1018 1635 1038 1662; x_wconf 72' lang='grc'><strong>⁸.</strong></span> <span class='ocrx_word' id='word_1_592' title='bbox 1059 1635 1142 1670; x_wconf 79' lang='lat' dir='ltr'><strong>Atqui</strong></span> <span class='ocrx_word' id='word_1_593' title='bbox 1159 1637 1251 1664; x_wconf 90' lang='lat' dir='ltr'><strong>statim</strong></span> <span class='ocrx_word' id='word_1_594' title='bbox 1270 1636 1309 1663; x_wconf 91' lang='lat' dir='ltr'><strong>illi</strong></span> <span class='ocrx_word' id='word_1_595' title='bbox 1325 1637 1447 1664; x_wconf 85' lang='lat' dir='ltr'><strong>veritatis</strong></span> <span class='ocrx_word' id='word_1_596' title='bbox 1467 1637 1618 1672; x_wconf 76' lang='lat' dir='ltr'><strong>refragatur</strong></span> <span class='ocrx_word' id='word_1_597' title='bbox 1632 1637 1730 1669; x_wconf 82' lang='lat' dir='ltr'><strong>oratio,</strong></span> 
     </span>
    </p>
   </div>
   <div class='ocr_carea' id='block_1_79' title="bbox 942 1680 1731 1717">
    <p class='ocr_par' dir='ltr' id='par_1_79' title="bbox 942 1680 1731 1717">
     <span class='ocr_line' id='line_1_79' title="bbox 942 1680 1731 1717; baseline 0.005 -12"><span class='ocrx_word' id='word_1_598' title='bbox 942 1686 974 1706; x_wconf 88' lang='lat' dir='ltr'><strong>ac</strong></span> <span class='ocrx_word' id='word_1_599' title='bbox 988 1680 1187 1708; x_wconf 89' lang='lat' dir='ltr'><strong>tenebricosam</strong></span> <span class='ocrx_word' id='word_1_600' title='bbox 1207 1681 1281 1708; x_wconf 88' lang='lat' dir='ltr'><strong>illius</strong></span> <span class='ocrx_word' id='word_1_601' title='bbox 1292 1686 1410 1708; x_wconf 85' lang='lat' dir='ltr'><strong>mentem</strong></span> <span class='ocrx_word' id='word_1_602' title='bbox 1422 1682 1570 1717; x_wconf 78' lang='lat' dir='ltr'><strong>redarguit.</strong></span> <span class='ocrx_word' id='word_1_603' title='bbox 1586 1682 1731 1716; x_wconf 81' lang='lat' dir='ltr'><strong>Apostolus</strong></span> 
     </span>
    </p>
   </div>
   <div class='ocr_carea' id='block_1_80' title="bbox 943 1726 1730 1762">
    <p class='ocr_par' dir='ltr' id='par_1_80' title="bbox 943 1726 1730 1762">
     <span class='ocr_line' id='line_1_80' title="bbox 943 1726 1730 1762; baseline 0.003 -10"><span class='ocrx_word' id='word_1_604' title='bbox 943 1726 1016 1753; x_wconf 91' lang='lat' dir='ltr'><strong>enim</strong></span> <span class='ocrx_word' id='word_1_605' title='bbox 1044 1726 1161 1760; x_wconf 87' lang='lat' dir='ltr'><strong>duplicis</strong></span> <span class='ocrx_word' id='word_1_606' title='bbox 1186 1727 1307 1754; x_wconf 82' lang='lat' dir='ltr'><strong>hominis</strong></span> <span class='ocrx_word' id='word_1_607' title='bbox 1329 1728 1495 1755; x_wconf 88' lang='lat' dir='ltr'><strong>mentionem</strong></span> <span class='ocrx_word' id='word_1_608' title='bbox 1520 1729 1584 1762; x_wconf 74' lang='lat' dir='ltr'><strong>agit,</strong></span> <span class='ocrx_word' id='word_1_609' title='bbox 1613 1735 1730 1762; x_wconf 76' lang='lat' dir='ltr'><strong>(piorum</strong></span> 
     </span>
    </p>
   </div>
   <div class='ocr_carea' id='block_1_81' title="bbox 942 1770 1728 1806">
    <p class='ocr_par' dir='ltr' id='par_1_81' title="bbox 942 1770 1728 1806">
     <span class='ocr_line' id='line_1_81' title="bbox 942 1770 1728 1806; baseline 0.001 -9"><span class='ocrx_word' id='word_1_610' title='bbox 942 1770 1058 1805; x_wconf 88' lang='lat' dir='ltr'><strong>priorem</strong></span> <span class='ocrx_word' id='word_1_611' title='bbox 1074 1771 1154 1806; x_wconf 74' lang='lat'><strong>831</strong></span> <span class='ocrx_word' id='word_1_612' title='bbox 1169 1772 1303 1799; x_wconf 79' lang='lat' dir='ltr'><strong>Adamum</strong></span> <span class='ocrx_word' id='word_1_613' title='bbox 1321 1777 1422 1799; x_wconf 89' lang='lat' dir='ltr'><strong>eterra</strong></span> <span class='ocrx_word' id='word_1_614' title='bbox 1438 1776 1597 1804; x_wconf 82' lang='lat' dir='ltr'><strong>terrenum;</strong></span> <span class='ocrx_word' id='word_1_615' title='bbox 1613 1772 1728 1798; x_wconf 88' lang='lat' dir='ltr'><strong>alterum</strong></span> 
     </span>
    </p>
   </div>
   <div class='ocr_carea' id='block_1_82' title="bbox 941 1816 1729 1852">
    <p class='ocr_par' dir='ltr' id='par_1_82' title="bbox 941 1816 1729 1852">
     <span class='ocr_line' id='line_1_82' title="bbox 941 1816 1729 1852; baseline 0 -8"><span class='ocrx_word' id='word_1_616' title='bbox 941 1824 956 1844; x_wconf 91' lang='lat' dir='ltr'><strong>e</strong></span> <span class='ocrx_word' id='word_1_617' title='bbox 971 1816 1041 1844; x_wconf 74' lang='lat' dir='ltr'><strong>coelo</strong></span> <span class='ocrx_word' id='word_1_618' title='bbox 1056 1816 1203 1844; x_wconf 81' lang='lat' dir='ltr'><strong>deductum</strong></span> <span class='ocrx_word' id='word_1_619' title='bbox 1216 1817 1340 1845; x_wconf 82' lang='lat' dir='ltr'><strong>allirmat.</strong></span> <span class='ocrx_word' id='word_1_620' title='bbox 1353 1817 1392 1844; x_wconf 81' lang='lat' dir='ltr'><strong>Ac</strong></span> <span class='ocrx_word' id='word_1_621' title='bbox 1407 1818 1470 1846; x_wconf 88' lang='lat' dir='ltr'><strong>licet</strong></span> <span class='ocrx_word' id='word_1_622' title='bbox 1485 1818 1621 1845; x_wconf 89' lang='lat' dir='ltr'><strong>hominem</strong></span> <span class='ocrx_word' id='word_1_623' title='bbox 1639 1817 1729 1852; x_wconf 84' lang='lat' dir='ltr'><strong>appel-</strong></span> 
     </span>
    </p>
   </div>
   <div class='ocr_carea' id='block_1_83' title="bbox 941 1862 1731 1899">
    <p class='ocr_par' dir='ltr' id='par_1_83' title="bbox 941 1862 1731 1899">
     <span class='ocr_line' id='line_1_83' title="bbox 941 1862 1731 1899; baseline 0.003 -10"><span class='ocrx_word' id='word_1_624' title='bbox 941 1862 988 1894; x_wconf 84' lang='lat' dir='ltr'><strong>let,</strong></span> <span class='ocrx_word' id='word_1_625' title='bbox 1005 1869 1059 1889; x_wconf 89' lang='lat' dir='ltr'><strong>non</strong></span> <span class='ocrx_word' id='word_1_626' title='bbox 1077 1867 1168 1890; x_wconf 86' lang='lat' dir='ltr'><strong>tamen</strong></span> <span class='ocrx_word' id='word_1_627' title='bbox 1181 1871 1197 1891; x_wconf 91' lang='lat' dir='ltr'><strong>e</strong></span> <span class='ocrx_word' id='word_1_628' title='bbox 1211 1864 1282 1891; x_wconf 73' lang='lat' dir='ltr'><strong>cwlo</strong></span> <span class='ocrx_word' id='word_1_629' title='bbox 1296 1871 1362 1891; x_wconf 88' lang='lat' dir='ltr'><strong>caro</strong></span> <span class='ocrx_word' id='word_1_630' title='bbox 1378 1864 1435 1899; x_wconf 86' lang='lat' dir='ltr'><strong>ipsa</strong></span> <span class='ocrx_word' id='word_1_631' title='bbox 1452 1863 1605 1895; x_wconf 87' lang='lat' dir='ltr'><strong>descendit,</strong></span> <span class='ocrx_word' id='word_1_632' title='bbox 1625 1863 1673 1891; x_wconf 89' lang='lat' dir='ltr'><strong>sed</strong></span> <span class='ocrx_word' id='word_1_633' title='bbox 1689 1863 1731 1891; x_wconf 73' lang='lat' dir='ltr'><strong>vel</strong></span> 
     </span>
    </p>
   </div>
   <div class='ocr_carea' id='block_1_84' title="bbox 941 1908 1732 1944">
    <p class='ocr_par' dir='ltr' id='par_1_84' title="bbox 941 1908 1732 1944">
     <span class='ocr_line' id='line_1_84' title="bbox 941 1908 1732 1944; baseline 0.003 -9"><span class='ocrx_word' id='word_1_634' title='bbox 941 1908 1043 1936; x_wconf 80' lang='lat' dir='ltr'><strong>fatente</strong></span> <span class='ocrx_word' id='word_1_635' title='bbox 1056 1909 1127 1944; x_wconf 84' lang='lat' dir='ltr'><strong>ipso,</strong></span> <span class='ocrx_word' id='word_1_636' title='bbox 1152 1909 1266 1938; x_wconf 80' lang='lat' dir='ltr'><strong>eMaria</strong></span> <span class='ocrx_word' id='word_1_637' title='bbox 1291 1914 1420 1944; x_wconf 75' lang='lat' dir='ltr'><strong>suscepta</strong></span> <span class='ocrx_word' id='word_1_638' title='bbox 1442 1915 1495 1938; x_wconf 88' lang='lat' dir='ltr'><strong>est.</strong></span> <span class='ocrx_word' id='word_1_639' title='bbox 1518 1909 1556 1938; x_wconf 83' lang='lat' dir='ltr'><strong>De</strong></span> <span class='ocrx_word' id='word_1_640' title='bbox 1580 1910 1651 1937; x_wconf 78' lang='lat' dir='ltr'><strong>ccclo</strong></span> <span class='ocrx_word' id='word_1_641' title='bbox 1665 1918 1732 1937; x_wconf 87' lang='lat' dir='ltr'><strong>vero</strong></span> 
     </span>
    </p>
   </div>
   <div class='ocr_carea' id='block_1_85' title="bbox 941 1954 1732 1990">
    <p class='ocr_par' dir='ltr' id='par_1_85' title="bbox 941 1954 1732 1990">
     <span class='ocr_line' id='line_1_85' title="bbox 941 1954 1732 1990; baseline 0.001 -9"><span class='ocrx_word' id='word_1_642' title='bbox 941 1961 996 1981; x_wconf 91' lang='lat' dir='ltr'><strong>non</strong></span> <span class='ocrx_word' id='word_1_643' title='bbox 1019 1954 1106 1982; x_wconf 88' lang='lat' dir='ltr'><strong>abusu</strong></span> <span class='ocrx_word' id='word_1_644' title='bbox 1125 1955 1244 1990; x_wconf 85' lang='lat' dir='ltr'><strong>quodam</strong></span> <span class='ocrx_word' id='word_1_645' title='bbox 1266 1956 1402 1983; x_wconf 87' lang='lat' dir='ltr'><strong>sermonis</strong></span> <span class='ocrx_word' id='word_1_646' title='bbox 1418 1963 1528 1983; x_wconf 83' lang='lat' dir='ltr'><strong>carnem</strong></span> <span class='ocrx_word' id='word_1_647' title='bbox 1546 1957 1584 1982; x_wconf 92' lang='lat' dir='ltr'><strong>ait</strong></span> <span class='ocrx_word' id='word_1_648' title='bbox 1601 1963 1662 1983; x_wconf 86' lang='lat' dir='ltr'><strong>esse</strong></span> <span class='ocrx_word' id='word_1_649' title='bbox 1683 1954 1732 1982; x_wconf 85' lang='lat' dir='ltr'><strong>de-</strong></span> 
     </span>
    </p>
   </div>
   <div class='ocr_carea' id='block_1_86' title="bbox 942 2000 1731 2035">
    <p class='ocr_par' dir='ltr' id='par_1_86' title="bbox 942 2000 1731 2035">
     <span class='ocr_line' id='line_1_86' title="bbox 942 2000 1731 2035; baseline 0.001 -8"><span class='ocrx_word' id='word_1_650' title='bbox 942 2000 1056 2035; x_wconf 83' lang='lat' dir='ltr'><strong>lapsam,</strong></span> <span class='ocrx_word' id='word_1_651' title='bbox 1073 2001 1121 2028; x_wconf 88' lang='lat' dir='ltr'><strong>sed</strong></span> <span class='ocrx_word' id='word_1_652' title='bbox 1139 2001 1290 2028; x_wconf 88' lang='lat' dir='ltr'><strong>secundum</strong></span> <span class='ocrx_word' id='word_1_653' title='bbox 1310 2001 1448 2028; x_wconf 87' lang='lat' dir='ltr'><strong>hominem</strong></span> <span class='ocrx_word' id='word_1_654' title='bbox 1463 2001 1613 2029; x_wconf 79' lang='lat' dir='ltr'><strong>duntaxat:</strong></span> <span class='ocrx_word' id='word_1_655' title='bbox 1628 2009 1661 2028; x_wconf 83' lang='lat' dir='ltr'><strong>ex</strong></span> <span class='ocrx_word' id='word_1_656' title='bbox 1676 2009 1731 2035; x_wconf 89' lang='lat' dir='ltr'><strong>quo</strong></span> 
     </span>
    </p>
   </div>
   <div class='ocr_carea' id='block_1_87' title="bbox 942 2045 1729 2079">
    <p class='ocr_par' dir='ltr' id='par_1_87' title="bbox 942 2045 1729 2079">
     <span class='ocr_line' id='line_1_87' title="bbox 942 2045 1729 2079; baseline 0.001 -6"><span class='ocrx_word' id='word_1_657' title='bbox 942 2045 1060 2074; x_wconf 86' lang='lat' dir='ltr'><strong>Verbum</strong></span> <span class='ocrx_word' id='word_1_658' title='bbox 1087 2054 1103 2074; x_wconf 92' lang='lat' dir='ltr'><strong>e</strong></span> <span class='ocrx_word' id='word_1_659' title='bbox 1129 2047 1199 2075; x_wconf 76' lang='lat' dir='ltr'><strong>cudo</strong></span> <span class='ocrx_word' id='word_1_660' title='bbox 1222 2047 1375 2079; x_wconf 88' lang='lat' dir='ltr'><strong>descendit,</strong></span> <span class='ocrx_word' id='word_1_661' title='bbox 1400 2051 1426 2074; x_wconf 79' lang='lat' dir='ltr'><strong>et</strong></span> <span class='ocrx_word' id='word_1_662' title='bbox 1449 2048 1578 2074; x_wconf 77' lang='lat' dir='ltr'><strong>habitauit</strong></span> <span class='ocrx_word' id='word_1_663' title='bbox 1601 2048 1628 2074; x_wconf 82' lang='lat' dir='ltr'><strong>in</strong></span> <span class='ocrx_word' id='word_1_664' title='bbox 1643 2046 1729 2078; x_wconf 76' lang='lat' dir='ltr'><strong>nobis,</strong></span> 
     </span>
    </p>
   </div>
   <div class='ocr_carea' id='block_1_88' title="bbox 941 2092 1730 2128">
    <p class='ocr_par' dir='ltr' id='par_1_88' title="bbox 941 2092 1730 2128">
     <span class='ocr_line' id='line_1_88' title="bbox 941 2092 1730 2128; baseline 0.004 -10"><span class='ocrx_word' id='word_1_665' title='bbox 941 2092 1169 2127; x_wconf 85' lang='lat' dir='ltr'><strong>quemadmodum</strong></span> <span class='ocrx_word' id='word_1_666' title='bbox 1184 2094 1316 2128; x_wconf 85' lang='lat' dir='ltr'><strong>scriptum</strong></span> <span class='ocrx_word' id='word_1_667' title='bbox 1330 2094 1404 2120; x_wconf 87' lang='lat' dir='ltr'><strong>cst&#39;.</strong></span> <span class='ocrx_word' id='word_1_668' title='bbox 1425 2092 1606 2125; x_wconf 82' lang='lat' dir='ltr'><strong>Quamobrem</strong></span> <span class='ocrx_word' id='word_1_669' title='bbox 1623 2097 1650 2120; x_wconf 84' lang='lat' dir='ltr'><strong>ct</strong></span> <span class='ocrx_word' id='word_1_670' title='bbox 1667 2097 1730 2121; x_wconf 88' lang='lat' dir='ltr'><strong>ante</strong></span> 
     </span>
    </p>
   </div>
   <div class='ocr_carea' id='block_1_89' title="bbox 941 2137 1729 2171">
    <p class='ocr_par' dir='ltr' id='par_1_89' title="bbox 941 2137 1729 2171">
     <span class='ocr_line' id='line_1_89' title="bbox 941 2137 1729 2171; baseline 0.001 -7"><span class='ocrx_word' id='word_1_671' title='bbox 941 2137 1073 2166; x_wconf 88' lang='lat' dir='ltr'><strong>Dominus</strong></span> <span class='ocrx_word' id='word_1_672' title='bbox 1089 2139 1249 2171; x_wconf 78' lang='lat' dir='ltr'><strong>exsistebat,</strong></span> <span class='ocrx_word' id='word_1_673' title='bbox 1265 2142 1292 2166; x_wconf 88' lang='lat' dir='ltr'><strong>et</strong></span> <span class='ocrx_word' id='word_1_674' title='bbox 1308 2138 1424 2166; x_wconf 87' lang='lat' dir='ltr'><strong>subinde</strong></span> <span class='ocrx_word' id='word_1_675' title='bbox 1438 2138 1540 2166; x_wconf 80' lang='lat' dir='ltr'><strong>adfuit:</strong></span> <span class='ocrx_word' id='word_1_676' title='bbox 1566 2138 1618 2170; x_wconf 84' lang='lat' dir='ltr'><strong>Qui</strong></span> <span class='ocrx_word' id='word_1_677' title='bbox 1632 2139 1729 2165; x_wconf 75' lang='lat' dir='ltr'><strong>invenit</strong></span> 
     </span>
    </p>
   </div>
   <div class='ocr_carea' id='block_1_90' title="bbox 941 2183 1729 2213">
    <p class='ocr_par' dir='ltr' id='par_1_90' title="bbox 941 2183 1729 2213">
     <span class='ocr_line' id='line_1_90' title="bbox 941 2183 1729 2213; baseline 0 -3"><span class='ocrx_word' id='word_1_678' title='bbox 941 2191 1043 2211; x_wconf 79' lang='lat' dir='ltr'><strong>omnem</strong></span> <span class='ocrx_word' id='word_1_679' title='bbox 1057 2184 1125 2211; x_wconf 81' lang='lat' dir='ltr'><strong>viam</strong></span> <span class='ocrx_word' id='word_1_680' title='bbox 1139 2184 1256 2211; x_wconf 72' lang='lat' dir='ltr'><strong>scientiw</strong></span> <span class='ocrx_word' id='word_1_681' title='bbox 1267 2185 1288 2212; x_wconf 80' lang='lat'><strong>&#39;.</strong></span> <span class='ocrx_word' id='word_1_682' title='bbox 1306 2185 1452 2213; x_wconf 77' lang='lat' dir='ltr'><strong>Elslitisse</strong></span> <span class='ocrx_word' id='word_1_683' title='bbox 1467 2192 1531 2211; x_wconf 83' lang='lat' dir='ltr'><strong>vero</strong></span> <span class='ocrx_word' id='word_1_684' title='bbox 1545 2184 1637 2211; x_wconf 86' lang='lat' dir='ltr'><strong>divina</strong></span> <span class='ocrx_word' id='word_1_685' title='bbox 1653 2183 1729 2211; x_wconf 87' lang='lat' dir='ltr'><strong>Scri-</strong></span> 
     </span>
    </p>
   </div>
   <div class='ocr_carea' id='block_1_91' title="bbox 107 2229 890 2266">
    <p class='ocr_par' dir='ltr' id='par_1_91' title="bbox 107 2229 887 2266">
     <span class='ocr_line' id='line_1_91' title="bbox 107 2229 887 2266; baseline 0 -10"><span class='ocrx_word' id='word_1_686' title='bbox 107 2229 254 2264; x_wconf 80' lang='grc' dir='ltr'>μέλλουσαν</span> <span class='ocrx_word' id='word_1_687' title='bbox 266 2229 399 2265; x_wconf 78' lang='grc' dir='ltr'>ἔνσαρκον</span> <span class='ocrx_word' id='word_1_688' title='bbox 413 2229 574 2266; x_wconf 83' lang='grc' dir='ltr'>παρουσίαν.</span> <span class='ocrx_word' id='word_1_689' title='bbox 591 2230 646 2256; x_wconf 75' lang='grc' dir='ltr'>Καὶ</span> <span class='ocrx_word' id='word_1_690' title='bbox 658 2230 699 2257; x_wconf 79' lang='grc' dir='ltr'>ὅτι</span> <span class='ocrx_word' id='word_1_691' title='bbox 713 2229 760 2256; x_wconf 80' lang='grc' dir='ltr'><strong>ἀπ’</strong></span> <span class='ocrx_word' id='word_1_692' title='bbox 772 2229 887 2265; x_wconf 75' lang='grc' dir='ltr'>οὐρανοῦ</span> 
     </span>
    </p>
   </div>
   <div class='ocr_carea' id='block_1_92' title="bbox 942 2229 1727 2266">
    <p class='ocr_par' dir='ltr' id='par_1_92' title="bbox 942 2229 1727 2266">
     <span class='ocr_line' id='line_1_92' title="bbox 942 2229 1727 2266; baseline 0 -10"><span class='ocrx_word' id='word_1_693' title='bbox 942 2233 1018 2265; x_wconf 76' lang='lat' dir='ltr'><strong>plura</strong></span> <span class='ocrx_word' id='word_1_694' title='bbox 1031 2237 1085 2257; x_wconf 93' lang='lat' dir='ltr'><strong>non</strong></span> <span class='ocrx_word' id='word_1_695' title='bbox 1099 2230 1213 2257; x_wconf 90' lang='lat' dir='ltr'><strong>dubitat.</strong></span> <span class='ocrx_word' id='word_1_696' title='bbox 1232 2229 1298 2257; x_wconf 85' lang='lat' dir='ltr'><strong>Nam</strong></span> <span class='ocrx_word' id='word_1_697' title='bbox 1316 2239 1377 2266; x_wconf 63' lang='lat' dir='ltr'><strong>quae</strong></span> <span class='ocrx_word' id='word_1_698' title='bbox 1404 2234 1559 2265; x_wconf 87' lang='lat' dir='ltr'><strong>sequuntur</strong></span> <span class='ocrx_word' id='word_1_699' title='bbox 1572 2234 1636 2258; x_wconf 87' lang='lat' dir='ltr'><strong>ante</strong></span> <span class='ocrx_word' id='word_1_700' title='bbox 1650 2229 1727 2257; x_wconf 86' lang='lat' dir='ltr'><strong>illum</strong></span> 
     </span>
    </p>
   </div>
   <div class='ocr_carea' id='block_1_93' title="bbox 106 2273 886 2310">
    <p class='ocr_par' dir='ltr' id='par_1_93' title="bbox 106 2273 886 2310">
     <span class='ocr_line' id='line_1_93' title="bbox 106 2273 886 2310; baseline 0 -10"><span class='ocrx_word' id='word_1_701' title='bbox 106 2282 170 2308; x_wconf 67' lang='grc' dir='ltr'>φασι</span> <span class='ocrx_word' id='word_1_702' title='bbox 181 2274 226 2301; x_wconf 75' lang='grc' dir='ltr'><strong>τὸν</strong></span> <span class='ocrx_word' id='word_1_703' title='bbox 234 2274 376 2310; x_wconf 77' lang='grc' dir='ltr'>ἄνθρωπον</span> <span class='ocrx_word' id='word_1_704' title='bbox 387 2275 551 2310; x_wconf 72' lang='grc' dir='ltr'>ἐνηνοχέναι,</span> <span class='ocrx_word' id='word_1_705' title='bbox 559 2274 589 2301; x_wconf 82' lang='grc' dir='ltr'>οὐ</span> <span class='ocrx_word' id='word_1_706' title='bbox 602 2274 676 2308; x_wconf 85' lang='grc' dir='ltr'>λέγει</span> <span class='ocrx_word' id='word_1_707' title='bbox 688 2275 702 2301; x_wconf 91' lang='lat'><strong>6</strong></span> <span class='ocrx_word' id='word_1_708' title='bbox 716 2273 886 2306; x_wconf 59' lang='lat' dir='ltr'><strong>‘A&#39;rulctoloq.</strong></span> 
     </span>
    </p>
   </div>
   <div class='ocr_carea' id='block_1_94' title="bbox 112 2319 888 2356">
    <p class='ocr_par' dir='ltr' id='par_1_94' title="bbox 112 2319 888 2356">
     <span class='ocr_line' id='line_1_94' title="bbox 112 2319 888 2356; baseline -0.001 -9"><span class='ocrx_word' id='word_1_709' title='bbox 112 2320 191 2347; x_wconf 80' lang='grc' dir='ltr'>Ἀλλὰ</span> <span class='ocrx_word' id='word_1_710' title='bbox 207 2319 251 2346; x_wconf 81' lang='grc' dir='ltr'>διὰ</span> <span class='ocrx_word' id='word_1_711' title='bbox 273 2320 323 2356; x_wconf 81' lang='grc' dir='ltr'>τὴν</span> <span class='ocrx_word' id='word_1_712' title='bbox 346 2320 490 2348; x_wconf 79' lang='grc' dir='ltr'>συνένωσιν</span> <span class='ocrx_word' id='word_1_713' title='bbox 511 2321 561 2355; x_wconf 84' lang='grc' dir='ltr'>τῆς</span> <span class='ocrx_word' id='word_1_714' title='bbox 584 2320 716 2355; x_wconf 83' lang='grc' dir='ltr'>ὲνσάρκου</span> <span class='ocrx_word' id='word_1_715' title='bbox 736 2320 888 2354; x_wconf 84' lang='grc' dir='ltr'>παρουσίας</span> 
     </span>
    </p>
   </div>
   <div class='ocr_carea' id='block_1_95' title="bbox 105 2365 887 2402">
    <p class='ocr_par' dir='ltr' id='par_1_95' title="bbox 105 2365 887 2402">
     <span class='ocr_line' id='line_1_95' title="bbox 105 2365 887 2402; baseline 0 -10"><span class='ocrx_word' id='word_1_716' title='bbox 105 2366 245 2402; x_wconf 79' lang='grc' dir='ltr'>ἄνθρωπον</span> <span class='ocrx_word' id='word_1_717' title='bbox 257 2366 306 2401; x_wconf 78' lang='grc' dir='ltr'>μὲν</span> <span class='ocrx_word' id='word_1_718' title='bbox 317 2366 399 2393; x_wconf 79' lang='grc' dir='ltr'>αὑτὸν</span> <span class='ocrx_word' id='word_1_719' title='bbox 413 2366 487 2400; x_wconf 87' lang='grc' dir='ltr'>λέγει</span> <span class='ocrx_word' id='word_1_720' title='bbox 500 2366 543 2393; x_wconf 78' lang='grc' dir='ltr'>διὰ</span> <span class='ocrx_word' id='word_1_721' title='bbox 557 2365 602 2393; x_wconf 73' lang='grc' dir='ltr'><strong>τὸν</strong></span> <span class='ocrx_word' id='word_1_722' title='bbox 618 2366 713 2401; x_wconf 84' lang='grc' dir='ltr'>χρόνον</span> <span class='ocrx_word' id='word_1_723' title='bbox 727 2365 771 2392; x_wconf 82' lang='grc' dir='ltr'><strong>τὸν</strong></span> <span class='ocrx_word' id='word_1_724' title='bbox 785 2366 887 2400; x_wconf 77' lang='grc' dir='ltr'>μεταξὺ</span> 
     </span>
    </p>
   </div>
   <div class='ocr_carea' id='block_1_96' title="bbox 112 2411 887 2448">
    <p class='ocr_par' dir='ltr' id='par_1_96' title="bbox 112 2411 887 2448">
     <span class='ocr_line' id='line_1_96' title="bbox 112 2411 887 2448; baseline 0 -10"><span class='ocrx_word' id='word_1_725' title='bbox 112 2411 195 2446; x_wconf 67' lang='grc' dir='ltr'>Ἀδὰμ</span> <span class='ocrx_word' id='word_1_726' title='bbox 210 2412 257 2438; x_wconf 85' lang='grc' dir='ltr'>καὶ</span> <span class='ocrx_word' id='word_1_727' title='bbox 270 2412 320 2446; x_wconf 83' lang='grc' dir='ltr'>τῆς</span> <span class='ocrx_word' id='word_1_728' title='bbox 334 2412 467 2448; x_wconf 73' lang='grc' dir='ltr'>ὲνσάρκου</span> <span class='ocrx_word' id='word_1_729' title='bbox 482 2411 632 2447; x_wconf 83' lang='grc' dir='ltr'>παρουσίας</span> <span class='ocrx_word' id='word_1_730' title='bbox 641 2419 648 2427; x_wconf 80' lang='grc'><em>’</em></span> <span class='ocrx_word' id='word_1_731' title='bbox 668 2411 714 2437; x_wconf 80' lang='grc' dir='ltr'><strong>ἀπ’</strong></span> <span class='ocrx_word' id='word_1_732' title='bbox 728 2411 843 2447; x_wconf 82' lang='grc' dir='ltr'>οὐρανοῦ</span> <span class='ocrx_word' id='word_1_733' title='bbox 859 2411 887 2438; x_wconf 77' lang='grc' dir='ltr'><strong>δὲ</strong></span> 
     </span>
    </p>
   </div>
   <div class='ocr_carea' id='block_1_97' title="bbox 104 2456 885 2492">
    <p class='ocr_par' dir='ltr' id='par_1_97' title="bbox 104 2456 885 2492">
     <span class='ocr_line' id='line_1_97' title="bbox 104 2456 885 2492; baseline -0.004 -6"><span class='ocrx_word' id='word_1_734' title='bbox 104 2457 183 2486; x_wconf 68' lang='grc' dir='ltr'>αὐτὸν</span> <span class='ocrx_word' id='word_1_735' title='bbox 199 2456 286 2492; x_wconf 80' lang='grc' dir='ltr'>λέγει,</span> <span class='ocrx_word' id='word_1_736' title='bbox 303 2457 348 2484; x_wconf 83' lang='grc' dir='ltr'>διὰ</span> <span class='ocrx_word' id='word_1_737' title='bbox 367 2457 398 2484; x_wconf 78' lang='grc' dir='ltr'>τὸ</span> <span class='ocrx_word' id='word_1_738' title='bbox 421 2457 524 2485; x_wconf 75' lang='grc' dir='ltr'>ἄνωθεν</span> <span class='ocrx_word' id='word_1_739' title='bbox 538 2457 633 2492; x_wconf 79' lang='grc' dir='ltr'>ήκέναι</span> <span class='ocrx_word' id='word_1_740' title='bbox 647 2456 693 2484; x_wconf 83' lang='grc' dir='ltr'>τὸν</span> <span class='ocrx_word' id='word_1_741' title='bbox 706 2456 772 2484; x_wconf 74' lang='grc' dir='ltr'>Θεὸν</span> <span class='ocrx_word' id='word_1_742' title='bbox 789 2457 885 2490; x_wconf 81' lang='grc' dir='ltr'>Λόγον,</span> 
     </span>
    </p>
   </div>
   <div class='ocr_carea' id='block_1_98' title="bbox 104 2502 887 2538">
    <p class='ocr_par' dir='ltr' id='par_1_98' title="bbox 104 2502 887 2538">
     <span class='ocr_line' id='line_1_98' title="bbox 104 2502 887 2538; baseline 0 -9"><span class='ocrx_word' id='word_1_743' title='bbox 104 2503 150 2530; x_wconf 68' lang='grc' dir='ltr'>καὶ</span> <span class='ocrx_word' id='word_1_744' title='bbox 166 2502 264 2537; x_wconf 84' lang='grc' dir='ltr'>σάρκα.</span> <span class='ocrx_word' id='word_1_745' title='bbox 283 2502 321 2534; x_wconf 86' lang='grc' dir='ltr'>ὦς</span> <span class='ocrx_word' id='word_1_746' title='bbox 338 2511 430 2538; x_wconf 81' lang='grc' dir='ltr'>φησιν,</span> <span class='ocrx_word' id='word_1_747' title='bbox 445 2503 460 2529; x_wconf 88' lang='lat'><strong>6</strong></span> <span class='ocrx_word' id='word_1_748' title='bbox 472 2502 557 2537; x_wconf 79' lang='grc' dir='ltr'>Λόγος</span> <span class='ocrx_word' id='word_1_749' title='bbox 575 2502 644 2537; x_wconf 82' lang='grc' dir='ltr'>σὰρξ</span> <span class='ocrx_word' id='word_1_750' title='bbox 663 2502 819 2537; x_wconf 85' lang='grc' dir='ltr'>γενόμενος,</span> <span class='ocrx_word' id='word_1_751' title='bbox 837 2502 887 2538; x_wconf 83' lang='grc' dir='ltr'>οὐχ</span> 
     </span>
    </p>
   </div>
   <div class='ocr_carea' id='block_1_99' title="bbox 104 2547 887 2582">
    <p class='ocr_par' dir='ltr' id='par_1_99' title="bbox 104 2547 887 2582">
     <span class='ocr_line' id='line_1_99' title="bbox 104 2547 887 2582; baseline 0 -8"><span class='ocrx_word' id='word_1_752' title='bbox 104 2548 141 2580; x_wconf 83' lang='grc' dir='ltr'>ὡς</span> <span class='ocrx_word' id='word_1_753' title='bbox 155 2548 235 2580; x_wconf 75' lang='grc' dir='ltr'>αὐτὸς</span> <span class='ocrx_word' id='word_1_754' title='bbox 248 2548 357 2574; x_wconf 86' lang='grc' dir='ltr'>ὑπονοεί</span> <span class='ocrx_word' id='word_1_755' title='bbox 372 2547 458 2582; x_wconf 82' lang='grc' dir='ltr'>Λόγον</span> <span class='ocrx_word' id='word_1_756' title='bbox 473 2548 505 2574; x_wconf 78' lang='grc' dir='ltr'>ὲκ</span> <span class='ocrx_word' id='word_1_757' title='bbox 523 2547 631 2582; x_wconf 84' lang='grc' dir='ltr'>Πατρὸς</span> <span class='ocrx_word' id='word_1_758' title='bbox 649 2547 824 2582; x_wconf 79' lang='grc' dir='ltr'>προελθόντα,</span> <span class='ocrx_word' id='word_1_759' title='bbox 840 2549 887 2574; x_wconf 82' lang='grc' dir='ltr'><strong>καὶ</strong></span> 
     </span>
    </p>
   </div>
   <div class='ocr_carea' id='block_1_100' title="bbox 104 2591 886 2629">
    <p class='ocr_par' dir='ltr' id='par_1_100' title="bbox 104 2591 886 2629">
     <span class='ocr_line' id='line_1_100' title="bbox 104 2591 886 2629; baseline 0 -9"><span class='ocrx_word' id='word_1_760' title='bbox 104 2595 142 2625; x_wconf 82' lang='grc' dir='ltr'><strong>είς</strong></span> <span class='ocrx_word' id='word_1_761' title='bbox 173 2593 262 2629; x_wconf 83' lang='grc' dir='ltr'>σάρκα</span> <span class='ocrx_word' id='word_1_762' title='bbox 292 2592 545 2628; x_wconf 62' lang='grc' dir='ltr'>μεταϐεϐλημένον</span> <span class='ocrx_word' id='word_1_763' title='bbox 570 2591 642 2619; x_wconf 79' lang='grc' dir='ltr'>οὕτω</span> <span class='ocrx_word' id='word_1_764' title='bbox 666 2592 721 2628; x_wconf 84' lang='grc' dir='ltr'><strong>γὰρ</strong></span> <span class='ocrx_word' id='word_1_765' title='bbox 743 2592 813 2619; x_wconf 82' lang='grc' dir='ltr'>κατὰ</span> <span class='ocrx_word' id='word_1_766' title='bbox 837 2593 886 2629; x_wconf 85' lang='grc' dir='ltr'>τὴν</span> 
     </span>
    </p>
   </div>
   <div class='ocr_carea' id='block_1_101' title="bbox 89 2634 884 2674">
    <p class='ocr_par' dir='ltr' id='par_1_101' title="bbox 89 2634 884 2674">
     <span class='ocr_line' id='line_1_101' title="bbox 89 2634 884 2674; baseline 0.001 -10"><span class='ocrx_word' id='word_1_767' title='bbox 89 2634 282 2673; x_wconf 72' lang='grc' dir='ltr'>’ἠπατημένην</span> <span class='ocrx_word' id='word_1_768' title='bbox 295 2638 377 2664; x_wconf 83' lang='grc' dir='ltr'>αὑτοῦ</span> <span class='ocrx_word' id='word_1_769' title='bbox 391 2637 494 2664; x_wconf 73' lang='grc' dir='ltr'>ἔννοιαν</span> <span class='ocrx_word' id='word_1_770' title='bbox 511 2637 658 2672; x_wconf 86' lang='grc' dir='ltr'>διηγήσατο</span> <span class='ocrx_word' id='word_1_771' title='bbox 668 2637 732 2673; x_wconf 75' lang='grc' dir='ltr'>περὶ</span> <span class='ocrx_word' id='word_1_772' title='bbox 750 2637 796 2664; x_wconf 82' lang='grc' dir='ltr'>τοῦ</span> <span class='ocrx_word' id='word_1_773' title='bbox 811 2638 884 2674; x_wconf 81' lang='grc' dir='ltr'>ὅρου.</span> 
     </span>
    </p>
   </div>
   <div class='ocr_carea' id='block_1_102' title="bbox 105 2681 886 2719">
    <p class='ocr_par' dir='ltr' id='par_1_102' title="bbox 105 2681 886 2719">
     <span class='ocr_line' id='line_1_102' title="bbox 105 2681 886 2719; baseline 0 -9"><span class='ocrx_word' id='word_1_774' title='bbox 105 2684 134 2711; x_wconf 76' lang='lat' dir='ltr'><strong>El</strong></span> <span class='ocrx_word' id='word_1_775' title='bbox 149 2684 177 2710; x_wconf 75' lang='grc' dir='ltr'><strong>δὲ</strong></span> <span class='ocrx_word' id='word_1_776' title='bbox 194 2684 267 2711; x_wconf 71' lang='grc' dir='ltr'>ἐστιν</span> <span class='ocrx_word' id='word_1_777' title='bbox 284 2683 369 2719; x_wconf 78' lang='grc' dir='ltr'>’Λδὰμ</span> <span class='ocrx_word' id='word_1_778' title='bbox 383 2683 435 2718; x_wconf 79' lang='grc' dir='ltr'>πρὸ</span> <span class='ocrx_word' id='word_1_779' title='bbox 451 2682 501 2710; x_wconf 81' lang='grc' dir='ltr'>τοῦ</span> <span class='ocrx_word' id='word_1_780' title='bbox 513 2681 581 2710; x_wconf 79' lang='grc' dir='ltr'>εἶναι</span> <span class='ocrx_word' id='word_1_781' title='bbox 600 2682 646 2709; x_wconf 75' lang='grc' dir='ltr'><strong>τὸν</strong></span> <span class='ocrx_word' id='word_1_782' title='bbox 660 2683 755 2717; x_wconf 85' lang='grc' dir='ltr'>Λόγον,</span> <span class='ocrx_word' id='word_1_783' title='bbox 771 2681 825 2718; x_wconf 82' lang='grc' dir='ltr'>ἆρα</span> <span class='ocrx_word' id='word_1_784' title='bbox 842 2683 886 2710; x_wconf 88' lang='grc' dir='ltr'><strong>διὰ</strong></span> 
     </span>
    </p>
   </div>
   <div class='ocr_carea' id='block_1_103' title="bbox 103 2728 886 2765">
    <p class='ocr_par' dir='ltr' id='par_1_103' title="bbox 103 2728 886 2765">
     <span class='ocr_line' id='line_1_103' title="bbox 103 2728 886 2765; baseline -0.003 -8"><span class='ocrx_word' id='word_1_785' title='bbox 103 2730 171 2761; x_wconf 82' lang='grc' dir='ltr'>τίνος</span> <span class='ocrx_word' id='word_1_786' title='bbox 183 2731 197 2757; x_wconf 94' lang='lat'><strong>6</strong></span> <span class='ocrx_word' id='word_1_787' title='bbox 208 2730 380 2765; x_wconf 76' lang='grc' dir='ltr'>αὺτδςἋδὰμ</span> <span class='ocrx_word' id='word_1_788' title='bbox 393 2729 544 2761; x_wconf 79' lang='grc' dir='ltr'>κέκτισται,</span> <span class='ocrx_word' id='word_1_789' title='bbox 559 2729 606 2755; x_wconf 72' lang='grc' dir='ltr'>καὶ</span> <span class='ocrx_word' id='word_1_790' title='bbox 622 2729 711 2755; x_wconf 80' lang='grc' dir='ltr'>πάντα</span> <span class='ocrx_word' id='word_1_791' title='bbox 727 2728 761 2755; x_wconf 80' lang='grc' dir='ltr'><strong>τὰ</strong></span> <span class='ocrx_word' id='word_1_792' title='bbox 774 2728 827 2764; x_wconf 77' lang='grc' dir='ltr'><strong>πρὸ</strong></span> <span class='ocrx_word' id='word_1_793' title='bbox 837 2729 886 2756; x_wconf 85' lang='grc' dir='ltr'><strong>αὺ-</strong></span> 
     </span>
    </p>
   </div>
   <div class='ocr_carea' id='block_1_104' title="bbox 104 2773 884 2810">
    <p class='ocr_par' dir='ltr' id='par_1_104' title="bbox 104 2773 884 2810">
     <span class='ocr_line' id='line_1_104' title="bbox 104 2773 884 2810; baseline -0.003 -9"><span class='ocrx_word' id='word_1_794' title='bbox 104 2775 148 2801; x_wconf 75' lang='grc' dir='ltr'><strong>τοῦ</strong></span> <span class='ocrx_word' id='word_1_795' title='bbox 170 2775 308 2810; x_wconf 86' lang='grc' dir='ltr'>κτίσμα-ια</span> <span class='ocrx_word' id='word_1_796' title='bbox 329 2774 375 2801; x_wconf 81' lang='grc' dir='ltr'>τοῦ</span> <span class='ocrx_word' id='word_1_797' title='bbox 389 2774 474 2806; x_wconf 83' lang='grc' dir='ltr'>Θεοῠ;</span> <span class='ocrx_word' id='word_1_798' title='bbox 490 2775 525 2800; x_wconf 84' lang='grc' dir='ltr'><em>Ἦ</em></span> <span class='ocrx_word' id='word_1_799' title='bbox 542 2774 608 2809; x_wconf 62' lang='grc' dir='ltr'>πρὸς</span> <span class='ocrx_word' id='word_1_800' title='bbox 624 2773 685 2800; x_wconf 83' lang='grc' dir='ltr'>τίνα</span> <span class='ocrx_word' id='word_1_801' title='bbox 703 2774 717 2800; x_wconf 88' lang='grc' dir='ltr'><strong>ὀ</strong></span> <span class='ocrx_word' id='word_1_802' title='bbox 738 2773 832 2809; x_wconf 82' lang='grc' dir='ltr'>Πατὴρ</span> <span class='ocrx_word' id='word_1_803' title='bbox 846 2774 884 2800; x_wconf 83' lang='grc' dir='ltr'>εἴ-</span> 
     </span>
    </p>
   </div>
   <div class='ocr_carea' id='block_1_105' title="bbox 137 2843 322 2873">
    <p class='ocr_par' dir='ltr' id='par_1_105' title="bbox 137 2843 322 2873">
     <span class='ocr_line' id='line_1_105' title="bbox 137 2843 322 2873; baseline 0.016 -5"><span class='ocrx_word' id='word_1_804' title='bbox 137 2844 145 2858; x_wconf 80' lang='grc'>¹</span> <span class='ocrx_word' id='word_1_805' title='bbox 158 2843 225 2870; x_wconf 74' lang='lat' dir='ltr'><strong>Gen.</strong></span> <span class='ocrx_word' id='word_1_806' title='bbox 243 2852 263 2873; x_wconf 86' lang='lat' dir='ltr'><strong>t.</strong></span> <span class='ocrx_word' id='word_1_807' title='bbox 277 2844 322 2872; x_wconf 78' lang='lat'><strong>‘26.</strong></span> 
     </span>
    </p>
   </div>
   <div class='ocr_carea' id='block_1_106' title="bbox 105 2877 240 2906">
    <p class='ocr_par' dir='ltr' id='par_1_106' title="bbox 105 2877 240 2906">
     <span class='ocr_line' id='line_1_106' title="bbox 105 2877 240 2906; baseline 0 -1"><span class='ocrx_word' id='word_1_808' title='bbox 105 2877 114 2895; x_wconf 69' lang='grc'>³</span> <span class='ocrx_word' id='word_1_809' title='bbox 128 2878 190 2906; x_wconf 83' lang='lat' dir='ltr'><strong>ibid.</strong></span> <span class='ocrx_word' id='word_1_810' title='bbox 208 2879 240 2905; x_wconf 72' lang='lat'><strong>2&quot;</strong></span> 
     </span>
    </p>
   </div>
   <div class='ocr_carea' id='block_1_107' title="bbox 378 2843 874 2876">
    <p class='ocr_par' dir='ltr' id='par_1_107' title="bbox 378 2843 874 2876">
     <span class='ocr_line' id='line_1_107' title="bbox 378 2843 874 2876; baseline 0 -4"><span class='ocrx_word' id='word_1_811' title='bbox 378 2846 387 2860; x_wconf 90' lang='lat'>&#39;</span> <span class='ocrx_word' id='word_1_812' title='bbox 402 2843 469 2872; x_wconf 86' lang='lat' dir='ltr'><strong>Gen.</strong></span> <span class='ocrx_word' id='word_1_813' title='bbox 493 2851 548 2876; x_wconf 67' lang='grc' dir='ltr'><strong>χιχ,</strong></span> <span class='ocrx_word' id='word_1_814' title='bbox 560 2844 606 2871; x_wconf 68' lang='lat'><strong>2|.</strong></span> <span class='ocrx_word' id='word_1_815' title='bbox 657 2844 667 2859; x_wconf 90' lang='grc'>³</span> <span class='ocrx_word' id='word_1_816' title='bbox 684 2844 752 2871; x_wconf 88' lang='lat' dir='ltr'><strong>Dan.</strong></span> <span class='ocrx_word' id='word_1_817' title='bbox 770 2852 817 2876; x_wconf 77' lang='lat' dir='ltr'><strong>vn,</strong></span> <span class='ocrx_word' id='word_1_818' title='bbox 835 2845 874 2872; x_wconf 76' lang='lat'><strong>15.</strong></span> 
     </span>
    </p>
   </div>
   <div class='ocr_carea' id='block_1_108' title="bbox 941 2274 1728 2312">
    <p class='ocr_par' dir='ltr' id='par_1_108' title="bbox 941 2274 1728 2312">
     <span class='ocr_line' id='line_1_108' title="bbox 941 2274 1728 2312; baseline 0.003 -10"><span class='ocrx_word' id='word_1_819' title='bbox 941 2274 1080 2303; x_wconf 78' lang='lat' dir='ltr'><strong>exstitisse</strong></span> <span class='ocrx_word' id='word_1_820' title='bbox 1113 2275 1263 2303; x_wconf 87' lang='lat' dir='ltr'><strong>declarant.</strong></span> <span class='ocrx_word' id='word_1_821' title='bbox 1306 2275 1387 2303; x_wconf 89' lang='lat' dir='ltr'><strong>Velut</strong></span> <span class='ocrx_word' id='word_1_822' title='bbox 1416 2276 1488 2312; x_wconf 85' lang='lat' dir='ltr'><strong>quod</strong></span> <span class='ocrx_word' id='word_1_823' title='bbox 1516 2283 1625 2303; x_wconf 87' lang='lat' dir='ltr'><strong>omnem</strong></span> <span class='ocrx_word' id='word_1_824' title='bbox 1655 2275 1728 2304; x_wconf 81' lang='lat' dir='ltr'><strong>viam</strong></span> 
     </span>
    </p>
   </div>
   <div class='ocr_carea' id='block_1_109' title="bbox 941 2321 1728 2356">
    <p class='ocr_par' dir='ltr' id='par_1_109' title="bbox 941 2321 1728 2356">
     <span class='ocr_line' id='line_1_109' title="bbox 941 2321 1728 2356; baseline 0.004 -8"><span class='ocrx_word' id='word_1_825' title='bbox 941 2321 1063 2348; x_wconf 71' lang='lat' dir='ltr'><strong>scientiae</strong></span> <span class='ocrx_word' id='word_1_826' title='bbox 1085 2322 1218 2356; x_wconf 85' lang='lat' dir='ltr'><strong>reperisse</strong></span> <span class='ocrx_word' id='word_1_827' title='bbox 1239 2322 1357 2356; x_wconf 88' lang='lat' dir='ltr'><strong>dicatur,</strong></span> <span class='ocrx_word' id='word_1_828' title='bbox 1375 2323 1474 2351; x_wconf 85' lang='lat' dir='ltr'><strong>deinde</strong></span> <span class='ocrx_word' id='word_1_829' title='bbox 1504 2324 1532 2351; x_wconf 89' lang='lat' dir='ltr'><strong>in</strong></span> <span class='ocrx_word' id='word_1_830' title='bbox 1557 2326 1629 2350; x_wconf 85' lang='lat' dir='ltr'><strong>terra</strong></span> <span class='ocrx_word' id='word_1_831' title='bbox 1651 2323 1728 2351; x_wconf 90' lang='lat' dir='ltr'><strong>visus</strong></span> 
     </span>
    </p>
   </div>
   <div class='ocr_carea' id='block_1_110' title="bbox 940 2367 1728 2406">
    <p class='ocr_par' dir='ltr' id='par_1_110' title="bbox 940 2367 1728 2406">
     <span class='ocr_line' id='line_1_110' title="bbox 940 2367 1728 2406; baseline 0.005 -12"><span class='ocrx_word' id='word_1_832' title='bbox 940 2367 1039 2394; x_wconf 85' lang='lat' dir='ltr'><strong>esse&quot;:</strong></span> <span class='ocrx_word' id='word_1_833' title='bbox 1073 2375 1134 2402; x_wconf 71' lang='lat' dir='ltr'><strong>qua:</strong></span> <span class='ocrx_word' id='word_1_834' title='bbox 1160 2367 1278 2395; x_wconf 84' lang='lat' dir='ltr'><strong>futuram</strong></span> <span class='ocrx_word' id='word_1_835' title='bbox 1308 2369 1536 2402; x_wconf 85' lang='lat' dir='ltr'><strong>incarnationem.</strong></span> <span class='ocrx_word' id='word_1_836' title='bbox 1562 2370 1728 2406; x_wconf 89' lang='lat' dir='ltr'><strong>quandoque</strong></span> 
     </span>
    </p>
   </div>
   <div class='ocr_carea' id='block_1_111' title="bbox 940 2412 1727 2450">
    <p class='ocr_par' dir='ltr' id='par_1_111' title="bbox 940 2412 1727 2450">
     <span class='ocr_line' id='line_1_111' title="bbox 940 2412 1727 2450; baseline 0.004 -11"><span class='ocrx_word' id='word_1_837' title='bbox 940 2412 1141 2447; x_wconf 77' lang='lat' dir='ltr'><strong>signiﬁcabant.</strong></span> <span class='ocrx_word' id='word_1_838' title='bbox 1166 2412 1226 2440; x_wconf 76' lang='lat' dir='ltr'><strong>Jam</strong></span> <span class='ocrx_word' id='word_1_839' title='bbox 1244 2421 1309 2441; x_wconf 82' lang='lat' dir='ltr'><strong>vero</strong></span> <span class='ocrx_word' id='word_1_840' title='bbox 1323 2415 1395 2450; x_wconf 88' lang='lat' dir='ltr'><strong>qttod</strong></span> <span class='ocrx_word' id='word_1_841' title='bbox 1412 2423 1428 2443; x_wconf 87' lang='lat' dir='ltr'><strong>e</strong></span> <span class='ocrx_word' id='word_1_842' title='bbox 1445 2416 1515 2443; x_wconf 69' lang='lat' dir='ltr'><strong>caelo</strong></span> <span class='ocrx_word' id='word_1_843' title='bbox 1531 2423 1622 2444; x_wconf 89' lang='lat' dir='ltr'><strong>secum</strong></span> <span class='ocrx_word' id='word_1_844' title='bbox 1637 2416 1727 2443; x_wconf 64' lang='lat' dir='ltr'><strong>homi&lt;</strong></span> 
     </span>
    </p>
   </div>
   <div class='ocr_carea' id='block_1_112' title="bbox 940 2458 1727 2497">
    <p class='ocr_par' dir='ltr' id='par_1_112' title="bbox 940 2458 1727 2497">
     <span class='ocr_line' id='line_1_112' title="bbox 940 2458 1727 2497; baseline 0.005 -12"><span class='ocrx_word' id='word_1_845' title='bbox 940 2465 1002 2485; x_wconf 89' lang='lat' dir='ltr'><strong>nem</strong></span> <span class='ocrx_word' id='word_1_846' title='bbox 1016 2458 1146 2486; x_wconf 88' lang='lat' dir='ltr'><strong>detulisse</strong></span> <span class='ocrx_word' id='word_1_847' title='bbox 1161 2463 1260 2494; x_wconf 85' lang='lat' dir='ltr'><strong>putant</strong></span> <span class='ocrx_word' id='word_1_848' title='bbox 1284 2461 1415 2494; x_wconf 65' lang='lat' dir='ltr'><strong>haeretici,</strong></span> <span class='ocrx_word' id='word_1_849' title='bbox 1434 2469 1489 2488; x_wconf 92' lang='lat' dir='ltr'><strong>non</strong></span> <span class='ocrx_word' id='word_1_850' title='bbox 1512 2462 1564 2489; x_wconf 92' lang='lat' dir='ltr'><strong>hoc</strong></span> <span class='ocrx_word' id='word_1_851' title='bbox 1580 2461 1727 2497; x_wconf 85' lang='lat' dir='ltr'><strong>Apostolus</strong></span> 
     </span>
    </p>
   </div>
   <div class='ocr_carea' id='block_1_113' title="bbox 939 2505 1726 2536">
    <p class='ocr_par' dir='ltr' id='par_1_113' title="bbox 939 2505 1726 2536">
     <span class='ocr_line' id='line_1_113' title="bbox 939 2505 1726 2536; baseline 0.004 -3"><span class='ocrx_word' id='word_1_852' title='bbox 939 2505 1029 2533; x_wconf 87' lang='lat' dir='ltr'><strong>dicit:</strong></span> <span class='ocrx_word' id='word_1_853' title='bbox 1056 2513 1149 2534; x_wconf 89' lang='lat' dir='ltr'><strong>verum</strong></span> <span class='ocrx_word' id='word_1_854' title='bbox 1170 2507 1206 2534; x_wconf 92' lang='lat' dir='ltr'><strong>ob</strong></span> <span class='ocrx_word' id='word_1_855' title='bbox 1226 2507 1373 2535; x_wconf 81' lang='lat' dir='ltr'><strong>humanam</strong></span> <span class='ocrx_word' id='word_1_856' title='bbox 1399 2512 1525 2535; x_wconf 83' lang='lat' dir='ltr'><strong>naturam</strong></span> <span class='ocrx_word' id='word_1_857' title='bbox 1548 2516 1609 2536; x_wconf 91' lang='lat' dir='ltr'><strong>cum</strong></span> <span class='ocrx_word' id='word_1_858' title='bbox 1634 2509 1726 2536; x_wconf 81' lang='lat' dir='ltr'><strong>divina</strong></span> 
     </span>
    </p>
   </div>
   <div class='ocr_carea' id='block_1_114' title="bbox 938 2551 1725 2589">
    <p class='ocr_par' dir='ltr' id='par_1_114' title="bbox 938 2551 1725 2589">
     <span class='ocr_line' id='line_1_114' title="bbox 938 2551 1725 2589; baseline 0.001 -11"><span class='ocrx_word' id='word_1_859' title='bbox 938 2551 1123 2579; x_wconf 83' lang='lat' dir='ltr'><strong>consociatam</strong></span> <span class='ocrx_word' id='word_1_860' title='bbox 1140 2552 1278 2580; x_wconf 89' lang='lat' dir='ltr'><strong>hominem</strong></span> <span class='ocrx_word' id='word_1_861' title='bbox 1294 2553 1370 2580; x_wconf 91' lang='lat' dir='ltr'><strong>illum</strong></span> <span class='ocrx_word' id='word_1_862' title='bbox 1386 2554 1505 2589; x_wconf 82' lang='lat' dir='ltr'><strong>appellat</strong></span> <span class='ocrx_word' id='word_1_863' title='bbox 1518 2562 1525 2587; x_wconf 90' lang='lat'><strong>;</strong></span> <span class='ocrx_word' id='word_1_864' title='bbox 1547 2558 1629 2589; x_wconf 88' lang='lat' dir='ltr'><strong>atque</strong></span> <span class='ocrx_word' id='word_1_865' title='bbox 1641 2554 1725 2582; x_wconf 86' lang='lat' dir='ltr'><strong>ctiam</strong></span> 
     </span>
    </p>
   </div>
   <div class='ocr_carea' id='block_1_115' title="bbox 938 2597 1725 2634">
    <p class='ocr_par' dir='ltr' id='par_1_115' title="bbox 938 2597 1725 2634">
     <span class='ocr_line' id='line_1_115' title="bbox 938 2597 1725 2634; baseline 0.003 -10"><span class='ocrx_word' id='word_1_866' title='bbox 938 2597 974 2624; x_wconf 92' lang='lat' dir='ltr'><strong>ob</strong></span> <span class='ocrx_word' id='word_1_867' title='bbox 989 2597 1054 2624; x_wconf 90' lang='lat' dir='ltr'><strong>illud</strong></span> <span class='ocrx_word' id='word_1_868' title='bbox 1069 2602 1187 2633; x_wconf 88' lang='lat' dir='ltr'><strong>tempus,</strong></span> <span class='ocrx_word' id='word_1_869' title='bbox 1200 2599 1272 2634; x_wconf 89' lang='lat' dir='ltr'><strong>quod</strong></span> <span class='ocrx_word' id='word_1_870' title='bbox 1285 2599 1418 2628; x_wconf 81' lang='lat' dir='ltr'><strong>Adamum</strong></span> <span class='ocrx_word' id='word_1_871' title='bbox 1434 2601 1505 2629; x_wconf 86' lang='lat' dir='ltr'><strong>inter</strong></span> <span class='ocrx_word' id='word_1_872' title='bbox 1519 2605 1547 2628; x_wconf 89' lang='lat' dir='ltr'><strong>et</strong></span> <span class='ocrx_word' id='word_1_873' title='bbox 1561 2600 1725 2628; x_wconf 83' lang='lat' dir='ltr'><strong>incarnatio-</strong></span> 
     </span>
    </p>
   </div>
   <div class='ocr_carea' id='block_1_116' title="bbox 939 2642 1724 2680">
    <p class='ocr_par' dir='ltr' id='par_1_116' title="bbox 939 2642 1724 2680">
     <span class='ocr_line' id='line_1_116' title="bbox 939 2642 1724 2680; baseline 0.004 -12"><span class='ocrx_word' id='word_1_874' title='bbox 939 2649 1001 2669; x_wconf 87' lang='lat' dir='ltr'><strong>nem</strong></span> <span class='ocrx_word' id='word_1_875' title='bbox 1012 2642 1184 2677; x_wconf 76' lang='lat' dir='ltr'><strong>interiectum</strong></span> <span class='ocrx_word' id='word_1_876' title='bbox 1198 2649 1255 2678; x_wconf 87' lang='lat' dir='ltr'><strong>est;</strong></span> <span class='ocrx_word' id='word_1_877' title='bbox 1270 2652 1323 2672; x_wconf 90' lang='lat' dir='ltr'><strong>non</strong></span> <span class='ocrx_word' id='word_1_878' title='bbox 1335 2646 1418 2680; x_wconf 82' lang='lat' dir='ltr'><strong>quod.</strong></span> <span class='ocrx_word' id='word_1_879' title='bbox 1436 2651 1465 2673; x_wconf 90' lang='lat' dir='ltr'><strong>ut</strong></span> <span class='ocrx_word' id='word_1_880' title='bbox 1482 2646 1526 2673; x_wconf 90' lang='lat' dir='ltr'><strong>ille</strong></span> <span class='ocrx_word' id='word_1_881' title='bbox 1539 2646 1591 2673; x_wconf 89' lang='lat' dir='ltr'><strong>sibi</strong></span> <span class='ocrx_word' id='word_1_882' title='bbox 1609 2652 1724 2680; x_wconf 84' lang='lat' dir='ltr'><strong>persua-</strong></span> 
     </span>
    </p>
   </div>
   <div class='ocr_carea' id='block_1_117' title="bbox 937 2687 1724 2726">
    <p class='ocr_par' dir='ltr' id='par_1_117' title="bbox 937 2687 1724 2726">
     <span class='ocr_line' id='line_1_117' title="bbox 937 2687 1724 2726; baseline 0.004 -13"><span class='ocrx_word' id='word_1_883' title='bbox 937 2687 993 2719; x_wconf 79' lang='lat' dir='ltr'><strong>det,</strong></span> <span class='ocrx_word' id='word_1_884' title='bbox 1014 2687 1132 2716; x_wconf 89' lang='lat' dir='ltr'><strong>Verbum</strong></span> <span class='ocrx_word' id='word_1_885' title='bbox 1158 2697 1172 2716; x_wconf 87' lang='lat' dir='ltr'><strong>a</strong></span> <span class='ocrx_word' id='word_1_886' title='bbox 1200 2689 1280 2718; x_wconf 86' lang='lat' dir='ltr'><strong>Patre</strong></span> <span class='ocrx_word' id='word_1_887' title='bbox 1308 2693 1483 2726; x_wconf 85' lang='lat' dir='ltr'><strong>processerit,</strong></span> <span class='ocrx_word' id='word_1_888' title='bbox 1506 2696 1533 2719; x_wconf 88' lang='lat' dir='ltr'><strong>et</strong></span> <span class='ocrx_word' id='word_1_889' title='bbox 1562 2691 1588 2717; x_wconf 84' lang='lat' dir='ltr'><strong>in</strong></span> <span class='ocrx_word' id='word_1_890' title='bbox 1614 2697 1724 2717; x_wconf 80' lang='lat' dir='ltr'><strong>carnem</strong></span> 
     </span>
    </p>
   </div>
   <div class='ocr_carea' id='block_1_118' title="bbox 938 2734 1723 2769">
    <p class='ocr_par' dir='ltr' id='par_1_118' title="bbox 938 2734 1723 2769">
     <span class='ocr_line' id='line_1_118' title="bbox 938 2734 1723 2769; baseline 0.004 -10"><span class='ocrx_word' id='word_1_891' title='bbox 938 2737 1072 2760; x_wconf 88' lang='lat' dir='ltr'><strong>tuulatum</strong></span> <span class='ocrx_word' id='word_1_892' title='bbox 1089 2734 1190 2762; x_wconf 81' lang='lat' dir='ltr'><strong>fuerit:</strong></span> <span class='ocrx_word' id='word_1_893' title='bbox 1213 2736 1251 2763; x_wconf 88' lang='lat' dir='ltr'><strong>ita</strong></span> <span class='ocrx_word' id='word_1_894' title='bbox 1271 2737 1342 2764; x_wconf 89' lang='lat' dir='ltr'><strong>enim</strong></span> <span class='ocrx_word' id='word_1_895' title='bbox 1368 2737 1411 2764; x_wconf 86' lang='lat' dir='ltr'><strong>ille</strong></span> <span class='ocrx_word' id='word_1_896' title='bbox 1428 2737 1497 2764; x_wconf 79' lang='lat' dir='ltr'><strong>falso</strong></span> <span class='ocrx_word' id='word_1_897' title='bbox 1520 2737 1553 2762; x_wconf 89' lang='lat' dir='ltr'><strong>de</strong></span> <span class='ocrx_word' id='word_1_898' title='bbox 1576 2735 1628 2762; x_wconf 91' lang='lat' dir='ltr'><strong>hoc</strong></span> <span class='ocrx_word' id='word_1_899' title='bbox 1642 2742 1723 2769; x_wconf 81' lang='lat' dir='ltr'><strong>argu-</strong></span> 
     </span>
    </p>
   </div>
   <div class='ocr_carea' id='block_1_119' title="bbox 937 2780 1724 2814">
    <p class='ocr_par' dir='ltr' id='par_1_119' title="bbox 937 2780 1724 2814">
     <span class='ocr_line' id='line_1_119' title="bbox 937 2780 1724 2814; baseline 0.001 -9"><span class='ocrx_word' id='word_1_900' title='bbox 937 2783 1030 2807; x_wconf 84' lang='lat' dir='ltr'><strong>mento</strong></span> <span class='ocrx_word' id='word_1_901' title='bbox 1042 2780 1180 2809; x_wconf 86' lang='lat' dir='ltr'><strong>disseruit.</strong></span> <span class='ocrx_word' id='word_1_902' title='bbox 1199 2781 1231 2809; x_wconf 86' lang='lat' dir='ltr'><strong>Et</strong></span> <span class='ocrx_word' id='word_1_903' title='bbox 1245 2790 1309 2810; x_wconf 83' lang='lat' dir='ltr'><strong>vero</strong></span> <span class='ocrx_word' id='word_1_904' title='bbox 1321 2783 1344 2810; x_wconf 90' lang='lat' dir='ltr'><strong>si</strong></span> <span class='ocrx_word' id='word_1_905' title='bbox 1358 2783 1478 2810; x_wconf 80' lang='lat' dir='ltr'><strong>Adamus</strong></span> <span class='ocrx_word' id='word_1_906' title='bbox 1495 2781 1574 2809; x_wconf 87' lang='lat' dir='ltr'><strong>Verbi</strong></span> <span class='ocrx_word' id='word_1_907' title='bbox 1591 2780 1724 2814; x_wconf 73' lang='lat' dir='ltr'><strong>originem</strong></span> 
     </span>
    </p>
   </div>
   <div class='ocr_carea' id='block_1_120' title="bbox 951 2850 1720 2887">
    <p class='ocr_par' dir='ltr' id='par_1_120' title="bbox 951 2850 1720 2887">
     <span class='ocr_line' id='line_1_120' title="bbox 951 2850 1720 2887; baseline 0.003 -9"><span class='ocrx_word' id='word_1_908' title='bbox 951 2850 961 2866; x_wconf 78' lang='grc'><strong>⁸</strong></span> <span class='ocrx_word' id='word_1_909' title='bbox 977 2850 985 2878; x_wconf 87' lang='grc'><strong>1</strong></span> <span class='ocrx_word' id='word_1_910' title='bbox 1000 2850 1062 2879; x_wconf 86' lang='lat' dir='ltr'><strong>Cor.</strong></span> <span class='ocrx_word' id='word_1_911' title='bbox 1078 2860 1121 2886; x_wconf 75' lang='lat' dir='ltr'><strong>xv,</strong></span> <span class='ocrx_word' id='word_1_912' title='bbox 1134 2853 1177 2880; x_wconf 73' lang='grc'><strong>47.</strong></span> <span class='ocrx_word' id='word_1_913' title='bbox 1231 2854 1240 2869; x_wconf 78' lang='grc'><strong><em>⁵</em></strong></span> <span class='ocrx_word' id='word_1_914' title='bbox 1253 2853 1332 2881; x_wconf 82' lang='lat' dir='ltr'><strong>Joar.</strong></span> <span class='ocrx_word' id='word_1_915' title='bbox 1349 2854 1422 2887; x_wconf 72' lang='lat'><strong>1,“.</strong></span> <span class='ocrx_word' id='word_1_916' title='bbox 1474 2855 1484 2869; x_wconf 78' lang='grc'>⁸</span> <span class='ocrx_word' id='word_1_917' title='bbox 1500 2853 1604 2881; x_wconf 76' lang='lat' dir='ltr'><strong>l‘aruch</strong></span> <span class='ocrx_word' id='word_1_918' title='bbox 1620 2861 1661 2886; x_wconf 79' lang='grc' dir='ltr'>ιιι,</span> <span class='ocrx_word' id='word_1_919' title='bbox 1676 2851 1720 2880; x_wconf 78' lang='lat'><strong>&#39;57.</strong></span> 
     </span>
    </p>
   </div>
  </div>
