1931 3041
178 144 231 171 εἰς)

884 135 913 163 S.
936 131 1109 162 ΕΡιΡιιΑΝιι

1768 125 1822 152 330

181 198 338 229 antecessit.
359 205 406 233 per
427 203 572 232 quemnam
594 203 647 224 non
667 195 748 222 modo
767 194 898 226 Adamus,
922 192 971 219 sed

1037 197 1107 225 νηκε·
1122 187 1298 222 Ποιήσωμεν
1313 185 1486 219 ἅνθρωπον;
1499 183 1530 210 οὐ
1541 183 1600 218 γάρ
1610 182 1652 215 τις
1667 191 1737 210 ποτε
1751 182 1819 233 πρὸξ

179 245 264 272 etiam
278 250 339 279 qua:
347 243 449 270 Adamo
463 241 568 276 priores
583 246 647 268 sunt
657 244 792 268 creatura:
809 239 867 272 Dei,
880 245 977 266 omnes

183 290 322 325 productae
338 289 420 316 sunt?
438 288 506 321 Quis
520 287 565 314 ille
580 295 647 315 vero
659 291 701 314 est
733 286 777 314 cui
793 285 874 312 Pater
885 283 973 311 dixit:

185 335 328 362 Faciamus
348 333 499 360 hominem?
524 331 610 359 Nemo
633 332 705 359 enim
729 336 776 358 aut
793 330 827 357 ad
848 329 975 357 intimum

178 379 296 406 ,verbum
309 385 400 410 suum,
420 382 467 404 aut
481 377 514 403 ad
530 376 596 404 illud
608 376 680 410 quod
691 376 813 403 exterius
828 374 976 410 profertur,

184 424 414 451 consultationem
430 423 710 457 dcliberationemque
728 421 832 456 dirigit.
857 419 920 447 Ideo
935 419 978 446 iu-

185 471 267 497 situm
280 469 332 497 sibi
344 469 604 503 sanctissinnlmque
616 475 695 494 suum
707 466 823 494 Verbum
835 466 978 500 alloquens

186 516 276 548 Pater,
288 515 406 542 futuram
418 515 538 542 hominis
549 514 763 549 procreationem
775 512 978 547 sapientissima

185 570 253 589 voce
267 561 399 593 declarat,
423 565 452 587 ut
468 560 566 587 Filium
590 560 662 594 apud
678 559 786 587 Patrem
800 558 880 585 initio
891 557 978 585 exsti-

187 609 254 635 lis~e
271 608 424 639 sciremus;
448 615 537 641 neque
551 605 721 633 conditorem
740 609 864 632 nostrum
881 609 978 630 recens

1027 235 1074 262 τὸν
1084 233 1236 261 ἐνδιάθετον
1247 231 1331 259 αὑτοῦ
1347 230 1437 265 λόγον,
1453 230 1469 265 ἦ
1484 229 1529 256 τὸν
1542 228 1709 265 προφορικὸν
1723 227 1823 254 ἐπιτεί-

1029 288 1106 307 νεται
1126 279 1177 313 τὴν
1197 277 1381 313 ωμὸουλιαν,
1403 275 1472 304 ἀλλὰ
1489 275 1556 311 πρὸς
1572 274 1617 301 τὸν
1634 274 1757 309 ἔμφυτον
1774 273 1824 299 καὶ

1028 326 1107 361 ἆγιον
1120 324 1203 352 αὐτοῦ
1220 324 1306 358 Λόγον
1320 323 1372 358 τῆς
1385 321 1535 358 μελλούσης
1554 320 1602 348 τοῦ
1616 319 1763 356 ἀνθρώπου
1776 319 1825 353 δη-

1031 371 1176 407 μιουργίας
1189 371 1308 397 ποιεῖται
1321 369 1370 405 τὴν
1386 368 1455 404 pexi
1468 368 1558 403 πάσης
1573 365 1668 401 σοφίας
1679 365 1823 400 ἐξήγησιν-

1030 417 1074 445 ἴνα
1093 417 1224 453 μάθωμεν
1237 415 1266 449 ἐξ
1277 415 1366 451 ἀρχῆς
1383 412 1452 441 εἶναι
1467 413 1513 440 τὸν
1529 412 1616 439 Παϊδα
1628 411 1698 447 πρὸς
1714 411 1761 438 τὸν
1774 411 1823 437 αὖε

1029 463 1077 490 τοῦ
1093 463 1213 498 Πατέρα,
1228 461 1270 488 ἵνα
1287 461 1324 497 μὴ
1337 460 1383 487 τὸν
1396 459 1528 495 ἡμέτερον
1541 458 1652 493 κτίστην
1665 457 1824 494 πρόσφατον

1029 508 1197 544 νομίσωμεν,
1210 506 1278 534 ἀλλὰ
1294 515 1343 533 συν
1360 504 1448 540 [lupi
1467 503 1510 530 ἀεὶ
1525 503 1681 537 ὑπάρχοντα
1701 501 1757 536 πρὸ
1771 501 1827 526 τῶν

1030 553 1154 582 αἰώνων·
1170 553 1208 585 ὡς
1224 553 1272 579 καὶ
1293 551 1419 586 Ἰωάννης
1438 549 1572 585 μαρτυρεῖ
1585 547 1690 582 λέγων·
1706 547 1760 574 Ἐν
1774 546 1827 580 ἁρ-

1031 599 1072 635 χῇ
1085 597 1125 634 ἦν
1137 600 1153 626 ό
1166 599 1273 633 Λόγος,
1290 597 1339 625 καὶ
1352 598 1368 624 ὁ
1379 596 1474 631 Λόγος
1486 593 1526 630 ἦν
1537 594 1613 629 πρὸς
1623 594 1677 622 τὸν
1693 594 1780 622 Θεόν.

187 654 215 681 in
230 654 316 681 lucem
330 654 432 681 editum
449 640 659 684 arbitraremur,
675 653 721 680 sed
737 659 800 679 cum
833 652 913 678 Patre
924 649 1044 685 priorem
1068 646 1177 674 saeculis
1200 645 1328 673 omnibus
1361 644 1456 672 fuisse.
1487 643 1515 670 ld
1547 641 1621 678 quod
1651 642 1772 670 Joannes
1789 640 1827 667 ita

187 701 374 729 demonstrat:
400 700 432 728 In
454 701 583 735 principio
603 705 659 728 erat
680 700 801 733 Verbum,
824 703 849 726 et
866 698 977 725 Verbum
996 700 1054 724 erat
1069 694 1140 729 apud
1158 693 1271 720 Deum‘.
1347 714 1350 717 .

225 747 270 775 ιν.
289 748 371 782 Atqui
387 748 516 779 Verbum,
534 749 623 782 inquit
635 747 783 774 circulator
799 746 860 778 iste,
874 752 889 772 a
906 745 980 779 prin-

189 793 261 828 cipio
275 793 413 820 exstitisse
432 793 536 825 fateor;
568 792 666 820 Filium
683 792 728 819 Dei
745 792 865 827 genitum
883 790 980 822 fuisse,

1067 742 1105 769 Δ’.
1127 740 1195 772 Ὥςο
1211 748 1294 775 φησιν
1307 739 1322 765 ὁ
1337 738 1460 774 ἀγύρτης
1471 745 1477 752 ·
1499 737 1554 764 Καὶ
1569 735 1651 768 αὐτός
1668 743 1742 770 φημι
1757 731 1828 761 εἶναι

1033 786 1079 812 τὸν
1093 786 1179 819 Λόγον
1194 785 1338 820 ἀπαρχῆς,
1357 783 1415 810 ἀλλ’
1427 784 1476 818 οὐχ
1495 782 1559 809 Υἰδν
1576 781 1642 808 Θεοῦ
1659 780 1829 815 γεγεννημέ-

191 838 217 865 id
230 846 293 866 vero
308 846 361 864 non
376 838 473 866 fateor.
509 838 608 865 Verum
624 838 677 865 nisi
698 837 743 864 Dei
762 838 797 864 sit
812 836 908 868 Filius,
921 836 979 863 ina-

1037 841 1088 860 νον.
1107 832 1161 859 Καὶ
1181 832 1205 857 ει
1230 831 1270 866 μὴ
1293 830 1368 857 ἐστιν
1391 830 1453 861 Υἱὸς
1476 828 1560 861 Θεοῦ,
1580 828 1692 863 μάταιος
1711 826 1796 853 αὑτοῦ
1814 828 1831 853 ὁ

192 884 235 911 nis
249 888 290 911 est
304 884 377 911 illius
391 884 477 916 labor,
491 885 571 911 inane
582 889 608 911 rt
619 884 701 910 animi
719 883 899 918 propositum,
910 889 981 909 vana

191 930 309 964 denique
320 939 382 965 spes
391 930 479 956 omnis
491 935 518 957 et
532 930 671 965 cogitatio.
689 929 760 956 Nihil
776 929 848 956 enim
864 927 981 962 amplius

193 976 427 1010 excellentiusqne
445 976 478 1003 de
502 976 611 1002 Clu-isto
629 975 782 1010 profitetur,
799 982 880 1009 quam
896 973 981 1001 Judaei

194 1021 257 1056 ipsi.
272 1022 318 1056 qui
333 1021 458 1048 eumdem
482 1022 662 1056 abnegarunt.
679 1021 764 1048 Porro
781 1029 834 1048 non
849 1021 981 1054 scriptum

193 1069 235 1093 est
250 1066 276 1092 in
293 1066 458 1101 Erangelio:
473 1065 506 1092 In
518 1066 648 1100 principio
663 1073 721 1092 erat
741 1064 862 1096 Verbum,
879 1068 906 1091 ct
917 1063 983 1091 Ver-

193 1110 257 1138 bum
271 1115 328 1138 erat
341 1111 367 1137 in
384 1111 452 1142 Deo;
467 1110 532 1137 sed:
547 1110 656 1137 Verbum
665 1114 721 1136 erat
736 1109 806 1143 apud
824 1109 922 1140 Deum;
934 1115 983 1135 nec

194 1155 222 1183 in
239 1156 293 1183 Deo
306 1155 422 1183 Verbum
438 1155 519 1190 832
536 1155 616 1183 modo
631 1155 716 1183 fuisse
733 1155 816 1187 dicit;
838 1154 896 1186 sed,
914 1154 983 1181 Deus

193 1206 250 1228 erat
271 1200 393 1228 Verbum.
420 1200 448 1227 ln
475 1201 535 1235 ipso
558 1201 667 1235 quidem
691 1200 800 1228 homine
823 1207 913 1228 sermo
928 1199 983 1230 ille.

195 1247 240 1282 qui
253 1251 382 1281 perpetuo
392 1251 438 1273 aut
451 1246 573 1278 interior,
586 1251 630 1273 aut
647 1249 758 1273 externa
775 1253 840 1272 voce
857 1245 979 1280 prolatus

194 1295 246 1324 est,
255 1292 336 1318 homo
343 1291 395 1318 dici
411 1299 463 1317 non
479 1295 577 1326 potest.
591 1291 637 1319 scd
649 1291 766 1318 hominis
781 1299 879 1318 sermo.
893 1290 985 1324 Quod-

195 1337 229 1369 si,
253 1341 283 1363 ut
305 1336 349 1363 ille
367 1340 495 1370 nugatur,
518 1337 637 1363 nomium
652 1337 726 1363 velut
742 1336 813 1363 fetus
840 1340 916 1369 erat,
938 1339 984 1362 aut

197 1381 242 1408 Dei
266 1380 351 1408 Filius
381 1381 452 1408 Deus
476 1381 616 1412 Verbum.
650 1390 697 1416 per
721 1389 867 1416 quemnam
893 1381 984 1408 omnia

197 1426 329 1461 producta
365 1426 454 1454 sunt?
496 1426 722 1462 Quandoquidem
752 1431 782 1455 ut
811 1427 984 1462 Erangelium

196 1472 308 1505 asserit,
329 1471 427 1500 Omnia
445 1481 490 1506 per
508 1473 593 1507 ipsum
609 1472 681 1507 facta
695 1479 771 1505 sunt,
798 1478 823 1501 et
846 1474 903 1501 sine
929 1475 984 1506 ipso

196 1517 296 1552 factum
315 1522 354 1545 est
375 1518 469 1545 nihil'.
499 1518 605 1545 Ateuim
624 1519 864 1553 quemadmodum.
885 1519 985 1554 inquit,

197 1563 279 1591 homo
302 1571 350 1598 per
367 1562 486 1591 Verbum
512 1572 590 1591 suum
615 1564 747 1599 quidquid
765 1565 875 1592 libuerit
892 1565 984 1597 clliL'it,

195 1607 234 1635 ita
248 1612 275 1635 et
292 1607 371 1635 Pater
393 1616 441 1643 per
460 1607 578 1635 Verbum
597 1616 687 1640 suum,
705 1609 777 1643 quod
797 1608 824 1636 in
841 1609 899 1644 ipso
916 1613 986 1642 erat,

197 1655 324 1681 universa
336 1654 498 1689 procreavit.
513 1654 655 1687 Quomodo
667 1656 748 1690 igitur
760 1655 811 1682 hoc
823 1656 849 1682 in
865 1655 987 1691 Evange-

197 1698 235 1726 Iio
257 1697 362 1725 Domini
384 1698 488 1725 dictum
511 1699 698 1733 accipiendum
724 1705 781 1727 cst:
811 1700 892 1727 Pater
907 1709 988 1736 usque

198 1743 276 1770 modo
295 1749 429 1778 operatur,
447 1749 470 1771 et
484 1753 530 1779 ego
548 1753 640 1779 operor
651 1746 677 1772 ’7
699 1745 764 1778 Qua:
783 1746 864 1774 verba
881 1754 935 1774 non
947 1747 988 1774 sic

197 1790 370 1825 intelligenda
390 1795 466 1823 sunt,
486 1793 563 1825 quasi
588 1792 613 1818 in
639 1792 681 1819 his
701 1800 762 1826 qua:
787 1792 871 1820 Filius
895 1792 987 1825 ellicit,

196 1836 265 1863 nihil
281 1835 362 1863 Pater
377 1835 434 1870 ipse
451 1837 591 1868 moliatur,
616 1842 663 1864 aut
679 1842 774 1864 contra
791 1838 988 1865 abalienandus

197 1882 234 1909 sit
247 1881 348 1915 Filius;
371 1889 459 1916 neque
474 1889 503 1909 se
523 1881 612 1909 Patris
630 1883 739 1917 opiﬁrio
759 1883 863 1918 agendo
884 1884 986 1918 aliquid

198 1927 360 1955 immisceat.
386 1926 525 1962 Siquidem
543 1936 627 1962 opera
650 1928 740 1956 omnia
764 1937 778 1955 a
800 1928 880 1956 Patre
906 1929 988 1957 simul

197 1977 225 1999 et
242 1971 309 1999 Filio
327 1976 353 1999 et
369 1971 471 2006 Spiritu
487 1977 584 2000 sancto
602 1973 824 2008 producta-sunt.
853 1973 921 2000 Nam
941 1981 989 2008 per

198 2018 287 2052 ipsmu
305 2018 395 2045 omnia
408 2023 473 2045 sunt
487 2026 502 2045 a
518 2018 597 2046 Patre
613 2018 746 2054 producta
759 2029 766 2053 ;
794 2020 906 2054 ipseque
921 2020 989 2047 adeo

198 2071 261 2091 cum
272 2063 352 2091 Patre
369 2069 397 2090 et
412 2063 516 2100 Spiritu
529 2069 625 2092 sancto
637 2065 780 2093 fabricavit
791 2066 892 2093 omnia.
907 2065 989 2093 Verbo

197 2110 265 2136 enim
283 2109 389 2136 Domini
414 2109 472 2137 costi
492 2110 600 2145 formati
614 2116 685 2144 sunt,
714 2117 738 2138 et
757 2112 853 2146 spiritu
867 2112 920 2138 oris
933 2112 988 2146 ejus

198 2155 281 2182 omni:
293 2155 375 2182 virtus
389 2164 479 2183 eorum
492 2155 513 2183 δ.
541 2155 675 2189 Quocirca
692 2161 772 2185 caute
787 2157 854 2184 illud
868 2157 989 2192 pruden-

198 2205 294 2235 terque
315 2200 446 2228 Dominus
467 2202 495 2228 in
518 2201 664 2237 Evangelio
688 2203 766 2235 dixit,
791 2211 864 2235 cum.
895 2207 991 2238 utpote

199 2246 278 2274 Deus
294 2248 384 2274 omnia
409 2248 572 2282 pravidens,
599 2256 631 2276 ac.
650 2249 715 2284 quid
732 2249 837 2284 decepti
864 2249 990 2277 homines

199 2293 343 2328 cogitaturi
369 2293 515 2328 aliquando
543 2294 642 2328 forent,
662 2300 744 2329 utque
765 2296 800 2323 ab
821 2304 851 2324 se
874 2296 990 2330 quisque

198 2341 338 2365 veritatem
365 2338 571 2372 ahjudicaturus
597 2344 670 2368 esset
695 2340 870 2375 intelligens,
902 2340 988 2373 Nihil,

197 2384 296 2419 inquit,
312 2393 329 2410 α
342 2385 427 2418 seipse
446 2385 510 2419 facit
526 2385 623 2419 Filius,
641 2388 694 2414 nisi
709 2387 802 2414 viderit
818 2387 926 2414 Patrem
939 2388 985 2422 fa-

198 2430 306 2456 cientem
319 2430 340 2456 “.
360 2429 415 2458 Nec
430 2436 472 2458 cst
485 2433 557 2467 quod
572 2434 728 2468 suspicetur
744 2433 852 2468 aliquis,
870 2434 987 2468 primum

198 2476 273 2502 illum
292 2476 394 2508 videre,
414 2477 512 2506 deinde
528 2478 628 2507 facere.
655 2479 741 2507 Habet
761 2479 834 2507 enim
851 2480 878 2507 in
893 2480 987 2516 seipse

197 2521 300 2553 omnia,
312 2527 339 2549 et
353 2531 522 2560 quaecunque
537 2526 654 2552 voluerit
669 2525 783 2560 perﬁcit.

234 2567 266 2594 V.
283 2567 398 2601 Quinam
417 2570 499 2605 igitur
514 2578 577 2597 vera
602 2571 660 2598 haec
676 2577 746 2602 esse,
768 2569 894 2603 Photine,
912 2574 985 2606 pote-

198 2615 279 2642 runt?
307 2614 373 2648 Quis
388 2616 432 2643 ille
452 2620 494 2644 est
518 2617 564 2651 qui
587 2616 612 2643 in
632 2620 658 2643 te
683 2616 762 2644 nobis
779 2624 876 2644 rursus
893 2617 986 2644 lolium

199 2660 264 2688 illud
280 2661 459 2688 disseminat?
479 2662 546 2694 Quis
562 2662 626 2689 illud
641 2662 717 2689 virus
733 2662 759 2689 in
777 2662 924 2690 humanum
941 2670 987 2697 ge-

199 2714 251 2733 nus
263 2706 379 2734 eﬂudit?
392 2707 459 2740 Quis
475 2711 556 2735 tanta:
571 2707 619 2735 tibi
634 2708 789 2740 impietatis,
803 2716 834 2735 ac
852 2712 906 2735 tam
921 2715 987 2736 con-

1032 879 1122 910 πόνος,
1138 877 1242 913 ματαία
1261 876 1344 903 αὐτοῦ
1359 876 1406 902 καὶ
1421 876 1438 910 ἡ
1455 874 1624 911 προαιρεσις,
1641 872 1689 900 καὶ
1704 873 1722 908 ἡ
1739 872 1830 903 ἐλπὶς,

1032 925 1080 952 καὶ
1095 926 1112 960 ἡ
1139 924 1254 951 διάνοια.
1270 923 1338 950 Οὐδὲ
1355 922 1408 958 γάρ
1426 921 1619 957 περισσότερον
1634 919 1688 946 τῶν
1705 919 1831 954 ἀρνησα-

1034 971 1122 1007 μένων
1139 969 1220 997 αὺτδν
1240 968 1376 995 Ἰουδαίων
1399 966 1478 999 οὗτος
1503 966 1588 1000 λέγει.
1612 966 1649 992 Οὺ
1673 964 1728 1000 γὰρ
1754 964 1831 998 λέγει

1033 1017 1099 1052 περὶ
1116 1016 1198 1043 αὑτοῦ
1221 1015 1252 1041 τὸ
1268 1014 1445 1048 Εὐαγγέλιον,
1465 1014 1506 1040 ὅτι
1526 1014 1578 1040 Ἐν
1596 1010 1675 1046 ἀρχῇ
1689 1010 1730 1044 ἦν
1743 1012 1760 1037 ὁ
1775 1011 1832 1037 Λό-

1033 1072 1095 1098 γος,
1112 1062 1159 1089 καὶ
1173 1063 1185 1088 ὁ
1204 1061 1290 1095 Λόγος
1307 1058 1340 1096 ἦν
1356 1061 1385 1086 ὲν
1399 1059 1437 1094 τῷ
1450 1059 1527 1094 Θεῷ·
1546 1058 1614 1090 ἀλλ’,
1634 1058 1660 1084 '0
1679 1057 1778 1091 Λόγος
1792 1054 1833 1090 ἦν·

1034 1110 1108 1144 πρὸς
1123 1109 1176 1136 τὸν
1191 1108 1275 1136 Θεόν.
1293 1107 1347 1134 Καὶ
1360 1107 1390 1134 οὗ
1407 1106 1492 1141 λέγει,
1505 1105 1546 1132 ὅτι
1561 1105 1591 1132 ὲν
1607 1103 1646 1140 τῷ
1659 1103 1720 1138 Θεῷ
1731 1101 1767 1139 ἦν
1783 1102 1833 1138 p.6-

1034 1164 1078 1182 νον
1089 1164 1095 1170 ·
1110 1155 1188 1187 ἀλλὰ,
1205 1154 1278 1186 Θεὸς
1296 1152 1335 1188 ἦν
1351 1154 1367 1180 ὁ
1382 1153 1486 1187 Λόγος.
1507 1151 1576 1178 Ἀλλ’
1589 1151 1618 1178 ἐν
1633 1150 1671 1186 τῷ
1691 1149 1834 1185 ἀνθρώπῳ

1036 1201 1095 1237 μὲν,
1117 1202 1193 1236 λόγος
1209 1200 1361 1231 ἐνδιάθετος
1376 1200 1420 1226 ἀεὶ
1435 1199 1482 1226 καὶ
1498 1197 1665 1234 προφορικδς
1681 1196 1831 1231 ὑπάρχων,

1034 1248 1064 1274 οὐ
1079 1247 1191 1274 δύναται
1206 1246 1333 1280 λέγεσθαι
1355 1246 1507 1280 ἄνθρωπος,
1529 1243 1597 1271 ἀλλὰ
1620 1243 1766 1278 ἀνθρώπου
1786 1242 1835 1268 λό-

1035 1303 1092 1329 γος.
1113 1294 1144 1321 El
1158 1294 1168 1309 '
1186 1294 1237 1320 οὐκ
1252 1291 1287 1328 ἦν
1301 1292 1378 1319 οὔπω
1391 1292 1421 1318 τὸ
1437 1292 1570 1327 γέννημα,
1588 1290 1626 1322 ὡς
1642 1289 1724 1321 αὐτος
1744 1288 1832 1322 λέγει,

1035 1340 1083 1366 καὶ
1095 1340 1119 1366 εὶ
1130 1338 1207 1366 οὔπω
1224 1336 1257 1374 ἦν
1273 1338 1337 1370 Υἱὸς
1357 1337 1404 1364 τοῦ
1420 1336 1488 1364 Θεοῦ
1502 1336 1567 1368 Θεὸς
1587 1336 1684 1370 Λόγος,
1698 1335 1743 1361 διὰ
1758 1335 1834 1366 τίνος

1035 1384 1070 1411 τὰ
1092 1384 1181 1411 πάντα
1204 1384 1365 1419 γεγένηταιξ
1394 1382 1486 1417 ἐπειδή
1503 1390 1569 1417 φησι
1590 1381 1621 1407 τὸ
1644 1380 1832 1414 Εὑαγγέλιον·

1038 1429 1139 1456 Πάντα
1149 1429 1186 1455 δι’
1199 1429 1292 1456 αὐτοῦ
1305 1428 1435 1462 ἐγένετο.
1445 1427 1494 1454 καὶ
1504 1426 1593 1462 χωρὶς
1605 1425 1698 1452 αὐτοῦ
1711 1424 1834 1460 ἐγένετο

1037 1475 1108 1502 οὐδὲ
1125 1475 1168 1502 ἓν.
1192 1474 1282 1505 Ἀλλὰ,
1301 1473 1394 1510 φησὶν,
1409 1473 1504 1508 ὥσπερ
1517 1472 1560 1499 διὰ
1571 1472 1650 1506 λόγου
1661 1472 1676 1498 ὁ
1687 1471 1835 1507 ἄνθρωπος

1038 1521 1153 1556 πράττει
1171 1521 1185 1548 ὃ
1202 1519 1433 1556 βούλεται,οὖτω;
1446 1519 1491 1546 διὰ
1503 1517 1550 1545 τοῦ
1569 1518 1634 1545 ἰδίου
1645 1517 1733 1552 Λόγου
1748 1516 1762 1543 ὁ
1772 1517 1834 1544 Πα-

1038 1568 1090 1602 τὴρ
1105 1566 1149 1593 διά
1163 1566 1211 1593 τοῦ
1225 1567 1301 1598 ὄντος
1323 1567 1352 1592 ἐν
1369 1565 1444 1600 αὐτῷ
1460 1565 1532 1600 λόγῳ
1553 1563 1666 1599 ἐποίησε
1683 1563 1718 1590 τὰ
1729 1563 1833 1591 πάντα.

1039 1612 1101 1644 Πῶς
1113 1610 1159 1639 οὖν
1170 1613 1184 1639 ὁ
1198 1611 1298 1648 Κύριος
1311 1611 1355 1638 διὰ
1368 1610 1415 1637 τοῦ
1429 1609 1594 1644 Εὐαγγελῑου
1608 1609 1694 1644 λέγει,
1708 1609 1750 1636 ὅτι
1758 1609 1836 1642 Ἕως

1038 1659 1103 1693 ἄρτι
1117 1660 1134 1686 ὁ
1147 1657 1250 1692 Πατὴρ
1270 1657 1429 1692 ἐργιὶζὲται,
1449 1656 1529 1691 κάγὼ
1543 1655 1697 1690 ἐργάζομαι
1706 1663 1715 1687 ;
1738 1655 1776 1682 To
1791 1655 1835 1687 δὲ,

1044 1705 1071 1731 '0
1083 1704 1184 1738 Πατὴρ
1200 1703 1365 1738 ἐργάζεται,
1382 1702 1464 1737 κάγὼ
1483 1701 1653 1736 ἐργάζομαι,
1669 1701 1700 1728 οὐ
1711 1701 1760 1727 τοῦ
1774 1701 1835 1727 Πα-

1038 1751 1102 1786 τρος
1119 1750 1156 1786 μὴ
1178 1749 1364 1786 ἐργαζομένου
1387 1749 1416 1775 ὲν
1431 1749 1464 1784 τῇ
1487 1748 1534 1775 τοῦ
1549 1748 1614 1775 Υιοῡ
1628 1748 1755 1784 ἐργασίᾳ,
1772 1747 1836 1774 οὐδὲ

1038 1796 1085 1822 τοῦ
1102 1796 1166 1822 Υιοῦ
1180 1795 1383 1830 ἁλλοτριοῦντος
1392 1795 1414 1826 ⁸,
1429 1794 1477 1821 καὶ
1492 1793 1529 1830 μὴ
1546 1793 1737 1830 ὲργαοαμένου
1751 1793 1781 1820 ὲν
1797 1794 1834 1828 τῇ

1039 1840 1087 1867 τοῦ
1107 1840 1214 1876 Πατρὸς
1238 1839 1415 1875 δημιουργίᾳ.
1443 1839 1537 1865 Πάντα
1554 1838 1609 1874 γὰρ
1630 1838 1663 1865 τὰ
1685 1839 1756 1874 ἔργα
1781 1837 1835 1864 ὅσα

1039 1884 1122 1916 ἐστὶν,
1137 1885 1196 1919 ἅμα
1209 1885 1240 1911 ὲκ
1256 1883 1362 1920 Πατρὸς
1385 1883 1433 1910 καὶ
1448 1883 1514 1910 Υἱοὒ
1537 1884 1584 1910 καὶ
1604 1884 1681 1918 ἁγίου
1705 1882 1835 1918 Πνεύμα-

1038 1938 1084 1961 τος
1100 1930 1252 1965 γεγένηται.
1271 1930 1311 1956 Δι’
1328 1928 1409 1956 αὐτοῦ
1425 1929 1480 1964 γὰρ
1495 1929 1530 1955 τὰ
1546 1929 1634 1956 πάντα
1649 1930 1761 1963 γέγονεν
1778 1928 1835 1955 ἀπὺ

1040 1974 1165 2010 Πατρὸς,
1183 1975 1230 2001 καὶ
1248 1975 1328 2006 αὐτὸς
1352 1974 1387 2001 τὰ
1401 1974 1489 2001 πάντα
1505 1973 1653 2009 εἰργάσατο
1666 1975 1714 2001 σὺν
1732 1975 1833 2010 Πατρὶ,

1040 2020 1085 2047 καὶ
1110 2021 1157 2047 σὺν
1171 2021 1241 2055 ἁγίῳ
1267 2020 1416 2055 Πνεύματι.
1444 2019 1485 2052 Τῷ
1502 2019 1556 2054 γὰρ
1575 2020 1655 2054 λόγῳ
1672 2020 1783 2053 Κυρίου
1805 2021 1834 2046 οὶ

1039 2066 1162 2100 οὐρανοὶ
1194 2066 1438 2100 ἐστερεώθησαν.
1465 2066 1514 2092 καὶ
1538 2065 1578 2098 τῷ
1603 2066 1751 2100 πνεύματι
1779 2065 1834 2092 τοῦ

1040 2112 1188 2146 στόματος
1203 2111 1297 2139 αὐτοῦ
1311 2112 1395 2138 πᾶσα
1412 2112 1431 2145 ὴ
1451 2111 1575 2146 δύναμις
1589 2110 1699 2138 αὐτῶν.
1722 2111 1765 2138 Διὸ
1786 2111 1833 2137 καὶ

1042 2157 1112 2192 μετὰ
1138 2156 1289 2192 ἀσφαλείας
1303 2158 1317 2183 ὁ
1335 2157 1436 2192 Κύριος
1451 2157 1480 2183 ἐν
1493 2157 1533 2192 τῷ
1558 2157 1716 2192 Εὑαγγελέιι,
1736 2156 1812 2190 ἔλεγε
1823 2176 1830 2188 ,

1041 2203 1183 2237 γινώσκων
1204 2202 1255 2234 τὰς
1275 2203 1402 2234 ὑπονοίας
1424 2203 1479 2229 τῶν
1511 2202 1745 2238 πεπλανημένων,
1766 2211 1832 2237 προ-

1040 2248 1164 2283 γνώστης
1177 2247 1225 2279 ὢν,
1244 2248 1282 2280 ὡς
1295 2247 1371 2281 Θεὸς,
1389 2248 1437 2275 καὶ
1450 2247 1487 2279 ὡς
1505 2247 1621 2283 ἤμελλεν
1641 2247 1758 2279 ἕκαστος
1778 2247 1832 2274 ἀπὸ

1039 2295 1089 2329 τῆς
1110 2294 1240 2330 ἀληθείας
1263 2294 1358 2320 ἑαυτὸν
1384 2293 1546 2324 ἐκϐάλλειν.
1571 2293 1647 2328 ἔλεγε
1675 2293 1746 2329 πρὸς
1770 2293 1833 2324 τοὺς

1046 2340 1188 2371 Ἰουδαίους
1198 2349 1204 2354 ·
1217 2340 1312 2367 Οὐδὲν
1326 2340 1375 2374 ἀφ’
1385 2340 1494 2367 ἑαυτοῦ
1513 2339 1593 2366 ποιεῖ
1604 2340 1620 2366 ὀ
1635 2339 1711 2372 Fide,
1726 2339 1781 2366 ἐὰν
1789 2339 1833 2373 μὴ

1039 2385 1089 2420 ἴδῃ
1110 2385 1164 2411 τὸν
1184 2384 1300 2419 Πατέρα
1323 2385 1477 2412 ποιοῦντα.
1505 2384 1561 2411 Καὶ
1586 2384 1635 2419 οὐχ
1659 2384 1700 2410 ὅτι
1724 2383 1832 2419 πρῶτον

1039 2431 1101 2466 ὁρᾷ,
1117 2430 1212 2457 ἔπειτα
1228 2431 1359 2466 oper-rer
1373 2430 1441 2458 ἀλλὰ
1453 2430 1542 2457 πάντα
1556 2430 1586 2457 ὲν
1600 2429 1688 2466 ἑαυτῷ
1706 2430 1764 2467 ἑγει
1785 2431 1832 2457 καὶ

1040 2477 1165 2511 πράττει,
1182 2476 1201 2504 ἃ
1218 2476 1352 2512 βούλεται.

1077 2568 1114 2594 E'.
1136 2568 1198 2600 Πῶς
1213 2566 1258 2595 οὗν
1273 2568 1360 2595 ταῦτα
1376 2568 1462 2600 ἔσται,
1476 2568 1643 2602 ὦΦωτεινές
1659 2569 1694 2596 Ἦ
1713 2574 1756 2601 τις
1774 2570 1789 2596 ὁ
1806 2570 1833 2601 ἐν

1042 2614 1086 2640 σοὶ
1099 2614 1179 2640 πάλιν
1197 2615 1261 2650 ἡμῖν
1276 2614 1492 2650 τροόαλλόμενος
1503 2614 1582 2641 τοῦτο
1591 2615 1622 2641 τὺ
1636 2614 1756 2647 ζιζάνιον
1767 2623 1774 2648 ;
1787 2615 1832 2646 Ti;

1040 2661 1054 2687 ὁ
1064 2661 1095 2687 τὸ
1112 2660 1274 2696 δηλητήριον
1291 2660 1370 2687 τοῦτο
1382 2660 1593 2692 κατασκευάσας
1605 2660 1644 2696 τῷ
1660 2661 1729 2696 βὶῳς
1748 2661 1831 2687 Πόθεν

1040 2707 1071 2734 τὸ
1086 2707 1203 2743 πονηρόν
1226 2716 1267 2734 σοι
1291 2707 1467 2743 ἐνθυμεῖσθαι
1490 2707 1562 2735 κατὰ
1584 2707 1631 2734 τοῦ
1659 2707 1763 2742 Κυρίου
1786 2715 1831 2733 σου

237 2796 244 2811 ¹
260 2795 371 2836 ,ιοληζμ
389 2799 414 2836 1Γ
453 2800 468 2836 ξ
482 2798 546 2824 ibid.
558 2800 584 2827 3.
623 2801 633 2816 ³
647 2800 725 2829 Joan.
742 2809 766 2833 ν.
781 2801 821 2828 l7.
861 2800 871 2816 ⁸
887 2800 957 2828 Psal.
974 2807 983 2827 ι

1040 2808 1058 2834 l,
1075 2799 1102 2828 6.
1141 2798 1239 2828 ηοω).
1252 2807 1279 2832 v,
1295 2799 1335 2828 i9.
1374 2801 1384 2817 ⁶
1398 2799 1518 2828 Ε’.“Λλ).ά
1531 2808 1580 2836 pro
1591 2801 1639 2833 ὡς.
1677 2800 1688 2816 ⁷
1703 2799 1784 2829 Deest
1792 2799 1829 2828 δέ.

201 2830 212 2846 '
226 2829 279 2865 ch
304 2832 441 2868 ἀλλιιτρξου
457 2833 541 2865 ὗνῖος.
