1931 3041
88 173 141 202 331

412 172 596 201 Αυνιῖιιδυε
616 174 787 202 H/ERESES
807 175 870 203 LIB.

955 158 1037 204 Ten.
1057 177 1119 202 ι.-
1141 175 1280 203 ιιΑςιιΕε.
1301 175 1406 204 Lxxn.

1671 179 1725 206 582

89 230 250 266 βλάσφημοι
263 230 356 257 λαῦεϊν
368 230 512 264 ὑπόνοιανς
525 232 582 259 Οὐκ
595 232 689 259 ἐπειιςὲ
701 241 730 259 σε
746 233 882 269 Ἀϐραὰμ,

940 234 1075 261 sceleratae
1116 233 1380 267 eoutumcliosmque
1409 232 1436 259 in
1476 231 1559 259 Deum
1589 233 1729 268 opinionis

89 278 206 311 cpio-wa
225 277 293 312 πρὸς
313 276 394 304 αὐτὸν
412 277 458 304 καὶ
474 277 579 312 λέγων’
601 278 626 304 '0
650 279 761 314 κρίνων
781 278 885 307 πᾶσαν

90 322 149 356 τὴν
163 322 230 356 γῆν,
250 323 287 349 οὐ
302 322 439 357 ποιήσεις
454 324 572 358 κρίσιν;
593 324 753 361 Ἐλέγχθητι
767 326 833 362 γὰρ,
847 326 885 358 ὡς

89 369 158 404 παρ’
176 368 249 404 αὐτῷ
268 370 283 396 ὁ
298 369 361 401 Υἱὸς
379 369 547 406 ἐπεδήμησε,
569 371 616 397 καὶ
635 371 665 398 οὐ
690 372 817 407 προφορά
843 381 886 405 τις

90 414 140 447 ὢν,
156 415 213 441 ἀλλ’
227 415 410 447 ὲνυπόστατος
432 416 498 448 Θεὸς
516 416 612 451 Λόγος.
627 417 682 444 Καὶ
695 418 770 450 ὅπως
783 418 885 454 γνῴης,

89 458 114 487 ὦ
136 460 292 496 ἑθελόσοφε,
319 461 350 488 τὺ
369 461 455 496 πέρας
473 462 526 488 τῶν
553 463 582 489 ὲν
601 463 687 499 ταύτῃ
703 465 736 498 τῇ
757 463 886 491 ὑποθέσει

90 507 396 543 ηπραγματευμὲνων,
410 506 448 539 ὼς
463 509 492 534 ὲν
507 509 539 544 τῇ
560 508 620 544 Θείᾳ
636 509 732 545 Γραφῇ
748 510 886 546 ἐπισφρα-

89 553 240 588 γισάμενος
261 553 292 580 τὺ
312 553 414 580 τέλειον
432 555 498 589 ἡμῖν
521 555 680 590 ἀπεφήνατο
699 555 824 590 φάσκων,
844 557 886 583 ὅτι

93 598 216 632 Ἕόρεξε
238 598 346 632 Κύριος
364 599 415 625 ἀπ’
433 599 563 633 οὐρανοῦ
583 599 643 634 πῦρ
663 601 712 627 καὶ
735 601 817 627 θεῖον
835 601 885 628 ἐπὶ

91 643 212 678 Σόδομα
226 644 276 670 καὶ
288 644 425 678 Γόμορῤα
437 644 519 679 παρὰ
530 646 650 679 Κυρίου.
667 647 722 673 Καὶ
734 647 786 673 οὐκ
797 645 888 679 εἶπεν,

90 691 106 718 ὁ
123 690 211 725 Λόγος
234 689 282 716 τοῦ
297 690 412 726 Κυρίου,
437 691 516 721 ἀλλὰ,
535 692 642 725 Κύριος
661 693 740 726 παρὰ
755 695 865 727 Κυρίου
877 702 884 708 ·

92 735 132 767 ὡς
149 735 199 762 καὶ
213 735 294 761 Δαὸὶδ
306 734 380 769 λέγει
388 743 395 750 '
404 736 497 762 Εἶπεν
511 737 528 763 ό
540 736 648 770 Κύριος
659 736 698 769 τῷ
709 737 806 772 Κυρίῳ
813 746 884 772 μου.

91 780 149 807 Καὶ
173 780 216 807 ἵνα
236 780 244 796 ¹
267 780 309 807 ὃτι
329 780 360 806 οὐ
380 780 449 816 μετὰ
469 781 520 816 τὴν
542 780 673 816 ἔνσαρκον
696 781 847 817 παρουσίαν
872 782 886 808 ὁ

93 825 158 856 Υιδς
173 825 254 860 μόνον
267 825 436 861 εὑρίσκεται,
451 825 585 861 διηγεῖται
607 827 655 853 καὶ
684 827 749 863 περὶ
761 827 812 862 τῆς
831 827 885 853 ἀπ-

91 871 192 907 αρχῆς,
204 871 245 898 ὅτι
267 871 314 898 ‘Eu
329 871 459 906 γαστρὸς
473 871 530 905 πρὸ
545 872 719 906 Ἑωσφῴου
734 871 886 907 ἐγέννησά

936 283 1032 306 aut-tor
1059 279 1130 306 fuit?
1161 279 1221 306 Non
1253 278 1296 306 vel
1319 278 1493 306 Abrahamus
1518 279 1655 306 meliorem
1681 280 1729 307 tibi

912 354 917 357 ,
936 329 1054 352 tuentem
1066 325 1231 360 persuadere
1244 323 1344 359 potuit,
1354 323 1401 358 qui
1416 323 1500 351 Deum
1514 324 1554 351 sic
1565 324 1729 359 alloquitur:

937 370 989 403 Qui
1005 371 1112 406 judico:
1139 378 1239 398 omnem
1252 375 1361 401 terram,
1384 377 1437 396 non
1460 369 1542 405 [acia
1558 370 1729 405 judicium'?

935 415 1005 443 Illud
1026 423 1092 444 vero
1116 416 1281 450 redarguere
1301 418 1327 442 te
1347 414 1439 447 debet,
1454 415 1527 450 quod
1549 415 1620 450 apud
1641 416 1730 451 ipsum

937 467 1063 490 versatus
1086 469 1149 489 esse
1171 460 1256 488 Filius
1279 460 1391 492 dicitur,
1411 468 1466 487 nou
1483 461 1621 488 sermonis
1638 461 1729 497 aliqua

936 508 1063 543 prolatio.
1089 508 1137 536 sed
1164 507 1236 535 Deus
1254 507 1375 534 Verbum
1398 507 1563 535 subsistens.
1595 507 1685 542 Atque
1700 512 1730 535 ut

936 561 1041 586 eorum,
1056 561 1117 589 quae
1131 554 1157 581 in
1172 553 1224 581 hoc
1235 553 1344 588 negotio
1355 559 1429 588 gesta
1441 557 1517 586 sunt,
1531 554 1634 580 exitum
1651 553 1731 581 intel-

936 600 1015 635 ligas,
1039 607 1056 627 ο
1079 600 1219 635 sapientia:
1244 599 1335 626 inanis
1361 598 1511 628 all'eetator.
1543 599 1595 626 hoc
1619 599 1678 634 ipso
1702 600 1730 626 in

937 645 1087 680 Scriptura:
1109 646 1170 673 loco
1192 645 1265 680 quod
1282 644 1432 679 perfectum
1458 647 1485 671 et
1507 643 1662 672 absolutum
1687 648 1730 672 est

936 691 1010 718 velut
1030 690 1190 726 obsignans,
1211 690 1360 716 declaravit
1385 689 1427 716 his
1444 689 1555 717 verbis:
1584 689 1657 717 l’luit
1675 689 1729 716 Do-

937 737 1023 763 miqu
1038 745 1051 763 c
1066 737 1129 763 cmlo
1145 737 1241 771 ignem,
1257 740 1281 762 et
1300 735 1381 770 833
1394 735 1506 768 sulphur
1523 735 1551 761 in
1570 735 1687 762 Sodoma
1705 739 1730 763 ιι

915 797 918 799 -
937 781 1084 808 Comorrlm
1101 789 1116 808 ο
1131 781 1244 808 Domino
1253 783 1274 807 ⁵.
1299 780 1358 807 Non
1375 780 1454 811 dixit,
1480 779 1595 807 Verbum
1612 780 1729 812 Domini,

938 827 998 858 sed,
1015 826 1143 854 Dominus
1158 836 1174 854 α
1191 827 1314 854 Domino.
1333 826 1368 854 Ut
1390 830 1418 853 et
1438 825 1523 853 David
1548 826 1656 854 locutus
1671 830 1729 854 est:

941 873 1016 899 Dixit
1033 873 1161 900 Dominus
1173 873 1285 899 Domino
1299 880 1354 899 meo
1368 871 1389 897 ⁵.
1404 871 1437 898 Ut.
1449 877 1538 898 autem
1555 876 1661 899 constet
1676 880 1731 899 non

91 924 142 944 σε.
163 917 218 944 Καὶ
237 916 301 953 mp‘t
318 917 366 945 τοῦ
381 918 459 952 ἁγίου
473 917 646 952 Πνεύματος,
665 915 687 945 ὦ
701 918 885 954 περιττολόγε,

940 920 1025 947 solum
1048 923 1109 954 post
1132 918 1347 946 incarnationem
1371 916 1432 944 Filii
1455 925 1555 944 nomen
1592 919 1731 953 usurpari.

96 962 145 989 καὶ
160 963 190 989 ἐν
203 962 298 998 ἀργοῖς
316 963 364 989 καὶ
380 963 535 998 περιέργοις
551 964 709 999 ταττόμενε,
739 964 826 996 οὐδεὶς
843 965 886 991 δέ-

92 1008 169 1040 ξεταί
184 1015 231 1034 σου
242 1008 286 1035 τὸν
297 1008 385 1043 λόγον.
399 1008 468 1035 οὔτε
481 1009 535 1045 γὰρ
551 1009 708 1045 μειζότερον
719 1010 750 1037 τὸ
762 1011 885 1046 Πνεῦμα.

90 1053 155 1081 οὒτε
172 1054 345 1090 μικρότερον.
363 1055 410 1088 Πς
430 1056 485 1090 γὰρ
500 1055 593 1083 ταῦτα
606 1056 777 1091 ἐξεζῆτησε,
789 1057 883 1092 φησὶν,

90 1099 126 1126 ἐκ
146 1098 207 1126 τῶν
221 1100 330 1134 χειρῶν
342 1100 425 1135 ὑμῶν
433 1108 443 1132 ;
461 1101 581 1136 Ἐλέγχει
595 1110 625 1128 σε
639 1101 667 1128 δὲ
683 1103 697 1128 ὁ
710 1102 792 1134 αὐτὸς
806 1102 884 1136 ἆγιος

91 1144 196 1179 Λόγος,
219 1145 258 1176 ὡς
273 1145 372 1179 φάσκει
389 1146 491 1181 Κύριος
509 1147 574 1181 περὶ
595 1147 642 1174 τοῦ
657 1147 817 1182 Πνεύματος
834 1147 883 1174 τοῦ

91 1190 188 1224 ἁγίου·
203 1191 342 1225 ὁμολογῶν
365 1191 431 1218 αὐτὸ
447 1192 557 1227 γνήσιον
571 1192 622 1226 τῆς
645 1192 727 1220 αὑτοῦ
746 1193 882 1228 θεότητος,

91 1236 168 1272 φησί·
189 1236 224 1264 Τὸ
237 1237 273 1263 ἐκ
289 1237 342 1264 τοῦ
353 1237 469 1271 Πατρός
494 1238 734 1273 ἐκπορευόμενον
756 1239 803 1266 καὶ
829 1239 883 1266 τοῦ

90 1281 165 1316 ἐμοῦ
177 1282 319 1316 λήψεται.

941 964 976 992 de
983 973 1016 993 eo
1023 972 1142 1000 quoque,
1149 964 1221 999 quod
1231 973 1244 990 a
1253 963 1388 999 principio
1395 962 1496 990 factum
1503 966 1555 995 est,
1564 963 1728 990 mentionem

937 1010 1014 1038 facit.
1033 1010 1074 1037 Ea:
1084 1015 1169 1042 utero,
1180 1009 1279 1044 inquit,
1287 1015 1346 1036 ante
1357 1009 1507 1044 Luciferum
1516 1011 1592 1045 genui
1604 1011 1654 1038 te“.
1670 1010 1732 1038 Jam

936 1063 1001 1084 vero
1012 1056 1046 1084 de
1056 1056 1160 1091 Spiritu
1174 1060 1269 1083 sancto
1281 1062 1361 1083 nemo
1370 1059 1421 1086 est.
1437 1055 1518 1082 homo
1542 1056 1733 1091 loquacissime

935 1105 962 1128 et
982 1101 1054 1128 inter
1073 1100 1177 1129 otiosos
1205 1101 1386 1135 cnriososqne
1406 1101 1583 1133 numerando,
1603 1103 1649 1136 qui
1670 1110 1730 1129 ser-

937 1154 1033 1174 mones
1051 1149 1114 1173 tuos
1138 1146 1226 1181 aquis
1249 1147 1364 1174 auribus
1389 1146 1524 1174 admittat.
1553 1146 1618 1174 Nam
1645 1155 1734 1182 neque

937 1193 1035 1227 major,
1061 1200 1152 1227 neque
1168 1192 1257 1219 minor
1282 1191 1336 1219 dici
1356 1195 1447 1227 potest
1467 1192 1586 1228 Spiritus
1607 1198 1732 1221 sanctus.

937 1238 1004 1271 Quis
1013 1238 1081 1265 enim
1093 1237 1159 1270 lucc,
1169 1238 1267 1273 inquit,
1279 1238 1412 1273 requisivit
1426 1238 1461 1265 de
1470 1239 1591 1266 ntanibus
1603 1239 1694 1266 uestris
1703 1240 1732 1267 εἴ

937 1285 1093 1318 Quinetiam
1110 1284 1181 1312 idem
1198 1289 1224 1312 te
1240 1284 1445 1312 sanctissimum
1458 1284 1588 1317 Verbum,
1605 1285 1732 1313 Christus

91 1328 217 1356 videlicet
231 1329 361 1357 Dominus
374 1330 556 1364 condemnat;
574 1332 620 1366 qui
632 1332 666 1359 de
674 1332 776 1367 Spiritu
791 1338 887 1360 sancto
907 1333 948 1360 sic
962 1332 1094 1368 loquitur,
1110 1331 1263 1359 divinitatis
1279 1336 1308 1359 ut
1322 1340 1380 1360 sua:
1399 1340 1559 1368 germanum
1586 1339 1617 1360 ac
1648 1334 1734 1368 parti—

91 1375 181 1410 cipem
198 1382 336 1410 agnoscat.
353 1377 397 1403 Ait
411 1379 500 1405 enim:
520 1378 572 1411 Qui
583 1386 615 1406 ea:
632 1378 712 1406 Patre
727 1380 875 1414 procedit“,
895 1383 922 1408 et
935 1379 968 1406 de
982 1387 1037 1406 meo
1053 1379 1165 1413 accipiet
1177 1379 1198 1406 ⁵.

128 1425 173 1457 q'.
186 1424 240 1450 Καὶ
249 1423 330 1450 πόπαι
341 1424 418 1451 ἄλλαι.
434 1425 597 1459 τυγχάνουσι
613 1426 778 1461 μαρτυρίαις
797 1425 888 1452 Ἐπει-

92 1469 162 1504 δὴόὲ
175 1470 258 1496 πᾶσιν
276 1470 338 1505 ὴσὴ
354 1470 498 1505 ὲρεσχελία
515 1470 594 1506 δῆλός
617 1471 676 1497 ἐστι
691 1471 796 1508 πλάνης
807 1470 884 1504 οὖσα,

93 1515 142 1542 καὶ
161 1515 212 1542 οὑκ
233 1515 381 1551 ἀληθείας·
408 1516 602 1552 φωραθήσεται
622 1517 652 1543 δὲ
677 1517 708 1544 οὑ
730 1518 809 1553 μόνον
832 1519 886 1545 ἀπὸ

94 1562 225 1593 συνετῶν,
241 1562 309 1589 ἀλλὰ.
324 1563 372 1589 καὶ
386 1563 440 1590 ἀπὸ
454 1563 508 1589 τῶν
522 1562 612 1597 ὀλίγον
628 1572 655 1590 τι
669 1564 719 1598 τῆς
734 1563 809 1596 Θείας
819 1565 886 1600 Γρα-

94 1607 146 1643 φῆς
158 1607 207 1643 τὴν
223 1608 384 1635 ἀκολουθίαν
406 1609 652 1643 ὲπιγινωσκόντων,
670 1609 703 1635 δι’
719 1610 751 1645 ἢν
765 1610 816 1636 οὐκ
827 1611 887 1636 km-

92 1653 262 1689 δεηθήσομαι
274 1653 379 1680 πολλῶν
393 1654 561 1689 μαρτυριῶν,
573 1654 589 1689 ἢ
604 1653 703 1689 πολλῆς
713 1655 884 1690 ἀνατροπῆς

93 1699 229 1725 εὐάλωτον
250 1699 305 1733 γάρ
335 1707 381 1725 σου
402 1699 433 1725 τὺ
454 1699 575 1734 διήγημα
597 1699 643 1725 καὶ
669 1701 685 1734 ή
709 1700 885 1727 κακοπιστία.

94 1743 140 1770 Διὸ
154 1743 278 1779 ἁρκετῶς
294 1744 365 1779 ἔχειν
380 1744 413 1771 τὰ
433 1745 502 1780 πρὸς
514 1746 542 1771 σὲ
561 1745 704 1780 εἰρημένα.
719 1746 755 1778 ὡς
767 1746 821 1773 ἀπὸ
833 1746 886 1781 γῆς

93 1788 282 1822 ἁναφύσαντος
297 1788 443 1822 κνωδάλου,
459 1789 561 1824 ἀτόμου
571 1791 580 1804 ¹
598 1797 626 1815 τε
639 1789 686 1815 καὶ
699 1789 835 1824 ἁδυνάμου
847 1789 886 1825 τῷ

94 1835 156 1862 ποδὶ
176 1835 224 1862 τοῦ
244 1835 323 1869 λόγου
347 1834 508 1870 συντρίψας.
525 1836 572 1862 καὶ
594 1836 627 1870 τῇ
646 1835 692 1862 τοῦ
709 1835 776 1862 Θεοῦ
800 1835 888 1869 Λόγου

93 1881 209 1916 ἀληθείᾳ
219 1889 226 1896 ο
255 1880 272 1916 ῆ
286 1881 324 1912 ὡς
335 1880 463 1915 ἕλμιγγα,
481 1880 541 1915 ἦτοι
562 1882 613 1916 γῆς
628 1879 790 1916 ἐντεριώνην
805 1889 889 1907 κατα-

94 1927 188 1962 λείψω.
210 1926 279 1962 Ἤδη
299 1925 354 1961 γὰρ
372 1925 419 1952 καὶ
438 1924 614 1960 διεσκεδάσθη
630 1926 670 1956 si;
686 1925 777 1958 ὀλίγον
793 1924 888 1960 χρόνον

94 1973 111 2008 ἡ
134 1973 230 2000 τούτου
246 1972 293 1999 τοῦ
315 1972 492 2007 ὴπατημένου
507 1971 622 2006 αἵρεσις.
641 1971 703 1997 Ἐπὶ
712 1971 741 1997 δὲ
756 1970 805 2002 τὰς
826 1971 889 2006 ἑξῆς

94 2019 217 2054 συνήθως
232 2019 299 2045 Θεὸν
310 2018 525 2053 ἐπικαλούμενος
540 2017 752 2053 προελεύσομαι.

981 1425 1024 1452 Vl.
1040 1425 1127 1458 Quam
1141 1425 1223 1452 multa
1239 1430 1302 1452 sunt
1315 1431 1342 1454 et
1355 1426 1407 1453 alia
1417 1425 1583 1458 testimonia,
1596 1434 1656 1461 quae
1668 1433 1734 1453 eon-

940 1471 1014 1498 sulto
1031 1474 1184 1505 praetereo;
1202 1471 1331 1505 quoniam
1346 1470 1455 1505 quidem
1470 1474 1514 1497 tua
1531 1471 1659 1498 omnibus
1676 1471 1727 1497 im-

940 1517 1096 1552 portunitas
1110 1521 1152 1544 est
1174 1517 1332 1548 manifesta,
1347 1525 1407 1552 quae
1419 1517 1453 1545 ab
1466 1525 1569 1550 errore,
1587 1525 1641 1544 non
1655 1525 1669 1544 a
1685 1525 1733 1544 ve-

939 1562 1020 1590 ritate
1038 1562 1232 1598 proliciscitur,
1250 1562 1318 1590 adeo
1337 1567 1433 1590 utnon
1452 1570 1511 1590 eam
1528 1563 1609 1590 modo
1624 1564 1733 1597 sapient-

941 1607 1037 1639 tiores,
1052 1607 1100 1634 sed
1115 1611 1145 1634 ut
1166 1607 1204 1634 illi
1229 1607 1309 1634 facile
1323 1606 1540 1641 deprehendant.
1557 1608 1603 1643 qui
1618 1609 1734 1635 nonnul-

940 1653 995 1680 lum
1013 1661 1155 1681 sacrarum
1179 1653 1346 1680 Litterarum
1367 1660 1448 1681 usum
1468 1654 1622 1681 habuerint.
1643 1654 1734 1687 Quare

939 1705 994 1724 nou
1011 1702 1054 1725 est
1070 1698 1142 1732 quod
1167 1697 1291 1732 pluribus
1308 1696 1441 1724 adversus
1467 1697 1540 1724 illam
1570 1700 1734 1727 testimoniis

937 1748 984 1770 aut
996 1743 1110 1778 longiori
1122 1742 1286 1770 refutatione
1296 1750 1366 1777 opus
1380 1750 1442 1770 esse
1456 1743 1535 1770 nobis
1554 1744 1730 1771 arbitremur.

938 1789 1009 1817 Nihil
1033 1789 1105 1816 enim
1128 1788 1284 1816 narratione
1310 1794 1354 1815 tua
1378 1792 1404 1816 et
1427 1788 1584 1816 inﬁdelitate
1607 1789 1640 1816 ad
1664 1797 1731 1816 enn-

941 1836 1104 1863 vincendum
1127 1835 1244 1862 facilius.
1264 1835 1341 1863 Unde
1358 1842 1418 1869 qua:
1439 1840 1534 1862 contra
1552 1839 1579 1862 te
1595 1835 1732 1870 disputata

942 1886 1008 1910 sunt
1031 1882 1175 1913 hactenus,
1201 1882 1271 1909 satis
1293 1882 1413 1908 arbitror
1438 1880 1546 1914 futura;
1567 1888 1598 1908 ac
1622 1881 1733 1915 perinde

942 1931 971 1954 ut
986 1927 1123 1955 insectqu
1142 1927 1280 1962 quoddam
1308 1927 1408 1954 animal
1426 1935 1441 1954 e
1458 1931 1530 1954 terra
1547 1934 1683 1954 emersum
1705 1932 1732 1954 et

943 1972 1110 2000 imbecillum
1131 1982 1138 2000 :
1159 1973 1200 2000 sic
1226 1978 1402 2007 posteaquam
1431 1977 1457 2000 te
1483 1972 1567 1999 divini
1589 1971 1670 2000 Verbi
1700 1979 1733 2000 ac

941 2017 1067 2044 veritatis
1084 2017 1198 2052 vestigio
1216 2017 1385 2052 proculcavi,
1407 2018 1465 2045 sive
1485 2017 1611 2044 lumbrici
1633 2018 1732 2050 instar,

93 2069 235 2092 antterrze
250 2064 394 2096 interanei,
410 2064 524 2091 missum
541 2067 679 2098 postremo
699 2063 809 2090 faciam.
827 2061 889 2089 Jam
913 2063 985 2090 enim
1013 2063 1087 2091 brevi
1116 2063 1263 2090 admodum
1289 2070 1413 2098 tempore
1440 2063 1513 2091 illius
1542 2068 1585 2091 est
1618 2064 1733 2092 haeresis

95 2113 240 2149 dissipata.
259 2111 338 2140 Nunc
354 2112 510 2147 implorata,
525 2115 554 2139 ut
566 2111 698 2143 solemus,
716 2118 768 2146 0pc
782 2110 840 2144 Dei,
855 2110 889 2137 ad
910 2110 1032 2145 reliquas
1047 2110 1165 2138 haereses
1181 2109 1397 2145 progrediemur.

290 2183 385 2210 ΚΑΤΑ
402 2180 691 2213 ΜΔΡΚΕΛΛΙᾹΝΩΝ,

95 2250 290 2285 Πεντηκοστὴ
307 2250 443 2285 δευτέρα,
457 2251 477 2285 ἡ
494 2250 543 2276 καὶ
560 2247 733 2282 ἑπτακοστὴ
750 2247 886 2282 δευτέρα.

132 2306 172 2332 Δ’.
191 2305 236 2340 Τῷ
248 2305 276 2331 δὲ
294 2305 368 2341 αὐτῷ
386 2305 468 2333 πάλιν
483 2305 572 2340 χρόνῳ
597 2304 662 2339 (ὑπὸ
674 2304 703 2331 ἓν
717 2303 772 2340 γὰρ
789 2303 889 2335 πάντες

96 2346 169 2376 οὗτοι
184 2348 272 2386 ἦσαν)
297 2350 456 2386 Μάρκελλος
476 2351 586 2385 γέγονεν
607 2351 636 2377 ὲν
670 2349 801 2385 Ἀγκύρῃ.
828 2350 889 2376 Ἔτι

96 2397 151 2432 γὰρ
165 2396 213 2423 καὶ
227 2397 316 2432 δεῦρο,
330 2397 384 2424 ἀπὸ
395 2397 442 2424 τοῦ
457 2397 533 2429 ἔτους
545 2397 639 2423 τούτου
651 2397 689 2428 ὡς
702 2397 755 2424 ἀπὸ
764 2397 810 2423 δύο
821 2397 888 2423 tua»

97 2442 235 2471 ἐτελεύτα.
257 2442 273 2477 ἦ
291 2441 376 2469 πλείω
394 2442 410 2477 ῆ
426 2442 541 2469 ἐλάσσω.
561 2441 687 2477 Ἐποίησε
702 2442 730 2468 δὲ
747 2442 793 2468 καὶ
809 2441 888 2473 αὑτός

96 2496 155 2513 τινα
168 2487 300 2522 διαίρεσιν
314 2487 343 2514 ὲν
363 2488 396 2522 τῇ
418 2487 566 2522 Ἐκκλησία
577 2487 625 2513 ἀπ’
640 2487 728 2522 ἀρχῆς
743 2486 789 2513 τοῦ
804 2485 887 2513 αὑτοῦ

97 2533 203 2568 χρόνον.
237 2532 346 2568 Ὀλίγην
369 2532 398 2559 δέ
422 2541 483 2559 τινα
505 2531 609 2558 ἔννοιαν
631 2532 779 2566 ὑπέφαινεν
799 2527 886 2563 οὗτος,

98 2576 314 2612 άπεικαζόμενος
326 2577 461 2611 Σαὸελλίῳ
473 2585 502 2603 τε
517 2577 563 2603 καὶ
574 2576 691 2612 Ναυάτῳ
706 2576 759 2603 ἀπὸ
774 2575 821 2602 τοῦ
834 2575 888 2602 τῶν

104 2623 249 2658 ’Λρειανῶν
273 2623 341 2659 πρὸς
363 2623 445 2650 αὐτὸν
465 2622 652 2658 παροξυσμοῦ,
674 2621 755 2656 δῆθεν
776 2621 820 2648 διὰ
840 2620 887 2647 τοῦ

97 2668 228 2705 λογισμοῦ
236 2669 287 2704 τῆς
296 2668 364 2704 πρὸς
373 2669 435 2700 τοὺς
451 2669 606 2704 ’Δρειανοὺς
617 2667 789 2700 ἀντιθέσεως.
806 2667 888 2694 Ὅθεν

99 2714 145 2740 καὶ
161 2713 238 2749 παρά
251 2722 332 2740 τινων
348 2713 548 2749 βλασφημεῖται
562 2713 616 2740 ἀπὸ
633 2713 742 2748 μέρους,
757 2711 794 2744 ὼς
808 2711 887 2746 ἔφην,

99 2758 284 2785 Σαδελλιανῶν
294 2757 419 2793 ἐσχηκὼς
431 2758 481 2793 τὴν
495 2757 661 2793 ὲρεσχελίαν.
687 2757 763 2788 Τινὲς
777 2756 805 2783 δὲ
817 2755 888 2792 ὑπὲρ

135 2835 144 2851 ¹
162 2835 240 2862 Deest
255 2834 336 2869 γνῷς.
375 2835 392 2869 ⁸7
405 2834 434 2860 F.
452 2834 557 2860 ἀτόνου.
596 2833 606 2849 ³
622 2833 691 2860 Gen.
705 2841 781 2866 xvm,
792 2833 838 2861 ‘25.

100 2869 200 2900 'Joan.
218 2868 318 2903 “.26.
356 2870 366 2885 ³
382 2868 460 2897 Joan.
483 2877 538 2902 avt,
558 2869 599 2902 ll,
622 2869 665 2900 15,

1114 2176 1257 2206 CONTRA
1273 2175 1551 2208 MARCELLIANOS,

1075 2245 1141 2278 Qua!
1155 2249 1195 2272 ut
1209 2244 1320 2272 haeresi:
1336 2243 1399 2274 LII.
1414 2244 1467 2270 sire
1483 2242 1600 2270 LXXII.

976 2303 996 2329 ].
1019 2302 1070 2330 Per
1089 2302 1159 2329 idem
1171 2305 1279 2336 tempus
1295 2300 1368 2336 (nam
1385 2300 1412 2327 in
1431 2300 1554 2327 eamdem
1570 2303 1676 2327 a-tatem
1693 2300 1731 2327 illi

939 2355 1036 2375 omnes
1051 2346 1186 2381 incidunt)
1201 2346 1317 2381 Ancyra:
1334 2345 1476 2373 Marcellus
1492 2345 1608 2375 exstitit.
1632 2345 1679 2380 qui
1697 2345 1731 2372 ad

940 2397 1035 2421 nostra
1055 2400 1141 2428 usque
1161 2396 1283 2426 tempora
1305 2391 1437 2426 pervenit,
1455 2396 1481 2418 et
1506 2390 1614 2418 duobus
1631 2391 1735 2418 abhinc

939 2438 1002 2473 plus
1028 2438 1120 2466 minus
1148 2437 1229 2464 annis
1252 2437 1331 2464 obiit.
1355 2436 1404 2464 llic
1424 2436 1548 2464 nonnihil
1569 2436 1595 2463 iu
1612 2436 1735 2466 Ecclesia

939 2485 1048 2512 divortii
1075 2483 1213 2515 conﬂavit,
1241 2483 1337 2511 eodem
1375 2482 1432 2510 fere
1462 2487 1491 2510 ut
1515 2483 1569 2510 dixi
1599 2487 1731 2518 tempore.

940 2528 1043 2556 Verum
1055 2528 1202 2556 obscuram
1220 2528 1365 2555 admodum
1382 2527 1517 2563 dogmatis
1535 2527 1577 2555 sui
1593 2527 1733 2562 signiﬁca-

939 2574 1040 2602 tionem
1062 2573 1146 2605 dedit,
1172 2573 1255 2609 834
1285 2581 1348 2600 cum
1376 2572 1410 2600 ad
1435 2573 1549 2600 Sabellii
1581 2578 1607 2601 et
1634 2573 1733 2603 Novati

943 2620 1089 2649 factionem
1118 2620 1324 2655 adiungeretur,
1350 2619 1460 2647 Arianis
1482 2620 1654 2656 potissimum
1683 2628 1733 2655 pro

942 2673 992 2694 suo
1010 2666 1037 2692 in
1055 2666 1132 2693 illum
1147 2666 1211 2694 odio
1224 2666 1276 2692 hoc.
1298 2665 1387 2701 ipsum
1404 2663 1643 2700 exprobrantibus,
1660 2666 1731 2699 quod

942 2710 1070 2738 nimirum
1089 2711 1221 2739 adversus
1245 2710 1363 2738 Arianos
1385 2710 1572 2738 contenderet.
1598 2709 1668 2736 Hine
1691 2716 1733 2737 est

941 2757 1014 2791 quod
1030 2764 1045 2783 ιι
1060 2758 1201 2785 nonnullis
1223 2765 1257 2785 eo
1281 2756 1393 2784 nomine
1415 2756 1572 2787 incessitur.
1595 2755 1675 2790 quasi
1697 2756 1731 2782 ad

890 2833 900 2850 ⁸
912 2833 979 2861 Gen.
997 2842 1053 2867 xu.
1068 2835 1111 2862 ‘it.
1151 2835 1161 2851 ⁵
1175 2834 1247 2862 Psal.
1262 2842 1317 2869 cm,
1332 2834 1355 2861 t.
1394 2834 1405 2849 ⁸
1417 2833 1484 2860 ibid.
1495 2833 1521 2860 5.
1561 2833 1570 2849 ⁷
1587 2833 1638 2860 lsa.
1653 2840 1671 2865 ι,
1689 2832 1729 2861 l2.
