1931 3041
216 178 268 206 385

938 175 966 203 S.
984 175 1154 202 EPIPilANIl

1798 173 1850 200 384

217 235 435 263 Sabellianorum
458 233 645 261 cavillationes
662 233 760 268 partim
777 233 933 261 adhaascrit.
949 233 1002 261 Ve-

1056 233 1138 260 αὑτοῦ
1148 233 1351 267 ἀπελογήσαντο
1361 231 1399 268 μὴ
1411 232 1495 264 οὕτως
1508 232 1588 267 ἔχειν,
1597 233 1652 259 ἀλλ’
1660 232 1751 267 ὀρθῶς
1769 231 1850 258 αὑτὸν

216 289 276 307 rum
298 280 343 306 alii
365 279 451 306 cidem
480 279 682 313 patrocinantes
699 285 795 304 verum
820 277 847 304 id
870 286 931 305 csse
954 285 1002 304 uc-

215 331 289 362 gant,
314 333 330 353 e
349 324 487 352 contrario
501 331 565 350 vero
584 323 714 358 praeclare
741 322 817 349 illuni
844 323 946 350 vixisse
971 330 1003 350 ac

217 375 290 397 recte
312 370 433 398 sensisse
454 369 628 396 confirmant.
645 367 723 395 Unde
736 375 832 403 magna
846 367 879 394 de
894 375 928 394 eo
941 375 1004 394 con-

215 416 345 443 troversia
358 416 472 442 contlata
485 418 537 442 est.
553 414 697 441 Enimvero
707 421 768 448 qua:
784 414 811 440 in
826 414 899 440 illius
911 414 1004 440 animo

215 461 324 490 occulta
339 461 461 492 fuerunt,
479 461 526 488 uni
552 459 608 487 Deo
639 460 749 495 cognita
778 464 853 488 sunt.
869 459 1003 487 Caeterum

215 507 290 534 illius
312 510 475 539 sectatores,
495 509 522 533 ct
538 506 573 532 ab
587 512 620 532 eo
636 505 765 537 instituti,
780 512 841 531 cum
855 504 915 539 ejus
930 512 1005 531 inen-

213 556 268 579 tem
281 552 449 587 ignorarent.
467 559 516 578 nec
530 559 590 589 qpac
607 558 670 577 vcre
692 551 736 578 ille
760 551 892 578 sensisset
915 550 1005 585 expri-

214 600 330 629 merent,
356 601 413 625 tres
437 597 599 631 bypostases
628 595 752 622 confiteri
781 595 938 627 noluerunt,
965 594 1004 622 uti

216 643 320 669 veritas
348 643 439 673 docet,
463 649 525 676 qua;
543 648 626 668 unam
650 645 745 668 censet
764 647 825 668 esse
837 639 1003 667 divinitatem

215 696 352 722 unamque
369 688 481 722 gloriam
499 691 526 714 et
544 686 808 714 consubstantialem
823 685 1003 717 Trinitatem,

214 742 276 769 qua:
297 734 366 761 nihil
386 733 413 760 in
432 733 518 768 gloria
539 740 588 760 sua
612 732 754 759 diversum
775 731 884 763 habeat,
912 735 1005 766 utpote

216 780 338 814 perfecta
350 779 481 811 Trinitas,
497 782 524 806 et
541 786 596 805 una
612 778 751 809 divinitas,
769 786 822 804 una
839 779 937 807 virtus,
952 783 1005 803 una

215 826 352 858 essentia;
379 832 466 860 neque
483 824 509 851 in
525 831 609 851 unum
634 827 785 856 contracta,
808 827 855 850 aut
882 823 1005 854 confusa,

221 878 272 898 nec
292 871 346 898 ulla
363 870 405 897 sui
417 874 494 905 parte
509 870 633 900 inferior,
649 873 695 896 aut
710 870 842 904 subjecta.
863 868 1005 896 Marcellus

1055 278 1227 313 βεϐιωκέναι,
1251 278 1298 304 καὶ
1320 278 1359 313 τῷ
1376 279 1528 313 φρονήματι
1556 277 1638 304 αὐτὸν
1665 277 1757 312 ὀρθῶς
1779 277 1851 312 ἔχειν

1053 323 1259 358 διισχυρίζοντο.
1273 323 1318 349 Διὸ
1326 323 1410 358 πολλὴ
1426 323 1490 358 περὶ
1503 322 1597 350 τούτου
1611 322 1725 358 ζήτησις
1739 322 1849 356 γέγονε.

1054 370 1110 396 Καὶ
1125 369 1160 396 τὰ
1173 370 1220 404 μὲν
1234 369 1337 404 κρύφια
1350 369 1399 404 τῆς
1411 369 1515 400 ἐννοίας
1525 369 1585 404 Θεῷ
1600 368 1747 402 ἔγνωσται.
1777 368 1811 394 Οἱ
1823 367 1852 394 δὲ

1057 415 1105 441 ἀπ’
1122 415 1203 442 αὐτοῦ
1222 415 1364 449 γεγονότες
1382 415 1429 441 καὶ
1443 414 1655 450 καηχηθὲντες,
1671 415 1696 441 οἱ
1709 414 1766 449 τὴν
1779 414 1852 440 ὲκεί-

1055 469 1101 487 νου
1121 460 1225 487 ἔννοιαν
1248 460 1418 495 ἀγνοοῦντες,
1433 461 1457 487 οί
1481 460 1519 496 μὴ
1535 461 1569 488 τὰ
1583 461 1687 487 ἐκείνου
1703 460 1798 495 ἀληθῆ
1811 460 1851 487 Er.

1054 505 1211 540 ηγούμενοι,
1219 504 1280 531 οὔτε
1285 505 1333 535 τὰς
1339 506 1412 540 τρεῖς
1419 505 1580 536 ὑποστάσεις
1588 504 1729 539 ὁμολογεῖν
1738 503 1849 539 ἤθελον,

1053 551 1090 583 ὡς
1104 551 1189 586 ἔχειὴ
1204 550 1327 585 ἀλήθεια,
1341 552 1382 577 ὅτι
1399 551 1448 585 μία
1463 550 1537 576 ἐστὶν
1552 551 1570 585 ἡ
1584 550 1689 584 θεότ-ης,
1707 550 1762 584 μία
1775 549 1849 583 δοξο-

1053 597 1142 631 λογία,
1153 596 1295 631 ὁμοοὺσιος
1304 595 1372 624 οὖσα
1379 597 1396 631 ἠ
1403 595 1498 631 Τριὰς,
1508 596 1554 622 καὶ
1561 595 1638 622 οὐδὲν
1647 596 1849 622 διαλλάττουσα

1053 643 1102 678 τῆς
1116 642 1183 674 ἰδίας
1198 642 1288 677 δόξης,
1304 642 1390 677 Τριὰς
1409 641 1499 668 τελεία
1518 640 1596 672 οὖσα,
1611 642 1658 667 καὶ
1674 641 1723 676 μία
1738 641 1849 676 θεότης,

1056 689 1105 724 μία
1115 688 1239 723 δύναμις,
1253 689 1301 724 μία
1311 689 1399 718 οὐσία.
1412 687 1473 715 οὔτε
1488 687 1633 722 συναλοιφή
1646 696 1686 719 τις
1694 685 1723 714 οὖ
1729 696 1777 718 σοι,
1787 687 1849 714 οὔτε

1054 733 1249 768 ὑποϐεϐηκυῖα.
1267 731 1350 765 Οὗτος
1366 733 1405 766 δὲ,
1419 733 1592 760 ὲπιπλεῖστον
1608 733 1773 768 βουλόμενός
1790 742 1850 759 τινα

1055 779 1143 813 λέγειν
1158 779 1232 814 παρά
1248 787 1328 810 τισιν,
1355 779 1392 810 ὡς
1409 779 1461 805 ὑπὸ
1473 778 1518 806 τὸν
1535 779 1676 805 Σαὸἐλλιον
1689 779 1729 814 τῷ
1746 779 1850 813 φρονή-

1056 833 1121 859 ματι
1139 824 1238 857 ἔδειξεν
1254 822 1332 851 εἶναι.
1354 825 1399 850 Διὸ
1412 825 1458 851 καὶ
1478 825 1547 859 αὑτὴ
1574 825 1602 851 ὲν
1621 824 1726 858 αἱρέσει
1749 823 1849 858 ἐλέχθη

1055 870 1103 896 καὶ
1112 869 1263 905 ἠριθμήθη.
1283 870 1480 906 Παραθήσομαι
1491 871 1519 897 δὲ
1531 868 1608 902 αὗθις
1620 870 1666 896 καὶ
1676 870 1725 905 τὴν
1738 870 1850 896 ἔκθεσιν

216 921 308 943 autem
323 916 519 942 nonnullorum
538 915 673 943 sententia
689 923 752 942 cum
771 914 873 949 aliquid
886 913 1002 948 amplius

1054 915 1101 942 τοῦ
1124 915 1214 949 λόγου,
1236 912 1267 942 οὗ
1289 916 1434 951 πεποίηται
1463 916 1565 951 Ἰουλίῳ
1586 915 1625 951 τῷ
1645 916 1791 951 μακαρίτῃ
1811 915 1849 950 τῷ

219 962 262 989 his
280 965 404 989 astruere
427 961 518 994 vellet,
534 961 561 987 in
589 960 701 988 Sabi-llii
728 967 849 987 errorem
874 959 1004 987 incidisse

218 1008 293 1034 visus
307 1011 358 1034 est.
375 1006 414 1033 Er
430 1013 485 1041 quo
503 1005 604 1033 factum
617 1009 669 1038 est,
685 1010 715 1032 ut
728 1006 799 1032 inter
818 1005 935 1032 haereses
952 1005 1003 1032 ista

216 1060 326 1087 quoque
346 1051 514 1079 recensenda
537 1059 569 1078 ac
593 1051 760 1078 confutanda
784 1050 898 1078 veniret.
927 1049 1004 1077 Libet

220 1102 312 1126 autem
338 1102 366 1125 et
391 1099 464 1126 illius
487 1097 639 1125 orationem
666 1097 812 1132 subjicere,
838 1103 919 1131 quam
941 1103 1005 1129 pur-

216 1143 299 1179 gandi
312 1145 353 1171 sui
367 1144 454 1179 gratia
469 1143 501 1170 ad
518 1143 602 1169 beatae
614 1142 751 1170 memoriae
775 1141 878 1169 Julium
903 1140 1004 1168 Roma-

218 1196 316 1216 norum
337 1189 496 1224 episcopum
516 1187 638 1223 scripsit.
658 1187 718 1220 Qua
737 1195 770 1214 ex
789 1186 959 1218 defensione,
978 1189 1006 1212 et

218 1234 309 1261 libello
332 1234 464 1261 nonnulla
488 1237 585 1260 contra
601 1233 736 1260 sinceram
765 1232 844 1259 ﬁdem
863 1232 1005 1266 opinatum

217 1286 278 1307 esse
300 1279 451 1306 constabit.
485 1278 592 1306 Etenim
619 1278 642 1305 si
659 1277 726 1304 nihil
750 1277 785 1304 ab
802 1277 846 1304 illa
867 1277 1005 1304 diversum

1061 961 1203 996 Ῥωμαίων
1216 962 1357 996 ὲπισκόπῳ
1373 962 1386 988 ὁ
1398 961 1478 993 αὐτὸς
1489 961 1656 997 Μάρκελλος,
1674 960 1849 996 ὑπεραπολο-

1055 1007 1187 1041 γούμενος
1209 1007 1288 1042 δῆθεν
1313 1007 1421 1034 ἑαυτοῦ.
1446 1008 1493 1034 Ἐκ
1514 1007 1542 1033 δὲ
1559 1007 1608 1042 τῆς
1631 1007 1785 1040 ἀπολογίας
1802 1006 1848 1033 καὶ

1055 1051 1102 1078 τοῦ
1125 1051 1247 1078 λιϐέλλου
1261 1053 1410 1088 φανήσεται
1428 1053 1509 1088 ἕτερα
1530 1053 1607 1087 παρὰ
1623 1052 1672 1087 τὴν
1689 1052 1785 1078 πίστιν
1800 1052 1848 1086 τῆς

1055 1096 1182 1132 ἀληθείας
1196 1097 1385 1133 πεφρονηκώς.
1413 1098 1445 1124 Εἰ
1466 1098 1503 1133 μὴ
1520 1097 1575 1132 γὰρ
1588 1097 1668 1132 ἕτερα
1682 1097 1848 1133 ἐφρόνησεν,

1055 1141 1126 1177 ὑπὲρ
1143 1142 1226 1169 ποίων
1244 1144 1283 1175 εἰς
1303 1143 1450 1177 ἀπολογίαν
1466 1144 1575 1179 ἤρχετο.
1593 1143 1617 1169 εί
1636 1143 1673 1178 μὴ
1694 1143 1751 1178 ἄρα
1773 1143 1848 1176 λόγοι

1056 1185 1086 1218 ἐξ
1100 1186 1182 1213 αὑτοῦ
1200 1186 1330 1222 ἐτέθησαν
1354 1188 1404 1214 οὐκ
1420 1188 1504 1224 ὀρθοὶ,
1526 1188 1574 1215 καί
1588 1196 1662 1218 τινας
1676 1188 1846 1223 ταράξαντες

1057 1231 1097 1262 εἰς
1104 1231 1204 1267 ταύτην
1212 1233 1367 1268 κατήγαγον
1374 1233 1424 1269 τὴν
1437 1233 1599 1268 ἀπολογίαν;
1613 1233 1709 1259 Τοίνυν
1720 1233 1753 1260 τὸ
1770 1233 1848 1261 ἀντι-

1058 1275 1162 1310 γραφόν
1176 1276 1234 1302 ἐστι
1247 1276 1325 1303 τοῦτο
1342 1285 1349 1292 ·

219 1324 355 1352 sensisset
386 1331 518 1359 unquam,
531 1324 675 1359 cujusnam
693 1324 734 1351 rei
750 1323 849 1359 gratia,
865 1323 936 1350 hanc
967 1322 1040 1348 illam
1061 1321 1104 1349 sui
1129 1323 1318 1357 purgationem
1340 1323 1515 1358 institueret;
1534 1324 1585 1352 nisi
1605 1325 1728 1359 quaedam
1745 1324 1781 1352 ab
1801 1323 1847 1351 illo

218 1377 315 1406 parum
340 1374 413 1397 recte
437 1370 524 1404 posita
551 1377 583 1397 ac
608 1369 783 1404 pronuntiata
808 1368 915 1401 forent,
941 1375 1002 1402 qu:e
1036 1374 1098 1394 cum
1122 1367 1228 1402 aliquos
1252 1369 1470 1403 perturbassent,
1503 1369 1664 1398 defendendi
1689 1371 1734 1398 sui
1761 1374 1846 1405 atque

218 1415 366 1444 excusandi
386 1415 575 1442 necessitatem
592 1414 755 1442 attulerint?
772 1413 930 1448 Exemplum
949 1413 1032 1448 igitur
1046 1412 1169 1447 epistola:
1180 1412 1219 1440 sic
1234 1420 1264 1440 se
1280 1413 1382 1441 habet:

219 1470 376 1505 Exemplum
399 1471 518 1506 epistolw
528 1471 660 1506 Marcelli,
674 1479 750 1505 quem
762 1470 792 1498 ob
808 1470 927 1497 Itwresim
942 1479 1004 1504 syn-

509 1505 576 1532 odus
591 1506 722 1540 deposuit.

1100 1469 1290 1505 Ἄντίγραρον
1307 1470 1471 1504 ἐπιστολῆς
1484 1471 1540 1504 (55)
1559 1471 1755 1505 Μαρκέλλου,
1774 1472 1812 1499 ὃν

1133 1504 1269 1532 καθεῖλεν
1283 1505 1302 1538 ή
1316 1505 1446 1538 σύνοδος
1458 1505 1545 1540 χάριν
1558 1504 1756 1540 ἐτεροδοξίας.

255 1560 287 1588 Il.
307 1561 469 1589 Beatissimo
484 1562 593 1597 collegae
607 1561 680 1589 Julio
696 1561 840 1589 Marcellus
857 1561 884 1588 in
896 1561 1002 1589 Christo

1092 1560 1129 1587 B'.
1138 1560 1183 1595 Τῷ
1192 1560 1394 1596 μακαριωτὰτῳ
1405 1561 1540 1588 συλλειτου
1545 1562 1600 1597 ργῷ
1608 1562 1708 1597 Ἰουλίῳ
1719 1562 1845 1598 Μάρκελ-

219 1606 346 1634 salutem.
376 1607 443 1634 Cum
470 1607 594 1634 nonnulli
621 1615 654 1635 ex
682 1607 715 1635 iis
734 1607 796 1642 qui,
821 1607 892 1642 quod
909 1614 1004 1641 parum

220 1653 324 1687 integre
336 1652 370 1680 de
393 1653 444 1679 lidc
470 1652 614 1685 sentirent,
640 1657 720 1680 antea
733 1653 909 1679 condemnati
926 1657 1002 1686 sunt,

219 1698 321 1732 quique
336 1705 350 1723 a
363 1704 406 1724 me
419 1698 445 1723 in
461 1697 570 1724 Nicatna
589 1697 693 1733 synodo
707 1697 825 1724 convicti
847 1701 919 1728 sunt,
939 1705 1005 1724 cou-

219 1746 261 1769 tra
278 1750 321 1769 me
337 1742 369 1769 ad
389 1742 513 1777 pietatem
526 1747 598 1770 tuam
614 1743 733 1770 scribere
744 1751 799 1770 non
811 1742 1003 1774 dubitaverint,

218 1795 262 1815 me
279 1795 329 1815 nec
343 1794 425 1820 recte,
448 1795 497 1814 nec
512 1795 575 1815 cum
592 1787 721 1815 Ecclesia:
745 1788 869 1815 doctrina
884 1795 1002 1815 consen-

220 1839 298 1860 tance
314 1833 347 1860 de
371 1833 424 1859 ﬁde
445 1838 576 1866 statuere,
604 1834 644 1860 uti
672 1835 776 1861 crimen
804 1841 883 1861 suum
911 1834 938 1860 in
960 1841 1004 1861 me

219 1876 576 1911 transferrent:propterea
603 1878 760 1905 necessario
782 1877 897 1904 Romam
921 1876 1003 1912 835

220 1921 287 1948 mihi
312 1921 473 1948 veniendum
495 1925 524 1949 et
543 1925 570 1949 te
593 1923 821 1950 commonendum
841 1923 949 1958 putavi,
973 1927 1003 1949 ut

218 1974 267 1994 eos
350 1971 445 1994 contra
462 1975 504 1994 me
518 1967 690 2002 scripserunt
704 1975 869 1999 arcesseres.
889 1973 919 1995 ut
939 1976 1002 1995 cum

221 2009 408 2043 advenissent,
423 2010 457 2038 de
469 2011 577 2038 duobus
595 2011 649 2040 illis
664 2019 679 2039 a
697 2019 741 2040 me
763 2012 1001 2044 convincerentur,

220 2063 282 2082 cum
311 2055 356 2082 illa
383 2056 441 2091 ipsa
468 2056 536 2084 falsa
558 2064 629 2089 esse,
645 2065 706 2092 quze
721 2058 747 2084 in
763 2065 806 2085 me
822 2058 1000 2092 scripserunt,

220 2106 278 2128 tum
295 2109 342 2130 eos
358 2102 447 2130 adhuc
469 2103 497 2130 in
516 2103 634 2138 pristino
655 2111 748 2131 errore
764 2112 937 2139 perseverare
948 2125 955 2137 ,
975 2109 1002 2132 et

221 2147 330 2182 indigna
351 2148 474 2182 quaedam
498 2148 628 2176 adversus
655 2148 790 2176 Ecclesias
813 2148 858 2177 Dei
890 2157 922 2176 ac
951 2157 1002 2177 nos

220 2194 294 2228 ipsos
315 2194 423 2221 illarum
442 2194 572 2229 prmsidcs
587 2202 648 2222 esse
671 2194 849 2222 machinatos.
868 2195 920 2222 Sed
939 2203 1000 2222 cum

219 2238 259 2266 illi
281 2239 375 2266 venire
397 2239 544 2273 noluerint,
563 2240 675 2267 tametsi
691 2240 862 2275 presbyteros
879 2240 913 2267 ad
928 2239 1002 2275 ipsos

220 2284 339 2316 miseris,
357 2292 407 2319 ego
421 2292 485 2312 vero
503 2292 576 2312 anno
591 2285 698 2320 integro
711 2292 743 2313 ac
760 2285 846 2313 tribus
863 2286 1003 2314 mensibus

255 2360 265 2377 ¹
277 2361 341 2389 Cor.
355 2361 572 2396 ἀπαντήσαντας.

253 2434 313 2473 (ξδ)
330 2436 524 2473 ,Ἄντίγραφον
539 2437 713 2473 ἐπιστολῆς.
732 2438 823 2466 Edidit
846 2439 917 2466 hanc
939 2439 1002 2466 fidei

221 2470 431 2508 professionem
458 2472 623 2508 Marcellus,
646 2470 805 2508 postquam
827 2475 861 2501 ab
889 2474 999 2501 Arianis

221 2505 284 2543 sedc
297 2513 346 2532 sua
359 2506 454 2540 pulsus
466 2506 578 2543 Romam
595 2509 628 2535 ad
641 2505 743 2535 Juliun'i
759 2516 854 2543 papam
867 2508 1001 2542 confugit,

219 2541 254 2568 ab
268 2548 355 2574 eoque
369 2549 422 2568 nlla
437 2549 499 2568 eum
526 2541 675 2569 Athanasio
700 2541 843 2571 restitutus
867 2547 919 2570 est.
934 2541 1003 2571 Vide

221 2576 334 2611 Amm/es
349 2575 446 2603 Baron.
462 2584 507 2604 an.
521 2577 581 2604 5M.
594 2578 646 2609 Qui
662 2578 695 2605 de
711 2579 761 2605 hoc
774 2578 833 2611 ipso
847 2577 939 2605 libello
952 2579 1002 2605 du-

221 2611 297 2642 bitat,
314 2610 374 2637 isne
393 2611 439 2646 sit.
454 2619 534 2646 quem
554 2611 627 2639 Julio
648 2616 705 2639 tum
724 2610 832 2644 obtulit,
848 2620 910 2640 cum
929 2614 956 2640 in
970 2621 1003 2640 eo

222 2646 294 2682 nulla
313 2645 405 2682 sitjoﬁ
421 2646 564 2682 ομοουσίου
581 2648 694 2674 mentio.
711 2647 811 2675 Verum
828 2655 882 2674 non
897 2655 1004 2682 semper

221 2680 248 2706 in
264 2679 411 2707 Catholicae
422 2679 483 2708 fidei
496 2682 723 2715 professionibus.
736 2687 782 2709 aut
796 2682 823 2709 in
837 2679 1003 2710 convincen-

221 2715 264 2741 ilis
287 2715 431 2750 hatrcticis,
458 2715 559 2743 recenti
584 2716 673 2743 adhuc
692 2716 718 2743 iu
741 2716 850 2743 Nicaano
874 2718 1002 2750 concilio,

223 2752 338 2785 tessera
355 2749 398 2775 illa
423 2750 484 2776 fidei
505 2758 535 2777 ac
553 2749 599 2776 τοῦ
612 2752 754 2785 ὀμοουσίου
770 2752 844 2778 clara
859 2755 886 2779 et
900 2749 1002 2779 diserta

222 2783 358 2822 rtilifcssio
368 2785 482 2822 ‘solcbat
495 2785 577 2822 e._\'igi.
595 2783 723 2822 Exemplo
736 2787 773 2813 sit
786 2785 892 2821 Ursacii
907 2791 934 2813 ct
949 2786 1002 2813 Va-

223 2817 301 2855 iclitis
328 2818 435 2845 Ariona:
462 2817 587 2846 fat-tionis
613 2817 765 2855 principum
787 2819 904 2854 libellus,
919 2829 999 2855 quem

220 2850 292 2888 iulio
310 2860 383 2886 Inque
400 2855 566 2883 obtulerunt.
586 2850 640 2888 quo
664 2860 690 2882 ct
702 2850 812 2883 lcrrmis
836 2857 877 2882 sui
893 2850 998 2882 veniam

221 2887 357 2920 deprecati
382 2893 455 2922 sunt,
473 2893 499 2916 ct
515 2890 580 2916 Ario
596 2887 726 2918 damnato
742 2891 904 2917 catholicam
921 2891 999 2918 lidcut

1055 1605 1099 1637 λος
1116 1606 1145 1632 ὲν
1160 1606 1270 1641 Χριστῷ
1284 1606 1399 1642 χαίρειν.
1424 1607 1531 1643 Ἐπειδὴ
1548 1616 1618 1640 τινες
1632 1607 1687 1634 τῶν
1702 1615 1844 1641 καταγνω-

1056 1648 1173 1676 σθέντων
1191 1649 1324 1685 πρότερον
1341 1651 1386 1676 ἐπὶ
1404 1650 1442 1685 τῷ
1466 1650 1503 1686 μὴ
1519 1651 1605 1687 ὀρθῶς
1621 1651 1772 1683 πιστεύειν,
1796 1650 1841 1681 οὓς

1054 1694 1109 1728 ἐγὼ
1124 1695 1153 1721 ἐν
1166 1696 1199 1730 τῇ
1215 1695 1286 1722 κατὰ
1300 1696 1416 1723 Νικαιαν
1431 1697 1531 1732 συνόδῳ
1546 1697 1683 1732 διήλεγξα,
1698 1698 1760 1723 κατ’
1777 1696 1843 1732 ἐμοῦ

1053 1739 1157 1774 γράψαι
1171 1742 1204 1775 τῇ
1222 1741 1362 1777 θεοσεὸείᾳ
1375 1750 1422 1768 σου
1439 1743 1601 1778 ἐτόλμησαν,
1615 1743 1653 1775 ὡς
1669 1743 1702 1770 ἂν
1718 1743 1788 1778 ἐμοῦ
1805 1744 1840 1778 μὴ

1053 1785 1150 1821 ὀρθῶς,
1164 1787 1232 1821 μήτε
1244 1786 1478 1822 ἑκκλησιαστιχῶς
1498 1788 1666 1823 φρονοῦντος,
1684 1788 1714 1815 τὸ
1735 1788 1840 1816 ἑαυτῶν
1867 1819 1869 1822 ⁴

1053 1831 1178 1866 ἔγκλημα
1198 1833 1237 1863 εἰς
1256 1832 1305 1867 ἐμὲ
1327 1832 1505 1868 μετατεθῆναι
1521 1833 1729 1865 σπουδάζοντεςο
1745 1833 1838 1860 τούτου

1053 1876 1143 1903 ἕνεκεν
1155 1877 1301 1911 ἀναγκαῖον
1313 1877 1472 1913 ἡγησάμην,
1488 1878 1646 1914 ἀπαντήσας
1656 1879 1696 1910 είς
1711 1878 1763 1914 τὴν
1779 1877 1839 1904 Ῥώ-

1054 1930 1118 1958 μην,
1139 1923 1294 1958 ὑπομνῆσαι
1315 1933 1356 1956 σε,
1374 1924 1417 1951 ῐνα
1438 1925 1500 1956 τοὺς
1519 1925 1579 1951 κατ’
1600 1924 1667 1960 ἐμοῦ
1680 1925 1839 1960 γράψαντας

1054 1969 1216 2005 μεταστείλῃ
1231 1969 1300 2005 ὑπὲρ
1314 1969 1361 1996 τοῦ
1377 1970 1598 2005 ἀπαντήσαντος¹
1615 1971 1713 2002 αὐτοὺς
1726 1972 1771 1997 ἐπ’
1785 1971 1838 2005 ἀμ-

1053 2014 1175 2049 φοτέροις
1183 2015 1342 2051 ἐλεγχθῆναι
1353 2016 1398 2042 ὑπ’
1411 2015 1488 2051 ἐμοῦ,
1500 2017 1541 2043 ὃτι
1554 2025 1584 2043 τε
1597 2016 1644 2043 καὶ
1654 2016 1672 2043 ἃ.
1684 2017 1837 2052 γεγράφασι

1052 2059 1111 2086 κατ’
1127 2060 1206 2095 ἐμοῦ,
1216 2060 1300 2096 ψευδῆ
1314 2061 1378 2088 ὄντα
1398 2062 1536 2096 τυγχάνει,
1555 2062 1602 2088 καὶ
1616 2063 1656 2089 ὅτι
1676 2062 1717 2088 ἔτι
1731 2063 1779 2089 καὶ
1793 2061 1837 2088 νῦν

1052 2104 1249 2140 ὲπιμένουσιτῇ
1263 2105 1366 2132 ἑαυτῶν
1379 2106 1500 2141 προτέρα
1508 2098 1595 2141 πλάνῃ
1603 2114 1610 2121 υ
1628 2106 1674 2132 καὶ
1683 2105 1757 2132 δεινὰ
1769 2104 1836 2132 κατά

1051 2157 1079 2175 τε
1098 2150 1151 2177 τῶν
1163 2149 1210 2176 τοῦ
1221 2150 1287 2176 Θεοῦ
1305 2151 1471 2187 Ἐκκλησιῶν
1488 2151 1534 2178 καὶ
1552 2151 1629 2186 ἡμῶν
1641 2151 1694 2177 τῶν
1702 2149 1836 2185 προεστώ-

1052 2204 1106 2222 των
1115 2196 1203 2224 αὺτῶν
1213 2197 1423 2232 τετολμήκασιν.
1443 2198 1517 2224 Ἐπεὶ
1526 2198 1615 2225 τοίνυν
1625 2198 1780 2233 ἀπαντῆσαι
1790 2198 1835 2224 οὐκ

1054 2241 1252 2277 ἠϐουλήθησαν,
1270 2242 1478 2275 ἀποστείλαντός
1495 2252 1541 2270 σου
1559 2243 1759 2279 πρεσϐυτέρους
1770 2242 1834 2278 πρὸς

1055 2287 1164 2320 αὐτοὺς,
1177 2288 1224 2314 καὶ
1235 2286 1322 2314 ταῦτα
1337 2288 1403 2323 ἐμοῦ
1414 2289 1534 2315 ἐνιαυτὸν
1549 2289 1595 2316 καὶ
1609 2289 1682 2323 τρεῖς
1695 2289 1772 2320 ὅλους
1787 2288 1834 2323 μῆ-

1053 2439 1178 2474 profcssi.
1204 2439 1299 2467 Exstat
1318 2441 1389 2475 apud
1413 2441 1592 2468 Athanasium
1617 2442 1694 2475 Apol.
1714 2441 1742 2468 ‘2.
1759 2441 1786 2468 lu
1802 2448 1831 2467 ρο

1051 2483 1117 2501 vero
1133 2475 1166 2502 (le
1178 2475 1312 2510 ὀμοουσίῳ
1326 2477 1439 2502 verbum
1456 2476 1580 2508 nullum;
1604 2485 1666 2503 nam
1682 2483 1708 2504 et
1725 2478 1752 2503 lu
1768 2485 1830 2502 con-

1052 2510 1116 2545 cilio
1131 2509 1310 2544 Aquileiensi,
1336 2511 1363 2537 in
1377 2518 1431 2545 quo
1452 2511 1592 2538 adnitente
1613 2511 1760 2538 Ambrosio
1775 2511 1831 2537 Pal—

1052 2544 1141 2573 ladius
1156 2544 1393 2580 otVSecnndianns’
1404 2546 1525 2580 episcopi
1540 2546 1662 2572 damnati
1681 2551 1755 2577 sunt,
1772 2553 1830 2573 cum

1052 2582 1107 2606 tant
1124 2579 1245 2606 studiose
1267 2579 1292 2605 id
1313 2584 1405 2614 ageret
1420 2579 1591 2611 Ambrosius,
1612 2585 1641 2607 ut
1663 2581 1697 2608 ab
1713 2581 1746 2607 iis
1762 2579 1830 2606 indi-

1053 2614 1125 2649 cium
1143 2614 1251 2648 aliquod
1269 2614 1375 2641 Arianae
1392 2615 1571 2649 professionis
1583 2615 1702 2647 eliceret,
1720 2615 1830 2648 ideoque

1054 2648 1138 2676 variis
1157 2648 1416 2683 interrogationibtis
1430 2651 1587 2680 lacesseret,
1605 2650 1706 2676 nullam
1723 2650 1827 2676 consuf1~

1053 2684 1190 2719 stantiam
1206 2684 1369 2719 mentionem
1388 2685 1487 2719 attigit,
1511 2684 1559 2711 sed
1573 2685 1629 2712 haec
1646 2688 1750 2710 tantum
1763 2691 1828 2710 cont-

1054 2718 1163 2750 munia;
1189 2718 1286 2752 ecquid
1310 2717 1395 2745 Filius
1412 2717 1582 2750 immortalis,
1599 2719 1686 2746 bonus
1703 2726 1734 2745 ac
1754 2725 1830 2745 verus

1054 2757 1137 2788 esset,
1145 2760 1185 2788 ac
1198 2753 1301 2788 reliqua
1316 2754 1423 2788 generis
1437 2753 1570 2788 ejusdem.
1580 2753 1734 2786 Quinetiam
1750 2753 1827 2788 Atha-

1054 2787 1299 2822 nasiiSymbolum
1314 2796 1375 2814 rum
1390 2788 1425 2814 sit
1440 2789 1561 2820 quzrdaln
1578 2788 1638 2815 lidci
1653 2789 1787 2822 expositio
1799 2787 1828 2814 ab

1053 2829 1086 2858 co
1104 2821 1187 2858 edita,
1204 2821 1310 2858 quieo
1324 2822 1464 2856 ὁμοοὺσιον
1484 2823 1615 2850 acerrime
1639 2821 1826 2858 propugnant,

1053 2856 1173 2890 ejusdem
1191 2857 1312 2884 vocabuli
1328 2858 1492 2885 mentionem
1505 2858 1604 2885 omisit.
