1931 3041
119 136 183 166 385

445 134 627 163 ADVERSUS
642 135 812 164 IIIERESES
831 136 894 164 LIB.

972 136 1053 164 ΤΟΜ.
1070 137 1125 164 1.-
1136 136 1271 164 ΙΙΛΞΒΕΞ.
1295 136 1398 164 LXXII.

1692 141 1745 170 386

119 203 177 226 νας
193 195 223 221 ἐν
237 195 269 229 τῇ
288 193 380 229 Ῥώμῃ
394 194 583 228 πεποιηκότος,
598 194 744 228 ἀναγκαῖον
757 195 908 230 ἡγησάμην,

966 193 1057 220 Roma:
1072 198 1253 220 connnoralns
1270 200 1376 225 luerim,
1395 193 1545 219 I‘ancnna‘n
1571 194 1636 220 mihi
1659 197 1747 223 omni-

122 240 236 273 μέλλων
252 239 374 265 ἐντεῦθεν
390 239 500 271 ἐξιέναι,
523 239 658 274 ἑγγραςρόν
677 248 716 265 σοι
731 241 780 276 τὴν
793 239 912 275 ἐμαυτοῦ

119 287 220 312 πίστιν
231 285 300 320 μετά
310 286 398 319 πάσης
411 285 538 319 ἀληθείας
551 286 582 320 τῇ
595 286 712 319 ἐμαυτοῦ
725 287 796 321 χειρὶ
805 286 912 321 γράψας

120 331 275 361 ἐπιδοῦναι,
287 331 319 365 ἣν
333 330 442 364 ἔμαθον,
454 330 485 356 Ex
495 339 524 356 τε
541 331 594 357 τῶν
607 330 684 357 θείων
699 331 813 366 Γραφῶν
828 331 912 358 ἐδιδά-

120 378 205 411 χθην,
215 377 324 402 καὶτῶν
336 376 426 406 κακῶς
441 376 486 401 ὑπ’
494 376 582 402 αὐτῶν
594 376 747 411 λεγομένων
758 376 911 410 ὑπομνῆσαί

123 431 169 451 οε.
183 423 227 448 ἵνα
239 421 320 456 γνῷς,
336 419 376 450 οἷς
389 421 523 456 χρώμενοι
535 422 602 456 πρὸς
619 422 725 456 ἀπάτην
735 422 788 448 τῶν
803 421 912 448 ἀκουόν-

122 475 181 493 των
194 467 292 500 λόγοις,
309 467 357 501 τὴν
371 467 498 501 ἀλήθειαν
515 467 645 502 κρύπτειν
657 468 804 502 βούλονται.

161 596 230 622 Φασὶ
247 596 301 631 γὰρ
320 595 358 630 μὴ
378 595 442 622 ἴδιον
462 596 508 622 καὶ
524 596 647 631 ἀληθινὸν
667 597 752 631 Λόγον
774 595 843 624 εἶναι
864 598 909 625 τοῦ

125 642 347 677 παντοκράτορος
361 641 428 667 Θεοῦ
448 641 493 667 τὸν
509 641 572 667 Υἱὺν
588 641 632 667 τὸν
650 641 750 677 Κύριον
766 642 843 677 ἡμῶν
859 643 911 678 Ἰη-

126 687 192 713 σοῦν
217 687 342 722 Χριστὸν,
366 687 424 714 ἀλλ’
449 686 540 722 ἕτερον
562 686 643 713 αὑτοῦ
666 687 748 721 Λόγον
764 685 844 720 εἶναι,
865 689 911 715 καὶ

125 734 224 770 ἑτέραν
248 733 409 770 σοφίανδκαὶ
430 732 554 767 δύναμιν.
590 732 689 758 Τοῦτον
706 733 848 768 γενόμενον
865 733 910 760 ὑπ’

125 779 211 807 αὑτοῦ
229 778 385 813 ὠνομάσθαι
409 778 511 812 Λόγον,
532 777 578 804 καὶ
597 778 701 812 σοφίαν,
722 779 769 805 καὶ
787 778 909 814 δύναμιν.

127 825 184 852 Καὶ
203 824 246 851 διὰ
267 824 298 850 τὸ
319 823 403 854 οὕτως
421 823 519 854 αὐτοὺς
537 824 654 858 φρονεῖν,
669 823 751 859 ἄλλην
766 823 910 851 ὑπόστασιν

961 247 998 266 no
1019 239 1122 271 censui,
1154 243 1183 265 ut
1200 243 1344 272 antequam
1367 239 1428 264 hinc
1456 238 1652 272 proﬁciscerer,
1679 248 1746 269 mea

962 283 1022 310 fidei
1048 283 1244 319 professionem
1271 283 1318 309 tibi
1354 284 1459 310 sincere
1483 289 1564 318 atque
1589 292 1622 311 ex
1654 285 1746 313 animo

961 320 1075 362 meaque
1100 335 1181 354 manu
1206 328 1383 362 pet-scriptam
1405 328 1529 354 ollerrem
1546 339 1551 355 :
1570 330 1676 364 qualem
1703 331 1745 357 di-

961 372 1026 403 dici,
1042 376 1123 406 atque
1140 381 1173 400 ex
1190 372 1290 399 divinis
1316 372 1425 400 Litteris
1445 381 1504 400 smn
1523 373 1647 407 edoctus,
1669 380 1696 403 et
1715 380 1745 403 ut

961 416 988 443 in
1004 417 1160 443 memoriam
1179 417 1225 444 tibi
1239 425 1392 444 revocarent
1414 426 1472 452 qua‘
1487 426 1625 453 perperam
1643 420 1676 447 ab
1691 421 1744 448 illis

962 467 1144 489 asseruntur:
1160 470 1192 489 ex
1216 463 1316 496 quibus
1332 463 1510 497 intelligeres,
1528 464 1690 499 quibusnam
1706 465 1741 492 ad

961 506 1102 533 auditores
1123 506 1298 541 decipiendos
1313 507 1443 535 adhibitis
1458 509 1628 536 sermonibus
1639 510 1738 537 verita-

962 556 1015 578 tem
1027 552 1164 578 occultare
1176 558 1317 579 conantur.

996 597 1025 622 ln
1043 597 1136 630 primis
1151 597 1223 623 enim
1235 602 1334 632 negant
1351 597 1494 625 Dominum
1512 604 1634 626 nostrum
1650 599 1742 628 Jesum

960 641 1098 668 Christum
1110 642 1248 677 propritim
1265 650 1296 669 ac
1313 650 1406 670 verum
1419 642 1464 670 Dei
1477 646 1670 679 omnipotentis
1681 655 1742 673 esu:

961 685 1090 718 Verbum,
1110 688 1156 714 sed
1182 687 1254 714 aliud
1278 688 1363 722 ipsius
1375 696 1435 716 esse
1447 688 1575 722 Verbum,
1598 691 1676 718 aliam
1698 699 1743 719 sa»

960 731 1090 766 pientiam
1107 735 1133 759 et
1157 732 1283 759 virtutem
1305 740 1366 760 esse
1385 734 1546 768 praedicant.
1568 734 1645 762 lllum
1667 745 1743 770 vero,

962 782 1104 812 postquam
1121 778 1147 805 in
1164 778 1250 805 lucem
1264 778 1299 805 sit
1317 778 1417 811 editus,
1441 780 1475 807 ab
1495 780 1554 814 ipso
1572 780 1699 815 Verbum,
1716 787 1744 810 et

963 824 1124 859 sapientiam
1153 823 1334 858 virtutemque
1361 825 1541 854 nominatum.
1574 826 1651 859 Quod
1680 835 1742 855 cum

127 869 276 897 διεστῶσαν
291 869 337 895 τοῦ
355 869 460 903 Πατρὸς
476 866 544 895 εἶναι
563 877 653 903 φασιν.
682 870 741 896 Ἔτι
759 869 849 904 μέντοι
866 871 908 896 καὶ

962 869 1090 900 sentiant,
1107 868 1187 895 aliam
1203 875 1217 895 a
1231 867 1310 896 Patre
1335 869 1469 897 diversam
1494 870 1659 906 hypostasim
1681 879 1744 900 esse

125 915 314 950 προϋπάρχειν
335 914 382 940 τοῦ
397 913 460 940 Υιοῦ
479 913 524 940 τὸν
542 913 660 948 Πατέρα,
680 914 713 940 δι’
730 910 766 940 ὧν
790 914 909 950 γράφου-

126 969 179 992 σιν,
201 960 393 995 ἀποφαίνονται
418 959 455 994 μὴ
474 958 543 986 εῖναι
566 959 646 986 αὑτὸν
665 959 772 995 ἀληθῶς
795 959 853 986 Υιδν
878 960 910 985 ὲκ

125 1006 173 1032 τοῦ
192 1006 278 1032 Θεοῦ·
300 1005 365 1032 ἀλλὰ
387 1005 437 1032 κᾶν
460 1005 583 1039 λέγουσιν
602 1006 634 1032 ὲκ
651 1005 698 1031 τοῦ
716 1005 799 1036 Θεοῦ,
824 1005 910 1036 οὕτως

125 1050 251 1084 λέγουσιν
278 1049 316 1080 ὡς
342 1050 413 1076 κατὰ
438 1049 535 1076 πάντα.
570 1050 630 1076 Ἔτι
664 1049 716 1084 μὴν
737 1049 784 1075 καὶ
811 1050 851 1075 ὅτι
875 1047 909 1084 ἦν

125 1104 203 1128 ποτε,
218 1096 262 1122 ὅτε
285 1096 334 1122 οὐκ
351 1094 395 1131 ἢν,
421 1095 508 1130 λέγειν
523 1095 659 1130 τολμῶσι·
681 1095 727 1122 καὶ
743 1095 844 1129 κτίσμα
859 1095 908 1121 αὒ-

125 1141 171 1167 τδν
193 1142 241 1168 καὶ
264 1141 367 1177 ποίημα
390 1139 468 1173 εἶναι,
491 1141 651 1177 διορίζοντες
682 1141 763 1167 αὑτὸν
788 1140 842 1166 ἀπὸ
862 1140 908 1167 τοῦ

126 1186 244 1220 Πατρός.
273 1186 343 1218 Τοὺς
364 1184 411 1213 οὖν
430 1186 515 1213 ταῦτα
540 1186 667 1219 λέγοντας
687 1185 840 1220 ἀλλοτρίους
861 1185 909 1220 τῆς

125 1233 273 1268 καὼλιχῆς
300 1232 461 1267 Ἐκχλησίας
481 1231 550 1259 εῖναι
570 1232 762 1266 πεπίστευμαι.
787 1230 909 1258 Πιστεύω

125 1279 155 1306 δὲ
172 1279 305 1314 ἑπόμενος
322 1279 380 1310 ταῖς
399 1277 485 1309 θείαις
504 1278 632 1313 Γραφαῖς,
657 1278 698 1304 ὅτι
714 1274 753 1308 εἷς
769 1276 844 1308 Θεὸς,
862 1276 909 1303 καὶ

124 1323 140 1350 6
162 1323 257 1350 τούτου
276 1323 421 1358 μονογενὴς
436 1322 500 1354 Υἱὸς
529 1322 623 1356 Λόγος,
641 1322 655 1348 6
671 1321 713 1347 ἀεὶ
731 1320 909 1355 συνυπάρχων

125 1367 166 1403 τῷ
180 1368 277 1404 Πατρὶ,
289 1367 335 1394 καὶ
349 1366 525 1403 μηδεπώποτε
539 1367 626 1402 ἀρχὴν
635 1366 681 1392 τοῦ
694 1364 762 1392 εἶναι
774 1365 907 1401 ἐσχηκὼς,

126 1413 234 1448 ἀληθῶς
250 1414 281 1439 ἐκ
294 1412 341 1439 τοῦ
358 1412 424 1439 Θεοῦ
439 1412 578 1447 ὑπάρχων,
592 1412 624 1439 οὐ
643 1412 770 1444 κτισθεὶς,
784 1412 814 1438 οὐ
829 1420 908 1446 ποιη-

126 1457 194 1489 θεὶς,
215 1457 282 1484 ἀλλὰ
301 1457 344 1484 ἀεὶ
364 1457 412 1490 ὢν,
436 1457 480 1483 ἀεὶ
500 1456 703 1493 συμῦασιλεύων
725 1456 762 1492 τῷ
780 1457 840 1492 Θεῷ
863 1458 909 1484 καὶ

127 1503 225 1538 Πατρὶ,
237 1500 273 1530 οὗ
287 1503 338 1537 τῆς
350 1503 520 1535 βασιλείας,
538 1502 608 1529 κατὰ
629 1503 678 1537 τὴν
695 1502 741 1529 τοῦ
761 1502 908 1529 ἀποστόλου

128 1548 293 1584 μαρτυρίαν,
306 1549 361 1575 οὐκ
374 1548 459 1575 ἔσται
473 1549 569 1580 τέλος.
585 1545 667 1579 Οὗτος
680 1548 754 1580 Υἱὸς,
770 1546 845 1579 οὗτος
863 1547 907 1574 δύ-
921 1538 943 1567 C

126 1602 220 1628 ναμις,
234 1591 309 1625 οὗτος
326 1593 416 1628 σοφία,
429 1590 506 1625 οὗτος
524 1593 589 1625 ἴδιος
612 1593 659 1619 xui.
672 1593 774 1628 ἀληθὴς
783 1593 829 1619 τοῦ
841 1593 907 1619 θεοῦ

126 1638 223 1671 Λόγος,
239 1638 254 1664 6
275 1637 377 1673 Κύριος
396 1637 474 1672 ἡμῶν
496 1636 599 1672 Ἰησοῦς
615 1636 740 1672 Χριστὸς,
757 1637 908 1672 ἀδιαίρετος

126 1684 241 1718 δύναμις
255 1683 301 1710 τοῦ
315 1683 391 1714 Θεοῦ,
412 1683 446 1709 δι’
462 1679 491 1709 οὗ
506 1682 541 1709 τά
555 1681 643 1708 πάντα
662 1681 698 1707 τά
713 1681 846 1716 γενόμενα
861 1680 908 1715 γέ-

127 1737 188 1763 γονε
199 1750 206 1760 ,
224 1728 315 1760 καθὼς
332 1729 363 1755 τὸ
381 1728 544 1762 Εὑαγγέλιον
566 1728 709 1763 μαρτυρεῖ,
731 1726 824 1760 λέγον·
858 1726 908 1753 Ἐν

127 1772 206 1808 ἀρχῇ
221 1771 261 1808 ἦν
274 1774 290 1800 ὀ
303 1774 408 1806 Λόγος,
421 1772 469 1800 καὶ
482 1774 498 1800 d
514 1773 608 1807 Λόγος
619 1770 658 1808 ἦν
672 1772 746 1806 πρὸς
758 1771 812 1798 τὸν
823 1771 907 1803 Θεὸν,

127 1820 176 1846 καὶ
192 1819 264 1852 Θεὸς
277 1817 320 1854 ἦν(
338 1820 355 1845 ὁ
369 1819 472 1853 Λόγος.
498 1818 598 1845 Πάντα
613 1817 650 1844 δι’
665 1817 757 1845 αὐτοῦ
772 1817 888 1851 ἐγένετο
899 1824 906 1831 ’

127 1865 176 1892 καὶ
190 1864 278 1898 χωρὶς
296 1864 388 1891 αὑτοῦ
408 1864 524 1898 ἐγένετο
545 1863 616 1890 οὐδὲ
632 1863 676 1890 ἐν.
703 1860 785 1893 οὗτός
800 1863 872 1888 ἐστιν
894 1861 908 1888 6

127 1911 223 1944 Λόγος,
235 1910 298 1945 περὶ
313 1907 343 1937 οὗ
354 1909 400 1936 καὶ
411 1910 516 1940 Λουκᾶς
528 1909 543 1935 6
555 1908 748 1944 εὐαγγελιστὴς
766 1909 908 1944 μαρτυρεῖ,

127 1955 328 1990 λέγων-Καθὼς
333 1955 507 1989 παρέδωκαν
513 1955 615 1989 ἡμῖνοι
622 1954 760 1989 ἀπαρχῆς
766 1954 909 1982 αὐτόπται

128 2001 177 2028 καὶ
186 2000 327 2034 ὑπηρέται
339 2001 490 2035 γενόμενοι
498 2000 550 2027 τοῦ
558 2001 663 2034 Λόγου.
685 2000 752 2035 Περὶ
759 1999 853 2026 τούτου
862 1999 909 2026 xui.

128 2046 209 2073 Au6i6
223 2045 289 2080 ἔφη·
307 2045 501 2079 Ἑξηρεύξατο
512 2045 531 2078 ἠ
545 2045 651 2079 καρδία
664 2053 722 2079 μου
731 2045 827 2079 Λόγον
838 2044 908 2079 ἁνα-

127 2091 190 2118 θόν.
208 2090 286 2116 υῦτω
300 2090 346 2116 καὶ
361 2090 375 2116 ό
386 2090 486 2124 Κύριος
497 2089 574 2124 ἡμῶν
589 2089 693 2124 Ἰησοῦς
706 2089 822 2125 Χριστὸς
835 2089 908 2124 ἡμᾶς

126 2135 246 2161 διδάσκει
261 2134 303 2161 διὰ
325 2134 369 2161 τοῦ
384 2134 558 2168 Εὑαγγελίου,
580 2133 680 2168 λέγων’
716 2133 787 2168 Ἐγὼ
804 2134 838 2160 ἐκ
855 2133 908 2159 τοῦ

127 2178 241 2213 Humor;
256 2178 395 2212 ἐξῆλθον,
408 2177 455 2205 καὶ
470 2178 541 2211 ἥκω.
557 2175 649 2209 Οὗτος,
668 2177 710 2204 ἐπ’
723 2177 843 2212 ἐσχάτων
855 2176 908 2203 τῶν

129 2225 240 2261 ἡμερῶν
254 2223 390 2251 κατελθὼν
410 2223 454 2250 διὰ
471 2223 520 2258 τὴν
540 2223 675 2258 ἡμετέραν
692 2222 835 2258 σωτηρίαν,
859 2222 905 2248 καὶ

129 2271 161 2296 ὲκ
180 2270 230 2305 τῆς
251 2269 387 2305 Παρθένου
406 2268 514 2304 Μαρίας
534 2268 684 2303 γεννηθεὶς,
697 2268 742 2294 τὸν
763 2267 905 2303 ἄνθρωπον

127 2316 215 2343 ἔλα6ε.

156 2404 193 2429 Γ’.
204 2402 326 2430 Πιστεύω
335 2400 380 2429 οὗν
389 2402 428 2433 εἰς
437 2401 503 2427 Θεὸν
512 2401 727 2436 παντοκράτορα,
738 2400 785 2426 καὶ
795 2401 835 2432 εἰς
846 2401 908 2436 Χρι-

126 2448 187 2474 στδν
200 2447 302 2482 Ἰησοῦν
316 2447 360 2473 τὸν
369 2446 431 2473 Υἱδν
440 2445 522 2472 αὑτοῦ
538 2445 582 2472 τὸν
595 2446 735 2481 μονογενῆ,
745 2445 790 2471 τὸν
805 2445 907 2481 Κύριον

127 2492 142 2522 ἡ
147 2491 205 2525 μῶν
210 2511 216 2519 ,
223 2491 267 2516 τὸν
274 2490 436 2525 γεννηθέντα
443 2491 475 2516 ὲκ
481 2489 638 2524 Πνεύματος
644 2489 722 2523 ἀγίου
728 2510 734 2520 ,
744 2489 791 2516 καὶ
799 2489 907 2524 Μαρίας

126 2536 174 2569 τῆς
187 2534 334 2569 Παρθένου,
346 2534 392 2560 τὸν
398 2534 444 2560 ἐπὶ
453 2534 565 2560 Ποντίου
578 2533 692 2560 Πιλάτου
705 2534 904 2569 σταυρωθέντα,

128 2581 173 2606 xai.
189 2580 317 2614 ταφέντα,
333 2580 380 2605 καὶ
391 2580 424 2614 τῇ
437 2579 514 2615 τρίτῃ
528 2579 618 2614 ἡμέρᾳ
632 2579 784 2605 ἀναστάντα
804 2580 835 2605 ὲκ
852 2578 906 2605 τῶν

127 2626 241 2662 νεκρῶν,
255 2626 390 2653 ἀναϐάντα
402 2625 440 2656 εἰς
455 2625 517 2657 τοὺς
529 2624 668 2659 οὐρανοὺς,
685 2625 731 2650 καὶ
752 2624 905 2659 καθήμενον

127 2671 156 2698 ιν
166 2671 239 2706 δεξιᾷ
251 2670 297 2697 τοῦ
308 2670 423 2706 Πατρὸς,
437 2670 498 2696 ὅθεν
507 2669 618 2705 ,ἔρχεται
630 2669 732 2705 κρίνειν
744 2669 846 2701 ζῶντας
858 2670 906 2696 καὶ

127 2717 253 2752 νεκρούς·
272 2716 319 2743 καὶ
330 2717 368 2747 εἰς
381 2715 411 2742 τὸ
421 2714 498 2749 ἅγιον
504 2714 624 2749 Πνεῦμα,
639 2714 718 2749 ἀγίαν
732 2715 903 2749 Ἐκκλησίαν,

961 913 1035 940 illum
1050 912 1213 940 existimant.
1232 911 1362 941 Praeterea
1378 913 1486 942 Patrem
1502 919 1564 942 ante
1579 915 1678 942 Filium
1695 924 1744 944 ex-

960 958 1067 989 sistere,
1091 965 1125 985 ex
1150 958 1192 985 his
1211 965 1271 993 qua:
1285 959 1410 987 scribunt
1429 959 1573 989 manifeste
1586 961 1743 996 declarant;

965 1010 1015 1030 nec
1028 1003 1117 1037 ipsum
1134 1011 1197 1030 vere
1211 1011 1272 1031 esse
1286 1003 1395 1036 Filium,
1408 1013 1422 1032 a
1436 1004 1517 1034 Patre
1528 1007 1718 1041 procedentem
1733 1017 1742 1035 :

966 1048 1013 1075 sed
1028 1050 1079 1076 etsi
1093 1056 1108 1076 a
1126 1047 1179 1076 Deo
1194 1056 1254 1076 esse
1267 1049 1369 1083 dicant,
1385 1051 1496 1084 perinde
1513 1052 1587 1079 illum
1604 1053 1740 1080 arbitran-

959 1099 1003 1121 tur
1025 1101 1056 1120 ac
1080 1098 1175 1121 czctera
1206 1095 1296 1121 omnia
1326 1100 1416 1122 creata
1439 1096 1583 1130 proﬁcisci.
1604 1097 1645 1124 Ad
1672 1098 1740 1130 haec,

960 1139 1043 1166 fuisse
1056 1139 1214 1173 aliquando,
1227 1147 1288 1166 cum
1305 1140 1423 1167 nondum
1440 1146 1524 1172 esset,
1541 1142 1674 1170 ailirmare
1685 1151 1740 1170 non

959 1184 1103 1211 dubitant:
1123 1184 1243 1218 adeoque
1266 1189 1418 1211 creaturam
1448 1190 1474 1212 et
1503 1186 1640 1220 opilicium
1663 1195 1740 1220 esse;

958 1236 1038 1263 quem
1051 1230 1132 1256 etiam
1153 1236 1167 1255 a
1190 1228 1269 1256 Patre
1288 1229 1444 1264 sejungunt.
1473 1229 1528 1265 ligo
1543 1238 1606 1258 vero
1620 1232 1665 1266 qui
1683 1231 1741 1259 haec

959 1278 1085 1302 asserunt
1098 1274 1133 1301 ab
1148 1273 1267 1301 Ecclesia
1281 1274 1414 1301 catholica
1431 1275 1533 1302 alienos
1545 1283 1607 1303 esse
1622 1285 1737 1311 persua-

960 1327 1020 1346 sum
1036 1319 1134 1346 habeo.
1162 1317 1229 1346 Tum
1254 1320 1342 1347 sacris
1369 1319 1480 1347 Litteris
1505 1321 1640 1349 inhaerens
1657 1323 1740 1349 credo

959 1372 1042 1391 unum
1060 1372 1122 1392 esse
1138 1364 1220 1392 Deum
1235 1369 1262 1392 et
1279 1366 1447 1399 unigenitum
1468 1366 1528 1400 ejus
1552 1366 1649 1394 Filium
1677 1369 1741 1395 Ver-

959 1409 1034 1440 bum,
1048 1410 1092 1445 qui
1105 1418 1166 1437 cum
1183 1409 1261 1437 Patre
1274 1418 1380 1444 semper
1395 1411 1513 1443 exsistit,
1526 1419 1576 1438 nec
1587 1412 1738 1439 exsistendi

959 1456 1066 1482 initium
1084 1455 1166 1482 ullum
1183 1463 1301 1490 unquam
1319 1455 1434 1482 habuit:
1450 1456 1519 1482 idem
1541 1463 1633 1483 revera
1653 1464 1667 1483 a
1686 1456 1740 1484 Deo

960 1501 1118 1534 procedens,
1135 1508 1187 1527 non
1202 1505 1320 1534 creatus,
1346 1508 1399 1528 non
1419 1501 1519 1534 lactus,
1538 1502 1585 1530 sed
1603 1503 1739 1530 exsistens

959 1553 1076 1580 semper,
1087 1554 1117 1572 ac
1130 1553 1191 1572 cum
1210 1546 1263 1573 Deo
1275 1546 1353 1572 Patre
1370 1551 1501 1581 perpetuo
1517 1555 1644 1582 regnans,
1663 1548 1738 1582 cuqu

958 1591 1039 1625 regni,
1056 1594 1085 1617 ut
1106 1595 1221 1618 testatur
1241 1591 1381 1625 apostolus
1394 1611 1401 1623 ,
1427 1600 1478 1618 non
1503 1593 1551 1619 erit
1573 1593 1633 1626 ﬁnis
1649 1593 1669 1619 ¹.
1691 1592 1741 1621 Hic

958 1633 1016 1668 ipse
1036 1632 1131 1666 Filius,
1158 1634 1214 1669 ipse
1235 1635 1332 1666 virtus,
1358 1635 1414 1669 ipse
1436 1636 1580 1671 sapientia,
1598 1638 1655 1672 ipse
1674 1645 1739 1672 pro-

957 1679 1046 1713 prium
1073 1686 1220 1714 verumque
1254 1679 1300 1707 Dei
1332 1679 1463 1713 Verbum,
1490 1681 1621 1709 Dominus
1646 1686 1740 1710 noster

958 1723 1040 1751 Jesus
1080 1724 1222 1755 Christus,
1247 1724 1363 1752 indivisa
1387 1724 1433 1752 Dei
1458 1726 1564 1754 virtus:
1580 1734 1628 1761 per
1657 1734 1738 1762 quem

958 1773 1049 1796 creata
1063 1769 1153 1796 omnia
1170 1768 1302 1803 producta
1323 1775 1396 1801 sunt,
1414 1774 1443 1796 ut
1461 1770 1544 1806 836
1563 1770 1738 1807 Evangelium

958 1814 1045 1841 docet.
1077 1813 1107 1840 In
1123 1813 1261 1847 principio,
1285 1814 1384 1848 inquit,
1400 1819 1458 1842 erat
1480 1814 1600 1848 Verbum,
1628 1820 1652 1842 et
1677 1816 1740 1843 Vor-

959 1858 1017 1885 bum
1028 1863 1083 1885 erat
1101 1858 1169 1892 apud
1184 1857 1277 1890 Deum,
1305 1864 1329 1885 ct
1341 1858 1410 1886 Deus
1424 1863 1480 1885 erat
1502 1858 1622 1886 Verbum.
1642 1860 1738 1888 Omm‘a

957 1911 1002 1938 per
1018 1904 1102 1937 ipsum
1115 1903 1187 1938 facta
1203 1907 1280 1935 sunt;
1291 1908 1315 1930 et
1327 1904 1384 1931 sine
1397 1905 1452 1938 ipso
1468 1904 1567 1938 factum
1588 1910 1625 1932 est
1644 1907 1736 1934 nihil'.

958 1948 1016 1975 Hoc
1029 1947 1137 1975 demum
1153 1947 1272 1976 Verbum
1290 1952 1343 1981 est,
1360 1949 1393 1976 de
1409 1957 1462 1986 quo
1476 1949 1564 1978 Lucas
1574 1952 1737 1986 evangelista

958 1997 1090 2021 testatur:
1110 1993 1195 2026 Sicut,
1215 1994 1313 2029 inquit,
1332 1994 1499 2022 tradiderunt
1523 1996 1615 2027 nobis,
1638 1997 1683 2032 qui
1704 1999 1736 2026 ab

958 2038 1033 2064 initio
1062 2039 1218 2073 inspectores
1251 2043 1275 2065 et
1306 2039 1421 2066 ministri
1452 2040 1525 2074 [uere
1561 2040 1668 2068 Vcrbi'.
1697 2041 1735 2067 Ad

958 2083 1081 2110 eumdem
1104 2084 1186 2110 etiam
1212 2083 1296 2111 David
1317 2085 1448 2119 respexit,
1472 2094 1534 2112 cum
1559 2087 1595 2113 ita
1618 2087 1738 2114 cecinit:

959 2127 1097 2154 Eructavit
1115 2137 1159 2155 cor
1175 2137 1258 2155 meum
1279 2129 1389 2156 Verbum
1408 2129 1503 2156 bonum
1516 2130 1535 2156 ‘.
1549 2130 1594 2157 Sic
1609 2135 1635 2158 et
1648 2131 1739 2158 Dolui-

960 2181 1012 2199 nus
1034 2177 1128 2199 noster
1150 2172 1230 2200 Jesus
1253 2173 1380 2202 Christus
1404 2173 1430 2200 in
1457 2174 1602 2209 Evangelia
1621 2183 1671 2202 nos
1687 2177 1738 2202 do-

960 2218 1034 2244 cuit:
1052 2216 1118 2251 Ego,
1131 2218 1228 2252 inquit,
1244 2226 1260 2244 α
1287 2217 1368 2245 Patre
1382 2219 1460 2250 exivi,
1473 2224 1497 2245 et
1511 2222 1582 2246 vento
1591 2220 1612 2246 '.
1631 2220 1680 2247 llic
1696 2225 1739 2247 est

959 2263 1006 2298 qui
1034 2264 1179 2297 postremis
1206 2264 1375 2299 temporibus
1407 2269 1507 2292 nostra:
1531 2265 1628 2292 salutis
1652 2267 1741 2300 gratia

959 2308 1126 2336 descendens
1145 2313 1172 2336 et
1187 2317 1220 2336 ex
1240 2308 1350 2344 Virgine
1365 2308 1448 2336 Maria
1461 2311 1582 2345 genitus,
1599 2311 1738 2339 hominem

961 2353 1092 2388 suscepit.

999 2399 1040 2426 Ill.
1059 2399 1146 2427 Credo
1162 2399 1245 2435 igitur
1261 2401 1288 2427 in
1305 2400 1389 2428 Deum
1416 2401 1639 2436 omnipotentem,
1662 2407 1689 2429 et
1712 2403 1739 2430 in

958 2445 1097 2472 Christum
1120 2444 1212 2473 Jesum
1225 2446 1312 2480 ipsius
1333 2445 1429 2473 Filium
1453 2448 1623 2482 unigenitum
1647 2447 1740 2475 Domi-

958 2497 1022 2516 num
1047 2493 1183 2522 nostruml
1200 2491 1319 2526 genitura
1338 2491 1370 2518 de
1391 2490 1493 2526 Spiritu
1507 2497 1602 2519 sancto
1615 2497 1641 2520 ct
1656 2492 1739 2520 Maria

958 2534 1087 2570 Virgine,
1112 2535 1159 2570 qui
1181 2536 1232 2562 sub
1250 2535 1347 2562 Pontio
1368 2535 1454 2563 Pilato
1476 2537 1625 2565 cruciﬁxus
1648 2542 1690 2564 est
1714 2543 1740 2563 ct

956 2580 1088 2614 sepultus,
1102 2584 1127 2606 et
1141 2581 1217 2608 tertia
1235 2580 1279 2607 die
1299 2582 1447 2608 resurrexit
1463 2589 1476 2608 a
1490 2583 1625 2614 mortuis;
1644 2590 1740 2609 ascen-

958 2625 998 2652 dit
1012 2625 1038 2651 in
1055 2626 1164 2656 cmlum,
1181 2630 1207 2653 et
1220 2626 1296 2653 sedet
1322 2627 1355 2653 ad
1381 2627 1519 2654 dexteram
1544 2626 1633 2654 Patris
1647 2635 1654 2653 :
1669 2627 1740 2653 unde

959 2674 1089 2697 venturus
1109 2674 1150 2697 est
1162 2671 1286 2704 judicare
1301 2672 1376 2698 vivos
1391 2675 1418 2698 et
1434 2675 1572 2701 mortuos;
1591 2674 1615 2696 el
1633 2669 1659 2695 in
1679 2669 1741 2703 Spi-

958 2715 1040 2742 ritum
1065 2721 1203 2747 sanctum.
1226 2721 1347 2743 sanctam
1372 2716 1532 2749 Ecclesiam,
1551 2715 1740 2743 remissionem

165 2807 251 2836 |Luc.
263 2816 284 2842 ι,
296 2807 330 2835 53
379 2808 390 2823 ί
408 2806 487 2834 Joan.
502 2813 522 2838 ι,
535 2806 560 2833 3.
600 2805 610 2822 ³
626 2805 690 2832 Luc.
706 2813 724 2837 ι,
741 2806 763 2832 l.
801 2806 812 2822 ⁸
825 2805 896 2832 Psal.

960 2813 984 2835 v.
1000 2805 1026 2832 2.
1065 2807 1074 2822 '
1089 2805 1102 2833 J
1116 2815 1164 2833 ian.
1184 2815 1239 2836 xu.
1252 2807 1297 2834 23.
