1931 3041
61 128 125 158 ’589

417 128 599 157 ADVERSUS
617 129 786 157 HIERESES
805 129 868 156 LIB.
890 129 934 157 Ill.
949 129 1030 158 TOM.
1051 131 1070 158 l.
1088 147 1121 150 —
1135 130 1269 158 llellES.
1290 130 1398 159 LXXII.

1658 133 1711 161 590

63 195 120 222 χου
141 187 237 223 χάριν,
252 186 286 213 τὰ
304 186 549 223 ἁντισυνταχθέντα
567 188 613 215 ὕπ’
626 188 717 215 αὐτῶν
729 187 862 224 προῦαλλό

927 192 1021 223 postea
1045 189 1199 217 contrarias
1224 190 1258 217 ad
1282 195 1373 226 partes
1394 190 1586 225 desciverunt,
1614 192 1711 222 horum

66 242 156 268 μενοι
172 232 320 265 ἐδείκνυον,
335 232 383 259 καὶ.
395 233 425 259 ὲν
439 233 496 265 τοῖς
508 233 582 268 σφῶν
594 233 686 272 αὐτῶν
701 233 872 268 συντάγμασι

64 277 150 305 κατὰ
167 278 218 310 τὰς
242 277 392 313 λεγομένας
412 277 560 313 διαιρέσεις
583 278 719 313 ὰναμέσον
738 278 793 305 τῶν
808 277 872 314 περὶ

72 323 213 350 Ἀκάκιον
226 323 274 350 καὶ
290 323 430 350 Βασίλειον
445 323 491 350 τὸν
521 323 643 359 Γαλάτην
662 323 709 351 καὶ
737 323 873 359 Γεώργιον

65 369 117 395 τὸν
138 369 303 401 Λαοδικείας
326 370 489 405 ἐποιήσαντο
516 370 583 404 πρὸς
602 370 710 405 ἔλεγχον
725 371 772 397 τοῦ
788 369 871 398 αὐτοῦ

73 415 224 442 ’Λκακίου.
252 412 336 446 Οὗτος
352 415 405 450 γὰρ
416 413 450 450 ἦν
472 416 486 442 ό
498 416 552 442 ἀπὸ
571 415 619 442 τοῦ
634 416 793 451 Μαρκέλλου
809 425 871 444 συν-

67 463 227 497 ταγμάτων
254 462 326 489 me
353 463 515 498 Μαρκέλλου
541 462 636 494 είπὼν,
662 464 706 490 ἵνα
732 464 761 491 ἐν
787 465 871 491 πᾶσιν

67 509 159 543 ἡμεῖς
170 508 221 543 τῆς
235 508 364 544 ἀληθείας
384 509 467 544 μηδὲν
489 509 707 544 παραλείψαντες
727 510 869 546 δείξωμεν,

67 554 112 580 ὅτι
129 553 194 581 οὔτε
210 555 386 590 ἀπευχόμεθα
401 555 435 582 τὰ
449 555 518 592 πρὸς
533 555 686 591 διόρθωσιν,
702 556 763 583 οὕτε
779 566 870 584 συναι-

68 601 131 626 νεῖν
144 600 296 635 βουλόμεθα
307 602 362 632 τοῖς
374 609 401 627 τι
418 601 495 636 παρὰ
506 601 536 627 τὸ
548 601 673 636 ἀληθινὸν
692 601 869 638 ἐπιχειροῦσι.

69 646 130 672 Καὶ
156 646 216 672 ἔστι
241 645 328 672 ταῦτα
343 647 375 673 ἐκ
388 646 438 681 τῆς
455 647 582 674 Ἀκακίου
599 646 676 681 Πρὸς
693 647 871 682 Μάρκελλον

69 691 234 726 ἀντιλογίας
248 691 324 719 τάδε’

292 748 388 775 Ταῦτα
406 748 456 775 διὰ
470 748 660 783 Μαρκέλλου.

109 805 159 837 (τ’.
176 803 271 831 Ταῦτα
285 804 333 839 μὲν
348 802 451 831 οὖνκαὶ
464 805 498 832 τὰ
511 805 623 831 τοιαῦτα
641 805 696 840 (57)
705 805 753 841 τὴν
768 806 866 842 παρεξ-

923 234 1044 268 ipsorum
1068 235 1273 264 lucubrationes
1300 236 1420 264 refutare
1443 238 1564 274 aggressi
1585 243 1666 271 sntit,
1683 239 1710 266 in

922 275 1023 313 quibus
1050 280 1175 314 vulgatas
1200 281 1260 308 illas
1299 281 1447 310 divisiones
1481 283 1610 311 Acacium
1640 283 1715 311 inter‘

925 328 952 352 et
966 324 1096 352 Basiliunt
1109 325 1233 353 Galatam
1257 331 1284 354 et
1313 326 1458 364 Georgium
1473 328 1654 357 Laodicenum
1667 337 1711 358 re

922 369 1028 397 futandi
1046 371 1138 397 Acacii
1157 379 1239 399 causa
1258 373 1368 407 scriptis
1390 373 1566 402 mandarunt.
1594 375 1644 402 llic
1667 377 1710 404 est

920 415 993 441 enim
1008 415 1052 442 ille
1065 436 1071 446 ,
1086 415 1132 450 qui
1150 415 1306 443 Marcellum
1324 426 1356 444 ex
1373 418 1516 453 ipsiusmet
1530 420 1609 448 libris
1630 428 1709 448 coar-

921 460 995 494 guit:
1012 468 1072 496 qua:
1086 468 1136 489 nos
1150 461 1211 489 ideo
1228 464 1434 497 proposuimus,
1448 472 1483 492 ne
1493 466 1637 493 veritatem
1654 467 1705 494 ali-

921 513 975 540 qua
991 514 1023 534 ex
1050 511 1128 542 parte
1150 508 1317 542 praeteriisse
1335 508 1496 541 videamur,
1514 511 1642 544 quoniam
1658 519 1707 538 ne-

921 559 974 589 que
990 551 1023 579 de
1037 552 1227 580 eitiendatione
1243 553 1438 589 desperamus,
1465 562 1513 582 nec
1527 556 1560 583 iis
1577 556 1705 584 assentiri

921 597 1064 630 volumus,
1089 598 1135 633 qui
1157 603 1293 634 utcunque
1309 606 1323 625 a
1344 600 1456 627 veritate
1472 601 1626 629 discedunt.
1641 601 1707 635 Ome

921 648 1073 678 sequuntur
1099 644 1181 680 igitur
1206 652 1239 672 ex
1267 645 1362 673 Aeacii
1388 647 1586 675 commentario
1614 653 1708 676 contra

921 687 1078 716 Marcellum
1097 690 1297 725 excerpsimus.

989 746 1073 781 838
1101 746 1142 773 Ea;
1159 747 1250 774 Acacii
1271 748 1337 775 libro
1357 753 1451 776 contra
1467 749 1634 779 Marcellum.

955 801 1000 828 Π.
1020 801 1082 828 ll.ec
1097 806 1123 829 et
1139 801 1181 829 his
1198 802 1297 830 similia
1313 801 1455 831 Marcellus
1474 804 1597 845 quaedam
1610 809 1704 833 contra

71 851 178 886 ἡγησιν
202 850 255 877 τῶν
280 851 320 882 είς
335 851 385 882 τὰς
408 851 562 886 Παροιμίας
589 851 678 887 ῥητῶν
695 851 832 886 γέγραφεν
856 854 862 878 ὲ

924 847 1005 875 Dum
1025 848 1116 883 iniqua
1135 849 1259 884 garriens
1272 869 1279 881 ,
1295 853 1321 877 et
1337 850 1364 877 in
1380 851 1497 878 sublime
1513 859 1599 879 cornu
1622 860 1703 879 suum

71 896 248 932 Μάρκελλος,
261 897 350 924 λαλῶν
362 907 391 924 τε
416 897 487 924 κατὰ
509 897 555 924 τοῦ
575 897 641 924 Θεοῦ
656 897 772 929 ἀδικίαν,
790 897 868 924 ἐπαί-

73 950 133 976 ρων
146 942 174 968 δὲ
189 942 229 973 είς
242 941 307 976 ὕψος
324 942 354 968 τὸ
375 941 461 978 κέρας
474 942 567 974 αὑτοῦ,
587 942 730 977 γενόμενος
744 942 815 977 ὑπὲρ
833 942 867 968 τὰ

73 987 148 1021 μέσα
163 986 211 1013 τοῦ
221 987 334 1022 βιϐλίου,
346 987 393 1014 καὶ
405 987 485 1014 πάλιν
498 987 554 1019 θεὶς
565 987 702 1023 Ἀστερίου
711 988 744 1015 τὰ
755 988 866 1022 λέγοντα

73 1033 198 1066 ρήματα³
215 1041 225 1058 ι
246 1032 341 1064 Ἄλλος
356 1034 405 1068 μὲν
417 1033 471 1068 γάρ
482 1034 555 1060 ἐστιν
573 1034 587 1060 ό
603 1033 697 1069 Πατὴρ
710 1035 724 1060 ό
735 1035 867 1069 γεννήσας

71 1077 104 1109 ἐξ
115 1077 214 1104 ἑαυτοῦ
229 1078 275 1106 τὸν
296 1080 427 1115 μονογενῆ
444 1080 539 1113 Λόγον,
555 1080 602 1106 καὶ
628 1080 800 1116 πρωτότοκον
814 1081 863 1107 πά.

73 1130 126 1157 cn;
142 1123 266 1155 κτίσεως,
290 1124 369 1159 μόνος
386 1124 480 1159 μόνον,
492 1125 594 1157 τέλειος
612 1125 723 1158 τέλειον,
740 1126 865 1161 βασιλεὺς

73 1167 197 1201 βασιλέα,
215 1169 317 1204 Κύριος
335 1170 447 1205 Κύριον,
464 1169 530 1202 Θεὸς
547 1171 623 1203 Θεὸν,
642 1171 735 1202 οὐσίας
749 1180 790 1202 τε,
819 1172 865 1198 καὶ

74 1212 187 1248 βουλῆς,
206 1214 415 1249 καὶδυνάμεως,
445 1215 492 1242 καὶ
507 1215 586 1250 δόξης
599 1215 806 1251 ἀπαράλλακτον
825 1217 864 1242 εί-

73 1257 152 1285 κόνα.
174 1268 182 1284 ι
199 1259 261 1290 est;
274 1257 321 1286 οὖν
331 1259 417 1286 ταῦτα
430 1260 477 1287 καὶ¹
487 1261 669 1296 δυσχεραίνων
685 1261 753 1297 πρὸς
767 1262 815 1297 τὴν
827 1263 865 1288 εί-

74 1302 142 1329 κόνα
165 1303 215 1338 τὴν
236 1304 454 1339 ἀπαράλλακτον,
478 1305 601 1332 τουτέστι
617 1306 648 1332 τὸ
675 1305 791 1334 ἔκτυπον
816 1307 863 1334 καὶ

73 1349 172 1383 τρανὲς
195 1349 340 1383 ἐκμαγεῖον
367 1350 415 1377 τοῦ
441 1351 508 1377 Θεοῦ
534 1351 584 1386 τῆς
608 1351 704 1383 οὐσίας
740 1352 786 1378 κα)¹
809 1353 865 1380 τῶν

74 1394 147 1429 ἑξῆς.
164 1395 269 1430 φαύλην
291 1396 382 1423 καλῶν
406 1397 456 1432 τὴν
474 1397 607 1433 ὑπόληψιν
625 1397 735 1433 ταύτην,
752 1400 863 1425 ἐπισυν-

75 1440 155 1467 umet
165 1441 214 1476 τὴν
228 1441 423 1478 δυσαρέστησιν
435 1442 529 1475 αὑτοῦ,
542 1443 656 1479 γράφων
667 1440 728 1470 ὧδε·
748 1454 758 1470 ‹
772 1444 863 1471 Ταῦτα

75 1487 109 1513 τὰ
125 1489 237 1523 ρἡατα
255 1488 348 1522 σαφῶς
359 1489 407 1525 τὴν
427 1489 524 1516 ἑαυτοῦ
540 1488 645 1525 φαύλην
661 1492 725 1526 περὶ
738 1490 863 1526 θεότητος

75 1533 278 1568 ἐλέγχειδόξαν.
292 1535 354 1566 Πῶς
364 1535 417 1570 γὰρ
433 1536 448 1562 ὁ
463 1535 564 1571 Κύριος
581 1536 628 1563 καὶ
639 1536 703 1567 Θεὸς
713 1536 862 1572 γεννηθεὶς,
877 1547 898 1575 C

74 1579 113 1611 ὡς
132 1580 217 1611 αὐτὸς
233 1580 378 1616 προλαϐὼν
403 1581 466 1617 ἔφη,
488 1581 600 1608 δύναται
625 1582 666 1609 ἔτι
690 1582 772 1609 εἰκὼν
796 1582 863 1609 Θεοῦ

74 1623 160 1658 sint;
178 1626 292 1661 Ἕτερον
315 1626 369 1662 γὰρ
383 1626 450 1654 Θεοῦ
468 1628 569 1662 ,ἐἰκὼν,
596 1628 641 1654 καὶ
668 1628 760 1663 ἕτερον
787 1627 863 1660 Θεός.

75 1670 157 1697 Ὠστε
172 1671 198 1697 εί
215 1671 264 1706 μὲν
278 1671 370 1703 είκὼν,
388 1672 417 1699 οὔ
443 1672 555 1708 Κύριος,
579 1673 640 1699 οὐδὲ
656 1673 732 1706 Θεὸς,
747 1673 803 1700 ἀλλ’
825 1674 864 1700 εἰ·

76 1716 129 1743 κὼν
143 1716 247 1752 Κυρίου
267 1718 314 1744 καὶ
325 1717 403 1744 Θεοῦ’
419 1719 444 1745 εἱ
458 1718 487 1745 δὲ
514 1719 616 1755 Κύριος
628 1719 712 1750 ὅντως
734 1719 781 1746 καὶ
798 1719 864 1752 Θεὸς

75 1761 173 1794 ὖντως,
192 1763 286 1790 οὐκέτι
301 1764 316 1790 ό
332 1763 433 1800 Κύριος
450 1764 496 1790 καί
511 1765 577 1796 Θεὸς
590 1764 672 1791 εἰκὼν
696 1765 798 1800 Κυρίου
817 1765 864 1791 καὶ

74 1807 140 1835 Θεοῦ
149 1806 220 1835 εἶναι
231 1809 352 1836 δύναται.
368 1819 377 1836 ι
395 1810 449 1836 Καὶ
463 1810 535 1845 ἑξῆς·
552 1820 560 1836 ι
578 1810 660 1837 Οὐδὲν
674 1809 720 1837 οὖν
733 1810 813 1837 αὑτὸν
826 1807 863 1839 ὧν

75 1857 205 1890 προεῖπον
219 1854 286 1882 εἶναι
305 1855 437 1890 βούλεται.
459 1857 572 1888 Πάντως
585 1856 639 1893 γὰρ
653 1857 754 1884 τούτων
770 1857 862 1884 εἰκόνα

75 1900 154 1926 αὑτὸν
173 1897 245 1927 εἴναι
267 1901 350 1935 λέγει.
367 1901 471 1928 Οὐκοῦν
487 1903 512 1928 εί
523 1901 616 1933 οὐσίας
632 1902 705 1929 ἐστὶν
723 1902 815 1934 εἰκὼν,
831 1903 861 1930 οὒ

74 1945 185 1973 δύναται
208 1946 353 1973 αὐτοουσία
371 1944 451 1973 εῖναι·
468 1947 514 1973 καὶ
531 1948 556 1973 εί
571 1947 669 1982 βουλῆς
680 1948 754 1974 ἐστιν
768 1947 860 1981 εἰκὼν,

74 1991 166 2018 οὐκέτι
196 1991 345 2027 αὐτοϐουλὴ
374 1989 442 2018 εἶναι
460 1991 582 2018 δύναται·
607 1992 655 2018 καὶ
674 1993 698 2018 εὶ
721 1993 862 2028 δυνάμεως

74 2036 166 2068 εἰκὼν,
181 2037 274 2063 οὐκέτι
301 2037 427 2072 δύναμιςι
445 2037 494 2064 καὶ
513 2038 537 2063 εί
564 2037 643 2072 δόξης
661 2037 752 2069 εἰκὼν,
770 2038 861 2065 οὐκέτι

74 2082 147 2116 δόξα.
180 2082 214 2109 Ἦ
230 2082 284 2118 γὰρ
300 2083 381 2110 είκὼν
397 2083 446 2119 οὐχ
462 2083 571 2119 ἑαυτῆς,
591 2083 648 2110 ἀλλ’
673 2083 766 2119 ἑτέρου
789 2083 861 2115 τινός

75 2129 146 2156 ἐστι.
164 2139 175 2156 ι

919 894 1037 929 erigens.
1051 900 1112 928 post
1128 902 1205 922 suam
1217 896 1293 922 illam
1306 895 1515 923 Proverbiorum
1530 897 1704 932 depravatio-

919 946 981 965 nem
999 940 1089 973 potius
1101 959 1109 971 ,
1127 947 1207 974 quam
1224 940 1477 976 interpretationem
1495 941 1647 976 subiunxit.
1664 942 1704 968 Ac

919 984 1036 1018 primmn
1064 985 1121 1012 haec
1140 985 1240 1012 Asterii
1262 986 1343 1013 verba
1359 986 1508 1021 proponit:
1530 995 1540 1012 ι
1560 986 1638 1014 Alius
1661 991 1704 1014 est

918 1030 991 1057 enim
1004 1030 1102 1063 Pater,
1127 1031 1172 1065 qui
1188 1032 1300 1058 unicum
1316 1039 1349 1058 ex
1365 1031 1456 1066 seipso
1471 1031 1569 1059 Filium
1586 1032 1702 1060 Verbum

917 1073 1029 1109 genuit,
1045 1075 1254 1109 primogenitum
1270 1080 1402 1102 creaturae
1415 1076 1505 1104 omnis
1524 1076 1544 1108 ',
1563 1077 1640 1104 solus
1654 1084 1702 1105 so-

918 1119 973 1147 lum
987 1140 993 1151 ,
1011 1119 1149 1154 perfectus
1166 1121 1315 1155 perfectum
1329 1140 1336 1152 ,
1359 1128 1406 1148 rex
1429 1128 1536 1156 regem,
1570 1121 1701 1151 Dominus

919 1163 1061 1191 Dominum
1075 1185 1082 1197 ,
1101 1164 1173 1192 Dens
1199 1164 1296 1197 Deum,
1317 1165 1443 1193 essentia:
1465 1166 1629 1202 consiliique
1657 1167 1701 1195 sui

917 1216 949 1236 ac
962 1209 1072 1237 virtutis
1089 1215 1113 1237 et
1128 1210 1220 1245 gloriae
1241 1211 1315 1237 nulla
1329 1211 1355 1238 in
1373 1218 1403 1237 re
1416 1211 1616 1247 discrepantem
1632 1213 1702 1241 ima.

916 1254 1016 1289 ginem.
1032 1264 1041 1280 ι
1061 1254 1166 1288 Quibus
1178 1255 1204 1282 iu
1230 1256 1348 1283 medium
1365 1257 1501 1288 adductis,
1518 1258 1569 1285 hoc
1588 1258 1701 1292 potissi-

916 1306 991 1326 mum
1006 1299 1136 1332 oilensus,
1153 1301 1224 1335 quod
1240 1302 1313 1328 nulla
1330 1302 1356 1328 in
1373 1310 1400 1329 re
1417 1302 1615 1337 discrepantem
1632 1304 1701 1330 ima-

916 1345 1005 1380 ginem
1034 1346 1187 1381 appellarit,
1203 1347 1253 1375 hoc
1267 1352 1309 1374 est
1327 1347 1424 1375 divina:
1437 1349 1562 1376 essentia:
1574 1356 1606 1376 ac
1618 1354 1700 1376 caete-

915 1399 1009 1418 rorum
1020 1393 1140 1419 omnium
1156 1400 1312 1428 expressam
1327 1398 1353 1421 et
1377 1395 1529 1421 evidentem
1543 1394 1699 1430 imaginem,

916 1435 1071 1463 istiusmodi
1103 1438 1265 1464 sententiam
1294 1437 1500 1472 improbandam
1525 1446 1587 1466 esse.
1610 1439 1698 1473 dicit;

915 1485 995 1516 atque
1009 1481 1085 1509 hisce
1103 1482 1205 1513 verbis,
1228 1487 1360 1517 quantum
1390 1483 1442 1510 sibi
1467 1483 1511 1510 illa
1525 1483 1699 1518 displiceant,

915 1527 1051 1554 ostendit:
1065 1536 1073 1553 ι
1087 1526 1149 1554 lia'c
1157 1528 1257 1555 Asterii
1271 1529 1352 1556 verba
1369 1528 1510 1556 manifeste
1517 1537 1626 1564 pravam
1639 1530 1699 1565 ejus

914 1572 947 1599 de
964 1571 1104 1598 divinitate
1122 1573 1284 1600 sententiam
1300 1577 1426 1608 arguunt.
1445 1573 1550 1601 Etenim
1571 1575 1617 1610 qui
1641 1575 1699 1602 ﬁeri

912 1621 1018 1652 potest.
1041 1621 1071 1644 ut
1086 1617 1215 1646 Dominus
1235 1625 1267 1645 ac
1287 1618 1358 1646 Deus
1371 1619 1434 1650 ille,
1450 1619 1497 1654 qui
1520 1620 1557 1648 sit
1579 1620 1699 1656 genitus,

913 1665 944 1689 ut
969 1662 1082 1697 ipsemet
1106 1667 1186 1690 antea
1213 1665 1333 1699 scripsit,
1351 1664 1398 1691 Dei
1424 1665 1512 1700 im:ng
1535 1667 1699 1694 censeatur?

913 1707 993 1734 Aliud
1016 1707 1087 1735 enim
1108 1712 1150 1735 est
1167 1708 1256 1743 imago
1280 1708 1346 1741 Dei;
1365 1709 1440 1736 aliud
1461 1709 1541 1738 Deus.
1562 1710 1651 1743 Quare
1674 1711 1698 1739 si

913 1754 1004 1789 imago
1023 1752 1070 1781 Dei
1094 1757 1155 1787 est,
1171 1761 1226 1781 non
1252 1758 1294 1781 est
1309 1754 1457 1787 Dominus,
1478 1759 1524 1782 aut
1540 1755 1612 1784 Deus
1623 1778 1630 1788 ,
1649 1757 1698 1785 sed

912 1799 1001 1835 imago
1017 1798 1123 1826 Domini
1147 1807 1179 1826 ac
1195 1798 1251 1826 Dei.
1269 1799 1317 1827 Sin
1340 1807 1434 1827 revera
1448 1800 1580 1829 Dominus
1603 1806 1646 1829 est
1665 1809 1698 1829 ac

912 1844 999 1878 Deus,
1015 1845 1060 1880 qui
1078 1845 1211 1880 ejusmodi
1226 1850 1286 1879 est,
1302 1845 1347 1873 Dei
1363 1852 1394 1875 ac
1410 1845 1515 1873 Domini
1532 1846 1620 1882 imago
1636 1854 1698 1875 esse

911 1898 966 1918 non
980 1894 1079 1926 potest.
1102 1900 1111 1916 ι
1127 1890 1224 1918 Subdit
1237 1895 1330 1925 postea
1344 1899 1351 1918 :
1368 1900 1377 1917 ι
1388 1890 1460 1918 Nhil
1480 1891 1563 1926 igitur
1588 1892 1696 1919 illorum

911 1944 972 1972 qua:
987 1936 1055 1968 dixi,
1072 1944 1133 1964 esse
1149 1941 1227 1972 putat
1244 1937 1345 1971 ipsum,
1362 1943 1425 1963 cum
1442 1944 1536 1963 eorum
1551 1936 1697 1972 imaginem

910 1990 972 2010 esse
987 1982 1107 2010 definiat.
1121 1981 1198 2010 Unde
1210 1982 1232 2009 si
1250 1981 1387 2014 essentiae,
1404 1982 1478 2009 verbi
1490 1982 1588 2017 gratia,
1608 1982 1697 2017 imago

912 2029 964 2061 sit;
981 2028 1097 2063 ipsumet
1124 2028 1243 2056 essentia
1258 2035 1313 2055 non
1330 2027 1401 2060 erit,
1427 2036 1516 2063 neque
1539 2028 1562 2055 si
1589 2028 1696 2055 consilii

911 2075 947 2101 sit
972 2074 1081 2109 imago,
1098 2074 1246 2109 ipsummet
1276 2081 1337 2101 esse
1364 2073 1510 2108 consilium
1539 2074 1648 2109 poterit.
1668 2073 1695 2100 Si

910 2119 1020 2147 virtutis
1031 2124 1073 2147 est
1084 2120 1187 2155 imago,
1203 2120 1289 2147 virtus
1303 2128 1357 2146 non
1372 2123 1414 2146 est
1428 2127 1435 2152 ;
1452 2127 1540 2154 neque
1553 2119 1655 2154 gloria,
1672 2119 1695 2146 si

911 2165 994 2199 hujus
1009 2165 1098 2199 imago
1115 2165 1159 2192 sit.
1175 2164 1266 2200 Imago
1281 2165 1353 2192 enim
1371 2172 1424 2191 non
1445 2164 1498 2196 sui,
1513 2163 1560 2191 sed
1581 2163 1696 2197 alicujus

874 2211 896 2239 D
912 2211 1026 2238 alterius
1038 2214 1107 2238 est.»

108 2260 146 2286 Z'.
163 2257 256 2285 Ταῦτα
269 2258 298 2285 δὲ
315 2258 359 2291 σὺ,
379 2259 532 2294 Μάρκελλε,
553 2258 586 2285 τὰ
607 2258 717 2294 ῥήματα
731 2257 766 2284 τὰ
791 2257 859 2293 πρό-

74 2313 152 2339 τερον
164 2304 310 2335 ἐπαινέσας
323 2305 352 2330 ὲν
368 2305 438 2340 ἀρχῇ
454 2304 500 2330 τοῦ
517 2304 630 2340 βιϐλίου,
646 2303 694 2330 νῦν
703 2303 731 2330 δὲ
746 2303 861 2339 ἀρνησάν

76 2359 154 2384 μενος
165 2350 210 2376 τὸν
225 2350 291 2376 Θεὸν
305 2351 337 2376 ὲκ
351 2349 418 2376 Θεοῦ
431 2351 516 2385 Λόγον
529 2350 593 2377 ὅντα
603 2350 648 2376 τὸν
662 2350 735 2381 Υἱὸν,
753 2349 799 2376 καὶ
813 2349 860 2384 μύ-

75 2404 116 2423 νον
130 2397 162 2422 ἐκ
176 2395 268 2430 μόνου,
284 2395 330 2422 καὶ
342 2395 444 2422 τέλειον
458 2396 490 2422 ὲκ
504 2396 617 2427 τελείου,
632 2395 725 2429 σαφῶς
735 2395 784 2430 τὴν
792 2394 859 2429 φαύ-

75 2446 122 2476 λην
141 2450 187 2468 σου
204 2442 268 2475 περὶ
291 2441 416 2477 θεότητος
433 2441 547 2476 ἧλεγξας
565 2441 653 2474 δόξαν.
669 2440 722 2467 Τοῦ
737 2440 790 2476 γὰρ
807 2441 859 2466 Βα-

76 2486 170 2518 σιλέως
184 2486 231 2512 τοῦ
258 2486 376 2521 μεγάλου
399 2486 449 2521 τὴν
474 2487 567 2513 εἰκόνα
581 2485 680 2513 λαόὼν.
706 2484 793 2520 ἀζωῖᾳ
812 2485 858 2511 καὶ

74 2533 209 2567 ἀθεότητι,
226 2532 339 2568 ἀϐουλίᾳ
358 2539 387 2559 τε
403 2532 450 2559 καὶ
472 2531 618 2567 ἀδυναμίᾳ,
634 2531 680 2558 καὶ
696 2531 796 2566 ἀδοξίᾳ,
811 2530 858 2557 καὶ

74 2577 111 2612 τῷ
128 2577 253 2612 ἀνουσίῳ,
270 2577 451 2613 ἐκτετμῆσθαι
464 2577 513 2613 τὴν
525 2577 634 2604 ἀνοσίαν
648 2575 760 2611 ὢφειλες
773 2575 858 2610 γλῶτ-

117 2667 125 2682 ¹
139 2666 197 2694 Col.
214 2674 233 2700 ι,
248 2666 289 2694 l5.

109 2756 164 2790 (37)
187 2755 282 2782 Τίιῧτα
304 2756 362 2790 μὲν
383 2752 439 2783 οὖν
462 2757 509 2783 καὶ
529 2755 564 2783 τὰ
579 2756 707 2782 τοιαῦτα.
731 2755 856 2782 Asterius

75 2792 195 2825 sophista
219 2791 401 2818 Christianam
435 2791 512 2818 fidem
546 2791 696 2825 ampievus,
725 2791 854 2816 nonnnlia

76 2826 220 2860 scripserat
236 2826 342 2853 Ariana:
359 2827 477 2861 perﬁdia:
494 2831 686 2854 consentanea.
705 2825 769 2858 Qum:
793 2832 854 2851 cum

951 2255 1004 2282 Vll.
1020 2255 1082 2282 llaec
1099 2260 1144 2286 tu,
1159 2255 1284 2282 Marcelle
1298 2275 1305 2287 ,
1320 2255 1399 2282 verba
1411 2274 1418 2287 ,
1436 2263 1496 2282 cum
1518 2258 1597 2282 antea
1619 2254 1696 2281 initio

912 2302 973 2329 libri
987 2301 1196 2334 coiiaudaveris,
1210 2308 1282 2328 nunc
1295 2305 1384 2328 autem
1397 2300 1542 2328 inlicieris:
1557 2300 1694 2332 nimirum,

913 2347 997 2375 Deum
1022 2355 1056 2374 ex
1080 2347 1135 2374 Deo
1150 2346 1269 2374 Verbum
1294 2354 1354 2374 esse
1371 2346 1466 2374 Filium
1480 2365 1488 2378 ,
1511 2350 1538 2373 et
1553 2345 1642 2373 solum
1661 2353 1694 2372 ex

913 2394 981 2427 solo,
998 2397 1024 2420 et
1039 2401 1070 2420 ex
1085 2393 1205 2429 perfecto
1218 2393 1379 2428 perfectum,
1401 2392 1543 2428 perspicue
1557 2392 1710 2420 sinistram,

912 2444 986 2466 tuam
1003 2439 1036 2466 de
1051 2438 1193 2466 divinitate
1207 2437 1367 2465 sententiam
1384 2437 1496 2472 detegis.
1508 2436 1631 2472 Cumque
1643 2443 1697 2463 ma~

911 2485 955 2520 gui
973 2484 1055 2520 Regis
1075 2484 1219 2520 imaginem
1235 2484 1346 2518 capiens
1364 2484 1435 2516 vita,
1453 2483 1595 2510 divinitate
1607 2503 1615 2515 ,
1631 2490 1695 2510 eon-

910 2531 974 2557 silio
984 2550 991 2562 ,
1015 2530 1134 2564 polentia
1144 2550 1151 2560 ,
1172 2529 1257 2564 gloria
1267 2549 1275 2560 ,
1291 2529 1410 2557 essentia
1423 2529 1540 2564 denique
1557 2527 1694 2564 spoliaris,

910 2576 1010 2611 dignus
1035 2583 1081 2609 es,
1111 2575 1194 2610 839
1217 2575 1260 2602 cui
1289 2574 1370 2610 impia
1399 2574 1491 2610 lingua
1521 2574 1694 2610 prweidatur,

906 2753 1054 2780 refulasset
1069 2753 1221 2783 Marcellus.
1240 2753 1346 2787 longius
1360 2753 1498 2786 progredi.
1511 2757 1537 2787 et
1554 2751 1581 2778 in
1598 2750 1692 2778 Sabel-

907 2789 1007 2815 lianam
1034 2789 1156 2814 lucrosim
1175 2786 1328 2815 desciscere
1350 2789 1424 2814 visus
1449 2792 1500 2813 est.
1522 2786 1587 2819 Qua-
1601 2787 1691 2812 onmia

905 2823 1097 2858 copiosissime
1117 2823 1199 2850 habes
1225 2823 1252 2850 in
1277 2823 1375 2849 Annal.
1391 2822 1537 2849 ecclesiasl.
1558 2827 1691 2856 cxposrta.
