1931 3041
200 163 250 194 59!

908 155 936 182 S.
957 153 1129 182 EPIPHANH

1779 151 1835 179 592

201 219 420 258 quandoquidem
445 218 658 246 consceleratum
679 215 706 243 in
724 215 808 244 Deum
834 222 928 243 vocem
946 215 989 249 je-

1059 223 1102 246 av,
1115 213 1199 240 εἰπὼν
1218 213 1292 248 ρἦα
1309 213 1348 244 είς
1364 212 1478 248 Κύριον,
1491 211 1540 239 καὶ
1552 211 1718 248 τελευτήσας
1730 212 1772 244 είς
1784 212 1836 247 ψυς

202 268 284 299 cisti,
310 274 341 293 ac
359 267 412 293 ta'm
437 264 599 298 sacrilegum
625 261 710 289 animi
725 267 837 288 sensum
855 264 992 295 postremo

204 311 358 348 prodidisti.
376 309 443 337 Nam
461 309 507 344 qui
525 308 572 336 Dei
588 307 733 342 imaginem
761 310 862 333 mutam
883 313 915 333 ac
938 305 992 332 vita

203 361 342 386 carentem
361 354 475 388 tinxisti,
496 354 566 381 hanc
578 357 607 380 tu
625 360 714 388 neque
734 351 889 383 Dominutn,
906 357 994 385 neque

205 403 290 430 [leum
302 423 311 436 ,
334 409 385 429 nec
400 400 548 430 essentiam
558 420 566 433 ,
591 406 642 426 nec
654 397 814 430 consilium,
833 404 922 432 neque
938 396 994 423 vir-

204 453 289 475 tutem
305 467 312 479 ,
338 454 427 481 neque
450 446 565 482 gloriam
590 452 652 472 esse
669 443 793 479 judicas,
818 442 867 471 sed
895 442 993 470 horum

199 493 325 521 omnium
341 492 507 519 imumbilem
520 489 645 526 cﬂigiem,
657 497 717 524 qua:
731 496 781 516 nec
792 489 894 520 anima.
907 495 996 523 neque

204 538 259 564 vita
276 536 388 572 prazdita
407 536 443 563 sit
457 556 465 569 ,
483 535 556 563 velut
573 535 647 562 foras
673 533 825 568 expositam
842 532 996 566 arbitraris,

205 588 288 619 atque
312 584 349 610 ita
376 582 524 609 inauimam
540 601 548 615 ,
571 584 598 608 et
614 580 732 607 humana
748 580 837 607 solum
856 582 916 606 arte
930 586 997 606 con-

206 633 335 658 stantem.
355 627 478 656 Viventis
502 631 593 654 autem
616 625 663 653 Dei
690 626 824 653 viventem
850 624 996 660 imaginem

206 684 267 704 esse
294 682 377 710 negas
389 695 397 707 ,
416 677 463 701 aut
488 672 636 701 essentiam
653 672 796 703 essentia,
813 674 860 697 aut
877 669 996 703 consilii,

206 721 326 754 virtutis,
339 729 370 748 ac
384 720 487 756 gloriae,
503 719 659 750 consilium,
675 718 813 750 virtutem,
827 723 859 744 ac
871 716 996 751 gloriam,

208 773 238 795 ut
264 768 321 794 haec
340 767 430 801 imago
454 766 489 793 ab
505 773 538 793 eo
555 764 635 799 Cujus
652 765 741 799 imago
756 767 798 790 est
825 762 899 789 nulla
927 762 953 788 in
968 769 999 790 re

207 813 354 847 discrepet.
372 811 432 838 Jam
458 818 520 838 cum
548 811 622 837 nulla
649 817 678 837 re
702 809 859 843 discrepare
885 807 998 840 dicitur.

208 867 263 887 non
284 858 397 894 perinde
417 863 470 889 est,
485 864 518 884 ac
541 857 565 884 si
588 855 736 892 ingenitatn
749 862 812 882 esse
826 853 997 886 fateremini;

1043 260 1093 296 χὴν
1116 259 1201 291 οὕτως
1225 259 1408 294 ἀσεϐήσασαν.
1426 259 1482 294 Τὴν
1504 259 1559 294 γὰρ
1587 258 1678 284 είκόνα
1696 257 1744 291 τοῦ
1769 257 1836 284 Θεοῦ

1042 305 1130 341 aqua;
1150 304 1334 340 περιγράψας,
1349 303 1411 330 οὐτε
1427 304 1540 340 Κύριον,
1556 303 1619 330 οὔτε
1633 304 1710 336 Θεὸν,
1727 304 1780 330 οὐκ
1793 303 1840 330 οὐ·

1044 351 1115 384 σίαν,
1129 351 1160 377 οὐ
1183 350 1291 386 βουλὴν,
1309 350 1339 376 οὐ
1356 350 1482 385 δύναμιν,
1505 350 1535 377 οὺ
1550 350 1629 382 δόξαν
1641 348 1710 377 εἶναι
1722 349 1837 385 ταύτην,

1043 396 1145 423 τούτων
1156 396 1185 423 δὲ
1196 396 1324 431 ἀκίνητον
1342 395 1435 422 εἰκόνα
1449 394 1519 422 εἶναι
1540 395 1628 428 θέλεις
1642 395 1739 431 αὐτὴν,
1754 395 1840 422 οἱονεὶ

1044 442 1148 478 ἄψυχον
1163 441 1211 469 καὶ
1226 442 1314 474 ἇζωον
1327 441 1380 475 ἔξω
1392 441 1550 468 ὲκτεθεῖσαν
1568 441 1654 477 αὐτὴν
1674 441 1772 473 ποιῶν,
1791 441 1839 468 καὶ

1044 487 1082 519 ὼς
1091 487 1171 519 αὐτὸς
1179 488 1189 503 ¹
1200 487 1302 522 ἄψυχον
1312 487 1359 513 καὶ
1370 486 1529 523 ἀνθρωπίνῃ
1537 486 1620 523 τέχνῃ
1629 487 1697 524 μόνῃ
1708 486 1842 513 συνεστῶ-

1047 541 1107 560 σαν.
1120 532 1225 564 Ζῶντος
1239 533 1267 559 δὲ
1281 532 1371 565 ζῶσαν
1387 533 1418 559 οὐ
1437 532 1524 565 Θέλεις
1536 531 1608 560 εἴη-αι
1623 534 1671 569 τὴν
1685 534 1779 560 εἰκόνα
1791 533 1841 560 τοῦ

1046 577 1125 611 Θεοῦ,
1139 578 1199 605 οὐδὲ
1210 578 1303 610 οὐσίας
1316 578 1411 605 οὐσίαν
1424 579 1526 611 είκόνα,
1538 579 1598 605 οὐδὲ
1614 580 1713 615 βουλῆς
1731 581 1780 607 καὶ
1793 580 1842 607 δυ-

1047 623 1156 658 νάμεως
1180 623 1229 650 καὶ
1252 623 1341 659 δόξης,
1362 623 1459 660 βουλὴν
1485 624 1531 651 καὶ
1554 624 1669 660 δύναμιν
1691 625 1740 652 καὶ
1761 625 1844 657 δόξαν

1048 669 1266 705 ἀπαραλλάκτως
1282 669 1384 696 είκόνα.
1399 670 1436 697 Τὸ
1457 669 1485 696 δὲ
1510 670 1728 706 ἀπαραλλάκτως
1753 672 1844 698 εἰπεῖν

1047 715 1098 750 οὺχ
1121 712 1177 742 οἷόν
1203 724 1230 742 τι
1255 715 1302 742 καὶ
1316 716 1483 751 ἀγεννήτως,
1511 716 1569 743 ἀλλ’
1589 717 1630 745 ὄτι
1649 717 1777 750 ὲκτύπως
1796 718 1846 745 καὶ

1048 760 1171 800 ἀκριϐῶς
1185 761 1364 797 ὡμοιωμένην
1380 761 1448 797 1:95.;
1461 763 1597 799 πατρικὴν
1618 764 1773 799 ἁγαθότητα
1795 765 1846 792 καὶ

1050 806 1165 842 Θεότητα
1191 808 1238 834 καὶ
1269 809 1360 835 πᾶσαν
1386 809 1536 844 ἐνέργειαν.
1567 811 1624 837 Kal
1650 811 1710 846 μεθ’
1742 811 1845 847 {asper

1053 857 1127 884 Ἔδει
1143 857 1171 883 δέ
1197 866 1238 884 σοι
1262 858 1347 885 άλαλα
1359 859 1506 894 γενηθῆναι
1519 858 1555 886 τὰ
1576 858 1653 894 χείλη
1666 857 1701 884 τὸ.
1711 858 1797 890 δόλια,
1811 858 1848 884 τὰ

209 906 258 933 sed
284 904 350 932 illud
367 904 457 931 solum
474 902 629 931 ostenditur
640 921 647 933 ,
666 901 700 928 ad
720 904 840 936 paterna:
856 899 997 931 bonitatis.

1057 903 1182 931 καλοῦντα
1197 904 1270 931 κατὰ
1284 905 1331 932 τοῦ
1346 905 1414 932 Θεοῦ
1431 907 1538 933 ἀδικίαν
1556 907 1585 932 ὲν
1600 904 1789 940 ὐπερηφανείᾳ
1799 905 1848 931 καὶ

209 955 237 979 et
254 951 407 978 divinitatis
418 970 425 983 ,
443 953 470 977 et
484 949 602 976 actionis
620 947 711 975 omnis
727 946 867 981 exemplar
881 947 1002 973 exactis-

210 997 279 1023 sime
290 994 548 1028 absolutissimeque
559 1000 621 1020 esse
633 992 707 1018 illam
717 997 888 1025 expressam.
900 988 1002 1016 Deinde

210 1042 291 1078 paulo
313 1045 375 1076 post
395 1049 401 1068 :
420 1039 492 1067 Muta
516 1043 562 1066 tua
580 1039 625 1065 illa
641 1044 703 1065 esse
723 1036 818 1064 dolosa
834 1035 904 1062 labia
919 1042 1002 1071 opor-

210 1089 295 1120 tebat,
310 1094 370 1122 quae
396 1087 545 1121 loquuntur
563 1083 695 1111 adversus
715 1081 801 1109 Deum
818 1080 999 1116 injustitiam'

211 1142 273 1161 cum
299 1133 426 1168 superbia
450 1136 477 1159 et
493 1133 663 1165 contemptu.
687 1128 795 1156 Etenim
820 1127 896 1155 solus
912 1127 1001 1155 solum

210 1179 293 1207 Pater
307 1179 418 1206 unicum
440 1176 539 1204 Filium
562 1175 655 1210 genuit
671 1195 679 1208 ,
705 1174 831 1209 quamvis
847 1174 960 1202 minime
975 1173 1003 1201 id

212 1225 261 1253 tibi
279 1226 403 1260 placeat.
416 1223 461 1250 cui
483 1222 555 1250 aliud
570 1221 650 1249 modo
666 1221 753 1256 plaeet
765 1240 773 1251 .
794 1228 884 1255 neque
901 1228 966 1247 vero
987 1227 1004 1247 a

213 1272 333 1306 quodam
357 1269 610 1297 Valcntinianorum
633 1274 739 1294 aronum
761 1265 897 1301 principio
916 1265 1003 1294 Filius

1051 949 1237 982 έξουδενώσει.
1254 951 1310 978 Καὶ
1324 951 1379 988 γὰρ
1402 952 1481 987 μόνος
1499 952 1579 988 μόνον
1597 952 1744 987 ἐγέννησεν
1758 951 1773 977 ὸ
1788 952 1848 978 Πα-

1051 996 1104 1031 τὴρ
1128 995 1175 1022 τὸν
1198 997 1351 1032 Μονογενῆ,
1369 998 1422 1024 κᾶν
1445 999 1478 1024 σὺ
1496 998 1533 1033 μὴ
1553 997 1655 1029 θέλεις,
1669 996 1719 1024 νῦν
1732 996 1798 1024 ἄλλο
1820 1005 1848 1023 τι

1052 1041 1147 1074 θέλων,
1170 1042 1221 1072 οὐκ
1236 1043 1264 1076 ἐξ
1279 1043 1370 1076 αἰτίας
1390 1044 1444 1071 τῶν
1467 1043 1573 1070 αἰώνων
1593 1043 1770 1070 Οὐαλεντίνου
1798 1043 1850 1078 τὴν

1053 1086 1169 1122 πάροδον
1184 1087 1311 1120 λαϐόντος
1327 1089 1374 1115 τοῦ
1385 1088 1462 1122 Υἱοῦ,
1474 1088 1530 1115 ἀλλ’
1541 1089 1572 1114 ὲκ
1583 1089 1663 1124 μόνου
1678 1087 1785 1123 Πατρὸς
1799 1087 1850 1122 τὴν

1053 1132 1179 1168 γέννησιν
1195 1133 1313 1169 ἔχοντος·
1337 1136 1386 1162 καὶ
1406 1135 1508 1167 τέλειος
1524 1135 1637 1163 τέλειον.
1660 1134 1767 1166 Ἀτελὲς
1794 1135 1851 1170 γὰρ

1053 1179 1129 1206 οὐδὲν
1154 1181 1184 1207 ὲν
1199 1181 1296 1217 Πατρί·
1314 1181 1356 1209 διὸ
1376 1182 1436 1209 οὐδὲ
1451 1183 1480 1209 ὲν
1502 1182 1570 1218 Τὶῷ,
1589 1182 1657 1209 ἀλλὰ
1672 1181 1722 1216 τῆς
1743 1180 1851 1207 ἐκείνου

1053 1225 1222 1260 τελειότητος
1249 1227 1298 1254 καὶ
1324 1227 1565 1264 ὐπερτελειότητος
1585 1227 1709 1263 γέννημα
1737 1226 1852 1262 γνήσιον

1052 1270 1100 1297 τοῦ
1119 1272 1183 1299 Υἱοῦ
1194 1273 1342 1309 τελειότης.

212 1317 426 1353 processit,sett
443 1323 457 1341 a
483 1314 541 1341 solo
566 1312 645 1340 Patre
677 1312 786 1347 genitus
805 1316 869 1342 est:
888 1312 952 1339 item
981 1313 1118 1347 perfectus
1144 1318 1294 1353 perfectum
1320 1320 1425 1356 genuit.
1442 1321 1513 1349 Nihil
1537 1321 1610 1349 enim
1644 1321 1716 1348 inest
1747 1320 1852 1355 imper-

214 1364 316 1391 fectum
341 1362 367 1388 in
396 1360 478 1392 Patre
500 1369 506 1387 :
528 1358 589 1386 ideo
612 1365 663 1386 nec
689 1358 715 1385 in
733 1357 802 1385 Filio
821 1361 911 1392 potest
927 1358 1028 1394 inesse,
1046 1369 1109 1390 cum
1127 1363 1201 1392 illius
1217 1365 1414 1401 perfectionis,
1435 1375 1495 1403 qua:
1522 1368 1715 1403 perfectionem
1740 1374 1852 1394 omnem

214 1413 337 1445 superat,
350 1414 496 1444 germanus
512 1405 584 1434 fetus
603 1406 640 1433 sit
655 1404 716 1432 Filii
730 1405 872 1440 perfectio.

251 1468 303 1495 Sed
319 1471 346 1495 et
360 1474 407 1495 rex
427 1473 517 1501 regem
533 1465 637 1501 genuit.
658 1464 762 1492 Pietate
776 1465 876 1500 quippe
888 1472 1006 1493 consen-

215 1519 324 1542 taneum
340 1517 399 1545 est,
417 1519 532 1547 regnare
554 1511 655 1542 Deum,
676 1517 738 1537 cum
766 1510 874 1537 interim
898 1512 1007 1546 genitus

216 1565 280 1588 ante
308 1559 408 1587 saecula
433 1556 538 1589 Filius,
558 1555 686 1591 idemque
709 1563 758 1583 rex
787 1563 871 1591 regno
894 1557 1007 1586 alterius

217 1606 369 1642 subjectus,
386 1612 433 1640 per
448 1610 528 1638 quem
544 1602 629 1637 ipsius
643 1609 727 1637 regno
741 1607 838 1629 caetera
853 1603 1006 1638 subjacem,

217 1652 371 1686 subjectum
392 1657 422 1678 se
436 1656 496 1677 esse
508 1652 586 1684 grato
606 1647 698 1674 animo
715 1646 842 1675 fateatur.
858 1648 917 1675 Non
936 1649 1008 1676 enim

217 1698 353 1735 privatum
367 1717 374 1729 ,
388 1695 436 1724 sed
451 1701 542 1730 regem
560 1694 637 1721 illum
652 1694 746 1729 genuit
760 1695 834 1730 regni
852 1694 894 1722 sui
911 1694 1007 1723 Pater:

217 1744 290 1781 quod
308 1751 396 1780 neque
413 1742 546 1778 temporis
575 1741 654 1768 initio
665 1759 672 1772 ,
689 1748 779 1776 neque
795 1741 857 1768 vita:
880 1741 934 1769 line
956 1742 1010 1769 cir-

217 1791 415 1825 cumscriptum
429 1792 483 1816 est.
499 1788 635 1821 Quoniam
660 1788 720 1822 ejus
744 1788 864 1823 dignitas
889 1796 943 1816 non
961 1797 1009 1816 ex-

217 1838 355 1865 trinsecus
379 1834 466 1862 ascita
480 1853 489 1867 ,
517 1833 564 1861 sed
588 1837 618 1860 ut
631 1833 659 1860 in
675 1832 770 1865 Patre,
788 1841 803 1859 a
821 1841 876 1868 quo
902 1834 1010 1869 genitus

217 1887 277 1916 est,
295 1883 330 1910 ad
344 1881 492 1910 essentiam
517 1880 605 1915 ipsam
620 1880 749 1915 pertinet.
766 1879 808 1907 0b
829 1879 855 1908 id
874 1881 1010 1916 scriptum

219 1929 286 1957 illud
312 1932 372 1956 est:
391 1927 426 1954 Et
452 1927 525 1961 regni
548 1926 622 1953 illius
647 1934 698 1953 non
722 1926 773 1953 erit
789 1926 851 1960 ﬁnis
864 1928 885 1954 ί.
909 1926 1010 1955 Eodem

219 1974 302 2002 modo
322 1978 349 2001 ct
377 1973 508 2000 Dominus
525 1971 669 1998 Domimtm
683 1992 690 2003 ,
709 1975 736 1999 et
759 1971 831 2000 Deus
849 1972 951 2005 Deum,
972 1973 1011 2001 uti

219 2028 271 2048 nos
287 2019 454 2050 asserimus,
473 2017 575 2053 genuit.
591 2017 698 2052 Atque,
718 2021 747 2044 ut
764 2025 819 2044 uno
838 2018 922 2045 verbo
945 2018 1012 2046 deli-

220 2067 312 2098 niant,
337 2064 483 2096 essentne,
508 2063 637 2095 consilii,
656 2062 765 2090 virtutis
790 2067 816 2090 et
838 2064 930 2098 gloriae
956 2072 1010 2092 non

221 2117 324 2139 mutam
362 2118 395 2138 ac
425 2113 561 2137 m‘ortuam
579 2108 725 2144 imaginem
748 2109 794 2136 sed
810 2112 928 2137 essentia
946 2118 1012 2138 con.

221 2154 395 2190 sullaudique
420 2154 445 2181 vi
473 2153 612 2188 praeditam
643 2161 674 2179 ac
705 2157 841 2188 potentem
865 2159 889 2182 et
916 2155 1013 2190 glorio-

221 2208 280 2228 sam
305 2208 366 2228 esse
391 2198 575 2227 defendimus.
592 2197 685 2225 Virtus
702 2198 774 2225 enim
797 2199 1011 2228 imbecillitatem

221 2255 276 2274 non
293 2250 403 2281 generat
416 2265 424 2276 .
440 2245 487 2272 sed
504 2246 591 2280 ipsam
611 2244 694 2280 840
719 2252 768 2279 per
789 2253 850 2273 sese
873 2246 1014 2274 virtutem:

221 2293 258 2319 ita
284 2293 370 2328 gloria
387 2300 441 2319 non
469 2291 666 2327 ignobilitatem
682 2311 689 2324 ,
707 2291 754 2318 scd
772 2291 902 2326 gloriam;
920 2293 1014 2320 consi-

221 2340 288 2366 lium
306 2347 359 2366 non
377 2338 486 2365 consilii
503 2345 601 2372 expers
616 2337 730 2372 aliquid,
744 2337 790 2365 sed
805 2342 832 2365 et
845 2338 933 2373 ipsum
948 2346 1015 2365 con-

223 2385 334 2416 silium;
355 2385 473 2411 essentia
493 2383 610 2418 denique
636 2391 689 2410 non
716 2384 835 2411 essentia
855 2391 953 2411 carens
969 2384 1016 2411 ali-

222 2430 287 2465 quid
302 2449 309 2460 ,
332 2430 379 2456 sed
395 2428 545 2456 essentiam
570 2428 665 2463 gignit.
681 2429 771 2461 Quare
788 2427 907 2456 Verbum
924 2430 1013 2463 ipsum

223 2477 312 2511 imago
336 2475 408 2503 Dens
427 2479 483 2506 est,
512 2474 663 2509 vivcnsque
686 2474 820 2508 sapientia
849 2474 1014 2506 subsistens,

224 2522 342 2550 Verbum
358 2521 452 2549 ellicax
475 2525 503 2548 et
521 2520 607 2547 Filius
619 2541 626 2552 ,
653 2519 802 2554 cadentque
820 2519 864 2546 illa
881 2519 1013 2554 sapientia

224 2569 371 2596 essentiam
401 2567 493 2594 habet.
519 2566 582 2594 Haec
607 2566 680 2593 enim
700 2571 742 2593 est
769 2573 822 2600 qua
845 2573 875 2593 se
892 2565 1014 2600 quotidie

224 2615 296 2643 Deus
317 2615 478 2646 oblectabat,
500 2622 562 2640 cum
580 2613 705 2640 absoluto
721 2615 771 2639 teri
779 2619 856 2638 arum
870 2611 936 2638 orbe
950 2618 1013 2647 gau-

224 2662 305 2689 debat
324 2662 343 2688 ³.
362 2661 428 2694 Quae
441 2660 551 2695 quidem
568 2659 660 2686 omnia
673 2665 734 2685 cum
749 2661 789 2690 tu,
807 2656 945 2688 Marcelle,
962 2665 1010 2685 co-

224 2716 282 2734 ram
313 2707 469 2734 hominibus
495 2713 598 2740 neges,
629 2703 740 2738 negabit
765 2707 792 2730 et
820 2703 864 2730 illa
880 2707 906 2729 te
918 2711 1011 2730 coram

225 2753 321 2785 Patre,
337 2753 384 2788 qui
403 2754 430 2780 in
445 2752 522 2779 caelis
537 2756 579 2783 est
594 2751 623 2782 δε
642 2749 785 2790 negabcris
804 2760 867 2781 vero
882 2756 1012 2788 pra’terca

1095 1469 1150 1497 Kal
1166 1470 1292 1506 βασιλεὺς
1305 1472 1428 1508 βασιλέα.
1441 1472 1560 1504 Eds-56s;
1574 1473 1629 1509 γὰρ
1642 1472 1686 1499 τὸν
1699 1472 1767 1499 Θεὸν
1779 1473 1854 1508 βασι-

1059 1521 1158 1554 λεύειν,
1172 1522 1225 1558 πρὸ
1238 1523 1292 1550 τῶν
1317 1523 1423 1550 αίὼνων
1436 1523 1612 1560 γεννηθέντος
1637 1523 1685 1549 τοῦ
1703 1522 1781 1556 Υίοῦ,
1806 1523 1854 1550 καὶ

1021 1578 1044 1608 C
1060 1568 1267 1605 βασιλευομένου
1283 1569 1426 1604 βασιλέως,
1443 1570 1476 1597 δι’
1502 1567 1533 1597 οὗ
1548 1570 1594 1597 καὶ
1619 1570 1654 1596 τὰ
1677 1570 1760 1597 λοιπὰ
1774 1569 1854 1605 βασι-

1058 1618 1178 1651 λεύεται,
1205 1619 1376 1655 εὐχαρίστως
1402 1620 1597 1656 ὁμολογοῦντος
1626 1620 1676 1656 τὴν
1699 1620 1854 1655 ὑποταγὴν.

1059 1670 1116 1697 Οὐκ
1130 1669 1237 1705 ἰδιώτην
1252 1671 1316 1706 γὰρ,
1332 1671 1401 1698 ἀλλὰ
1417 1670 1529 1706 βασιλέα
1550 1671 1716 1707 γεγέννηκεν
1727 1672 1741 1698 ὁ
1758 1672 1855 1707 Πατὴρ

1058 1716 1108 1751 τῆς
1121 1715 1261 1750 βασιλείας
1274 1715 1369 1749 αὐτοῦ,
1383 1716 1446 1744 οὔτε
1458 1717 1545 1753 ἀρχὴν
1562 1717 1683 1753 ἡμερῶν,
1702 1717 1765 1743 οὔτε
1781 1717 1855 1752 ζωῆς

1059 1760 1134 1792 τέλος
1151 1760 1276 1796 ἐχούσης.
1295 1761 1333 1787 Οὺ
1347 1761 1401 1798 γὰρ
1418 1761 1517 1795 ἔξωθεν
1532 1762 1564 1788 τδ
1574 1761 1693 1797 ἀξίωμα,
1703 1763 1744 1794 είς
1759 1762 1856 1789 οὐσίαν

1060 1809 1088 1836 δὲ
1101 1810 1176 1846 αὐτῷ
1195 1811 1327 1844 συντελεῖ,
1341 1811 1445 1847 ὁμοίως
1459 1811 1549 1848 Πατρὶ
1559 1812 1733 1848 γεννήσαντι.
1747 1812 1795 1839 Διὸ
1807 1814 1857 1840 καὶ

1060 1861 1214 1897 γέγραπται
1225 1861 1266 1896 τὺ,
1286 1861 1339 1889 Kal
1353 1861 1409 1896 τῆς
1418 1861 1581 1895 βασιλείας
1595 1862 1688 1889 αὐτοῦ
1696 1863 1753 1889 οὐκ
1769 1863 1855 1891 ἔσται

1059 1908 1159 1941 τέλος.
1175 1907 1270 1940 Οὕτως
1280 1908 1308 1935 δὲ
1332 1908 1379 1935 καὶ
1398 1908 1500 1943 Κύριος
1513 1907 1625 1943 Κύριον,
1640 1908 1687 1935 καὶ
1697 1908 1764 1940 Θεὸς
1788 1909 1855 1936 Θεὸν

1061 1953 1159 1988 γεννᾷν
1178 1952 1242 1988 παρ’
1262 1952 1341 1988 ἡμῶν
1364 1953 1548 1989 ὡμολόγηται.
1566 1953 1622 1980 Καὶ
1638 1954 1732 1985 ἁπλῶς
1754 1955 1854 1988 εἰπεῖν,

1061 1998 1155 2029 οὐσίας
1179 1999 1226 2026 καὶ
1250 1998 1347 2034 βουλῆς
1369 1999 1416 2035 καὶ
1439 1999 1578 2034 δυνάμεως
1596 1999 1738 2037 καὶιδόξης
1761 2000 1854 2028 εἰκόνα

1061 2050 1176 2086 λέγομεν
1199 2051 1249 2078 οὐκ
1273 2051 1375 2086 ἄψυχον
1400 2051 1447 2078 καὶ
1468 2051 1578 2087 νεκρὰν,
1605 2051 1662 2078 ἀλλ’
1677 2051 1794 2087 οὐσιὼδη
1809 2052 1855 2079 καὶ

1063 2099 1225 2135 βουλητικὴν
1243 2100 1290 2127 καὶ
1307 2100 1423 2135 δυνατὴν
1447 2101 1493 2128 καὶ
1514 2101 1629 2135 ἔνδοξον.
1656 2102 1776 2138 Δύναμις
1802 2104 1856 2139 γὰρ

1062 2146 1112 2172 οὐκ
1135 2146 1285 2181 ἀδυναμίαν
1302 2147 1395 2182 γεννᾷ.
1412 2147 1480 2174 ἀλλὰ
1497 2147 1687 2184 αὐτοδύναμιν·
1717 2151 1766 2177 καὶ
1793 2151 1856 2184 δόξα

1062 2193 1113 2218 οὐκ
1133 2192 1240 2224 ἀδοξίαν
1261 2193 1354 2228 γεννᾷ,
1378 2192 1446 2219 ἀλλὰ
1466 2193 1622 2226 αὐτοδόξαν·
1638 2195 1685 2221 καὶ
1702 2194 1785 2232 βουλὴ
1807 2197 1856 2223 οὐκ

1062 2237 1191 2264 ἀδουλίαν
1207 2239 1299 2274 γεννᾷ,
1323 2238 1392 2265 ἀλλὰ
1416 2239 1592 2275 αὐτοὸουλήν·
1618 2241 1666 2266 καὶ
1679 2241 1758 2268 οὐσία
1777 2243 1809 2269 οὐ
1825 2242 1856 2268 τὸ

1066 2283 1208 2319 όμοούσιον
1223 2285 1245 2319 ⁵,
1260 2284 1329 2311 ἀλλὰ
1342 2285 1510 2312 αὐτοούσιον.
1530 2286 1618 2313 Είκὼν
1626 2287 1680 2323 ἄρα
1695 2288 1770 2315 ἐστὶν
1782 2290 1796 2315 ὸ
1811 2289 1856 2315 Λό-

1067 2338 1115 2364 γος
1133 2331 1208 2363 Θεὸς,
1224 2330 1299 2362 ζῶσα
1324 2331 1404 2366 σοφία
1427 2332 1605 2368 ὐποττστικὴ,
1621 2334 1707 2367 Λόγος
1730 2336 1855 2371 ἐνεργής.

1067 2376 1114 2403 καὶ
1129 2376 1203 2408 Υἱὸς,
1215 2376 1284 2412 αὕτη
1311 2377 1476 2413 οὐσιωμένη.
1498 2378 1572 2414 Αὕτη
1587 2379 1641 2415 γὰρ
1691 2381 1856 2417 προσέχαιρε

1067 2423 1128 2449 καο’
1143 2424 1248 2459 ἡμέραν
1265 2425 1280 2451 ὁ
1295 2424 1372 2455 Θεὸς,
1386 2425 1430 2451 ὅτε
1451 2425 1612 2461 εὐφραίνετο
1631 2427 1680 2463 τὴν
1694 2429 1856 2464 οἰκουμένην

1068 2469 1239 2501 συντελέσας.
1255 2470 1291 2496 Σὺ
1304 2469 1343 2502 δὲ,
1361 2471 1517 2506 Μάρκελλε,
1532 2472 1617 2499 ταῦτα
1634 2473 1802 2509 ἀρνούμενος
1814 2475 1858 2510 ἑμ-

1067 2513 1185 2548 προσοεν
1207 2514 1260 2541 τῶν
1284 2515 1446 2551 ἀνθρώπων,
1466 2517 1608 2554 ἀρνηθήσῃ
1628 2519 1677 2553 μὲν
1699 2519 1746 2546 ὑπ’
1774 2521 1858 2554 αὐτῆς

1067 2558 1174 2594 ἐκείνης
1195 2559 1348 2595 ἔμπροσθεν
1362 2561 1409 2587 τυῦ
1426 2562 1533 2598 Πατρὸς
1545 2563 1592 2589 τοῦ
1605 2564 1635 2590 έν
1649 2565 1706 2596 τοίς
1722 2566 1857 2602 οὐρανοῖς,

1065 2610 1207 2647 ἀρνηθήσῃ
1218 2611 1246 2638 δὲ
1261 2612 1308 2638 καὶ
1319 2612 1474 2648 ἔμπροσθεν
1486 2614 1535 2649 τῆς
1552 2614 1717 2652 Ἐκκλησίας
1734 2618 1785 2653 τῆς
1807 2619 1857 2646 ὑπὸ

1065 2657 1111 2683 τὸν
1123 2657 1236 2692 οὐρανὸν
1255 2659 1413 2695 γραφούσης
1438 2661 1502 2696 περὶ
1526 2661 1573 2688 σοῦ
1592 2664 1731 2698 πανταχοῦ
1753 2666 1788 2701 τῇ
1811 2667 1856 2701 γῇ”

1067 2704 1175 2730 Ἄκουε
1186 2704 1283 2740 Λόγον
1295 2706 1414 2739 Κιιρίου.
1424 2707 1549 2742 Γράψον
1564 2708 1618 2735 τὸν
1632 2709 1727 2744 ἄνδρα
1741 2711 1856 2744 τοῦτον,

1066 2750 1253 2785 ἑκκήρυκτον
1269 2751 1436 2786 ἄνθρωπον·
1454 2753 1499 2781 ὅτι
1513 2755 1550 2782 οὐ
1559 2755 1603 2790 μὴ
1621 2756 1742 2792 αὐξηθῇ
1759 2759 1794 2787 ἐκ
1806 2759 1857 2787 toi}

262 2868 272 2884 ¹
284 2867 354 2896 Psal.
372 2876 435 2899 xxx,
450 2867 492 2895 19.
530 2856 542 2884 ί
555 2867 622 2895 Luc.
636 2875 656 2900 I,
670 2867 714 2894 55.
753 2866 762 2881 ³
783 2864 864 2893 Prov.
877 2872 936 2897 \‘Ill,
955 2864 998 2892 50.

1068 2863 1161 2893 Matth.
1181 2870 1208 2894 Χ.
1223 2863 1266 2890 55.
1306 2863 1361 2895 ίἘ.
1376 2864 1516 2898 ὡσαύτως.
1556 2867 1566 2883 ⁶
1581 2867 1644 2895 Cor.
1657 2868 1793 2900 ἀνούσιον.
