1931 3041
91 152 147 180 593

417 149 604 178 ADVERSUS
625 149 796 178 HIERESES
816 148 878 176 Llll.
901 149 945 177 Ill.
966 149 1047 177 TOM.
1068 149 1087 177 Ι.
1109 165 1143 170 —
1163 150 1300 179 HERES.
1322 151 1424 179 LXXII.

1674 151 1726 179 594

91 211 267 246 σπέρματος
288 208 383 236 αὑτοῦ
405 210 505 244 ἄρχων
516 210 559 236 ἔτι
581 209 615 236 ὲν
638 209 678 241 τῷ
698 209 802 242 Ἰούδᾳ,
815 211 884 236 καθ-

939 213 963 237 et
980 217 1073 237 coram
1090 209 1222 243 Ecclesia,
1237 219 1297 247 quae
1312 213 1363 240 sub
1377 213 1447 240 caelo
1461 219 1504 241 cst
1521 234 1528 247 ,
1544 221 1605 249 quae
1622 215 1723 250 ubique

91 258 204 293 ἥμενος
213 257 262 283 ἐπὶ
275 257 383 290 θρόνου
397 255 495 283 Δαϐἱδ.
520 266 529 281 ι

944 259 1079 283 terrarum
1111 256 1145 284 de.
1177 261 1204 285 te
1231 258 1348 285 scribit:
1379 259 1448 286 Audi
1474 259 1578 287 verbum
1598 260 1720 288 Domini:

91 305 185 334 Scribe
204 305 289 332 virum
317 304 385 331 Imm:
413 303 565 331 abdicatum
583 303 734 336 hominem;
759 304 884 339 quoniam
904 311 955 331 non
971 307 1068 330 crescet
1082 311 1115 330 ex
1130 305 1186 338 ejus
1202 306 1299 332 semine
1309 305 1431 341 princeps
1448 305 1562 342 amplius
1588 307 1617 334 in
1641 306 1724 338 Iuda.

90 352 185 379 sedens
204 351 232 377 in
248 351 342 377 throno
364 349 448 377 David
462 351 483 376 '.
495 359 504 375 ι

126 395 169 422 Η’.
187 396 243 423 Καὶ
269 395 329 431 μεθ’
345 395 438 431 ἕτερα,
465 395 702 433 μνημονεύσαντος
722 395 885 431 Μαρκέλλου

89 442 147 469 τῶν
166 442 305 478 Ἀστερίου
324 441 425 478 ῥητῶν,
443 442 569 476 ἐπιφέρει
581 441 678 476 λέγων·

130 497 140 513 ε
159 487 222 519 Θεὶς
235 485 393 520 οὖν’ταῦτα,
413 488 460 514 καὶ
474 487 571 523 χωρῶν
582 489 616 524 τῇ
633 488 746 524 ἀρνήσει
758 488 886 524 Σωτῆρος

90 533 171 568 ἡμῶν
191 533 296 566 εἰκόνος
308 534 356 560 καὶ
369 534 474 566 οὐσίας,
490 534 536 560 καὶ
552 535 601 569 τῆς
621 534 781 569 μονογενοῦς
797 534 886 569 υῑότη-

89 588 138 612 τος
154 580 187 606 ἐκ
199 580 316 616 Πατρός,
328 580 376 606 καὶ
391 580 446 607 τῶν
457 580 647 615 πρωτοτοκῑων
657 580 746 615 πάσης
759 581 884 614 κτίσεως,

91 624 140 652 καὶ
150 624 201 660 τῆς
214 625 247 652 ὲκ
265 625 426 661 μονογενοῦς
440 626 597 661 μονότητος,
616 626 664 652 καὶ
675 627 724 660 τῆς
735 627 768 652 ὲκ
783 626 886 652 τελείου

90 669 271 705 τελειότητος,
288 671 335 697 καὶ
352 671 403 706 τῆς
417 671 448 697 ὲκ
461 670 592 705 βασιλέως
610 671 757 707 βασιλείας,
776 671 823 698 καὶ
838 671 887 706 τῆς

92 715 125 741 ὲκ
137 715 179 741 Kh
184 714 241 750 ρίου
253 715 426 751 κυριότητος,
439 716 485 742 καὶ
500 716 550 750 τῆς
566 717 598 743 ἐκ
613 716 680 743 Θεοῦ
696 716 833 751 Θεότητος,
846 717 886 742 οὺ-

92 760 156 792 σίας
166 769 196 787 τε
209 760 312 793 ἁπλῶς,
333 761 379 788 καὶ
396 761 503 796 βουλῆς,
521 761 567 788 καὶ
580 761 730 797 δυνάμεως,
747 762 795 788 καὶ
808 761 887 796 δόξης

89 805 159 833 Θεοῦ
172 807 279 838 ιίκόνος
295 805 516 843 ἀπαραλλάκτου,
536 808 567 834 οὺ
594 809 701 842 μικροῖς
726 807 816 842 λόγοις
836 808 885 843 ἀρ-

89 853 221 888 νούμενος
236 852 390 888 ἔμπροσθεν
400 854 454 880 τῶν
472 853 521 881 ἀνθ
527 854 635 889 ρώπων,
646 853 686 881 διὸ
700 855 747 881 καὶ
765 853 885 889 ἀρνηθη-

90 898 206 933 σόμενος
217 898 371 934 ἔμπροσθεν
391 899 436 926 τοῦ
448 899 553 935 Πατρὸς
568 899 662 932 αὑτοῦ,
680 900 811 934 ἄντικρυς
818 900 885 926 ταῦ-

88 953 125 970 τα
140 944 266 980 γράφεις·
296 944 389 972 Ταῦτα
405 945 440 972 τὰ
470 947 582 981 ῥήματα
602 946 695 980 σαφῶς
714 947 763 981 τὴν
780 946 885 981 φαύλην

89 990 173 1016 αὐτοῦ
201 991 266 1026 περὶ
289 990 415 1026 θεότητος
441 991 548 1028 Πατρδς
574 992 620 1018 καὶ
647 991 712 1018 Υίοῦ
737 992 886 1028 παρίστησι

89 1035 181 1068 δόξαν.
202 1036 236 1062 Ἦ
252 1036 279 1062 δὲ
294 1036 396 1063 τούτων
419 1037 533 1073 ἄρνησις
547 1037 595 1072 τὴν
619 1037 668 1073 σὴν
694 1038 886 1074 ἐνδιάστροφον

90 1083 138 1108 καὶ
154 1081 260 1117 φαύλην
269 1083 333 1118 περὶ
345 1082 471 1118 θεότητος
485 1083 532 1110 καὶ
545 1083 638 1115 οὐσίας
649 1084 778 1119 Χριστοῦ,
794 1084 887 1119 σαφῶς

90 1128 205 1164 ἤλεγξεν
222 1127 396 1166 ἐτεροδοξὶαν.
409 1139 418 1156 ι

124 1259 167 1287 8’.
181 1259 238 1287 Kal.
250 1259 310 1296 μεθ’
326 1258 409 1296 ἕτερα
422 1259 548 1295 ἐπιφέρει
560 1258 594 1286 τὰ
606 1258 779 1295 Μαρκέλλου·

128 1315 139 1332 ι
161 1305 252 1332 Ἕωλα
268 1303 314 1333 sui;
326 1306 360 1332 τὰ
375 1306 439 1341 ἑξῆς
459 1306 584 1341 ἐπιφέρει
600 1305 722 1341 γράφων·
735 1304 820 1332 Οὐδὲν
835 1304 884 1332 αὺ-

90 1351 145 1378 τῶν
159 1349 197 1378 ὢν
211 1353 340 1388 προεῖπεν
356 1349 426 1379 εἶναι
439 1351 574 1386 βούλεται.
590 1351 702 1378 Πάντων
713 1350 768 1386 γὰρ
783 1349 885 1376 τούτων

91 1398 185 1424 εἰκόνα
211 1397 292 1424 αὐτὸν
311 1395 381 1424 εἶναι
395 1397 494 1432 λέγεις.
516 1396 620 1424 οὐκοῦν
644 1397 668 1423 εί
690 1396 785 1428 οὐσίας
812 1395 885 1422 ἐστὶν

92 1443 186 1477 εἰκὼν,
198 1444 290 1471 οὐκέτι
301 1443 445 1471 αὑτοουσία
460 1443 571 1471 δύναται
587 1441 666 1470 εἶναι.
682 1442 737 1469 Καὶ
752 1442 776 1468 εί
787 1440 885 1477 βουλῆς

92 1489 167 1515 ἐστιν
190 1488 284 1520 εἰκὼν,
301 1489 392 1515 οὐκέτι
412 1487 564 1524 αὐτοὸουλὴ
577 1486 646 1514 εἶναι
660 1487 782 1514 δύναται·
800 1487 847 1513 καὶ
861 1487 886 1512 εί

92 1535 246 1569 δδνάμεως,
260 1534 350 1560 οὐκέτι
367 1533 490 1570 δύναμις
509 1534 557 1561 καὶ
567 1534 591 1561 εἰ
605 1533 693 1569 δόξης,
706 1533 797 1560 οὐκέτι
811 1533 883 1581 δόξα.
899 1552 921 1581 C

98 1580 130 1606 ’Π
143 1580 200 1615 γὰρ
215 1579 296 1606 εἰκὼν
313 1580 362 1615 οὐχ
382 1580 492 1615 ἑαυτῆς,
510 1579 567 1608 ἀλλ’
586 1580 680 1615 ἑτέρου
708 1579 781 1610 τινὸς
803 1578 884 1605 είκών

93 1625 178 1651 ἔστιν.
194 1625 287 1652 Ἐωλα
300 1624 339 1656 δὲ,
357 1624 511 1660 Μάρκελλε,
524 1624 574 1651 καὶ
592 1624 677 1659 ψευδῆ
701 1623 797 1650 ταῦτα.
814 1623 885 1650 Πάν-

92 1678 128 1696 τα
146 1669 203 1705 γὰρ
217 1669 327 1697 αὐτὸνᾶ
351 1671 480 1705 προεῖπον
499 1668 638 1704 Ἀστέριος
661 1666 730 1694 εἶναι
751 1668 884 1703 βούλεται,

93 1715 192 1750 λέγων·
208 1716 338 1747 Βασιλεὺς
348 1716 472 1751 βασιλέα,
484 1715 587 1750 Κύριος
602 1715 715 1750 Κύριον,
725 1714 791 1746 Θεὸς
807 1713 883 1741 Θεόν.

94 1762 150 1788 Καὶ
162 1761 221 1787 λύει
238 1770 285 1788 σου
298 1761 346 1797 τὴν
359 1761 461 1797 ἄψυχον
475 1761 578 1792 εἰκόνα,
592 1760 642 1796 τὴν
657 1759 727 1786 κατὰ
738 1759 768 1786 σὲ
781 1759 886 1794 ἀνθρω-

95 1806 163 1842 πίνῃ
178 1807 261 1842 τέχνῃ
278 1806 448 1833 συνεστῶσαν
475 1806 554 1842 μόνῃ.
574 1805 687 1832 Πάντων
709 1805 764 1840 γὰρ
783 1804 885 1831 τούτων

96 1852 188 1884 ζῶσαν
212 1853 303 1880 είκόνα
327 1853 411 1887 λέγει,
439 1853 486 1879 καὶ
504 1852 603 1884 ζῶντος
618 1851 720 1883 εἰκόνος
739 1852 885 1886 ἐκμαγεῖον

96 1896 180 1925 οὖσαν
194 1899 242 1926 τοῦ
257 1899 462 1935 γεγεννηκότος·
477 1897 523 1926 καὶ
536 1898 630 1930 οὐσίας
643 1897 805 1924 αὑτοουσιαν
817 1897 886 1923 εἰκό-

97 1954 131 1972 να
144 1946 229 1979 λεγει,
245 1946 293 1972 καὶ
309 1945 406 1980 βουλῆς
421 1944 596 1980 αὑτοόουλὴν,
612 1944 659 1971 καὶ
679 1943 819 1979 δυνάμεως
834 1943 883 1969 αὐ-

97 1991 254 2026 τοδύναμιν,
282 1991 330 2017 καὶ
356 1990 434 2025 δόξης
461 1989 625 2022 αὐτοδοξίαν,
642 1989 689 2016 καὶ
703 1989 751 2023 οὺχ
774 1988 884 2023 ἑαυτῆς,

95 2036 154 2062 ἀλλ’
166 2036 262 2072 ἑτέρου
287 2035 400 2068 εἰκόνος.
416 2036 452 2062 Σὺ
465 2035 504 2067 δὲ,
528 2034 594 2061 Θεὸν
616 2034 649 2060 ἐκ
667 2034 735 2060 Θεοῦ
753 2033 799 2060 τὸν
822 2033 885 2059 Υἰὸν

95 2081 311 2117 οὑχ-ὁμολογῶν,
325 2082 385 2109 οὐδὲ
401 2081 458 2116 φῶς
478 2082 510 2107 ὲκ
526 2081 623 2115 φωτὸς,
639 2080 699 2106 οὐδὲ
714 2079 828 2114 δύναμιν
853 2080 885 2106 ὲκ

94 2127 247 2163 δυνάμεως,
262 2127 325 2154 οὗτε
342 2127 419 2160 Θεὸν,
435 2126 496 2153 οὔτε
509 2126 576 2161 φῶς,
591 2126 621 2152 οὐ
631 2125 756 2160 δύναμιν,
770 2125 819 2152 οὐκ
839 2125 884 2151 οὺ-

96 2173 167 2205 σίαν,
185 2174 216 2200 οὐ
246 2173 354 2208 βουλὴν,
369 2173 398 2200 οὐ
413 2173 492 2206 δόξαν
513 2173 559 2199 τὸν
579 2171 644 2198 Υἱὸν
666 2170 735 2198 εἶναι
762 2171 848 2202 θέλεις
864 2171 883 2198 ¹.

977 391 1042 418 Vlll.
1059 390 1125 419 Post
1137 392 1192 420 haec
1202 401 1263 420 cum
1275 401 1308 421 ex
1323 395 1430 422 Asterie
1439 394 1581 424 Marcellus
1593 398 1725 425 nonnulla

940 441 1192 470 commemorasset,
1209 439 1326 473 subjecit
1340 440 1473 468 Aeacius:

976 492 985 508 ι
1003 482 1050 510 His
1075 485 1166 518 itaque
1181 485 1296 518 positis,
1314 485 1422 521 longius
1440 487 1539 515 deinde
1564 496 1726 523 progressus

938 528 1084 563 imaginem
1101 528 1252 558 Salvatoris
1263 550 1270 562 ,
1296 535 1323 558 et
1346 532 1492 559 essentiam
1506 552 1513 564 ,
1530 537 1556 560 et
1575 534 1648 561 unici
1663 534 1725 561 Filii

938 580 970 600 ex
989 573 1069 601 Patre
1081 593 1089 606 ,
1112 582 1219 602 necnon
1257 579 1284 602 et
1301 576 1472 612 primogeniti
1489 578 1579 606 omnis
1594 583 1726 607 creatura:

938 619 1122 647 conditionem
1139 628 1255 656 negans;
1273 625 1354 656 atque
1378 623 1450 650 illam
1469 623 1590 658 ejusdem
1607 625 1726 661 singula-

937 665 1064 698 ritatem,
1080 674 1141 702 qua:
1167 674 1179 694 a
1195 668 1327 703 singulari
1340 668 1393 696 Deo
1407 673 1518 702 manat,
1536 676 1563 698 et
1579 672 1725 706 perfectio-

937 718 999 738 nem
1016 719 1030 738 a
1045 713 1166 746 perfecto
1181 733 1188 746 ,
1205 717 1232 741 et
1247 714 1348 749 regiam
1365 715 1399 742 ab
1413 723 1476 751 rege
1504 721 1664 752 potestatem
1674 738 1682 750 ,
1709 727 1724 746 a

938 754 1054 783 Domino
1071 757 1240 785 dominatum
1251 779 1258 791 ,
1284 764 1310 787 et
1324 759 1491 789 divinitatem
1511 770 1526 789 a
1543 762 1598 790 Deo
1611 783 1618 795 ,
1637 767 1664 792 et
1680 772 1724 792 es-

939 802 1053 829 sentiam
1067 803 1185 838 denique
1205 812 1237 831 ac
1262 806 1428 838 consilium,
1444 808 1573 836 virtutem
1597 809 1726 845 gloriam-

938 853 991 880 que
1009 846 1086 874 nullo
1103 847 1184 875 modo
1197 848 1312 876 diversae
1327 850 1454 886 imaginis
1470 851 1516 879 Dei
1533 852 1656 882 funditus
1671 856 1724 881 tol-

936 890 1010 923 lens,
1028 900 1116 928 neque
1138 895 1233 929 paucis
1255 895 1347 924 verbis
1369 904 1461 924 coram
1485 898 1642 928 hominibus
1663 901 1725 928 inii-

936 935 1024 967 cians,
1045 938 1167 973 adeoque
1181 947 1273 966 coram
1287 940 1368 969 Patre
1383 943 1455 971 illius
1471 943 1645 980 inliciandus,
1668 948 1725 975 haec

936 986 1029 1015 aperte
1046 983 1197 1018 scripsisti:
1223 984 1364 1020 Ejusmodi
1392 988 1472 1015 verba
1499 997 1609 1024 pravam
1639 992 1724 1027 ipsius

936 1027 970 1055 de
984 1027 1074 1056 Patris
1092 1037 1123 1057 ac
1139 1029 1201 1057 Filii
1226 1031 1369 1060 divinitate
1392 1036 1554 1062 sententiam
1570 1042 1662 1072 aperte
1677 1039 1724 1066 de-

936 1076 1100 1101 monstrant.
1120 1075 1218 1103 Verum
1237 1080 1265 1104 tu
1282 1077 1336 1105 illis
1358 1079 1449 1113 potius
1466 1082 1598 1116 negandis
1615 1091 1724 1117 perver-

936 1125 994 1144 sam
1008 1118 1239 1156 depravatamque
1259 1128 1332 1149 tuam
1357 1124 1391 1151 de
1407 1124 1509 1153 Christi
1536 1127 1676 1156 divinitate
1697 1135 1723 1157 ct

936 1164 1055 1192 essentia
1068 1165 1222 1200 opinionem
1236 1174 1315 1195 recta:
1328 1168 1389 1197 lidei
1401 1171 1567 1199 contrariam
1581 1175 1723 1210 perspicue

936 1209 1091 1242 prodidisti.
1107 1220 1116 1236 ι

972 1252 1017 1281 IX.
1037 1254 1102 1283 Post
1118 1255 1174 1283 haec
1196 1255 1316 1285 Marcelli
1332 1260 1414 1287 verba
1430 1260 1560 1296 subiicit:

974 1309 984 1326 ‹
1000 1299 1090 1336 Inepta
1119 1303 1233 1338 proinde
1257 1309 1322 1333 sunt
1344 1313 1405 1341 qua:
1430 1305 1574 1336 Marcellus
1599 1309 1720 1344 adjecit:

935 1344 1007 1373 Nihil
1029 1354 1123 1374 eorum
1153 1357 1214 1384 quae
1241 1355 1320 1379 antea
1349 1359 1632 1386 eommemoraverat.
1661 1364 1723 1384 esse

936 1393 1048 1426 statuit;
1067 1398 1094 1421 tu
1111 1395 1182 1422 enim
1199 1396 1315 1424 istorum
1330 1398 1452 1426 omnium
1467 1406 1529 1427 esse
1545 1407 1641 1430 censes
1655 1402 1724 1429 ima-

936 1437 1035 1473 ginem.
1053 1437 1130 1467 Unde
1144 1440 1167 1467 si
1180 1443 1306 1470 essentia:
1325 1443 1414 1479 imago
1439 1449 1481 1473 est
1494 1466 1501 1478 ,
1519 1446 1578 1481 ipsa
1591 1455 1652 1476 esse
1668 1456 1722 1476 non

938 1487 1028 1518 potest
1042 1486 1161 1513 essentia
1175 1496 1182 1513 :
1197 1491 1224 1514 et
1240 1488 1262 1515 si
1280 1489 1388 1517 consilii
1406 1490 1496 1527 imago
1514 1492 1560 1525 sit,
1577 1494 1721 1522 consilium

938 1528 1027 1563 ipsum
1042 1538 1104 1558 esse
1118 1532 1226 1567 nequit;
1241 1541 1330 1569 neque
1345 1535 1442 1568 virtus,
1454 1536 1477 1564 si
1497 1537 1605 1566 virtutis
1615 1547 1623 1571 ;
1635 1547 1723 1576 neque

936 1575 1043 1609 gloria,
1071 1577 1092 1605 si
1116 1579 1224 1613 quidem
1249 1580 1444 1617 imagogloriae
1468 1587 1520 1611 est.
1540 1584 1608 1612 Nam
1634 1575 1723 1622 mg.

937 1627 990 1647 non
1008 1622 1050 1649 sui
1070 1622 1174 1658 ipsius,
1202 1625 1250 1652 sed
1275 1627 1387 1655 alterius
1412 1628 1529 1663 alicujus
1557 1629 1646 1666 imago
1670 1637 1722 1659 est.

937 1665 990 1694 Sed
1015 1667 1073 1695 [nec
1089 1669 1205 1701 insulsa,
1221 1670 1346 1699 Marcelle
1357 1692 1364 1704 ,
1380 1677 1443 1700 sunt
1459 1681 1491 1701 ac
1505 1675 1583 1703 falsa.
1598 1665 1722 1705 Asterius

935 1713 1007 1739 enim
1023 1714 1114 1741 omnia
1129 1715 1186 1743 hmc
1203 1716 1278 1744 illum
1294 1725 1354 1745 esse
1374 1718 1486 1751 indicat.
1500 1729 1561 1756 quae
1574 1722 1655 1758 84],
1671 1731 1720 1750 an-

936 1761 977 1785 tea
996 1762 1165 1794 numeravit,
1190 1769 1252 1789 cum
1270 1763 1358 1791 dixit:
1387 1764 1445 1792 Rex
1472 1774 1575 1801 regem,
1592 1767 1721 1797 Dominus

937 1803 1081 1832 Dominum
1094 1826 1101 1838 ,
1117 1807 1187 1834 Deus
1208 1807 1303 1836 Deum.
1322 1809 1428 1842 Quibus
1442 1812 1534 1839 verbis
1557 1817 1630 1840 tuam
1647 1814 1719 1841 illam

936 1848 1084 1877 inanimam
1097 1851 1211 1887 elligiem
1226 1872 1233 1884 ,
1251 1860 1283 1880 ac
1298 1854 1373 1886 solo,
1388 1860 1415 1882 ut
1431 1856 1572 1886 arbitraris
1582 1878 1589 1890 ,
1605 1858 1722 1887 hominis

936 1894 1055 1921 artiﬁcio
1073 1897 1249 1924 constitutam
1269 1897 1398 1931 £unditus
1415 1901 1520 1927 evertit.
1538 1900 1644 1938 Quippe
1660 1903 1721 1930 illo-

936 1947 996 1967 rum
1013 1941 1136 1968 omniuln
1153 1942 1240 1970 vivam
1260 1951 1321 1971 esse
1344 1944 1423 1972 docet
1440 1945 1596 1981 imaginem.
1614 1947 1665 1976 hoc
1680 1955 1719 1977 est

935 1986 1024 2014 vivam
1041 1987 1094 2014 vivi
1120 1989 1253 2023 genitoris
1271 1989 1385 2025 elligiem
1398 2011 1405 2022 ,
1431 1995 1457 2019 et
1480 1994 1606 2021 essentia:
1625 2002 1721 2023 essen-

935 2031 1002 2058 tiam
1015 2052 1023 2065 ,
1039 2038 1066 2060 et
1082 2034 1191 2061 consilii
1216 2035 1380 2068 consilium,
1399 2036 1509 2065 virtutis
1527 2039 1655 2067 virtutem
1669 2061 1675 2072 .
1694 2047 1718 2068 ct

935 2077 1029 2112 gloria:
1040 2079 1175 2114 gloriam;
1199 2088 1288 2116 neque
1306 2089 1388 2116 porro
1403 2083 1445 2110 sui
1465 2083 1568 2117 ipsius,
1586 2084 1632 2112 sed
1651 2086 1716 2113 alte-

936 2123 992 2151 rius
1008 2124 1151 2159 imaginem
1163 2133 1224 2153 esse
1235 2126 1412 2155 demonstrat.
1427 2127 1467 2155 Tu
1482 2136 1546 2156 vero
1560 2136 1621 2156 cum
1635 2130 1680 2159 Der
1693 2140 1719 2160 m

935 2175 968 2195 ex
984 2168 1039 2196 Deo
1056 2168 1153 2196 Filium
1170 2178 1231 2198 esse
1250 2172 1331 2203 nolis,
1347 2180 1435 2208 neque
1450 2174 1541 2201 lumen
1557 2174 1590 2202 de
1606 2175 1720 2208 lumine,

101 2219 181 2246 Ἀλλὰ
199 2219 231 2246 τὸ
245 2219 325 2255 σῶμα
343 2219 430 2246 ταῦτα
448 2218 573 2253 ἀφανίζει
595 2216 702 2248 ἀσεῦὦς
723 2217 752 2242 ὲν
768 2217 800 2252 τῇ
819 2224 882 2242 συν-

939 2220 1024 2247 neque
1035 2213 1162 2240 virtutem
1177 2222 1210 2241 ex
1227 2216 1338 2248 virtute,
1354 2224 1442 2251 neque
1456 2216 1540 2244 Deum
1551 2237 1559 2249 ,
1576 2225 1664 2253 neque
1678 2219 1717 2245 lu-

94 2265 185 2300 τελείᾳ
213 2265 282 2300 μετὰ
297 2265 409 2292 τούτων.
429 2264 483 2291 Καὶ
510 2265 579 2299 ἀρνῇ
605 2263 654 2298 μὲν
668 2262 709 2294 τὸ,
728 2261 800 2294 Θεὸς
813 2259 853 2296 ἦν
866 2262 882 2287 ό

94 2311 200 2346 Λόγος,
216 2311 279 2337 Υἱὸν
292 2311 320 2337 δὲ
332 2310 398 2337 Θεοῦ
418 2310 519 2342 καλεῖς,
535 2309 552 2344 ἢ
564 2309 676 2344 ὀνόματι
694 2307 777 2343 μόνῳ,
794 2307 810 2342 ἢ
829 2306 883 2333 τῶν

96 2355 248 2391 ἀνθρώπων
257 2356 279 2387 ¹,
304 2355 337 2382 ἶν’
353 2355 498 2390 ἑτερογενῆ
513 2353 614 2388 γεννῶν
633 2354 675 2388 εἴη
689 2353 703 2379 ό
717 2351 792 2383 Θεὸς,
810 2351 882 2378 θέσει

94 2401 224 2436 γεννητὸν
243 2401 316 2430 Υἱὸν.
334 2400 455 2432 κατὰτὸ,
470 2399 555 2431 Υιοὺς
564 2398 724 2434 ἐγέννησα,
739 2396 788 2423 καὶ
805 2396 883 2430 ﬁgi-w-

93 2454 145 2472 σα·
166 2446 214 2472 καὶ
229 2445 299 2472 κατὰ
314 2439 353 2476 τό,
375 2444 512 2472 Ἑλάἴετε
523 2443 642 2478 Πνεῦμα
656 2441 816 2474 υἱοθεσίας·
836 2443 882 2469 καὶ

93 2492 134 2524 τὸ,
161 2491 318 2526 Ἐνέγκατε
330 2491 370 2524 τῷ
385 2491 491 2524 Κυρίῳ,
507 2489 564 2517 υἱοὶ
579 2489 663 2516 Θεοῦ.

937 2266 997 2285 men
1009 2278 1016 2290 ,
1035 2266 1123 2293 neque
1140 2259 1282 2292 virtutem,
1301 2269 1351 2289 nec
1364 2263 1511 2290 essentiam
1525 2284 1532 2297 ,
1553 2271 1640 2298 neque
1654 2272 1719 2291 con-

935 2303 1038 2335 silium,
1056 2311 1144 2339 neque
1159 2305 1272 2340 gloriam
1290 2313 1350 2334 esse
1365 2306 1463 2334 Filium
1478 2307 1618 2335 existimas
1639 2327 1646 2334 .
1663 2329 1670 2335 .
1687 2329 1692 2334 .
1713 2329 1719 2335 .

936 2348 983 2376 sed
998 2349 1055 2376 haec
1069 2349 1151 2384 impie
1165 2358 1275 2385 corpus,
1293 2351 1321 2378 in
1337 2352 1387 2379 line
1402 2353 1508 2385 mundi,
1524 2361 1577 2381 una
1587 2361 1649 2380 cum
1667 2354 1721 2382 illis

934 2397 1119 2432 exstinguunt.
1131 2396 1168 2424 Ita
1183 2396 1297 2426 Joannis
1309 2397 1374 2425 illud
1387 2399 1574 2427 testimonium
1591 2400 1720 2436 abnegas.

936 2441 1007 2469 Deus
1025 2448 1083 2470 erat
1105 2443 1216 2470 Verbum
1231 2443 1251 2475 ³,
1276 2443 1344 2471 Filio
1360 2452 1441 2479 porro
1468 2445 1514 2473 Dei
1539 2445 1582 2473 vel
1610 2445 1721 2473 nomine

936 2492 1027 2520 tenus,
1044 2489 1084 2516 vel
1097 2489 1185 2516 solum
1199 2489 1335 2516 hominem
1353 2491 1483 2525 appellas,
1497 2494 1527 2517 ut
1539 2490 1641 2518 diversi
1656 2498 1671 2516 a
1693 2498 1722 2516 se

94 2539 204 2573 generis
233 2538 328 2566 Filium
358 2538 491 2573 producat
518 2536 609 2567 Deus,
639 2536 742 2571 quique
769 2536 826 2564 sola
853 2536 888 2563 sit
919 2535 1064 2570 adoptione
1084 2535 1201 2569 ‘Filius,
1227 2536 1382 2571 cuiusmodi
1406 2538 1433 2565 in
1463 2538 1516 2566 illis
1540 2537 1609 2566 locis
1630 2538 1722 2572 expri-

94 2587 193 2613 mitur:
220 2584 303 2611 Filios
326 2585 425 2620 genui,
449 2588 475 2610 et
501 2581 662 2615 exaltari‘;
692 2582 776 2609 item:
807 2583 950 2617 Accepistis
981 2583 1108 2618 Spiritum
1140 2584 1332 2618 adoptionis';
1358 2585 1440 2612 item:
1471 2585 1569 2619 Alfene
1598 2584 1718 2615 Domino,

129 2631 146 2645 τε
166 2630 210 2645 n.:
223 2630 233 2645 ι

129 2631 146 2637 ..
205 2631 233 2645 .,

96 2631 304 2707 mli-31:24.0“.
322 2674 532 2710 καὶδυνάμεως,
545 2675 591 2701 καὶ
614 2673 721 2709 βουλῆς,
800 2672 879 2723 δόξης

967 2672 1035 2698 Cum
1062 2672 1143 2706 igitur
1165 2672 1288 2700 Asterius
1318 2672 1416 2700 Filium
1441 2677 1559 2708 paterna:
1584 2674 1719 2706 essentne,

95 2721 307 2757 ἀπαράλλακτον
321 2721 409 2754 λέγων
432 2720 568 2755 Ἀστέριος
583 2719 674 2746 είκόιια
691 2719 736 2745 τὸν
750 2719 813 2745 Υἱὸν
833 2718 880 2744 τοῦ

939 2717 1054 2749 virtutis,
1068 2717 1186 2748 consilii,
1203 2718 1349 2753 gloriaeque
1368 2718 1442 2745 nulla
1458 2725 1486 2745 re
1502 2718 1634 2745 diversam
1651 2718 1718 2745 ima-

132 2801 140 2815 '
158 2799 220 2827 Ilaec
233 2799 274 2826 vel
288 2799 377 2825 alieno
400 2799 459 2825 loco
485 2798 584 2833 posita,
612 2797 651 2823 vel
681 2799 807 2830 corrupta
829 2801 884 2822 sum

942 2795 952 2810 ¹¹
966 2794 1053 2821 Fab-1
1070 2794 1222 2829 ἄνθρωπον.
1261 2795 1270 2810 ³
1285 2793 1384 2822 Jercm.
1397 2801 1464 2825 nu,
1480 2793 1525 2820 30.
1561 2791 1569 2806 ⁵
1590 2794 1640 2820 lsa.
1657 2800 1674 2824 ι,
1690 2793 1717 2821 2.

98 2834 108 2849 ⁸
125 2835 202 2861 Rom.
221 2842 280 2866 vm,
299 2834 340 2860 l5.
378 2835 388 2849 ⁶
408 2833 478 2860 I’sal.
493 2841 589 2863 va,
607 2833 629 2859 l.

197 2905 334 2936 Parnm.
355 2904 412 2933 (in.
439 2903 533 2932 XLII.
1529 2891 1564 2921 l3
