1931 3041
209 167 261 195 595

923 163 949 192 S.
968 162 1136 192 EPIPlIANll

1795 167 1850 194 596

206 227 296 261 ginem
308 235 368 256 esse
382 227 456 258 velit,
478 233 591 254 necesse
612 228 665 258 est,
679 228 707 252 ut
723 229 862 260 paternas,
879 224 952 252 velut
972 223 999 251 in

1057 227 1170 263 [ἰατρὸς.
1192 226 1300 260 πάντως
1315 226 1396 253 οἱονεὶ
1413 226 1475 256 τοὺς
1497 224 1648 260 πατρικοὺς
1665 223 1846 259 χαρακτῆρας

209 276 278 305 ﬁlio,
300 279 379 301 notas
396 281 427 301 ac
438 273 536 307 ﬁguras
551 271 823 306 incssejudicaverit,
838 278 925 306 caque
938 278 999 305 qua:

205 319 239 346 de
254 319 335 348 Patre
361 320 451 347 animo
476 318 679 353 concipiuntur,
712 317 738 344 in
769 316 838 344 Filio
857 324 998 351 expressa,

206 365 248 392 vel
262 366 287 393 ei
301 373 443 397 concessa,
454 371 514 400 quae
528 372 582 392 non
597 363 653 392 sint
668 363 701 390 ab
713 363 773 398 ipso
785 363 864 390 Patre
879 363 997 390 diversa.

207 411 277 446 Ergo
294 411 350 438 lucc
370 418 429 446 quae
444 410 549 438 dixerat
561 410 651 438 omnia
663 417 724 440 esse
742 409 799 436 vult
815 408 924 437 Filium.
939 408 998 436 Non

205 457 277 484 enim
293 457 364 484 velut
377 457 567 484 adumbratam
586 455 725 484 coloribus
751 455 897 490 imaginem
925 455 999 490 cogi-

207 501 293 535 tavit;
315 510 404 537 neque
429 503 540 530 tertium
569 501 700 537 pictorem
722 501 834 533 invexit,
851 505 880 528 ut
894 500 999 529 disere-

205 549 296 583 pantis
312 557 327 576 a
342 549 422 576 Patre
436 548 508 581 Filii,
528 548 567 576 sic
584 552 715 583 tanquam
728 548 868 575 coloribus
883 548 1000 583 qualita-

205 599 247 621 tes
266 594 329 622 alibi
352 595 528 630 exprimeret,
561 593 643 629 idque
669 594 759 629 ipsum
788 594 938 629 appellaret
955 594 1000 621 Fi-

204 640 281 667 lium.
308 640 365 669 Hoc
382 641 454 668 enim
471 645 499 667 tu
526 641 583 669 sive
599 641 730 676 prudens,
755 641 814 668 sive
840 640 999 675 imprudens

205 687 318 719 asseris,
337 695 399 714 cum
413 687 450 714 ita
466 687 596 722 loqueris.
620 687 703 722 Igitur
726 685 748 714 si
767 685 894 713 essentia:
911 686 1000 722 imago

204 738 256 766 est,
271 735 389 762 essentia
403 734 463 770 ipsa
479 741 539 762 esse
559 742 612 761 non
626 738 724 770 potest,
739 741 827 769 neque
841 734 999 766 consilium,

205 780 228 807 si
249 779 338 815 imago
352 780 460 808 consilii
479 785 532 808 est.
547 779 646 807 Nostra
662 787 727 806 vero
739 779 885 811 sententia,
912 779 934 807 si
955 787 1000 807 es-

205 825 301 852 sentia:
313 825 371 853 viva
384 826 420 852 sit
435 826 534 861 imago,
549 824 671 853 essentia
686 825 745 860 ipsa
757 833 819 852 esse
832 829 931 859 potest,
944 829 1000 852 est-

204 879 258 905 que
266 879 369 899 revera.
383 871 471 907 Atque
486 872 523 899 ita
543 871 669 899 essentia:
680 871 825 906 imaginem
853 878 914 898 esse
933 878 1000 898 con-

1054 275 1153 301 ὲνεῖναι
1180 274 1256 308 λέγει
1280 273 1320 309 τῷ
1335 272 1402 308 Υξῷ,
1414 273 1461 299 καὶ
1481 271 1516 298 τὰ
1527 271 1707 306 ἐπινοούμενα
1723 270 1770 297 τοῦ
1787 271 1846 297 ll:-

1051 321 1116 357 τρὸς
1130 320 1312 351 τετυπῶσθαι,
1333 319 1349 355 ἢ
1364 319 1487 346 δεδόσθαι
1503 317 1542 354 τῷ
1554 317 1620 353 Υἱῴ,
1633 317 1683 344 οὐκ
1695 317 1763 344 ἄλλα
1779 317 1846 351 παρ’

1053 367 1134 394 αὐτὸν
1151 367 1226 394 ὄντα.
1256 367 1347 394 Πάντα
1359 363 1404 392 οὖν
1419 365 1436 392 ἃ
1448 366 1589 400 προεῖπεν,
1601 363 1682 390 αὐτὸν
1694 362 1764 390 εἶναι
1777 363 1847 398 βού-

1054 413 1142 440 λεται.
1160 412 1197 439 Οὺ
1217 411 1269 448 γὰρ
1289 411 1338 447 τὴν
1356 411 1385 437 έν
1409 409 1552 446 χρώμασιν
1582 409 1673 436 εἰκόνα
1694 409 1760 439 νοεῖ,
1784 409 1847 435 οὐδὲ

1054 459 1144 494 τριτον
1163 458 1308 494 ζωγράφον
1320 457 1436 491 εἰσάγει,
1451 456 1493 483 ἵνα
1505 455 1703 490 διαφωνοῦντος
1719 455 1786 490 πρὸς
1799 456 1847 481 τὶν

1052 503 1164 539 Πατέρα
1178 503 1221 530 διὰ
1239 502 1392 539 χρωμάτων
1411 501 1460 532 τὰς
1479 500 1626 535 ποιότητας
1641 498 1760 534 ἀλλαχοῦ
1774 499 1845 535 γρα-

1053 557 1101 585 φῃ,
1117 549 1164 575 καὶ
1181 548 1259 575 τοῦτο
1276 548 1340 574 Υἱὺν
1362 547 1448 574 καλεῖ.
1463 546 1543 573 Οὓτω
1556 546 1610 581 γὰρ
1626 546 1658 571 σὺ
1673 545 1785 579 νοήσας,
1798 544 1848 570 καὶ

1054 594 1093 630 μὴ
1114 594 1225 630 νοήσας,
1244 594 1307 629 φῄς.
1326 593 1431 620 Οὐκοῦν
1453 593 1477 619 εἱ
1494 592 1587 623 οὐσίας
1604 591 1678 617 ἐστὶν
1698 590 1792 621 εἰκὼν,
1815 590 1848 616 οὑ

1052 639 1165 666 δύναται
1180 639 1327 666 αὐτοουσία
1344 637 1415 666 εἶναι
1426 648 1432 654 ·
1456 638 1503 666 καὶ
1522 639 1546 664 εἰ
1567 637 1676 672 βουλῆς,
1691 636 1782 662 οὐκέτι
1798 636 1848 662 αὑ-

1053 685 1177 722 τοὸουλή.
1194 686 1262 713 Καθ’
1274 686 1348 722 ἡμᾶς
1359 685 1414 721 γὰρ
1430 686 1454 712 εἰ
1469 684 1564 716 οὐσίας
1576 683 1648 710 ἐστὶν
1661 683 1743 709 εἰκὼν
1759 683 1847 715 ζῶσα,

1053 732 1198 759 αὐτοουσία
1214 731 1324 759 δύναται
1342 729 1422 763 εἷναι,
1436 731 1484 758 καὶ
1494 731 1563 757 ἐστι.
1580 730 1635 756 Καὶ
1651 728 1737 760 οὕτως
1752 728 1848 759 οὐσίας

1052 777 1146 804 οὐσίαν
1164 777 1257 804 εἰκόνα
1273 777 1388 812 λέγομεν
1405 776 1449 802 διὰ
1465 776 1581 811 μίμησιν
1597 775 1759 811 ὁμοιοτάτην
1773 774 1847 808 ζωῆς

1052 832 1082 850 τε
1096 823 1142 850 καὶ
1156 823 1296 859 ἐνεργείας
1308 831 1314 838 ·
1328 823 1399 850 οὕτω
1414 822 1443 849 δὲ
1459 822 1506 848 καὶ
1517 821 1614 858 βουλῆς
1629 820 1727 856 βουλὴν
1741 820 1846 851 εἰκόνα,

1052 867 1098 894 τὸν
1123 868 1244 903 μεγάλης
1270 868 1367 903 βουλῆς
1381 867 1528 902 Ἄγγελον,
1553 867 1601 894 καὶ
1627 866 1777 902 δυνάμεως,
1799 866 1848 893 καὶ

205 917 324 949 titemur,
343 917 374 944 ad
390 922 514 945 exactam
529 918 591 945 vita:
605 921 631 945 et
659 917 775 944 actionis
794 916 1001 944 similitudinem

1057 912 1131 949 δόξης
1145 913 1271 949 δύναμιν,
1287 914 1334 941 καὶ
1348 914 1437 947 δόξαν.
1452 913 1507 941 Καὶ
1523 913 1625 940 τούτων
1639 911 1847 947 παραστατικὸν

204 969 374 995 expressam.
392 962 494 997 Eodem
510 963 591 990 modo
604 966 630 990 et
644 962 752 989 consilii
768 961 918 996 imaginem
933 968 1001 988 con-

206 1006 297 1033 silium
315 1006 430 1035 I'acimus
444 1015 451 1040 ;
464 1008 554 1043 magni
575 1006 680 1034 scilicet
703 1006 811 1034 consilii
826 1005 960 1041 Angelum
977 1006 999 1037 ¹,

205 1058 238 1078 ac
253 1056 390 1086 postremo
400 1052 493 1088 gloriae
508 1056 535 1079 et
550 1052 658 1079 virtutis
674 1051 820 1087 imaginem
836 1051 951 1087 gloriam
968 1057 1000 1078 ac

205 1097 333 1124 virtutem
359 1105 420 1125 esse
441 1098 597 1126 statuimus.
613 1097 680 1131 Qum
701 1097 810 1132 quidem
836 1097 929 1124 omnia
957 1096 1001 1125 his

207 1142 297 1170 verbis
310 1150 324 1169 a
338 1142 450 1171 Christo
465 1143 659 1171 declarantur:
680 1142 755 1170 Sicut
773 1142 857 1170 Pater
873 1142 950 1169 habet
965 1143 1002 1169 vi-

1052 959 1093 991 τὸ,
1109 959 1226 994 ’Ὠσπερ
1247 959 1302 995 γὰρ
1318 961 1334 987 ὁ
1345 959 1446 993 Πατὴρ
1459 959 1521 993 ἔχει
1548 958 1624 992 ζωὴν
1636 958 1671 984 ἐν
1680 956 1787 990 ἐαυτῷ,
1797 957 1846 983 οῦ-

1052 1013 1110 1038 τως
1120 1004 1221 1038 καὶτῷ
1240 1004 1296 1038 Γὶῷ
1311 1005 1402 1032 ἔδωκε
1418 1004 1495 1038 ᾂυὴν
1509 1004 1592 1039 ἔχειν
1608 1004 1643 1030 ἐν
1659 1002 1756 1036 ἐαυτῷ
1767 1011 1773 1017 ·
1787 1003 1847 1034 καὶ,

1054 1051 1169 1086 ’Ὠσπερ
1190 1053 1206 1079 o'
1224 1051 1325 1086 Πατὴρ
1347 1051 1453 1086 ἐγείρει
1469 1050 1541 1084 τοὺς
1561 1049 1698 1084 νεκροὺς,
1716 1047 1765 1074 καὶ
1779 1047 1847 1078 ζωο-

1052 1097 1140 1125 ποιεῖ.
1158 1098 1195 1125 Τὸ
1210 1099 1275 1134 γὰρ,
1298 1097 1411 1133 ὥσπερ,
1434 1097 1538 1130 οὕτως,
1556 1095 1694 1131 εἰκονικῆς
1715 1097 1775 1122 ἐστι
1803 1103 1848 1131 μι-

1051 1144 1173 1180 μήσεως,
1189 1144 1237 1171 καὶ
1252 1142 1410 1179 ὁμοιώσεως
1421 1142 1535 1179 ἀκριϐὲς
1550 1142 1707 1177 ἐκμαγεῖον.
1723 1150 1733 1166 ι

212 1193 266 1215 tum
295 1189 322 1215 in
351 1189 499 1223 seipso,sic
514 1189 585 1216 dedit
613 1195 637 1216 et
663 1188 735 1217 Filio
759 1189 840 1216 vitam
855 1188 949 1217 habere
981 1189 1009 1216 in
1024 1190 1109 1224 seipsa
1126 1191 1211 1223 ‘;et:
1229 1189 1303 1217 Sicut
1333 1189 1415 1216 Pater
1444 1189 1554 1216 suscitat
1579 1193 1697 1215 mortuas
1718 1191 1742 1214 et
1761 1186 1849 1220 viri/i-

207 1233 284 1260 σοι’.
313 1234 454 1269 Ejusmodi
470 1235 552 1272 842
582 1236 683 1271 quippe
712 1243 801 1268 voces,
819 1236 898 1272 sicut,
918 1236 967 1268 sic,
987 1235 1196 1265 similitudinem
1224 1236 1371 1273 quamdam
1393 1236 1532 1272 imaginis,
1550 1240 1577 1263 et
1597 1235 1632 1262 ad
1661 1233 1846 1262 imitationem

207 1289 366 1317 expressam
384 1282 498 1318 etiigiem
511 1283 713 1311 demonstrant.
731 1293 741 1309 ι

241 1326 276 1353 Χ.
295 1326 397 1355 Deinde
422 1329 519 1362 paucis
543 1328 697 1364 interjectis
718 1338 724 1356 :
744 1338 754 1355 ι
775 1328 834 1356 Non
853 1329 938 1362 enim,
957 1329 1001 1356 in-

207 1373 278 1408 quit,
291 1372 414 1401 divinum
433 1373 563 1406 Verbum,
575 1374 657 1403 Jesus
669 1375 774 1404 scilicet
786 1375 880 1409 vitam,
897 1381 924 1404 et
939 1375 1002 1410 pul-

209 1419 405 1452 chritudinem,
423 1424 450 1447 et
474 1420 601 1448 decorem
633 1421 767 1454 tribuens,
797 1421 859 1449 vitae
882 1421 950 1456 ipse,
968 1428 1001 1449 ac

209 1465 434 1501 pulchritudinis,
449 1470 476 1494 et
486 1466 594 1499 decoris
613 1474 712 1502 expers
724 1471 766 1495 est
789 1467 816 1494 in
833 1471 932 1499 morte,
959 1467 1000 1494 vel

207 1520 241 1540 eo
257 1516 330 1541 statu
344 1512 372 1540 in
383 1519 437 1548 quo
451 1511 520 1539 nihil
536 1513 651 1540 omnino
674 1512 720 1546 sit,
746 1513 930 1546 constitutus;
953 1513 1002 1541 sed

209 1562 337 1593 paternas
357 1558 384 1585 in
398 1565 429 1586 se
457 1563 537 1586 notas
556 1558 637 1586 habet
660 1558 811 1594 expressas
827 1567 833 1585 :
853 1566 906 1586 non
923 1560 1002 1594 quasi

1090 1329 1118 1355 1'.
1137 1327 1193 1355 Kal
1214 1327 1272 1364 μεθ’
1287 1327 1368 1363 ἕτερα
1390 1327 1468 1362 ὀλίγα
1478 1335 1484 1342 “
1498 1336 1507 1352 ι
1530 1327 1567 1353 Οὺ
1581 1325 1751 1362 γὰρὸΛὸγος
1766 1326 1848 1359 Θεὸς,

1058 1373 1138 1410 [ἀλλ’]
1158 1374 1172 1400 ὁ
1193 1373 1296 1409 Ἰησοῦς
1320 1373 1450 1410 παρέχων
1473 1372 1546 1408 ζωὴν
1560 1393 1566 1404 ,
1590 1373 1638 1400 καὶ
1659 1372 1770 1406 κάλλος,
1799 1374 1849 1400 καὶ

1056 1421 1180 1456 μορφὴν,
1203 1420 1285 1453 αὐτὸς
1306 1420 1405 1452 ἇζωος,
1429 1421 1477 1446 καὶ
1493 1418 1622 1455 ἀκαλλὴς,
1649 1420 1696 1446 καὶ
1722 1420 1849 1455 ἄμορφός

1055 1467 1139 1498 ἔστιν,
1157 1467 1186 1493 ἐν
1209 1467 1362 1501 νεκρότητι,
1377 1466 1394 1502 ἢ
1413 1465 1453 1501 τῷ
1467 1465 1505 1501 μὴ
1516 1462 1586 1492 εἶναι
1599 1464 1742 1500 νοούμενος
1753 1487 1760 1498 ,
1778 1466 1849 1492 ἀλλὰ

1056 1514 1200 1548 πατρικοῖς
1219 1513 1392 1549 χαρακτῆρσι
1414 1511 1609 1547 μεμόρφωται·
1624 1510 1672 1546 οὺχ
1694 1510 1732 1543 ὡς
1755 1511 1851 1548 ἔτερος

1056 1559 1137 1593 αὐτὸς
1150 1559 1204 1592 ὢν,
1226 1559 1336 1594 ἑτέρους
1353 1558 1382 1585 δὲ
1399 1558 1463 1590 τοὺς
1477 1557 1655 1593 χαρακτῆρας
1672 1557 1723 1592 τῆς
1740 1558 1851 1593 μορφῆς

208 1604 277 1631 alter
295 1603 352 1639 ipse
368 1604 415 1636 sit,
440 1608 466 1631 et
476 1603 538 1631 aliis
553 1603 645 1639 ﬁgurae
663 1605 736 1632 notis
752 1605 892 1640 praeditus,
906 1613 1001 1633 verum

1057 1605 1123 1641 ἔχων
1133 1613 1139 1620 ·
1157 1605 1214 1633 ἀλλ’
1226 1606 1255 1632 ὲν
1268 1605 1307 1641 τῷ
1326 1603 1397 1632 εἶναι
1408 1604 1490 1631 αὑτοῦ
1501 1605 1526 1631 οἱ
1538 1603 1710 1640 χαρακτῆρές
1727 1605 1791 1634 εισι.
1802 1604 1851 1630 καὶ

209 1652 236 1676 et.
251 1649 278 1676 in
290 1648 350 1684 ejus
361 1650 482 1677 essentia
502 1650 622 1685 propriae
641 1650 715 1679 illius
730 1655 801 1678 nota:
816 1650 913 1686 posita:
927 1655 1004 1683 sunt,

208 1695 278 1722 etin
304 1695 423 1731 propriis
451 1696 525 1723 notis
554 1696 675 1724 essentia
701 1696 842 1725 consistit.
869 1696 1005 1725 Caeterum

209 1740 301 1776 imago
318 1748 380 1768 cum
406 1741 530 1775 alterius,
552 1748 606 1768 non
637 1741 829 1777 suimetipsius
853 1742 942 1778 imago
958 1742 1004 1775 sit,

210 1791 240 1814 ut
250 1791 277 1815 et
293 1788 351 1822 ipse
365 1787 475 1819 statuis,
486 1787 652 1823 exemplaris
667 1788 695 1815 in
717 1796 748 1816 se
763 1788 877 1824 ﬁguram
893 1796 1002 1824 gerens,

209 1833 396 1861 diversitatem
421 1833 543 1866 indicat;
561 1833 609 1860 sed
638 1833 776 1868 ejusmodi
804 1833 1002 1866 diversitatem,

210 1886 271 1914 quae
297 1879 368 1906 idem
385 1886 417 1905 ac
444 1877 596 1905 similitudo
616 1877 662 1906 sit.
682 1877 742 1905 Non
760 1879 832 1906 enim
855 1878 902 1906 sui
916 1878 1004 1913 ipsius

211 1925 347 1952 exsistcns
367 1924 410 1951 ille
429 1923 499 1958 ipse,
511 1923 559 1951 sed
575 1923 729 1959 cujuspiam
744 1924 858 1951 alterius
873 1928 915 1952 est
935 1924 1005 1951 ima-

211 1977 263 2005 go;
280 1969 380 2004 imago,
397 1969 527 2003 inquam,
547 1977 602 1996 non
626 1969 802 2004 aspcctabilis
829 1968 887 1997 Dei.
916 1969 1006 1996 Patris

212 2015 296 2051 igitur
321 2014 410 2050 imago
437 2013 524 2041 Filius
556 2019 609 2046 est,
631 2014 726 2042 vivens
754 2014 850 2050 utique
877 2015 1005 2048 viventis,

212 2065 288 2088 motu
301 2064 382 2096 atque
395 2059 527 2088 eﬂiciendi
543 2060 580 2092 vi,
602 2067 710 2088 necnon
738 2064 765 2088 et
783 2060 894 2093 virtute,
913 2061 1006 2089 consi-

213 2107 250 2135 lio
263 2107 404 2143 gloriaque
428 2106 540 2142 praedita
557 2126 564 2139 ,
591 2113 647 2133 non
672 2106 763 2134 auima
801 2110 932 2142 motuque
957 2115 1005 2134 ca-

213 2161 288 2186 rens,
313 2157 361 2180 aut
386 2152 533 2189 ejusmodi,
556 2152 664 2188 quze‘in
686 2152 740 2180 alio
755 2155 785 2179 ut
803 2152 838 2180 sit
855 2153 962 2185 habeat.
979 2159 1006 2180 et

213 2199 414 2236 quodammodo
427 2199 566 2234 pingatur,
584 2199 612 2226 in
628 2199 716 2234 seipsa
737 2206 811 2232 vero,
830 2206 862 2226 ac
880 2207 927 2234 per
945 2207 1006 2228 sese

1056 1653 1085 1680 ὲν
1100 1652 1156 1683 τοῖς
1169 1652 1342 1688 χαρακτῆρσι
1356 1651 1387 1678 τὸ
1400 1650 1470 1678 εἶναι
1488 1651 1582 1678 αὑτοῦ.
1602 1650 1634 1677 Ἦ
1646 1649 1675 1677 δὲ
1693 1649 1776 1676 εἰκὼν
1791 1650 1847 1676 ἐπέρ

1057 1706 1118 1733 pou,
1134 1699 1181 1725 καὶ
1193 1698 1243 1734 οὐχ
1257 1697 1356 1733 ἑαυτῆς
1369 1697 1451 1736 εἰλιὼν
1467 1695 1544 1730 οὖσα,
1564 1696 1636 1724 καθὰ
1646 1696 1693 1723 καὶ
1704 1695 1737 1722 σὺ
1749 1695 1851 1727 θέλεις,

1054 1743 1101 1771 τοῦ
1112 1743 1291 1780 πρωτοτύπου
1308 1745 1336 1771 ἐν
1356 1744 1438 1779 ἑαυτῇ
1450 1743 1513 1775 τοὺς
1526 1742 1702 1780 χαρακτῆρας
1715 1741 1850 1777 φέρουσα.

1053 1791 1103 1826 τὴν
1117 1791 1265 1826 ἑτερότητα
1280 1790 1444 1826 παρίστησιν
1455 1798 1462 1805 ·
1479 1790 1626 1826 ἑτερότητα
1635 1789 1663 1815 δὲ
1676 1789 1713 1821 ὡς
1722 1788 1850 1824 ὁμοιότη-

1054 1844 1099 1862 τα.
1123 1837 1179 1872 Οὐχ
1203 1835 1305 1871 ἑαυτῆς
1324 1835 1388 1871 γὰρ,
1407 1835 1501 1871 ἐτέρου
1525 1834 1553 1861 δέ
1575 1843 1647 1866 τινος
1670 1833 1752 1861 εἰκών
1776 1834 1851 1860 ἐστιν

1055 1881 1132 1915 οὗτος
1148 1883 1197 1916 ὢν,
1209 1884 1223 1910 ὅ
1241 1884 1315 1910 ἐστιν
1329 1883 1410 1911 εἰκὼν
1422 1883 1468 1910 τοῦ
1481 1882 1549 1910 Θεοῦ
1563 1882 1609 1909 τοῦ
1623 1882 1750 1918 ἀοράτου.
1761 1881 1850 1911 Εἰπὼν

1057 1927 1106 1956 οὖν
1124 1928 1173 1955 τοῦ
1188 1929 1295 1964 Πατρὺς
1307 1930 1322 1956 ὁ
1339 1929 1414 1961 Υἱὸς,
1428 1927 1503 1961 ζῶσα
1512 1927 1623 1961 ζῶντος,
1639 1929 1668 1954 ὲν
1681 1928 1787 1962 κινήσει
1803 1927 1849 1953 χαὶ

1056 1974 1193 2009 ἐνεργείᾳ,
1209 1974 1323 2010 δυνάμει
1338 1983 1368 2002 τε
1388 1975 1434 2001 καὶ
1453 1974 1545 2010 βουλῇ.
1560 1973 1606 2000 καὶ
1629 1972 1703 2009 δόξῃ,
1717 1972 1767 1999 οὐκ
1781 1972 1847 2006 ἄψυ-

1058 2029 1114 2056 χος,
1127 2020 1187 2047 οὐδὲ
1197 2020 1336 2056 ἀκίνητος,
1350 2020 1379 2047 ὲν
1394 2020 1480 2056 ἑτέρῳ
1493 2020 1541 2056 μὲν
1552 2019 1583 2046 τὸ
1599 2017 1668 2046 εἶναι
1681 2018 1792 2054 ἔχουσα,
1805 2019 1851 2045 καὶ

1061 2064 1233 2100 γραφομένη,
1258 2065 1327 2100 αὑτὴ
1353 2065 1402 2100 μὲν
1423 2065 1452 2091 ὲν
1469 2065 1553 2100 ἑαυτῇ
1574 2064 1621 2091 καὶ
1643 2063 1676 2091 δι’
1688 2063 1801 2098 ἑαυτῆς,
1822 2064 1851 2089 ὲν

1061 2112 1168 2146 κινήσει
1183 2111 1220 2146 μὴ
1235 2109 1312 2138 οὖσα.
1330 2111 1381 2138 Καὶ
1392 2110 1474 2138 εἰκών
1491 2111 1565 2137 ἐστιν
1581 2109 1801 2146 ἀπαράλλακτος,
1818 2113 1850 2138 οὗ

1059 2157 1110 2192 τῆς
1127 2156 1334 2193 ἀπαραλλαξίας
1350 2157 1460 2192 Πατέρα
1481 2156 1620 2192 ποιούσης,
1629 2155 1685 2183 ἀλλ’
1699 2155 1764 2182 Υῑὶν
1778 2155 1849 2189 ἀπη-

1059 2202 1241 2238 κριϐωμένον.
1261 2212 1270 2228 ι

213 2245 326 2273 minime
340 2248 492 2272 moveatur.
507 2243 575 2272 Cum
593 2248 684 2271 autem
710 2244 801 2279 imago
831 2245 906 2271 nulla
931 2244 958 2272 in
973 2252 1003 2273 re
1019 2246 1053 2273 ab
1073 2247 1225 2282 exemplari
1253 2247 1364 2277 diversa
1394 2247 1517 2279 dicitur,
1541 2246 1649 2274 Patrem
1678 2248 1776 2273 exacta
1806 2244 1849 2272 illa

213 2291 365 2320 similitudo
377 2299 432 2319 non
450 2290 526 2322 facit.
550 2289 599 2319 sed
621 2290 721 2318 Filium
742 2290 871 2318 omnibus
890 2290 924 2318 ad
943 2291 1011 2319 illud
1029 2294 1171 2328 exemplar
1189 2295 1313 2322 numeris
1328 2301 1501 2329 expressum.
1528 2302 1537 2318 ›

250 2349 389 2377 Hactenus
403 2357 436 2376 ex
447 2349 557 2376 Acacio.
572 2348 631 2375 Jam
644 2356 711 2376 vero
728 2349 840 2383 quidam
863 2357 894 2376 ex
913 2349 1002 2377 ortho-

1094 2353 1290 2389 Πεπλήρωνται
1311 2353 1345 2380 τὰ
1372 2352 1464 2380 ἐνθάδε
1487 2351 1627 2379 Ἀκακῐου.
1646 2350 1703 2377 Νῦν
1723 2350 1752 2376 δέ
1770 2359 1851 2385 φασιν

214 2396 294 2424 doxis
308 2395 439 2423 fratribus
466 2394 568 2422 nostris
584 2399 610 2422 et
632 2394 840 2421 coul‘essoribus
859 2395 1008 2429 expositio-

216 2451 276 2472 nem
294 2442 355 2469 ﬁdei
368 2449 382 2468 a
399 2441 563 2476 quihusdam
578 2440 698 2467 Marcelli
712 2440 856 2475 discipulis
868 2441 1009 2476 accepisse

216 2500 245 2519 se
258 2491 363 2523 dicunt,
394 2496 448 2524 qua
478 2488 540 2515 ﬁdei
572 2495 628 2515 sua:
649 2487 782 2515 rationem
814 2487 860 2514 ille
876 2487 1007 2515 reddidit.

216 2538 304 2571 Quam
317 2536 426 2572 quidem
445 2535 489 2562 hic
504 2533 697 2562 ascribendam
709 2533 812 2569 putavi,
828 2535 935 2561 tametsi
950 2535 1008 2562 sin-

216 2584 290 2620 gula,
308 2590 368 2618 quae
391 2582 422 2609 ad
442 2581 515 2608 illam
545 2581 692 2616 pertinent,
725 2579 846 2607 nondum
878 2585 1007 2608 accurate

216 2628 401 2665 (’OgIIOVCI‘iID.
417 2627 576 2662 Exemplum
596 2633 660 2653 vero
676 2630 718 2653 est
738 2625 886 2660 ejusmodi.

419 2686 558 2721 Expositio
583 2684 645 2719 ﬁdei
667 2683 800 2711 Marcelli.

253 2744 297 2771 XI.
314 2743 524 2772 Venerabilibus
540 2747 566 2770 et
580 2741 763 2770 sanctissimis
786 2728 925 2774 episcopis
941 2739 1006 2766 Uiu—

218 2800 341 2822 ctesarca:
355 2796 465 2826 propter
475 2790 656 2817 orthodoxam
673 2789 824 2815 Sulvatoris
846 2787 930 2814 nostri
942 2786 1007 2814 Jcsu

242 2873 248 2887 ¹
282 2871 387 2904 Ismu,
402 2870 429 2897 6.
467 2869 567 2897 ‘Joan.
584 2877 609 2899 v,
626 2867 671 2894 ‘25.
713 2867 722 2882 ³
735 2865 800 2892 ibid.
817 2866 862 2892 21.

1063 2401 1087 2426 οἱ
1101 2399 1248 2436 ὀρθὸδοξοι,
1268 2400 1316 2426 καὶ
1337 2399 1448 2434 ἀδελφοὶ
1465 2399 1604 2434 ἡμέτεροι,
1623 2397 1670 2424 καὶ
1685 2396 1849 2432 ὀμολογηταὶ

1062 2446 1138 2482 παρά
1147 2454 1228 2473 τινων
1248 2446 1301 2473 ὑπὸ
1321 2445 1481 2482 Μαρκέλλου
1509 2443 1744 2477 καταλειφθέντων
1764 2442 1849 2478 μαθη-

1061 2491 1114 2517 τῶν
1131 2491 1238 2518 ἔκθεσιν
1251 2491 1391 2526 εἰληφέναι
1414 2490 1561 2525 ὁμολογίας
1575 2489 1639 2524 περὶ
1653 2488 1772 2519 πίστεως
1785 2488 1849 2514 ἁπο-

1061 2536 1229 2571 λογουμένης
1239 2545 1245 2551 ·
1263 2534 1296 2572 ἦς
1310 2536 1344 2562 τὰ
1364 2535 1590 2569 λεπτολογὴματα
1609 2533 1688 2563 αὐτὸς
1704 2532 1742 2567 μὴ
1758 2540 1849 2559 κατει-

1061 2581 1164 2617 ληφὼς,
1183 2581 1268 2617 αὐτὴν
1293 2581 1408 2608 ἐνταῦθα
1426 2580 1596 2617 παρεθέμην.
1612 2579 1666 2607 Καὶ
1685 2578 1743 2606 ἔστι
1762 2580 1794 2605 τὺ
1804 2581 1849 2607 ἀν-

1061 2627 1192 2662 τίγραφον
1205 2627 1275 2653 τόδε.

1155 2683 1190 2709 ἸΙ
1203 2682 1349 2717 ἐπιπρῑίφὴ
1362 2681 1490 2714 πίστεως
1506 2680 1556 2707 τοῦ
1572 2678 1761 2713 Μαρκέλλου.

1098 2740 1146 2766 IA'.
1164 2740 1226 2771 Τοῖς
1244 2738 1468 2773 αἰδεσιμωτὰτοις
1490 2737 1537 2764 καὶ
1558 2737 1722 2771 ἁγιωτάτοις
1740 2735 1848 2762 ἐπισκό-

1062 2794 1132 2819 ποις,
1147 2787 1203 2817 τοῖς
1218 2786 1246 2812 ἐν
1263 2784 1455 2820 Διοκαισαρεεα
1474 2782 1690 2820 ὑπερορισθείσιν
1711 2782 1785 2818 ὑπὲρ
1803 2783 1846 2817 τῆς
