1931 3041
206 182 258 210 399

893 185 922 212 S.
945 184 1115 212 EPll‘llANll

1787 191 1835 219 400

204 240 323 267 hominis
341 244 465 267 naturam
482 239 642 275 assumpsit,
665 240 715 268 hoc
734 245 775 268 est
790 241 895 269 ratione
908 246 934 269 et
951 243 986 269 in-

1046 241 1097 276 τῆς
1123 241 1296 277 ἀνθρωπείας
1322 241 1441 276 φύσεως,
1458 241 1582 268 τουτέστι
1605 242 1693 278 ψυχῆς
1717 243 1837 278 λογιίχῆς,

204 288 352 323 ιιιίίὲδοιιιίιι
365 287 504 322 praeditam
517 287 635 314 animam
652 287 854 322 humanamque
868 295 991 316 carnem.

203 333 347 360 tiredimus
377 333 404 359 in
429 340 512 359 unum
531 332 614 359 Deum
639 332 748 360 Patrem
765 334 991 368 omnipotentem,

201 380 324 407 ouinium
341 379 488 406 visibilium
506 378 738 414 invisibiliumque
750 379 940 413 conditorem;
966 383 994 407 et

203 433 229 452 In
249 432 332 452 unqu
350 424 495 451 Dominum
524 423 618 451 .lesum
644 424 786 451 Christum
813 423 913 451 Filium
933 424 990 457 Dei,

200 471 321 506 genitum
337 478 368 497 ex
386 469 475 501 Patre,
492 470 672 504 unigenitum,
691 470 742 497 hoc
759 475 801 498 est
815 471 850 498 ab
872 471 992 498 essentia

200 515 300 547 Patris,
314 515 397 543 Deum
412 515 496 551 844
506 516 539 544 de
549 515 613 549 Deo,
627 517 718 544 lumen
732 517 766 544 de
780 517 892 548 lumine,
906 516 990 544 Deum

200 570 294 589 verum
311 563 343 589 de
359 561 414 589 Deo
432 570 517 595 vero;
538 563 658 598 genitum
675 571 730 590 non
742 563 855 596 factum,
873 563 991 590 consub—

199 609 354 637 stantialem
370 609 454 640 Patri,
473 616 521 644 per
536 617 616 643 quem
633 611 724 636 omnia
748 610 820 637 facta
836 615 910 642 sunt,
930 618 991 645 qlue

199 653 227 679 in
245 653 324 685 cmlo,
352 660 467 687 quaeque
497 653 523 680 in
545 657 617 681 terra
643 659 727 688 sunt;
753 655 799 689 qui
816 660 928 690 propter
939 663 989 682 nos

199 699 335 730 homines,
352 703 379 726 ct
394 702 505 734 propter
522 703 646 726 nostram
662 700 777 727 salutem
797 700 948 734 descendit,
963 705 990 728 et

198 746 360 772 incarnatus
370 749 422 777 est,
440 749 467 772 et
490 745 572 772 homo
597 746 695 778 tactus,
711 750 738 773 et
765 753 863 781 passus
886 750 946 780 est;
962 752 989 774 et

198 792 349 820 resurrexit
364 792 443 819 tertia
461 792 506 819 die
519 801 526 825 ;
542 793 667 820 ascendit
682 793 708 819 in
722 793 833 825 coelum,
849 797 876 821 et
891 797 988 821 ventu-

198 846 246 866 rus
256 843 299 866 est
311 837 436 873 judicare
449 839 526 866 vivos
538 842 565 866 et
589 843 730 872 mortuos;
754 844 780 866 ct
797 840 824 866 in
855 838 986 874 Spiritum

197 890 334 913 sanctum.
357 884 411 912 Eos
433 889 524 912 autem
553 885 600 920 qui
627 885 744 913 dicunt:
763 885 824 913 Fuit
839 886 987 922 aliquando

1046 288 1092 314 καὶ
1111 288 1218 322 νοερᾶς,
1235 288 1280 314 καὶ
1299 287 1399 322 σαρκὸς
1420 287 1604 323 ἀνθρωπίνης.
1617 289 1785 324 Πιστεύομεν
1801 293 1839 321 είς

1045 334 1092 360 ἕνα
1105 335 1172 360 Θεὸν
1188 334 1299 370 Πατέρα
1312 334 1536 370 παντοκράτορα,
1557 335 1668 362 πάντων
1688 335 1795 370 ὁρατῶν
1810 345 1838 362 τε

1045 380 1091 406 καὶ
1107 380 1231 415 ἀοράτων
1255 380 1369 416 ποιητήν
1381 387 1388 395 ·
1407 380 1454 406 καὶ
1479 381 1519 412 εἰς
1541 380 1590 407 ἕνα
1611 380 1714 416 Κύριον
1734 381 1837 416 Ἰησοῦν

1043 425 1161 461 Χριστὸν
1174 446 1181 458 ,
1203 425 1249 452 τὸν
1265 425 1328 452 Υἱὸν
1339 425 1388 452 τοῦ
1402 425 1481 458 Θεοῦ,
1496 426 1541 452 τὸν
1557 426 1724 461 γεννηθέντα
1740 427 1773 453 ὲκ
1791 427 1837 454 τοῦ

1043 471 1153 506 Πατρὺς
1170 471 1314 506 μονογενῆ,
1335 472 1475 498 τουτέστιν
1492 472 1525 498 ὲκ
1539 472 1588 507 τῆς
1602 473 1697 503 οὐσίας
1717 472 1765 499 τοῦ
1782 473 1838 499 Πα-

1042 517 1116 552 τρὸς,
1128 516 1194 542 Θεὸν
1208 517 1239 542 ἐκ
1251 516 1330 547 Θεοῦ,
1348 515 1406 550 φῶς
1417 517 1449 542 ὲκ
1465 516 1562 550 φωτὸς,
1579 516 1646 543 Θεὸν
1665 516 1794 551 ἀληθινὸν
1808 518 1839 543 ἐκ

1042 562 1109 589 Θεοῦ
1126 561 1255 597 ἀληθινοῦ
1268 583 1275 593 ,
1295 562 1462 597 γεννηθέντα
1475 562 1505 587 οὑ
1520 561 1678 596 ποιηθέντα,
1694 562 1838 597 όμοούσιον

1040 607 1080 644 τῷ
1095 607 1193 643 Πατρὶ,
1210 607 1243 633 δι’
1255 604 1286 633 οῦ
1299 607 1333 633 τὰ
1347 607 1436 633 πάντα
1451 607 1570 640 ἐγένετο,
1593 607 1628 633 τά
1642 616 1671 633 τε
1689 609 1717 633 ἐν
1731 607 1839 642 ούρανῴ

1041 654 1088 680 καὶ
1102 654 1135 680 τὰ
1147 654 1193 680 ἐπὶ
1202 653 1252 688 τῆς
1265 653 1317 688 γῆς
1326 661 1333 668 '
1351 653 1396 679 τὸν
1409 652 1442 678 δι’
1454 652 1528 688 ἡμᾶς
1542 652 1604 684 τοὺς
1615 651 1777 688 ἀνθρώπους
1787 653 1835 680 καὶ

1039 699 1084 726 διὰ
1093 700 1142 735 τὴν
1151 699 1288 735 ἡμετέραν
1296 699 1434 734 σωτηρίαν
1444 698 1620 730 κατελθόντα,
1628 698 1676 725 καὶ
1685 699 1839 734 σαρκωθέν-

1039 753 1084 777 τα,
1093 745 1140 772 καὶ
1148 744 1226 771 ὲνανθ
1232 746 1396 780 ρωπήσαντα
1407 765 1414 778 ,
1426 744 1545 771 παθόντα
1553 766 1560 777 ,
1571 745 1619 771 καὶ
1634 745 1790 772 ἀναστάντα
1802 747 1836 781 τῇ

1039 791 1117 826 τρίτῃ
1127 790 1229 826 ἡμέρᾳ,
1243 790 1389 817 ἀνελθόντα
1400 792 1439 822 εἰς
1447 791 1511 822 τοὺς
1529 791 1670 826 οὐρανοὺς,
1687 791 1837 827 ἐρχόμενον

1039 839 1131 873 κρῖναι
1141 836 1246 868 ζῶντας
1264 837 1311 863 καὶ
1324 836 1453 871 νεκρούς·
1468 837 1515 863 καὶ
1524 837 1564 868 είς
1578 837 1609 863 τὸ
1620 837 1697 872 ἆγιον
1713 837 1834 873 Πνεῦμα.

1038 884 1108 915 Τοὺς
1115 883 1143 910 δὲ
1157 883 1296 917 λέγοντας,
1308 881 1362 909 Ἦν
1375 891 1440 909 ποτε
1453 882 1498 909 ὅτε
1512 883 1561 909 οὑκ
1576 880 1622 918 ἦν,
1638 883 1686 909 καὶ
1697 883 1764 917 πρὶν
1773 892 1836 917 γεν-

197 939 260 958 cum
284 939 340 959 non
366 937 436 962 erat,
453 935 480 958 et
503 935 649 966 antequam
667 931 825 967 gigneretur
839 941 891 960 non
911 939 985 967 erat;

1039 929 1153 965 νηθῆναι
1180 930 1230 956 οὐκ
1246 927 1290 964 ἦν,
1318 928 1366 955 καὶ
1392 929 1434 955 ὅτι
1470 928 1514 962 Ἐξ
1537 929 1587 955 οὐκ
1606 929 1690 955 ὅντων
1715 929 1836 962 ἐγένετο,

197 981 246 1004 aut
265 985 280 1004 e
297 977 394 1010 nihilo,
423 976 481 1004 sive
504 984 537 1003 ex
551 977 638 1004 altera
657 985 784 1011 persona,
802 983 850 1006 aut
867 980 986 1006 essentia

197 1024 294 1051 dicunt
321 1023 471 1056 exstitisse,
493 1024 551 1052 sive
584 1024 706 1051 converti
731 1025 889 1060 mutarique
906 1033 988 1061 posse

198 1071 246 1098 Dei
259 1069 357 1098 Filium
367 1070 511 1103 aﬂirmant,
522 1070 572 1099 hos
584 1071 758 1098 anathemate
771 1071 883 1098 damnat
897 1072 989 1099 catho-

197 1117 250 1144 lica
265 1122 291 1144 et
305 1116 456 1152 apostolica
473 1115 606 1145 Ecclesia.
623 1117 678 1153 Ego
693 1117 828 1146 Photinus
843 1118 986 1153 presbyter

196 1164 348 1199 Ancyranue
363 1162 492 1191 Ecclesia:
505 1163 541 1191 ita
557 1163 639 1191 credo
656 1168 683 1191 et
699 1165 798 1197 sentio,
816 1169 844 1191 ut
860 1164 903 1191 hic
915 1165 986 1192 scri-

197 1215 273 1246 ptum
289 1215 341 1239 est.
355 1211 411 1246 Ego
421 1210 543 1247 Sigerius
560 1212 704 1247 presbyter
719 1211 842 1246 ejusdem
860 1211 988 1240 Ecclesiaa

198 1258 234 1283 ita
245 1257 326 1294 credo
339 1261 365 1284 et
376 1257 475 1290 sentio,
490 1261 519 1284 ut
533 1257 577 1284 hic
588 1258 720 1292 scriptum
732 1261 784 1285 est.
799 1257 854 1292 Ego
867 1257 988 1294 Hyginus

197 1302 330 1330 diaconus
349 1301 473 1336 ejusdem
490 1301 619 1330 Ecclesiae
632 1302 669 1329 ita
689 1302 773 1330 credo
796 1306 824 1330 et
840 1304 940 1337 sentio,
958 1308 988 1331 ut

197 1348 242 1374 hic
257 1347 390 1383 scriptum
412 1352 464 1375 est.
478 1347 533 1382 Ego
548 1347 706 1375 Heraclides
718 1348 904 1377 subdiaconus
917 1350 988 1385 ejus-

196 1393 258 1421 dem
277 1393 406 1420 Ecelesite
419 1394 457 1420 ita
472 1394 554 1421 credo
571 1398 598 1422 et
621 1394 721 1428 sentio,
746 1399 775 1422 ut
795 1395 838 1423 hic
854 1397 986 1431 scriptum

196 1443 248 1467 est.
259 1438 314 1475 Ego
325 1439 447 1475 Elpidius
456 1440 542 1467 lector
551 1440 675 1474 ejusdem
687 1440 816 1469 Ecclesia:
825 1442 862 1468 ita
870 1442 952 1470 credo
961 1447 985 1470 et

195 1486 296 1518 sentio,
312 1491 342 1513 ut
359 1486 404 1513 hic
417 1486 551 1521 scriptum
567 1491 618 1514 est.
639 1486 695 1522 Ego
713 1487 844 1523 Cyriaeus
858 1487 988 1516 defensor

196 1532 318 1568 ejusdem
334 1533 463 1560 Ecclesiae
478 1533 515 1560 ita
530 1533 613 1560 credo
636 1537 663 1560 et
690 1534 790 1565 sentio,
807 1538 837 1561 ut
852 1534 896 1562 hic
915 1535 986 1562 scri-

196 1584 272 1615 ptum
287 1583 339 1608 est.
356 1579 420 1607 Haec
441 1583 579 1614 suntquae
597 1579 630 1606 ad
646 1579 821 1607 confessores
837 1586 864 1608 et
877 1579 984 1613 Patres,

196 1625 234 1652 iiIi
260 1626 441 1661 scripserunt.
458 1623 523 1658 Quaa
552 1625 575 1652 si
592 1625 619 1652 in
639 1625 798 1653 melioribus
812 1632 873 1653 esse
888 1633 986 1654 nume-

196 1671 290 1703 randa,
304 1671 486 1707 intelligentes
496 1671 690 1707 judicaverint,
703 1678 751 1706 per
759 1678 801 1698 me
811 1675 839 1697 ut
851 1671 986 1706 ejusmodi

196 1719 348 1746 habeantur
364 1719 437 1746 licet.
449 1717 497 1746 Sin
514 1719 540 1745 in
555 1718 607 1745 hac
618 1718 676 1753 ipsa
689 1718 867 1748 excusatione
882 1726 914 1745 ac
928 1717 986 1746 dis-

194 1765 336 1800 putatione
351 1765 496 1792 titubatum
512 1764 545 1791 ab
560 1763 614 1792 illis
629 1763 814 1796 nonnihilest,
843 1771 874 1791 ac
890 1771 986 1800 parum

195 1814 268 1837 recte
280 1810 410 1844 positum,
427 1816 508 1836 suum
519 1808 591 1844 apud
604 1809 729 1836 eruditos
742 1809 832 1836 locum
847 1810 987 1837 ordinem-

193 1863 248 1890 que
262 1859 383 1883 teneant.
398 1854 540 1882 Postremo
551 1862 614 1881 cum
623 1854 656 1881 de
672 1854 800 1882 Marcello
815 1856 985 1890 superiorem

194 1909 304 1928 omnem
318 1900 504 1927 narrationem
523 1900 631 1927 abunde
646 1899 859 1934 instituerimus,
875 1901 909 1928 ab
936 1901 987 1929 hoc

194 1947 229 1975 ad
244 1947 312 1974 alias
327 1946 444 1974 hereses
459 1945 648 1973 transibimus.

361 2001 547 2030 ADVERSUS
575 2001 808 2030 SEMIARIANOS
818 2023 825 2035 ,

300 2059 365 2092 Qua
382 2064 419 2087 est
445 2059 551 2086 hwresis
567 2058 651 2092 L1H,
673 2059 725 2086 sive
742 2058 879 2086 LXXIII.

229 2115 251 2144 Ι.
267 2115 458 2150 POsteaquam,
479 2114 632 2149 opitulante
658 2113 723 2146 Deo.
748 2115 818 2147 Arii,
834 2121 985 2149 eorumque

195 2160 242 2195 qui
256 2160 322 2188 Ario
335 2162 540 2188 successerunt.
571 2158 690 2186 infelicia
705 2159 832 2195 dogmata
857 2159 984 2194 perrupi-

195 2213 268 2237 mus,
283 2205 311 2231 in
322 2204 474 2239 primisque
500 2202 624 2236 Photini;
649 2203 696 2230 sed
720 2207 747 2231 et
760 2203 879 2232 Marcelh
894 2204 985 2239 priora

195 2252 241 2279 illa
256 2250 455 2283 discussimus,
471 2251 499 2278 in
513 2250 612 2286 quibus
628 2250 752 2278 nonnihil
770 2250 888 2278 titubare
910 2251 983 2278 visus

193 2301 246 2330 est,
262 2305 376 2333 quaeque
387 2297 465 2325 initio
478 2296 592 2332 perinde
605 2301 687 2332 atque
697 2297 829 2325 ebrietate
841 2301 984 2332 correptus

194 2343 324 2370 evomuit.
341 2343 445 2378 (Atque
461 2343 565 2370 utinam
584 2343 657 2371 illius
673 2349 833 2376 sectatores,
849 2344 983 2379 siquidem

195 2389 253 2416 ﬁeri
266 2393 365 2422 potest.
379 2388 588 2424 enitendentur!)
599 2389 640 2416 Ad
653 2389 710 2416 ham
723 2397 784 2416 cum
796 2389 878 2425 845
889 2393 984 2416 exorta

194 2435 230 2463 ab
244 2435 360 2471 ipsomet
379 2435 444 2462 Ario
459 2435 563 2462 zizania
577 2435 668 2469 verbo,
695 2435 766 2470 quod
785 2439 827 2462 est
843 2435 916 2462 omni
931 2435 986 2470 gla-

194 2481 240 2509 dio
258 2481 371 2516 ancipiti
388 2482 584 2517 penetrabilius
605 2483 626 2515 ¹,
643 2481 838 2512 exciderimus,
857 2482 983 2509 conside-

195 2528 310 2555 randum
340 2527 421 2555 modo
446 2528 526 2555 nobis
553 2532 606 2558 est,
623 2526 873 2562 quemadmodum,
891 2528 982 2562 pullu—

195 2574 268 2602 lante
283 2574 353 2601 mala
378 2574 425 2601 illa
448 2575 505 2601 Arii
526 2573 712 2605 fruticatioue,
728 2581 815 2609 genus
845 2574 982 2609 quoddam

194 2621 440 2653 cmerseritsectae,
459 2627 539 2654 quam
557 2619 790 2646 Semiarianorum
804 2623 909 2647 vocant.
930 2619 983 2652 Qui

194 2667 302 2702 quidem
316 2667 378 2694 licet
392 2666 465 2693 illius
491 2673 589 2692 nomen
603 2664 720 2699 ejureut,
738 2666 865 2693 eumdem
893 2665 981 2701 ipsum

194 2718 295 2745 tamen,
313 2721 344 2740 ac
359 2712 521 2739 sceleratam
541 2711 613 2738 illius
632 2711 788 2745 opinionem
806 2711 935 2745 induunt,
957 2718 983 2740 ct

193 2760 323 2786 ementita
338 2758 454 2793 quadam
472 2757 573 2791 specie,
589 2764 620 2784 ac
637 2757 711 2783 larva
733 2757 827 2784 faciem
840 2765 916 2784 suam
934 2759 983 2785 0b-

194 2805 309 2837 ducunt,
324 2812 355 2830 ac
366 2803 552 2831 dissimulant.
578 2803 738 2837 Cujusmodi
769 2803 933 2831 histrionum
955 2805 981 2831 in

194 2850 309 2877 theatris
326 2857 387 2877 esse
402 2850 546 2877 consuevit
563 2849 635 2876 actio
654 2859 660 2876 :
676 2849 722 2884 qui
739 2850 791 2877 sub
805 2850 902 2878 alienis
922 2851 980 2878 vul-

234 2924 334 2953 ‘llebr.
354 2934 390 2958 IV,
409 2926 452 2952 12.
489 2926 499 2941 ¹
522 2926 550 2954 F.
571 2926 808 2962 ἐπιπλασσόμενοι.

1040 976 1056 1011 ἢ
1071 975 1100 1009 ἐξ
1116 975 1213 1011 ἐτέρας
1227 975 1403 1006 ὑποστάσεως
1416 974 1432 1010 ἢ
1450 974 1544 1006 οὐσίας
1560 975 1715 1010 φάσκοντας
1728 973 1808 1007 εἶναι,
1818 975 1836 1010 ἢ

1039 1022 1173 1058 τρεπτὸν,
1196 1022 1212 1057 ἢ
1235 1021 1383 1056 ἀλλοιωτὴν
1405 1021 1451 1048 τὸν
1473 1020 1537 1047 Υἱὺν
1559 1021 1605 1048 τοῦ
1629 1020 1708 1052 Θεοῦ,
1725 1021 1836 1052 τούτους

1040 1067 1262 1102 ἀναθεματίζειὴ
1277 1066 1408 1102 καθολικὴ
1423 1067 1469 1093 καὶ
1483 1065 1647 1101 ἀποστολικὴ
1668 1066 1831 1102 Ἐκκλησία.

1046 1114 1117 1148 Ἐγὼ
1127 1113 1258 1145 Φωτεινὺς
1270 1113 1456 1149 πρεσϐύτερος
1466 1113 1516 1148 τῆς
1532 1113 1600 1139 κατὰ
1612 1113 1754 1149 Ἀγκυραι
1774 1114 1838 1140 Ἐκ-

1040 1161 1156 1197 κλησίας
1167 1160 1239 1187 οὑτω
1250 1161 1372 1187 πιστεύω
1382 1160 1430 1186 καὶ
1443 1158 1544 1194 φρονῶ,
1560 1158 1597 1190 ὡς
1611 1159 1835 1195 προγέγραπται.

1046 1207 1116 1242 Ἐγὼ
1130 1207 1255 1242 Σιγέριος
1268 1205 1455 1242 πρεσϐύτερος
1467 1207 1517 1241 τῆς
1526 1205 1611 1240 αὐτῆς
1625 1205 1696 1231 οὕτω
1713 1205 1837 1231 πιστεύω

1039 1253 1088 1279 καὶ
1096 1252 1205 1289 φρονῶ,
1221 1253 1259 1284 ὡς
1272 1251 1492 1289 προγέγραπται.
1511 1250 1582 1285 Ἐγὼ
1599 1250 1838 1285 ’Υγῖνοςδιάκονος

1037 1299 1088 1334 τῆς
1105 1299 1190 1334 αὐτῆς
1209 1298 1281 1325 οὓτω
1298 1298 1419 1324 πιστεύω
1437 1298 1485 1324 καὶ
1500 1297 1602 1333 φρονῶ,
1624 1296 1662 1328 ὡς
1677 1296 1838 1333 προγέγρα-

1039 1353 1114 1371 πται.
1137 1343 1207 1378 Ἐγὼ
1219 1343 1399 1379 Ἡρακλείδης
1414 1342 1647 1378 ὑποδιάκονοςτῆς
1662 1342 1749 1377 αὐτῆς
1761 1342 1837 1369 οὕτω

1039 1389 1160 1417 πιστεύω
1174 1390 1220 1416 γαὶ
1238 1389 1341 1425 φρονῶ,
1363 1390 1401 1422 ὼς
1419 1390 1640 1426 προγέγραπται.
1659 1389 1730 1423 Ἐγὼ
1743 1389 1838 1416 Ἐλπί-

1037 1436 1093 1469 διος
1103 1436 1280 1472 ἀναγνώστης
1290 1437 1305 1463 ό
1322 1436 1424 1471 ταύτης
1441 1435 1513 1462 οὕτω
1527 1435 1648 1462 πιστεύω
1663 1435 1710 1461 καὶ
1724 1435 1815 1471 φρονῶ
1829 1455 1837 1467 ,

1037 1483 1075 1514 ὡς
1092 1482 1312 1518 προγέγραπται.
1339 1481 1411 1516 Ἐγὼ
1432 1481 1572 1517 Κυριακδς
1597 1481 1756 1517 προστάτης
1781 1480 1837 1516 τῆς

1038 1529 1124 1564 αὐτῆς
1137 1528 1209 1555 οὕτω
1225 1528 1346 1554 πιστεύω
1364 1528 1412 1555 καὶ
1427 1527 1534 1564 φρονῶ,
1555 1528 1591 1559 ὡς
1611 1528 1837 1564 προγέγραπται.

1039 1574 1133 1601 Ταῦτά
1144 1575 1201 1601 ἐστι
1219 1574 1254 1601 τὰ
1265 1574 1311 1600 ὑπ’
1326 1573 1415 1601 αὐτῶν
1436 1574 1505 1609 πρὸς
1518 1573 1582 1604 τοὺς
1594 1572 1764 1608 όμολογητὰς
1783 1574 1837 1600 καὶ

1039 1620 1167 1656 Πατέρας
1181 1620 1332 1656 γραφέντα.
1345 1619 1377 1646 El
1393 1619 1483 1646 τοίνυν
1496 1619 1609 1646 δύναται
1624 1619 1699 1654 παρὰ
1716 1619 1839 1646 συνετῶν

1037 1666 1154 1693 νοεῖσθαι
1167 1666 1196 1692 ὲν
1207 1665 1344 1693 καλλίοσιν
1358 1666 1501 1701 ὑπάρχειν,
1516 1665 1563 1692 καὶ
1573 1665 1605 1700 δὴ
1615 1665 1686 1691 οὕτω
1698 1664 1835 1701 τετάχθω.
1878 1679 1881 1681 ·

1037 1712 1070 1738 Ei
1084 1711 1112 1738 δὲ
1125 1711 1172 1738 καὶ
1183 1712 1274 1738 ἐκεῖσε
1292 1711 1374 1739 πάλιν
1385 1711 1430 1738 διὰ
1443 1713 1493 1747 τῆς
1508 1712 1537 1737 ὲν
1551 1711 1624 1747 αὑτῇ
1643 1712 1677 1746 τῇ
1699 1711 1836 1748 ἀπολογία

1036 1757 1163 1792 διαλογῆς
1180 1757 1311 1792 ἔσφαλταί
1326 1766 1387 1784 τινα
1403 1757 1437 1783 τὰ.
1450 1757 1500 1783 οὐκ
1513 1757 1580 1792 ὀρθὰ
1593 1756 1765 1793 ὑπάρχοντα,
1778 1758 1835 1784 πά-
1864 1788 1870 1793 η

1036 1803 1079 1830 λιν
1103 1803 1234 1835 ὡσαύτως
1247 1805 1304 1835 τοῖς
1326 1803 1488 1838 φιλομαθέσι
1501 1803 1633 1838 τετάχθω.
1658 1803 1701 1835 Ὠς
1716 1802 1764 1830 οῦν
1778 1804 1836 1830 τῶν

1037 1849 1243 1884 προειρημένων
1255 1840 1363 1876 τᾶν-των
1372 1849 1422 1884 τὴν
1433 1849 1572 1884 ὑφήγησιν
1582 1848 1757 1884 διεξήλθομεν
1769 1851 1834 1885 περὶ

1040 1894 1086 1921 τοῦ
1104 1894 1188 1921 αὑτοῦ
1205 1894 1383 1930 Μαρκέλλου,
1410 1893 1616 1930 παρελεύσομαι
1643 1894 1690 1920 καὶ
1721 1893 1832 1926 τοῦτον,

1038 1941 1085 1968 καὶ
1103 1940 1166 1977 [εἰς]
1181 1940 1230 1972 τὰς
1246 1941 1309 1976 ἑξῆς
1324 1941 1556 1976 διασκοπήσομαι.

1279 2007 1374 2034 ΚΑΤΑ
1388 2007 1594 2040 ΗΜΙΔΡΕΙΩΝ,

1032 2064 1150 2099 Αἵρεσις
1158 2063 1349 2098 πεντηκοστὴ
1358 2064 1452 2098 τρίτη,
1464 2063 1483 2098 ἢ
1494 2063 1543 2090 καὶ
1553 2063 1728 2098 ἐπτακοστὴ
1736 2065 1830 2099 τρίτη.

1071 2120 1110 2146 A'.
1120 2120 1164 2147 Ἐν
1173 2121 1206 2155 τῇ
1219 2119 1266 2146 τοῦ
1282 2119 1350 2146 Θεοῦ
1360 2120 1474 2156 δυνάμει
1484 2120 1531 2146 τοῦ
1552 2119 1658 2156 Ἀρείου
1672 2120 1707 2146 τὰ
1722 2121 1831 2156 σχέτλια

1036 2165 1233 2201 διαρρήξαντες
1247 2166 1359 2193 καὶτῶν
1377 2167 1435 2201 μετ’
1450 2166 1543 2200 αὑτὸν,
1558 2165 1691 2193 Φωτεινοῦ
1707 2167 1737 2193 τέ
1749 2176 1829 2203 τημι,

1036 2210 1104 2237 ἀλλὰ
1118 2211 1165 2237 καὶ
1179 2211 1340 2246 Μαρκέλλου
1351 2232 1359 2245 ,
1383 2213 1412 2238 ὲν
1434 2207 1456 2245 ᾧ
1475 2211 1558 2246 ὀλίγῳ
1576 2209 1651 2243 ἔδοξε
1672 2219 1830 2247 παρασεσα-

1036 2256 1159 2289 λεῦσθαι,
1172 2257 1190 2284 ἃ
1208 2257 1237 2291 ἐξ
1251 2257 1377 2293 ὑπαρχῆς
1389 2256 1534 2293 ἐξήμεσεν,
1549 2257 1588 2289 ὡς
1601 2257 1629 2284 ὲν
1646 2257 1715 2294 μέθῃ
1728 2259 1743 2284 ὁ
1762 2259 1830 2294 ἀνὴρ

1038 2302 1205 2338 προληφθοίς
1220 2303 1337 2338 (γένοιτο
1360 2304 1389 2330 δὲ
1402 2304 1465 2336 τοὺς
1480 2303 1563 2330 αὑτοῦ
1592 2304 1792 2340 διορθωθῆναι,
1806 2305 1832 2331 εἰ

1035 2354 1068 2382 γε
1080 2348 1267 2384 διορθώσοιντο
1277 2349 1283 2375 ί
1292 2349 1312 2383 )·
1321 2349 1389 2376 ἀλλὰ
1400 2349 1510 2376 καὶτῶν
1523 2349 1553 2382 ἐξ
1564 2349 1645 2376 αὑτοῦ
1659 2349 1708 2376 τοῦ
1725 2350 1829 2386 Ἀρείου

1037 2394 1227 2429 γεγενημένων
1239 2396 1272 2421 τὰ
1287 2393 1396 2426 ζιζάνια
1409 2394 1454 2422 διὰ
1463 2394 1509 2422 τοῦ
1526 2395 1597 2421 θείου
1608 2395 1687 2429 λόγου
1699 2395 1748 2422 τοῦ
1760 2396 1829 2431 ὑπὲρ

1037 2440 1129 2466 πᾶσαν
1146 2439 1284 2475 μάχαιραν
1296 2440 1422 2476 δίστομον
1432 2441 1588 2475 τομωτέρου
1606 2441 1770 2476 ἐκτεμόντες
1781 2442 1828 2478 τῆς

1037 2484 1069 2518 ἐξ
1084 2485 1166 2512 αὑτοῦ
1186 2486 1233 2512 τοῦ
1250 2486 1355 2521 Ἀρείου
1372 2487 1487 2522 φυείσης
1504 2486 1663 2522 ὑλομανίας,
1677 2487 1829 2522 διασκοπή-

1041 2538 1133 2564 σωμεν
1150 2530 1210 2562 πῶς
1226 2539 1299 2563 τινες
1329 2531 1551 2567 Ἡμιαρείςουσιν
1565 2551 1573 2564 ,
1598 2531 1702 2558 ἐκείνου
1728 2533 1778 2568 μὲν
1799 2534 1828 2560 τὸ

1034 2574 1120 2610 ὄνομα
1137 2575 1313 2611 ἀρνούμενοι,
1331 2577 1413 2604 αὐτὸν
1431 2577 1458 2603 δὲ
1479 2578 1526 2604 καὶ
1539 2577 1588 2613 τὴν
1606 2578 1689 2605 αὑτοῦ
1711 2580 1826 2606 κακοδο-

1037 2620 1096 2653 ξίαν
1112 2621 1292 2657 ἐνδεδυμένοι,
1307 2623 1484 2659 προσχήματι
1500 2632 1552 2650 τινι
1567 2625 1759 2660 προσποιητῶς
1773 2626 1828 2651 ἐπι-

1035 2668 1199 2704 πλαζόμενοι
1212 2670 1222 2684 ¹
1239 2671 1346 2701 ἑαυτοῖς
1361 2671 1391 2696 τὸ
1409 2670 1554 2706 πρόσωπον
1569 2671 1769 2706 ἠλλοιωμένον·
1791 2671 1826 2702 ὡς

1035 2716 1051 2749 ἡ
1068 2715 1121 2741 τῶν
1137 2715 1183 2741 ἐπὶ
1205 2717 1305 2752 σκηνῆς
1327 2717 1480 2744 πέπλασται
1509 2717 1718 2753 δραματουργία
1730 2738 1738 2750 ,
1757 2717 1825 2744 ὥστε

1036 2761 1220 2796 προσωπείοις
1233 2763 1337 2798 ἑτέροις
1348 2764 1396 2795 τὰς
1410 2764 1514 2790 ἑαυτῶν
1528 2764 1604 2798 ὄψεις
1628 2764 1807 2799 ἐπικρύπτειν
1818 2784 1824 2795 ,

1035 2807 1082 2833 καὶ
1103 2807 1208 2834 ἔνδοθεν
1227 2809 1275 2835 τοῦ
1294 2810 1443 2845 προσώπου
1456 2810 1490 2836 τὰ
1503 2810 1553 2845 τῆς
1565 2809 1710 2845 κωμῳδίας
1725 2810 1825 2845 αἰσχρά

1033 2861 1062 2879 τε
1077 2853 1123 2879 καὶ
1137 2853 1222 2889 μέθης
1240 2854 1345 2890 ἔμπλεα
1356 2856 1519 2891 διηγεῖσθαι,
1535 2856 1551 2892 ἤ
1566 2856 1653 2888 ἄλλως
1670 2857 1824 2892 φερόμενοι,
