1931 3041
111 156 166 185 405

368 164 376 170 ·
413 155 598 183 ADVEIISUS
615 151 786 181 llAiIIESES
805 150 868 177 LIII.
887 150 906 175 ll

959 150 1032 177 IUM.
1055 149 1117 177 1.-
1130 150 1268 178 IIERES.
1288 150 1402 179 LXXIII.

1693 156 1726 183 Ml
1731 157 1746 183 ti

118 212 302 248 Ἐκκλτισὶας,
327 212 534 248 ὲκϐξῦλημὲνων
558 213 612 239 τῶν
637 212 804 244 σκανδάλων,
832 211 906 247 είρη-

961 208 1025 234 mini
1050 209 1138 237 nostri
1157 209 1310 238 Constantii
1332 211 1458 245 imperio,
1483 212 1630 240 conciliata
1646 213 1748 248 ubique

112 258 204 285 νεύειν
220 267 249 285 τε
265 259 313 285 καὶ
328 260 387 290 ταῖς
403 258 543 294 λατρείαις
559 258 606 285 τοῦ
624 259 692 286 Θεοῦ
709 259 886 294 προσανέχειν
899 267 906 274 ο

110 305 208 341 ἐπειδὴ
226 305 265 337 δὲ,
283 306 321 338 ὡς
335 305 435 338 ἔοικεν,
455 305 485 333 οὺ
504 306 619 333 παύεται
636 307 650 332 ό
663 305 784 337 διάεολος
798 305 843 332 διὰ
855 305 908 332 τῶν

111 351 224 378 οἰκείων
237 351 343 378 σκευῶν
359 352 518 385 σπουδάζων
531 352 593 379 καθ’
607 352 714 383 ἑαυτὸν.
730 353 774 379 ἵνα
787 351 820 386 δὴ
840 352 908 380 πάν-

111 406 168 429 τως
181 398 217 424 τά
231 406 260 425 τε
280 399 346 434 περὶ
361 399 369 413 ¹
387 398 434 425 τοῦ
450 399 554 434 Κυρίου
580 398 786 435 προρρηθέντα,
802 398 850 425 καὶ
865 398 908 425 διὰ
927 408 930 410 τ

111 444 161 470 τοῦ
177 444 257 478 ἁγίου
278 445 440 472 Ἀποστόλου
460 445 608 480 σύμφωνα,
631 445 669 476 ὡς
684 445 730 471 ἐπὶ
747 444 907 481 προφυλακῇ

112 491 170 516 τῶν
186 491 290 517 πιστῶν
314 491 487 527 κηρυχθέντα
506 493 545 524 εις
560 491 729 518 ἀποστασίαν
745 491 907 526 ἐργάσηται,

113 535 235 562 ἐπινοῶν
259 538 422 572 καινισμοὺς
445 538 515 565 κατὰ
536 538 587 572 τῆς
606 537 836 573 έκκλησιαστικῆς
863 536 908 563 πί-

115 590 215 614 στεως,
232 584 279 610 καὶ
292 583 339 610 νῦν
352 585 381 610 ὲν
399 583 539 620 μορφώσει
557 584 635 616 τινὰς
648 583 788 616 εὐσεϐείας
802 583 908 610 οἰκειώ-

116 627 228 659 σασθαι,
244 628 291 655 καὶ
305 628 437 664 βεὸήλους
449 629 631 664 καινοφωνίας
645 629 677 656 δι’
693 629 783 656 αὐτῶν
798 630 906 665 ἐπινοῆ-

115 681 163 700 σαι
180 674 251 701 κατὰ
275 675 324 709 τῆς
343 675 471 707 εὐσεϐοῦς
487 676 662 712 γνησιότητος
681 676 728 703 τοῦ
747 676 907 712 μονογενοῦς

117 719 183 746 Υἰοῦ
206 720 254 747 τοῦ
270 721 349 754 Θεοῦ,
373 722 505 758 πρότερον
525 723 574 758 μὲν
595 723 740 755 ἀκούοντες
766 723 836 750 κατὰ
857 724 908 759 τὴν

121 766 287 802 Ἀντιόχειαν
302 768 453 804 διατρέχειν
467 769 544 800 τινὰς
553 787 560 801 ,
575 769 644 796 ἀλλὰ
658 771 704 796 καὶ
715 769 765 805 τὴν
784 769 908 802 Ἀλεξάν-

114 812 220 847 δρειαν,
234 813 274 840 ἔτι
286 822 316 840 τε
331 815 378 842 καὶ
391 815 441 850 τὴν
451 815 560 846 Λυδίαν,
572 815 598 842 εἴ
609 824 638 842 τε
653 816 724 844 κατὰ
732 815 781 851 τὴν
803 815 905 848 Ἀσίαν,

117 858 164 884 καὶ
183 858 314 893 ἐμϐαλεῖν
336 860 486 896 σπινθῆρας
505 861 634 894 άσεὸείας
656 863 716 894 ταῖς
734 863 790 890 τῶν
808 863 905 890 ἁπλου-

115 904 223 940 στέρων
235 905 344 940 ψυχαῖς,
360 907 508 942 ἐλπίζομεν
528 908 572 935 διὰ
583 909 614 934 τὸ
628 909 764 945 τολμηρὸν
777 910 827 945 τῆς
847 910 907 937 ἀσε-

115 950 203 982 6εἱας,
223 951 270 978 καὶ
285 952 412 980 τοσοῦτον
436 954 543 986 ἀναιδὲς
555 954 646 982 αὐτῶν
665 956 905 992 ὑπερμαχοὺντων,

115 996 163 1022 καὶ
175 996 231 1023 τῶν
254 997 324 1024 κατὰ
345 999 427 1025 τόπον
439 999 541 1035 κυρίων
563 1000 788 1037 συλλειτουργῶν,
805 1011 910 1039 μαρανο

115 1041 197 1113 θῆνῗι
214 1043 265 1078 τὴν
281 1045 478 1080 προνοηθεῖσαν
491 1046 609 1082 αἰρεσιν,
629 1047 677 1074 καὶ
692 1047 840 1084 σϐεσθῆναι
857 1049 908 1085 τὴν

116 1093 170 1113 και
182 1095 227 1113 αν.

116 1093 227 1114 κακιαν.

157 1219 268 1255 Ἐπειδὴ
284 1220 349 1256 ἑξῆς
372 1221 399 1248 οἵ
418 1231 449 1249 τε
465 1224 498 1251 ἐκ
520 1223 572 1251 τῶν
589 1226 799 1261 προειρημένων
818 1228 908 1254 τόπων

115 1265 314 1301 ἐπιδημοῦντες
337 1269 384 1296 καὶ
404 1271 429 1296 οἱ
452 1271 507 1298 ἀπὸ
527 1271 582 1298 τῶν
603 1272 675 1299 κατὰ
701 1272 731 1300 τὸ
762 1273 908 1310 Ἰλλυρικὸν

116 1311 347 1346 ἀπαγγέλλουσιν,
361 1315 400 1347 ὡς
421 1316 540 1353 σπουδὴν
558 1318 680 1350 τιθέντες
703 1319 728 1346 οὶ
745 1319 839 1347 τούτου
861 1320 908 1348 τοῦ

118 1358 205 1384 κακοῦ
223 1359 376 1395 ἐξευρεταὶ,
391 1362 438 1389 καὶ
451 1363 576 1396 πλείονας
593 1364 722 1400 βλάπτειν
735 1366 888 1402 τολμῶντες
900 1388 907 1400 ,

121 1403 248 1448 καὶπρὸς
263 1405 361 1433 κακίαν
374 1407 488 1442 ζυμοῦν,
500 1409 591 1436 οὐκέτι
605 1410 785 1446 ἀνασχόμενοι
798 1412 909 1448 ὑπερτί-

116 1447 232 1480 θεσθαι,
262 1449 330 1477 ἀλλὰ
354 1451 401 1478 καὶ
425 1453 481 1485 τοῖς
511 1454 673 1490 γράμμασιν
699 1447 909 1492 ἐντυγχάνοντες

116 1495 172 1526 τοῖς
188 1494 236 1521 τοῦ
248 1495 385 1532 όμοψύχου
397 1497 603 1535 συλλειτουργοῦ
616 1501 694 1536 ἡμῶν
708 1502 844 1538 Γεωργίου
860 1502 908 1530 τοῦ

923 876 944 905 Β

959 256 995 284 ab
1008 261 1069 284 ortu
1087 257 1120 284 ad
1144 265 1272 286 occasum
1291 257 1425 292 Ecclesia,
1445 259 1595 295 ejectisque
1610 261 1748 289 scandalis

960 310 1054 338 pacem
1070 303 1204 335 oblinere.
1223 311 1254 332 ac
1270 305 1371 333 divinis
1384 305 1523 340 obsequiis
1540 306 1678 335 insistere.
1695 307 1747 335 Sed

960 349 1102 383 quoniam,
1119 354 1149 375 ιιι
1163 349 1283 382 videtur,
1305 350 1442 383 diabolus,
1462 357 1516 385 quo
1535 351 1639 379 scilicet
1656 351 1748 379 omnia

961 394 1018 427 illa,
1031 402 1091 429 quae
1106 402 1120 422 ιι
1137 394 1253 422 Domino
1274 395 1403 430 praedicta
1426 399 1502 428 sunt,
1517 400 1545 423 et
1562 395 1597 423 ab
1616 396 1747 431 Apostolo

959 446 1145 469 consentanee
1167 441 1200 468 ad
1222 441 1342 469 ﬁdelium
1364 441 1520 469 cautionem
1540 441 1573 470 de
1595 441 1748 470 defectione

959 487 1123 521 prmdicata,
1145 486 1179 514 ad
1210 486 1312 514 exitum
1335 486 1462 520 deducat,
1488 487 1566 515 novis
1583 487 1746 523 quihusdam

960 533 1124 560 commentis
1144 536 1240 560 contra
1266 533 1453 561 ecclesiastica
1475 533 1536 561 ﬁdei
1561 533 1747 561 sinceritatem

959 579 1105 614 oppositis,
1125 579 1152 606 id
1167 587 1249 615 agere
1262 580 1408 615 molirique
1431 587 1486 607 non
1501 579 1612 612 desinit,
1629 584 1659 607 ut
1677 588 1747 607 non-

959 625 1043 654 nullis
1065 626 1156 661 specie
1178 626 1297 661 quadam
1313 626 1449 654 ementita:
1470 626 1578 661 pietatis
1597 626 1747 661 adjunetis,

959 671 1088 707 profanas
1099 671 1232 707 quasdam
1251 679 1348 700 vocum
1363 673 1498 700 nevitates
1508 692 1515 703 ,
1534 671 1667 700 adversus
1682 672 1748 700 reli-

959 719 1062 754 giosam
1085 718 1217 754 unigeniti
1239 718 1286 745 Dei
1304 718 1364 745 Filii
1387 719 1593 754 germanitatem
1614 725 1662 750 per
1686 717 1748 745 illos

959 765 1104 800 excogitet.
1112 763 1180 792 Cum
1191 768 1218 792 et
1230 769 1308 792 antea
1317 764 1462 792 nonnullos
1475 764 1647 791 Antiochiam
1659 764 1747 796 obire,

960 819 1067 839 necnon
1085 814 1112 838 et
1128 810 1320 841 Alexandriam
1335 817 1366 838 ac
1385 809 1508 846 Lydiam,
1521 814 1548 838 ct
1559 809 1640 845 847
1653 809 1747 837 Asiam

961 856 1144 889 audissemus,
1160 856 1253 891 ibique
1270 856 1418 891 impietatis
1428 863 1485 883 sua:
1502 856 1636 884 scintillas
1652 855 1746 883 rudio-

959 910 1019 929 rum
1037 902 1137 930 animis
1154 901 1311 934 immittere,
1328 909 1425 936 magna
1447 909 1498 929 nos
1515 910 1578 936 spes
1594 906 1678 933 tenet.
1698 910 1748 937 pro

959 952 1034 976 tanta
1060 948 1174 977 sceleris
1199 948 1324 979 audacia,
1347 955 1379 975 ac
1407 952 1462 975 tam
1486 948 1608 982 proiecta
1639 948 1747 976 illorum

959 994 1137 1030 impudentia,
1154 994 1177 1022 si
1192 999 1219 1022 et
1238 1001 1299 1027 nos,
1314 997 1342 1021 ct
1364 993 1411 1028 qui
1431 993 1458 1021 in
1477 994 1531 1020 illis
1547 994 1614 1021 locis
1629 994 1748 1021 ministri

958 1040 1067 1067 Domini
1081 1047 1113 1068 ac
1125 1040 1236 1075 collega:
1260 1043 1336 1073 sunt,
1352 1039 1482 1067 Ecclesiae
1502 1040 1746 1075 propugnationem

959 1086 1173 1121 susciperemus,
1190 1086 1327 1113 inventam
1347 1085 1421 1113 illam
1440 1093 1527 1120 nuper
1538 1085 1663 1113 haeresim
1686 1093 1748 1120 pro-

958 1131 1064 1167 (ligari,
1093 1135 1175 1167 atque
1193 1138 1301 1159 omnem
1331 1131 1405 1158 illam
1437 1130 1640 1166 improbitatem
1668 1138 1749 1166 posse

960 1177 1101 1213 restingui.

994 1224 1129 1257 Quoniam
1149 1230 1214 1252 vero
1237 1227 1293 1250 tam
1321 1223 1356 1251 ab
1379 1222 1413 1251 iis
1434 1227 1546 1258 postea,
1566 1223 1613 1258 qui
1638 1231 1670 1251 ex
1695 1223 1749 1252 illis

960 1273 1028 1300 locis
1045 1272 1099 1300 huc
1117 1271 1233 1307 profecti
1247 1275 1322 1304 sunt,
1340 1279 1422 1306 quam
1437 1279 1471 1299 ex
1489 1270 1659 1307 Illyricorum
1678 1279 1749 1298 nun-

960 1318 1005 1345 tiis
1021 1318 1188 1352 accepimus,
1205 1317 1269 1345 mali
1291 1317 1373 1352 hujus
1391 1321 1517 1345 auctores
1541 1324 1652 1345 onmem
1669 1316 1750 1344 indu-

960 1365 1055 1392 Striam
1080 1364 1229 1396 adhibere,
1253 1371 1286 1392 ac
1312 1363 1452 1400 plerisque
1477 1363 1626 1399 perniciem
1644 1363 1749 1390 machi-

960 1411 1032 1444 nari,
1046 1417 1149 1446 eosque
1162 1410 1238 1438 velut
1264 1409 1428 1438 fermentum
1446 1409 1585 1445 quoddam
1597 1410 1631 1437 ad
1653 1409 1750 1444 nequi-

960 1457 1025 1483 tiam
1045 1455 1201 1484 distendere
1214 1475 1222 1489 ,
1243 1463 1300 1484 rem
1317 1456 1389 1483 ultra
1413 1455 1588 1483 diﬁ'ercndam
1607 1461 1669 1482 esse
1693 1461 1748 1482 non

960 1503 1130 1530 censuimus.
1144 1502 1196 1530 Sed
1216 1509 1279 1530 cum
1306 1502 1413 1530 litteras
1438 1502 1551 1537 insuper
1576 1502 1611 1530 ab
1625 1502 1748 1529 unanimi

118 1540 167 1575 τῆς
187 1541 345 1575 Λαοδικείας
364 1544 536 1581 Ἐκκλησίας,
552 1543 590 1573 ὧν
605 1548 640 1574 τὰ
659 1547 792 1575 ἀντίτυπα
807 1549 906 1577 ὑπετά-

960 1549 1064 1584 eollega
1086 1553 1183 1576 nostro
1209 1547 1326 1584 Georgio
1348 1548 1477 1584 episcopo
1498 1547 1657 1576 Laodic’ena:
1672 1547 1749 1575 urbis

117 1587 216 1622 ξαμεν.
239 1589 287 1616 καὶ
311 1589 361 1622 τὰς
389 1592 544 1628 μαρτυρίας
567 1593 622 1620 τῶν
643 1593 906 1631 διαμαρτυραμένων

960 1594 1174 1629 accepissemus,
1188 1602 1306 1630 quarum
1322 1594 1477 1630 exemplum
1495 1593 1540 1621 hic
1557 1593 1748 1629 ascripsimus.

116 1632 187 1667 πρὸς
204 1633 278 1668 ἡμᾶς
292 1635 338 1662 ἐπὶ
359 1636 442 1669 Θεοῦ,
466 1637 678 1672 εὐλαϐηθέντες,
700 1639 738 1670 ὡς
760 1640 875 1666 ἐνεδίδου
893 1641 906 1667 ὁ

959 1644 985 1669 et
1002 1648 1096 1668 eorum
1114 1640 1347 1673 denuntiationes,
1364 1641 1411 1676 qui
1426 1648 1518 1668 coram
1535 1639 1591 1667 Deo
1605 1647 1655 1667 nos
1669 1639 1748 1667 oblc-

116 1681 228 1717 καιρὸς,
243 1683 293 1717 τῆς
307 1682 387 1717 ἁγίας
406 1684 513 1719 ἡμέρας
528 1684 576 1711 τοῦ
595 1684 691 1720 Πάσχα
712 1685 905 1722 ἐπικειμένης,

118 1727 297 1762 συναχθέντες
317 1729 380 1755 ὅσοι·
393 1737 425 1763 γε
441 1728 615 1765 ἠδυνήθημεν
638 1729 708 1766 [καὶ]
725 1731 905 1766 συναχθῆναι,

116 1773 161 1800 διὰ
172 1775 220 1801 καὶ
227 1774 289 1801 τὸν¹
304 1775 426 1810 χειμῶνα
436 1776 494 1807 τοῖς
509 1775 615 1808 πολλοῖς
631 1776 756 1811 ἐμποδὼν
768 1777 905 1811 γενέσθαι,

117 1819 155 1850 ὡς
163 1820 207 1847 διὰ
223 1820 278 1847 τῶν
288 1821 460 1857 γραμμάτων
471 1822 624 1858 ὲσήμαναν,
639 1823 767 1850 ἐκθέσθαι
779 1824 819 1856 εἰς
829 1824 908 1851 τοῦτο

115 1865 148 1892 τὸ
161 1863 231 1898 εἶδος
245 1866 301 1901 (46)
321 1867 370 1903 τῆς
388 1867 504 1900 πίστεως
519 1868 550 1894 τὸ
572 1868 669 1904 ἰδίωμα
687 1869 906 1905 ἐσπουδάσαμεν,

115 1911 180 1937 ὅσον
202 1911 249 1938 ἐπὶ
270 1913 326 1943 τοῖς
343 1913 456 1944 λοιποῖς,
471 1914 506 1948 τῇ
528 1913 557 1940 ὲν
577 1913 742 1950 Ἀντιοχείᾳ,
767 1915 805 1947 ὡς
836 1925 905 1952 προ-

116 1956 236 1992 έφημεν,
258 1957 398 1994 ὲκτεθείσῃ
416 1966 445 1984 τε
461 1958 552 1985 πίστει
567 1960 599 1994 τῇ
623 1959 652 1985 ἐν
666 1961 722 1992 τοῖς
741 1961 904 1995 ὲγκαινίοις·

115 2001 186 2029 ἀλλὰ
200 2003 248 2029 καὶ
268 2004 297 2030 ἐν
313 2005 346 2038 τῇ
364 2003 483 2039 Σαρδικῇ
496 2024 503 2035 ,
519 2003 552 2040 ἢν
568 2004 711 2039 ἀνείληφεν
725 2006 741 2040 ἡ
759 2007 788 2033 ὲν
800 2007 906 2043 Σιρμίῳ

116 2048 241 2080 σύνοδος,
267 2048 314 2075 καὶ
336 2050 393 2080 τοῖς
416 2049 520 2076 ἐκεῖθεν
547 2049 705 2084 λογισμοῖς.
729 2050 908 2087 διαρθρώσειν

115 2093 240 2128 ἀκριϐῶς
263 2093 313 2129 τὴν
335 2094 375 2125 εἰς
391 2093 439 2129 τὴν
458 2093 540 2127 ἁγίαν
561 2093 665 2129 Τριάδα
688 2095 737 2129 τῆς
759 2095 908 2131 καθολικῆς

123 2138 288 2174 "Exul-quia;
308 2139 414 2166 πίστιν·
433 2139 501 2175 πρὸς
522 2139 552 2167 δὲ
572 2139 661 2172 τοῦτο,
683 2139 721 2172 ὡς
734 2141 905 2177 προέφημεν,

115 2186 165 2220 τῆς
191 2185 366 2220 καινοτομίας
396 2185 428 2211 τὸ
450 2184 519 2217 εἶδος
549 2185 639 2221 μόνον,
667 2185 705 2218 ὡς
732 2187 848 2213 ἐνεδίδου
873 2187 905 2214 τὸ

117 2230 240 2266 Πνεῦμα,
256 2231 504 2267 ὑπαγορεύσαντες.
520 2233 575 2258 Καὶ
591 2232 803 2268 παρακαλοῦμεν
820 2234 903 2269 ὑμᾶς,

123 2276 215 2312 κύριοι
248 2276 408 2313 τιμιώτατοι
434 2277 635 2313 συλλειτουργοὶ
661 2279 834 2314 ἐντυχόντες,
863 2281 905 2307 ὅτι

114 2321 269 2358 ιράσθητε⁸
277 2324 309 2359 τῇ
320 2324 352 2350 ὲκ
365 2323 490 2360 πατέρων
502 2324 686 2362 παραδοθείσῃ
699 2325 798 2355 πίστει,
808 2326 856 2352 καὶ
867 2327 905 2359 ὡς

114 2367 249 2402 σύμφωνα
270 2369 335 2404 ὑμῖν
357 2369 521 2406 φρονοῦμεν,
539 2370 576 2402 ὡς
592 2371 824 2407 πεπιστεύκαμεν,
839 2373 905 2400 ὑπο-

114 2413 304 2448 σημήνασθαι’
331 2414 374 2441 ῖνα
408 2414 663 2451 πληροφορηθέντες
690 2417 715 2443 ot
743 2416 793 2452 τὴν
818 2418 904 2454 αὐτὴν

112 2458 240 2484 ἁτέῦειαν
259 2459 417 2493 ἐπεισάγειν
428 2459 593 2495 τολμῶντες,
607 2461 647 2487 ὅτι
665 2461 790 2498 καθάπερ
804 2463 904 2499 κλῆρόν

113 2511 174 2529 τινα
186 2503 235 2539 τὴν
256 2505 287 2531 ὲκ
300 2505 355 2531 τῶν
376 2505 562 2534 ἁποστολικῶν
577 2507 681 2543 χρόνων
693 2508 738 2536 διὰ
753 2509 807 2536 τῶν
820 2510 850 2537 ἐν
865 2511 906 2546 τῷ

115 2549 191 2593 μέσῳ
211 2550 275 2585 ἄχρι
289 2550 337 2577 καὶ
355 2550 435 2586 ἡμῶν
456 2551 586 2587 πατέρων
601 2553 796 2589 ὑποδεξάμενοι
815 2547 906 2584 πίστιν

115 2595 299 2631 ςυλάσσομεν,
315 2596 331 2632 ἢ
346 2597 535 2632 αἰσχυνθέντες
549 2599 778 2636 διορθωοήσονται
788 2622 796 2635 ,
811 2602 828 2637 ἢ
845 2603 906 2629 ἐπι-

115 2641 242 2675 μένοντες
256 2642 468 2678 ἀποκηρυχθῶσι
488 2643 537 2679 τῆς
565 2645 728 2681 Ἐκκλησίας
740 2665 748 2678 ,
767 2647 816 2683 τὴν
837 2648 904 2675 ἁπο-

114 2687 227 2713 στισέαν
242 2687 280 2723 τῷ
295 2688 345 2724 υἱῷ
360 2689 409 2724 τῆς
425 2689 540 2724 ἀνομίας
550 2711 557 2723 ,
572 2690 602 2722 ὃς
616 2691 717 2727 τολμᾷν
732 2692 843 2720 ἀπειλεῖ
855 2695 901 2721 καὶ

960 1686 1115 1718 stabantur,
1132 1689 1242 1714 fcrenti
1260 1693 1395 1717 essemus,
1412 1691 1462 1719 pro
1476 1691 1509 1712 eo
1524 1690 1557 1710 ac
1575 1691 1624 1718 per
1641 1688 1749 1718 tempus

959 1731 1079 1764 licebat,
1106 1731 1266 1759 imminente
1285 1734 1463 1758 sacrosancto
1484 1728 1627 1757 Paschalis
1649 1729 1704 1760 dic,
1720 1728 1747 1755 in

960 1784 1044 1804 unum
1062 1776 1180 1808 collecti,
1195 1779 1329 1811 quotquot
1339 1775 1435 1803 adesse
1446 1775 1585 1810 potuimus
1597 1774 1677 1810 (nam
1690 1773 1747 1809 ple-

958 1829 1060 1857 rosque
1079 1822 1168 1850 hiems
1183 1821 1347 1854 interclusit,
1365 1825 1395 1848 ut
1408 1828 1440 1848 ex
1455 1827 1549 1848 eorum
1566 1820 1665 1847 litteris
1677 1819 1749 1846 didi<

959 1867 1198 1903 cimus),operam
1216 1866 1354 1899 dedimus,
1367 1869 1396 1893 ut
1409 1865 1444 1893 ad
1455 1870 1593 1900 receptam
1613 1864 1675 1892 ﬁdei
1693 1863 1749 1892 for-

959 1913 1060 1940 mulam
1079 1914 1218 1948 proprium
1237 1912 1378 1948 quiddam,
1397 1915 1479 1947 atque
1492 1910 1651 1946 expressius
1664 1909 1748 1938 adde-

959 1963 1045 1993 retur,
1066 1963 1096 1986 ut
1119 1963 1180 1994 post
1198 1962 1312 1986 ceteras
1333 1958 1393 1985 ﬁdei
1412 1957 1609 1993 professiones,
1620 1964 1684 1999 cam
1704 1956 1748 1983 ni-

958 2005 1069 2039 mirum,
1086 2013 1147 2041 quae
1167 2005 1318 2033 Antiochiae
1337 2004 1389 2033 sub
1405 2003 1534 2032 Ecclesiae
1548 2002 1748 2030 dedicationem

958 2052 1098 2088 proposita
1117 2056 1180 2086 est;
1209 2059 1315 2080 necnon
1338 2055 1367 2078 et
1389 2051 1417 2078 in
1441 2050 1598 2078 Sardicensi
1631 2048 1747 2085 synodo,

957 2103 1039 2131 quam
1056 2096 1216 2125 Sirmiensis
1226 2096 1351 2131 amplexa
1368 2100 1429 2129 est;
1445 2099 1472 2123 et
1486 2095 1520 2122 ad
1537 2095 1658 2122 rationes
1675 2089 1746 2126 mas,

957 2149 1018 2177 qua:
1041 2142 1069 2169 in
1096 2142 1171 2170 hisce
1194 2142 1320 2170 conciliis
1344 2141 1485 2176 explicatae
1507 2145 1581 2172 sunt,
1604 2139 1748 2167 catholica:

959 2188 1087 2216 Ecclesiae
1101 2187 1135 2215 de
1151 2191 1247 2215 sancta
1264 2187 1399 2215 Trinitate
1412 2186 1510 2221 dogma
1526 2185 1684 2214 distinctius
1699 2193 1747 2212 ex-

960 2234 1090 2269 plicatum
1114 2241 1130 2260 a
1152 2233 1232 2261 nobis
1251 2234 1403 2261 accederet.
1423 2232 1454 2260 ιιι
1471 2239 1525 2268 qua
1544 2231 1652 2267 quidem
1677 2237 1748 2258 nova

959 2280 1021 2308 ﬁdei
1041 2278 1227 2307 declaratione
1247 2279 1314 2306 nihil
1329 2278 1402 2306 aliud
1424 2285 1506 2313 quam
1532 2277 1605 2313 quod
1627 2276 1747 2312 Spiritus

959 2327 1226 2360 sanctusImeutibus
1242 2326 1346 2354 nostris
1365 2325 1538 2360 suggerebat,
1562 2323 1669 2351 dictare
1686 2327 1746 2351 stu-

957 2373 1077 2401 duimus.
1087 2372 1220 2407 Quocirca
1232 2373 1314 2401 etiam
1327 2377 1409 2408 atque
1425 2371 1507 2399 etiam
1519 2378 1568 2398 vos
1584 2377 1745 2406 precamur,

957 2419 1127 2447 venerabiles
1148 2418 1251 2446 domini
1268 2426 1300 2446 ac
1320 2418 1441 2453 collegae,
1459 2422 1490 2444 ut
1509 2417 1587 2444 lectis
1603 2416 1647 2443 his
1674 2416 1747 2443 litte-

956 2465 1006 2498 ris,
1022 2472 1085 2492 eum
1109 2465 1187 2492 vobis
1204 2464 1332 2491 traditam
1352 2471 1368 2491 a
1391 2462 1543 2498 majoribus
1564 2461 1645 2489 ﬁdem
1669 2460 1746 2488 cordi

955 2519 1034 2544 esse;
1052 2515 1109 2539 tum
1123 2518 1175 2538 nos
1187 2510 1281 2538 eadem
1295 2510 1439 2537 vobiscum
1451 2509 1563 2541 sentire,
1576 2515 1607 2535 ac
1622 2506 1745 2543 proﬁteri

955 2558 1137 2593 signiﬁcetis:
1159 2561 1188 2585 ut
1202 2557 1249 2592 qui
1275 2556 1442 2592 impietatem
1468 2555 1540 2582 illam
1563 2554 1746 2582 disseminaro

957 2611 1011 2632 non
1025 2607 1164 2636 verentur,
1181 2611 1243 2630 cum
1264 2602 1290 2630 id
1306 2607 1382 2630 certo
1393 2600 1590 2637 compererint,
1608 2600 1680 2626 illam
1694 2606 1745 2626 nos

957 2651 1047 2683 ﬁdem,
1064 2658 1147 2686 quam
1171 2650 1206 2678 ab
1221 2649 1380 2685 apos'olicis
1401 2649 1464 2676 inde
1482 2645 1662 2682 temporibus.
1678 2652 1745 2672 con-

955 2697 1060 2724 tinuata
1076 2697 1111 2724 ad
1152 2696 1243 2730 patres
1257 2697 1366 2733 nostros
1380 2699 1467 2728 usque
1482 2687 1655 2719 successione
1666 2695 1742 2716 acce-

149 2770 155 2784 ¹
175 2768 203 2795 Ι·“.
220 2769 302 2804 παρά.
342 2770 351 2784 ¹
371 2768 399 2795 l-‘.
412 2769 442 2795 τὸ
458 2770 504 2796 καὶ
517 2770 572 2798 τόν.
613 2771 622 2786 ³
634 2771 662 2798 F.
676 2771 825 2809 ὴράσθητε,
850 2775 897 2802 sed

959 2784 1013 2803 rum
1045 2777 1171 2805 sincerus
1200 2777 1347 2805 hiclocus.

148 2847 220 2890 (ιρι.
234 2847 388 2890 ’βιηέᾳθμι
411 2849 454 2880 εἰς
475 2848 562 2875 τοῦτο
593 2850 624 2875 τὸ
646 2847 735 2890 εζδρς.
759 2850 815 2877 Hoc
843 2856 884 2878 est

966 2853 1098 2888 formula,
1127 2854 1350 2890 profcssioncquc
1382 2852 1442 2880 ﬁdei
1469 2849 1630 2879 nominatim
1665 2848 1734 2885 ejus,

113 2882 185 2917 quod
199 2883 230 2910 ab
244 2883 379 2910 ILL'l‘L'lILIS
393 2888 576 2920 oppugnatur,
590 2882 754 2913 mentionem
770 2886 900 2920 adjicere.
