1931 3041
204 153 256 182 407
897 152 925 181 Β.
947 153 966 180 Ε

1073 152 1115 180 NII
1571 161 1584 172 ⁸
1785 158 1832 184 408

207 213 308 247 pimus,
325 214 401 242 velut
421 211 618 249 patrimonium
634 215 715 248 tueri,
732 222 764 242 ac
779 214 936 248 defendere,
952 223 969 240 ν

1070 224 1087 246 ης
1100 215 1145 241 τὸν
1164 215 1228 241 ναὸν
1240 214 1288 241 τοῦ
1304 214 1372 242 Θεοῦ
1395 215 1505 242 καθίσαι
1525 215 1574 250 ἤδη
1588 235 1595 248 ,
1610 215 1643 242 δι’
1661 215 1758 242 ἑαυτὸν
1772 225 1832 251 προ-

206 260 311 294 pudore
328 259 418 287 allecti
438 260 471 286 ad
492 260 631 288 meliorem
644 265 762 288 mentem
779 268 809 288 se
830 261 968 288 conferam

551 261 631 287 iorem
644 265 762 288 mentem
779 268 809 288 se
830 261 993 294 conferant;
1047 260 1313 296 παρασκευάζοντες.

206 307 250 333 vel
270 307 293 334 si
316 307 344 334 in
363 307 536 341 improbitate
555 308 711 342 persistant,
731 308 765 335 ab
784 307 908 336 Ecclesia
929 308 1155 343 proscribantur;
1185 313 1280 344 utpote
1308 309 1354 345 qui
1388 310 1540 345 iniquitatis
1572 310 1638 342 ﬁlio,
1673 310 1721 345 qui
1739 309 1781 338 vel
1807 309 1834 337 in

208 353 254 381 Dei
268 354 368 389 templo
384 354 476 382 sedem
493 362 570 381 suam
584 355 640 390 jam
657 363 731 382 nunc
750 363 779 383 se
797 356 995 383 collocaturum
1013 356 1134 383 minatur
1147 357 1167 388 ι,
1181 357 1363 384 defectionem
1380 364 1429 392 per
1443 365 1505 385 sese
1515 360 1687 391 comparent.

240 399 385 435 848111.
408 400 491 435 Igitur
513 400 578 427 fich
601 405 695 428 nostra
721 401 754 428 ad
775 401 881 429 Patrem
899 406 925 429 et
949 401 994 428 Fi-

1082 403 1118 428 Γ’.
1145 403 1177 429 ’11
1191 403 1283 434 πίστις
1296 402 1374 438 ἡμῶν
1386 404 1426 434 εἰς
1438 403 1548 438 Πατέρα
1560 403 1607 429 καὶ
1621 402 1684 428 Υἱδν
1697 402 1746 429 καὶ
1760 402 1833 436 ἅγιον

207 445 284 477 lium,
302 449 329 472 ct
348 444 481 480 Spiritum
501 450 626 473 sanctum
643 447 770 474 refertur.
790 446 835 474 Sic
851 448 923 474 enim
940 447 969 474 Dt

1071 448 1158 483 νεῦμα
1182 449 1216 483 (ὃ)
1245 450 1329 475 ἐστιν.
1346 448 1424 475 Οὕτω
1444 449 1499 484 γὰρ
1515 448 1638 475 ἐδίδασκε
1654 449 1718 480 τοὺς
1738 447 1833 474 ἑαυτοῦ

206 491 297 518 minus
313 495 406 518 noster
425 490 505 519 Jcsus
522 492 648 520 Christus
664 492 814 528 discipulos
834 501 899 521 suos
916 494 968 521 inst

1070 493 1172 529 αθητάς
1191 495 1206 520 ὁ
1227 494 1326 529 Κύριος
1350 494 1428 530 ἡμῶν
1460 494 1563 530 Ἰησοῦς
1591 494 1708 530 Χριστὸς
1734 494 1832 520 εἰπών·

205 535 278 562 luit:
301 535 411 568 Eunles,
436 536 539 570 inquit,
562 536 651 563 docete
672 545 760 564 omnes
784 542 882 572 gentes,
908 539 967 572 bapt

1072 540 1243 574 ορευθέντες
1253 542 1461 575 μαθητεύσατε
1484 540 1584 567 πάντα
1613 541 1649 568 τὰ
1672 541 1763 573 ἔθνη,
1778 541 1834 572 ,βα-

205 586 296 609 zantes
319 591 361 609 eos
382 583 410 609 in
434 583 538 609 nomine
560 582 666 615 Patris,
687 587 712 609 et
734 582 811 615 Filii,
829 587 853 610 et
877 583 967 617 Spiritt

1071 586 1197 619 τίζοντες
1209 587 1319 619 αὐτοὺς
1335 588 1388 620 sic
1400 587 1434 614 τὸ
1449 587 1543 621 ὄνομα
1560 586 1612 613 τοῦ
1632 587 1760 621 Πατρὸς,
1784 586 1833 614 και

204 629 322 655 ιιιιιειὶ².
344 629 434 662 Quare
454 629 500 664 qui
526 629 554 656 in
573 629 644 656 hanc
667 628 728 656 ﬁdei
755 628 870 656 formam
895 630 961 657 itera

1070 633 1099 660 νῦ
1121 633 1206 666 Υὶοῦ,
1221 634 1270 660 καὶ
1291 634 1344 662 τοῦ
1363 635 1450 669 ἁγίου
1472 635 1655 670 Πνεύματος.
1679 633 1787 660 υὺκοῦν
1809 635 1832 661 oi

205 674 289 709 geniti
315 682 425 708 sumus,
452 676 593 702 nominum
619 675 753 710 ejusmodi
783 676 908 704 notiones
928 677 967 704 rel

1073 680 1263 715 ααγεννώμενοι
1279 681 1319 712 είς
1334 680 1437 716 ταύτην
1446 681 1495 714 τὴν
1510 681 1612 711 πίστιν,
1629 680 1751 712 εὐσεϐῶς
1766 681 1835 706 νοεῖν

204 720 280 755 giose
296 720 428 748 debemus
455 721 590 755 accipere.
614 720 709 756 Neque
728 720 801 748 enim
826 721 914 749 dixit:
940 721 966 748 Βη

1073 734 1094 757 ις
1117 726 1150 752 ἐκ
1172 725 1224 753 τῶν
1249 726 1388 762 ὀνομάτων
1414 727 1516 758 ἑννοίας
1540 727 1692 762 ὀφείλομεν.
1718 726 1756 753 οὺ
1782 725 1835 760 γὰρ

205 767 338 800 ptizantes
365 775 409 794 eos
438 767 464 794 in
491 768 550 802 ejus
568 767 678 794 nomine
693 767 739 802 qui
767 767 860 795 carnis
884 774 967 802 exper

1074 779 1107 797 πε
1115 779 1121 785 ·
1135 770 1330 804 Βαπτίζοντες
1342 772 1453 805 αὐτοὺς
1463 773 1503 803 είς
1514 772 1544 799 τὸ
1556 772 1640 808 ὄνομα
1653 771 1699 799 τοῦ
1713 772 1835 807 άσάρκου

205 820 316 839 carnem
339 813 446 846 induit;
467 821 556 848 neque
580 814 745 842 immortalis
766 817 793 841 et
812 817 929 841 mortem
947 820 967 840 e1

1072 817 1095 843 ιὶ
1109 817 1306 852 σαρκωθέντος,
1317 818 1333 854 ἢ
1347 818 1394 845 τοῦ
1404 818 1539 846 ἀθανάτου
1551 819 1598 845 καὶ
1609 818 1725 845 θανάτου
1737 819 1834 854 πεῖραν

206 858 274 892 perti
286 867 292 889 ;
305 866 392 893 neque
405 859 516 894 ingeniti
528 865 553 886 et
566 859 666 894 geniti;
680 859 728 888 sed
739 860 766 887 in
775 860 881 887 nomine
888 859 967 886 Patri

1072 863 1182 896 ιϐόντος,
1198 863 1215 899 ἢ
1230 864 1277 891 τοῦ
1295 864 1442 900 ἀγεννήτου
1458 864 1505 891 καὶ
1518 863 1659 900 γεννητοῦ,
1673 863 1732 890 ἀλλ’
1745 865 1790 896 είς
1801 863 1834 890 τὸ

204 908 228 930 et
248 903 324 936 Filii,
337 909 362 931 et
380 904 495 939 Spiritus
514 906 608 938 sancti,
627 910 656 933 ut
669 907 866 942 appellationes
883 910 965 933 natur

1073 908 1100 935 νῦ
1113 909 1239 943 Πατρὸς,
1255 909 1306 936 καὶ
1322 910 1376 936 τοῦ
1403 910 1472 937 Υιοῦ
1482 931 1489 943 ,
1506 910 1555 937 καὶ
1571 910 1624 937 τοῦ
1643 909 1731 944 ἁγίου
1743 909 1835 936 Πνεύ-

206 949 278 976 libus
299 958 332 977 ex
358 951 439 978 rebus
464 951 615 979 translatas
634 952 792 984 audientes;
815 951 925 979 Patrem
953 959 966 979 s

1074 962 1148 987 ῖτος,
1162 954 1206 981 ἵνα
1226 955 1365 990 ὀνομάτων
1380 955 1597 991 προσακούοντες
1615 955 1669 982 ἀπὸ
1686 954 1741 981 τῶν
1757 963 1836 989 φυσι-

206 995 305 1022 similis
320 1000 425 1023 naturae
443 997 608 1032 principium
626 997 832 1033 intelligamus;
849 997 968 1033 itidemqt

1073 999 1112 1031 iw,
1129 1000 1169 1035 [ἐν
1183 999 1235 1036 οἷς]
1251 1001 1296 1027 τὸν
1310 1001 1420 1037 Πατέρα
1434 1001 1519 1028 αῐτιον
1531 1001 1627 1036 ὁμοίας
1644 1001 1726 1027 αὐτοῦ
1741 1001 1835 1032 οὐσίας

206 1040 268 1068 Filii
290 1050 389 1070 nomen
414 1043 567 1076 audientes,
592 1043 690 1071 Filium
715 1044 776 1079 ejus
799 1043 900 1075 Patris.
916 1044 968 1079 cujt

1074 1045 1191 1081 vorbpsv,
1210 1046 1257 1073 καὶ
1271 1046 1301 1073 τὸ
1319 1047 1404 1082 ὄνομα
1416 1047 1463 1073 τοῦ
1486 1046 1552 1073 Υίοῦ
1567 1047 1730 1078 ἀκούοντες,
1743 1046 1836 1081 ὅμοιον

206 1087 293 1115 Filius
309 1094 362 1121 est,
379 1089 496 1117 similem
514 1097 576 1117 esse
596 1090 758 1125 cogitemus.
781 1089 928 1117 Credimus
944 1090 968 1125 ig

1073 1092 1188 1127 ιήσωμεν
1208 1092 1254 1119 τὸν
1271 1093 1335 1119 Υίὺν
1359 1093 1406 1120 τοῦ
1427 1093 1550 1128 Πατρὺς,
1575 1089 1606 1120 οὗ
1624 1094 1698 1120 ἐστιν
1727 1094 1741 1119 ὁ
1760 1092 1835 1124 Υἱός.

206 1139 252 1161 tur
269 1134 296 1161 in
319 1133 446 1167 Patrem,
467 1138 494 1162 et
511 1134 631 1168 Filium,
649 1139 677 1162 et
697 1134 830 1170 Spiritum
851 1139 968 1163 sanctun

1075 1137 1269 1173 Σπιστεύσαμεν
1288 1135 1334 1164 οὖν
1356 1139 1396 1170 εἰς
1419 1138 1539 1173 Πατέρα,
1554 1137 1601 1164 καὶ
1609 1138 1683 1169 Υίὸν,
1696 1137 1744 1164 καὶ
1758 1137 1837 1171 ἆγιον

207 1187 262 1206 non
287 1180 314 1206 in
331 1184 483 1207 creatorem
496 1200 503 1212 ,
525 1185 553 1209 et
573 1185 739 1208 creaturam.
764 1181 844 1208 Aliud
862 1181 934 1208 enim
954 1188 969 1208 e

1075 1180 1169 1216 νεῦμα,
1184 1181 1233 1208 οὐκ
1247 1182 1286 1213 εἰς
1300 1181 1412 1217 κτίστην
1424 1181 1471 1208 καὶ
1484 1182 1597 1218 κτίσμα.
1614 1182 1695 1209 Ἀλλο
1707 1181 1761 1217 γάρ
1776 1182 1837 1208 ἐστι

206 1230 314 1253 creator
333 1231 361 1254 et
379 1231 516 1258 creatura,
538 1227 612 1254 aliud
639 1226 719 1255 Pater
742 1231 770 1255 et
791 1227 887 1255 Filius.
907 1227 949 1255 0b

1075 1227 1159 1261 τίστης
1171 1227 1217 1253 καὶ
1236 1227 1352 1262 κτίσμα,
1372 1227 1437 1254 ἄλλο
1457 1228 1552 1263 Πατὴρ
1577 1227 1625 1254 καὶ
1645 1228 1659 1253 ὁ
1674 1227 1754 1259 Υἱός·
1768 1226 1837 1254 διότι

207 1277 356 1307 utrumque
379 1273 491 1300 notione
515 1274 573 1307 ipsa
598 1277 754 1308 separatum
774 1278 825 1301 cst.
848 1272 915 1299 Nam
933 1281 966 1299 eu

1075 1272 1210 1308 .thptotat
1237 1273 1340 1300 τούτων
1375 1273 1504 1309 ἑκάτερον
1531 1274 1565 1309 τῇ
1590 1272 1690 1308 ἐννοίᾳ.
1714 1273 1752 1299 Τὸ
1780 1272 1837 1308 γὰρ

206 1321 363 1345 creaturam
379 1317 453 1350 dico,
476 1318 595 1353 priorem
611 1326 672 1346 esse
691 1323 842 1346 creatorem
858 1318 966 1353 signilie

1074 1318 1149 1353 τίσμα
1166 1318 1263 1352 λέγων,
1278 1318 1386 1354 πρῶτον
1408 1319 1520 1354 κτίστην
1535 1318 1616 1353 φημί.
1635 1318 1691 1345 Καὶ
1707 1316 1817 1349 τδ,ὶ⁸“ἱος
1828 1339 1836 1349 ,

207 1363 240 1390 At
258 1362 319 1390 Filii
342 1371 395 1390 vox
418 1371 452 1390 ex
475 1363 558 1390 rebus
580 1368 711 1398 usurpata
738 1364 888 1399 corporeis,
910 1368 936 1391 et
961 1371 969 1390 ι

1076 1373 1085 1395 ς
1109 1364 1163 1390 ἀπὸ
1182 1364 1345 1399 σωματικῶν
1367 1365 1652 1401 προσλαμϐανόμενον,
1673 1364 1721 1391 καὶ
1741 1363 1785 1391 διὰ
1801 1363 1838 1390 τὰ

208 1409 397 1437 all'ectionibus
413 1410 476 1440 illis.
490 1417 522 1436 ac
531 1409 671 1445 proﬂuviis
683 1411 816 1437 seminum
825 1417 884 1445 quae
895 1410 922 1437 in
934 1417 966 1436 co

1075 1409 1121 1444 i011
1144 1410 1191 1436 καὶ
1212 1409 1260 1442 τὰς
1280 1411 1431 1446 ἀπορροίας
1453 1410 1507 1437 τῶν
1531 1409 1694 1445 σωματικῶν
1709 1409 1837 1445 πατέρων

207 1456 300 1490 porcis
320 1457 445 1491 putribus
472 1456 590 1491 filiisque
609 1460 770 1489 cernuntur,
791 1460 905 1491 purgata
928 1464 969 1491 qui

1076 1456 1094 1482 ιὶ
1109 1456 1173 1482 υίῶν
1191 1456 1318 1492 καθαρῶς
1338 1458 1379 1488 εἰς
1394 1456 1444 1492 τὴν
1458 1457 1506 1483 τοῦ
1518 1456 1548 1489 ἐξ
1560 1456 1708 1491 ἀσωμάτου
1728 1455 1838 1490 Πατρὸς

208 1503 366 1533 dammodo,
394 1509 427 1529 ac
451 1501 582 1529 defaecata
607 1505 725 1528 mentem
750 1505 871 1529 nostram
898 1501 926 1528 in
942 1509 970 1528 ur

1077 1502 1194 1536 πωμάτου
1218 1501 1284 1528 Υἱοῦ
1305 1501 1421 1537 ὕπαρξιν
1437 1501 1544 1537 ἵστησιν
1559 1501 1673 1528 ἔννοιαν.
1692 1500 1742 1527 Διὰ
1757 1499 1839 1527 τοῦτο

208 1547 365 1582 incorporei
386 1546 448 1574 Filii
466 1547 501 1574 ab
527 1547 691 1581 incorporeo
710 1546 791 1574 Patre
815 1547 970 1582 productior

1078 1525 1192 1536 "‘r"‘"‘
1222 1525 1265 1528 -““
1307 1525 1417 1537 ’“’“Γῖ”¹
1439 1525 1538 1537 ·““·ι-··
1560 1525 1673 1528 “““ῦ“““””
1692 1525 1742 1527 *"‘
1764 1525 1835 1527 ""’

1078 1548 1095 1574 t5.
1110 1547 1159 1583 τὴν
1178 1548 1224 1574 τοῦ
1241 1547 1390 1582 κτίσματος
1415 1547 1469 1574 ἀπὸ
1490 1547 1647 1583 σωματικοῦ
1667 1545 1840 1583 παρέπλεξεν

208 1594 312 1629 deﬁgit.
339 1594 513 1629 Quapropter
530 1598 662 1621 creatura:
681 1601 790 1629 quoque
814 1601 847 1621 ex
865 1601 898 1621 eo
923 1601 970 1628 qut

1075 1602 1162 1620 ‘vouv.
1183 1594 1238 1620 Καὶ
1252 1593 1344 1628 ἐπειδὴ
1359 1593 1389 1619 τὸ
1405 1594 1507 1628 κτίσμα
1521 1593 1536 1619 ὃ
1551 1594 1622 1619 ποιεῖ
1636 1593 1646 1608 ³
1662 1592 1726 1618 Υίὺν
1744 1591 1837 1626 μόνον.

208 1647 370 1674 corporeum
391 1643 444 1671 est,
468 1639 628 1666 translatam
652 1639 792 1666 notionem
819 1637 943 1672 illigavit.
963 1636 970 1664 l

1077 1637 1103 1664 τὺ
1114 1638 1159 1665 τοῦ
1175 1638 1284 1665 κτίστου
1299 1638 1404 1665 καὶτοῦ
1418 1638 1567 1673 κτίσματος
1582 1636 1672 1663 λαϐὼν
1686 1635 1717 1662 τὸ
1734 1634 1839 1666 ἀπαθὲς

208 1686 340 1721 quoniam
366 1690 499 1713 creatura:
520 1685 593 1713 nuda
618 1685 689 1712 ratio
708 1683 807 1711 Filium
827 1683 970 1710 constitue}

1073 1684 1096 1711 r5
1106 1684 1254 1716 κτίζοντος,
1266 1684 1304 1715 ὼς
1313 1684 1381 1720 πρὸς
1387 1684 1418 1710 τὸ
1428 1683 1542 1719 κτίσμα,
1556 1683 1603 1710 καὶ
1613 1682 1660 1709 τοῦ
1674 1682 1835 1716 κτίσματος,

208 1733 314 1768 nequit,
329 1740 343 1760 a
359 1737 483 1760 creatore
496 1736 523 1760 el
535 1735 660 1760 creatura
675 1730 798 1766 qumdam
814 1736 970 1761 secernens,

1077 1741 1080 1755 ι
1094 1729 1125 1762 ἐξ
1138 1729 1260 1761 ἀπαθοῦς
1273 1728 1321 1756 τοῦ
1344 1729 1483 1762 κτίζοντος
1497 1728 1652 1764 ὑφεστῶτος
1667 1727 1766 1761 πάγιον
1779 1726 1839 1752 κτί-

209 1783 331 1806 creatore
347 1779 488 1810 nimirum,
507 1778 529 1806 si
542 1777 576 1804 ad
594 1781 747 1805 creaturam
770 1775 915 1807 referatur,
933 1781 971 1809 pa:

1074 1785 1116 1807 υν,
1133 1775 1258 1802 ἐϐούλετο
1270 1775 1280 1790 ⁸
1292 1774 1397 1801 τελείαν
1411 1776 1442 1801 ὲκ
1465 1774 1513 1801 τοῦ
1537 1772 1693 1809 σωματικοῦ
1732 1772 1836 1808 πατρὸς

209 1825 295 1852 sionis
319 1830 458 1859 expertem
484 1827 603 1856 statum;
621 1831 635 1849 a
659 1827 784 1850 creatura
805 1829 870 1849 vero
890 1821 968 1848 tirmu

1074 1821 1101 1848 αὶ
1111 1821 1232 1856 ,Υἱοῦβκ
1247 1820 1404 1856 σωματικοῦ
1422 1820 1531 1847 κτίστου
1545 1820 1592 1846 καὶ
1607 1818 1767 1853 κτίσματος,
1785 1817 1836 1852 τὴν

210 1869 352 1905 quiddam,
367 1873 394 1896 et
420 1869 550 1899 solidum.
577 1868 649 1903 quod
672 1868 705 1895 ab
728 1871 839 1903 experte
861 1867 970 1901 passion

1077 1867 1115 1902 ερὶ
1139 1867 1245 1902 Πατρὸς
1266 1867 1314 1893 καὶ
1333 1866 1399 1893 Υἰοῦ
1426 1865 1554 1902 καθαρῶς
1578 1865 1652 1901 ἡμᾶς
1677 1863 1839 1891 ἐπαίδευσεν

211 1919 336 1942 creatore
356 1914 509 1949 profectum
530 1919 582 1945 est,
599 1917 654 1940 tam
681 1921 697 1940 a
714 1921 846 1948 corporeo
871 1912 952 1939 Patre
971 1925 973 1934 ι

1076 1921 1164 1939 ννοιαν.
1184 1913 1400 1948 Ἀφαιρουμένου
1421 1912 1475 1947 γὰρ
1490 1912 1543 1938 ἀπὸ
1565 1911 1612 1938 τοῦ
1628 1910 1778 1945 κτίσματος
1791 1907 1838 1934 τοῦ

210 1960 290 1990 Filio,
301 1967 381 1994 quam
398 1968 412 1986 a
428 1964 552 1987 creatore
566 1965 594 1987 et
607 1963 744 1990 creatura,
757 1958 902 1993 perfectam
918 1958 972 1985 nob

1074 1967 1080 1984 ε
1097 1957 1195 1989 ἔξωθεν
1209 1958 1364 1992 ὑφεστῶτος
1375 1958 1422 1985 καὶ
1437 1959 1484 1985 τοῦ
1498 1957 1601 1988 ὑλικοῦ,
1614 1957 1661 1983 καὶ
1673 1955 1728 1982 τῶν
1740 1954 1836 1985 ἄλλων,

211 2013 243 2032 ac
257 2005 392 2032 sinceram
407 2005 440 2032 de
454 2005 535 2033 Patre
550 2004 674 2040 Filioque
688 2004 812 2032 notitiam
829 2003 972 2030 informavi

1077 2013 1102 2031 ra
1117 2004 1181 2039 περὶ
1195 2004 1206 2020 ⁵
1229 2004 1386 2039 σωματικοῦ
1400 2003 1547 2039 κτίσματος
1565 2003 1595 2030 τδ
1609 2002 1695 2037 ὄνομα
1708 2001 1839 2036 περιέχει.

211 2051 318 2079 Etenim
342 2051 365 2078 si
390 2059 405 2077 a
422 2055 548 2078 creatura
573 2055 664 2078 certas
687 2050 832 2086 qualitates
853 2049 970 2077 exemeri

1075 2049 1122 2084 ὀνη
1138 2050 1193 2076 ἀπὸ
1205 2049 1253 2076 τοῦ
1275 2048 1425 2084 κτίσματος
1441 2049 1516 2084 μένει
1530 2049 1546 2084 ή
1561 2047 1680 2082 ἀπαθὴς,
1695 2046 1779 2081 φημὶ,
1791 2043 1837 2071 τοῦ

212 2096 297 2129 velut,
317 2096 389 2130 quod
407 2101 484 2123 extra
506 2099 658 2123 creatorem
684 2095 829 2126 subsistat,
843 2094 916 2130 quod
936 2102 974 2121 cu:

1078 2095 1212 2131 ῖίσματος,
1225 2096 1272 2122 καὶ
1285 2095 1376 2121 τελεία
1393 2094 1438 2122 τοῦ
1453 2094 1623 2129 κτιζομένου,
1637 2093 1682 2120 καὶ
1693 2093 1723 2119 ὃν
1735 2092 1746 2108 ⁸
1758 2090 1840 2127 ἠϐού-

211 2142 325 2169 materia
349 2147 474 2170 concreta
499 2143 544 2173 sit.
567 2142 674 2177 aliaque
697 2141 724 2168 id
747 2149 844 2176 genus,
860 2148 920 2175 quae
935 2147 973 2168 c01

996 2155 999 2161 -
1052 2140 1113 2167 λετο
1129 2142 1143 2167 ὁ
1160 2141 1258 2173 κτίζων
1275 2141 1413 2173 κτίζεσθαι
1430 2141 1460 2167 τὸ
1476 2140 1644 2175 κτιςόμιενον,
1659 2139 1758 2165 ἔννοια.

212 2196 300 2224 porcae
323 2191 456 2216 creaturae
475 2188 622 2224 appellatio
634 2187 767 2219 continet,
790 2187 847 2215 sola
867 2186 997 2221 deinceps
1023 2187 1159 2222 supererit
1184 2194 1199 2213 a
1221 2185 1348 2221 passione
1370 2191 1473 2214 remota
1494 2186 1669 2221 perfectaque
1695 2187 1838 2214 creaturae,

211 2235 327 2269 ejusque
344 2242 423 2269 quem
442 2238 549 2262 creator
564 2234 703 2269 procreari
718 2233 845 2264 voluerit,
860 2233 946 2260 notio.

249 2281 276 2309 Si
295 2283 378 2318 igitur
391 2290 405 2310 a
426 2286 549 2310 creatore
570 2285 596 2308 et
612 2285 738 2308 creatura
762 2279 914 2315 segregatis
936 2279 1001 2306 reli-

1088 2275 1119 2301 Εἱ
1132 2271 1179 2301 οῦν
1191 2274 1245 2301 ἀπὸ
1257 2274 1304 2301 τοῦ
1316 2275 1426 2302 κτίστου
1439 2274 1485 2300 καὶ
1497 2273 1545 2300 τοῦ
1562 2273 1710 2309 κτίσματος
1725 2273 1760 2301 τὰ
1775 2275 1839 2302 ἄλλα

213 2329 290 2364 quis,
310 2317 422 2355 Punicam
454 2328 526 2354 illam
556 2327 694 2354 notionem
723 2325 891 2360 deligamus,
910 2332 963 2360 qua

1077 2320 1135 2347 άλιν
1157 2319 1332 2351 ἐκϐάλλοντες
1343 2340 1350 2351 ,
1367 2319 1417 2354 τὴν
1441 2318 1471 2351 ἐξ
1486 2318 1608 2350 ἀπαθοῦς
1621 2317 1668 2344 τοῦ
1684 2318 1839 2350 κτίζοντος,

214 2362 354 2410 passionis
370 2378 482 2408 experte
497 2372 683 2408 perfectoque,
704 2380 737 2400 ac
756 2371 848 2399 stabili
868 2374 976 2398 creator

1078 2367 1101 2392 tl.
1115 2366 1217 2393 τελείου
1233 2374 1262 2392 τε
1273 2385 1280 2398 ,
1298 2366 1396 2400 παγίου
1410 2385 1417 2397 ,
1436 2365 1483 2391 καὶ
1497 2362 1552 2391 οἷον
1565 2363 1692 2390 ἐϐούλετο
1714 2362 1785 2391 εἷναι
1811 2364 1840 2391 τὸ

214 2424 242 2447 et
265 2417 399 2454 ejusmodi
423 2418 559 2454 denique.
582 2417 736 2452 cujusmodi
763 2421 918 2444 creaturam
943 2423 973 2443 es

1078 2411 1174 2447 εἰσμα,
1202 2411 1285 2446 μόνην
1314 2410 1524 2446 λαμϐανομένην
1551 2409 1665 2442 ἔννοιαν,
1694 2409 1840 2436 ἀκόλουθόν

214 2465 313 2496 voluit,
330 2464 480 2491 derivatam
496 2463 570 2491 illam
587 2464 771 2499 concipimus,
790 2463 874 2499 849
888 2470 976 2490 consel

1077 2466 1132 2484 στιν
1140 2457 1194 2484 ἀπὸ
1207 2456 1254 2483 τοῦ
1269 2456 1375 2492 Πατρὸς
1390 2457 1437 2483 καὶ
1450 2454 1497 2482 τοῦ
1509 2455 1574 2481 Υἱοῦ
1585 2455 1737 2490 ὀνομάτων,
1747 2455 1839 2491 ἐπειδὴ

215 2515 326 2538 taneum
346 2514 398 2541 est,
413 2515 441 2537 ut
460 2517 492 2537 ex
507 2509 598 2537 Patris
610 2509 727 2544 Filiique
741 2509 866 2542 vocibus,
881 2508 977 2544 quand

1078 2503 1173 2530 άλιστα
1185 2505 1225 2535 εἰς
1237 2503 1346 2538 Πατέρα
1363 2503 1410 2529 καὶ
1423 2502 1486 2528 Υἰὸν
1500 2501 1638 2528 πιστεύειν
1651 2501 1838 2538 ἐδιδάχθημεν.

216 2555 326 2589 quidem
340 2555 366 2582 in
382 2554 501 2588 Patrem,
518 2562 551 2582 ac
567 2554 665 2582 Filium
681 2555 794 2582 credere
812 2554 948 2589 praecipue
961 2553 978 2580 d

1077 2551 1126 2577 Liav
1145 2548 1191 2577 οὖν
1204 2559 1264 2577 τινα
1280 2549 1399 2581 εὐσεϐῶς
1415 2548 1560 2584 λαμϐάνειν
1582 2549 1656 2583 ἡμᾶς
1668 2547 1774 2576 ἔννοιαν
1791 2549 1839 2576 δεῖ.

216 2601 345 2633 dicimus,
361 2601 497 2633 eamdem,
517 2605 546 2628 ut
564 2601 623 2635 pios
640 2608 672 2627 ac
688 2600 832 2636 religiosos
851 2599 939 2632 decet,
956 2607 1005 2626 no-
1140 2593 1143 2600 ’

216 2647 305 2672 titiam
319 2645 492 2672 hauriamus.

251 2691 293 2718 ιν.
316 2691 499 2724 Quamobrem
515 2691 537 2718 si
553 2691 579 2718 in
597 2699 626 2718 re
641 2693 790 2726 proposita,
806 2692 832 2718 in
851 2690 930 2718 Patre
943 2690 1002 2717 dis-

1092 2686 1128 2713 A'.
1149 2685 1193 2712 Διδ
1212 2686 1259 2712 καὶ
1277 2685 1323 2711 ἐπὶ
1340 2684 1427 2718 τούτῳ
1447 2681 1645 2716 ἐκϐαλλομένου
1664 2680 1712 2707 τοῦ
1728 2680 1799 2707 κατὰ
1812 2679 1839 2706 τὸ

216 2743 371 2769 cernamus,
396 2736 422 2763 id
445 2737 517 2771 quod
543 2736 681 2764 adhaerere
704 2737 783 2767 solet,
805 2739 834 2762 ut
853 2744 913 2763 cum
936 2743 978 2770 qu:

1079 2733 1161 2765 ἀθος,
1179 2732 1195 2767 ἢ
1218 2730 1373 2767 ἀπορροὴν,
1395 2730 1440 2756 τὸν
1464 2729 1574 2764 Πατέρα
1598 2727 1704 2763 πατέρα
1724 2725 1839 2753 νοεῖσθαι

253 2825 406 2866 illjhcss.
422 2834 451 2858 ιι,
471 2826 497 2853 4.
536 2827 546 2842 ¹
564 2826 659 2854 Matth.
676 2833 773 2857 xum,
796 2825 836 2852 19.
879 2825 887 2839 ³
905 2824 935 2852 F.
953 2825 982 2850 οὐ
997 2831 1015 2849 π

1075 2844 1076 2847 η
1113 2821 1123 2836 ⁸
1139 2819 1167 2848 F.
1187 2821 1233 2848 καὶ
1250 2817 1304 2847 οἷον
1320 2819 1455 2850 ἐϐούλετο,
1484 2822 1513 2845 ut
1526 2817 1606 2845 infra.
1647 2818 1657 2833 ³
1674 2816 1704 2843 1⁸⁸.
1725 2817 1837 2852 ὅσαπερ.

219 2860 229 2876 ⁶
243 2860 276 2888 F.
291 2860 355 2886 οἷον.
