1931 3041
109 142 163 170 409

431 142 617 171 ADVERSUS
636 142 806 172 HIEMESES
823 144 890 173 LIB;
910 146 953 175 Ill.
974 145 1056 175 TOM.
1079 146 1143 173 l.—
1163 147 1298 176 "IERES.
1319 148 1436 177 LXXIII.

1691 156 1742 185 “fl

109 203 161 230 τοῦ
175 201 252 235 Υίοῦ,
269 204 315 229 καὶ
325 206 371 230 τὸν
385 203 451 230 Υίδν
468 203 505 238 μὴ
525 205 719 239 σπερματικῶς
733 205 888 242 καταϐεόλη

955 207 1017 234 dam
1032 206 1184 239 affectione,
1206 207 1395 243 proﬂuvioque
1419 207 1480 235 Filii
1509 215 1586 242 pater
1609 210 1743 248 intelligu-

106 249 194 284 μένον
216 253 384 285 σωματικοῖς
407 249 515 284 φύσεως
533 249 719 283 τελειοῦσθαι,
745 251 791 277 καὶ
811 260 902 277 κινου-

106 295 204 330 μένοις
216 296 261 322 ἀεὶ
275 295 343 331 πρὸς
358 295 442 331 αὔξην
458 296 506 322 καὶ
530 295 633 331 φθορὰν
644 317 652 328 ,
665 296 703 328 ὡς
714 296 748 323 τὰ
759 298 901 332 σωματικὰ

106 342 183 376 ἔχειν
206 343 270 373 τοὺς
291 343 483 378 χαρακτῆρας,
505 342 572 377 μόνη
588 342 831 379 παραληφθήσεται
856 343 900 370 ἐν-

104 395 169 414 νοια
186 387 233 414 τοῦ
249 387 354 422 ὁμοίου.
374 388 418 419 Ὧς
430 387 484 423 γὰρ
500 387 554 414 ἀπὸ
570 387 618 415 τοῦ
638 389 802 424 κτίσματος,
819 389 901 416 πάλιν

106 433 239 469 ιροῦμεν,
256 434 365 460 πάντων
384 433 603 468 ἑκϐεὸλημένων,
620 434 781 470 παρελήφθη
799 435 815 469 ή
829 435 900 462 άπα-

106 479 158 515 θὴς
179 479 229 514 μὲν
243 479 290 506 τοῦ
316 479 467 512 κτίζοντος,
484 479 574 506 τελεία
586 500 593 511 ,
608 479 656 505 καὶ
678 479 737 506 οἵαν
758 479 898 514 ἠϐούλετο,

106 526 155 552 καὶ
184 526 201 560 ἡ
228 525 314 559 παγία
332 525 379 551 τοῦ
406 525 555 560 κτίσματος
573 533 580 540 ·
608 524 679 551 οὕτω
703 525 751 551 καὶ
777 525 824 551 ἐπὶ
850 526 897 552 τοῦ

105 570 214 606 [ἰατρὸς
232 571 279 597 καὶ
306 570 390 602 Υίοῦ,
420 569 626 605 ὲκϐεϐλημένων
651 570 705 598 τῶν
733 571 899 606 σωματικῶν

104 617 235 649 πάντων,
254 616 500 653 παραληφθήσεται
525 618 593 653 μόνη
610 619 626 652 ἡ
652 617 746 652 ὁμοίου
766 617 813 644 καὶ
837 617 898 644 κατ’

102 663 201 690 οὐσίαν
214 663 285 696 ζώου
295 663 494 699 γενεσιουργία.
509 663 618 698 Ἐπειδὴ
632 663 686 695 πᾶς
698 663 788 698 πατὴρ
801 663 899 698 ὁμοίας

102 709 201 740 οὐσίας
220 709 303 736 αὐτοῦ
319 710 418 736 νοεῖται
432 709 533 744 πατὴρ.
549 709 581 735 Et
598 708 625 735 δὲ
643 708 712 743 μετὰ
726 708 779 734 τῶν
795 708 898 735 λοιπῶν

104 754 235 780 ἁπάντων
249 773 256 786 ,
273 753 305 780 ἐκ
321 762 351 780 τε
379 753 427 780 τοῦ
455 753 557 789 πατρὸς
574 753 621 779 καὶ
645 751 704 779 υἱοῢ
733 752 897 788 σωματικῶν

102 800 247 835 ὀνομάτων
262 799 469 835 ἐκϐαλλομένων
484 798 592 826 ὲννοιῶν
602 818 609 830 ,
631 798 835 825 συνεκϐάλλοιτο
850 799 898 824 καὶ

102 847 120 881 ή
142 846 223 880 ὁμοία
240 846 299 872 κατ’
322 845 415 872 οὐσίαν
431 844 501 877 ζώου
523 844 631 881 Πατρδς
655 844 813 881 παρέχουσα
829 845 896 881 ἡμῖν

953 256 1013 285 tur;
1031 256 1058 279 et
1072 251 1171 278 Filium
1188 252 1263 278 nullo
1282 254 1386 281 semine
1410 259 1587 290 propagatum
1604 258 1738 292 concipia-

952 304 1013 324 mus
1035 297 1143 330 animo;
1162 304 1250 332 neque
1264 298 1411 332 ejusmodi,
1429 303 1458 326 ut
1475 301 1614 335 corporeis
1638 307 1742 330 natum-

951 342 1058 370 viribus
1075 343 1224 375 adolescat,
1245 348 1272 371 et
1298 344 1331 371 ad
1356 345 1565 378 incrementum,
1589 349 1728 383 corruptio

951 394 1068 422 nemque
1086 387 1205 415 vicissim
1222 392 1354 420 transeat,
1367 396 1427 424 qua:
1441 394 1506 416 sunt
1518 391 1634 425 propria:
1649 400 1740 420 rerum

950 439 1143 467 eorporearum
1171 437 1242 460 nota:
1264 443 1271 460 :
1296 434 1347 464 bis.
1374 434 1496 469 inquam,
1523 436 1740 474 circumscriptis

949 478 1087 511 omnibus,
1106 479 1172 505 nihil
1194 483 1293 514 praeter
1310 479 1409 507 similis
1431 481 1570 508 notionem
1586 482 1737 513 habebitur.

950 522 986 551 Ut
999 524 1072 551 enim
1094 532 1156 552 cum
1176 532 1191 551 a
1206 529 1332 552 creatura
1354 526 1428 560 (nam
1445 526 1471 553 id
1490 526 1580 554 denuo
1607 533 1726 564 repeten-

949 569 1013 596 dum
1036 570 1088 604 est)
1105 571 1273 599 exclusimus
1294 572 1396 604 omnia,
1414 580 1499 600 unum
1523 574 1590 601 illud
1618 577 1739 612 sumpsi-

949 623 1026 643 mus:
1044 616 1071 643 in
1087 621 1210 644 creatore
1227 616 1336 652 quidem
1353 621 1454 645 statum
1467 619 1611 654 quemdam
1634 622 1740 656 passio-

948 662 990 689 nis
1005 667 1159 697 expertem;
1177 663 1204 690 in
1219 668 1344 691 creatura
1363 671 1429 691 vero
1451 665 1611 699 perfectam.
1628 671 1655 694 et
1670 675 1738 702 qua-

947 707 999 734 lem
1016 707 1143 734 conditor
1156 708 1251 740 voluit,
1269 716 1301 734 ac
1316 709 1432 736 solidam
1447 715 1551 738 natura:
1565 712 1736 747 qualitatem:

953 752 993 779 sic
1012 753 1038 779 in
1067 752 1174 780 Patrem
1194 757 1221 780 et
1243 753 1354 786 Filium,
1377 756 1518 790 corporeis
1536 758 1664 785 omnilms
1681 766 1738 785 am-

947 798 1060 833 putatis,
1083 799 1164 826 unica
1190 800 1298 831 similis,
1310 800 1381 835 quod
1407 801 1440 827 ad
1457 802 1605 829 essentiam
1629 804 1737 836 attinet,

947 843 1074 870 animalis
1091 837 1232 878 generatio
1255 844 1430 872 transfertur.
1448 845 1530 873 Pater
1546 847 1618 874 enim
1638 848 1679 876 sui
1698 849 1736 875 si-

103 894 175 918 νοεῖν
189 912 195 924 ,
220 891 312 918 οὐκέτι
331 891 408 918 ἔσται
429 892 524 927 Πατὴρ
549 892 596 918 καὶ
610 891 674 922 Υἱὸς
691 891 892 926 πιστευόμενος,

947 888 1020 916 milis
1047 890 1209 917 substantiae
1244 897 1319 925 pater
1335 898 1350 917 a
1374 891 1454 918 nobis
1470 892 1643 927 intelligitur.
1661 894 1737 926 Quod

103 934 174 961 ἀλλὰ
200 934 312 970 κτίστης
340 935 388 961 καὶ
415 935 539 970 κτίσμα,
564 935 611 962 καὶ
631 934 747 971 περιττὰ
764 935 892 971 ὀνόματα,

944 935 968 962 si
981 942 1033 962 una
1055 942 1118 962 cum
1139 936 1246 963 caeteris
1272 937 1401 964 omnilms
1430 938 1600 971 notionibus,
1623 947 1684 974 qua:
1704 948 1737 967 ex

105 980 191 1015 μηδὲν
203 981 267 1016 παρ’
284 981 388 1008 ἑαυτῶν
405 981 597 1017 εἰσφερόμενα,

949 980 1034 1014 patris
1051 983 1079 1007 et
1109 980 1156 1007 lilii
1180 981 1338 1009 nominibus
1352 989 1548 1017 corporearum
1569 991 1660 1011 rerum
1675 992 1739 1019 pro-

103 1027 174 1062 priis
192 1027 358 1062 cogitatione
373 1028 569 1063 praedicuntur,
594 1032 700 1070 natura:
718 1035 829 1064 quoque
845 1026 973 1053 animalis
992 1033 1053 1053 cum
1084 1026 1164 1053 Patre
1195 1027 1346 1054 similitudo
1371 1028 1491 1062 tollatur,
1520 1037 1535 1056 e
1557 1037 1611 1064 qua
1633 1030 1735 1058 intelli-

104 1072 186 1108 gendi
211 1073 344 1101 rationem
367 1082 476 1102 omnem
493 1074 631 1109 ducimus,
644 1074 752 1102 Patrem
777 1073 895 1108 amplius
911 1072 1027 1102 nullum.
1044 1075 1092 1098 aut
1109 1071 1206 1098 Filium
1222 1080 1284 1100 esse
1304 1073 1463 1101 credemus:
1497 1075 1545 1102 sed
1572 1079 1735 1111 creatorem,

102 1128 136 1148 ac
157 1125 323 1155 creaturam,
342 1126 369 1150 et
394 1129 597 1158 supervacanea
620 1123 744 1158 quaedam
767 1123 890 1153 nomina,
908 1127 969 1156 quae
983 1119 1052 1147 nihil
1068 1128 1116 1155 per
1131 1121 1223 1155 seipsa
1241 1121 1397 1149 conferant.

139 1179 194 1207 Καὶ
209 1179 286 1207 ἔσται
302 1180 389 1213 οὕτως
403 1180 515 1217 κτίστης
534 1181 584 1217 μὲν
598 1181 636 1213 ὡς
651 1181 726 1215 Θεὸς,
743 1181 802 1208 κατ’
816 1180 892 1208 οὐδὲν

102 1226 171 1258 ὅλως
186 1227 290 1263 Πατήρ.
308 1227 369 1254 ’Ότι
381 1227 435 1263 γὰρ
449 1228 499 1254 οὐκ
518 1228 657 1264 ἐνεργείας
678 1227 787 1262 λέγεται
799 1227 892 1263 Πατὴρ

101 1271 117 1297 ὸ
133 1271 246 1307 Πατὴρ,
264 1272 322 1298 ἀλλ’
342 1272 438 1308 ὁμοίας
463 1272 551 1307 ἑαυτῷ
567 1272 661 1305 οὐσίας
677 1273 727 1309 τῆς
753 1272 824 1300 κατὰ
842 1273 892 1308 τὴν

102 1318 207 1345 τοιάνδε
220 1318 360 1353 ἐνέργειαν
374 1319 546 1355 ὑποστάσης,
563 1319 642 1355 δῆλον
656 1321 689 1346 ἑκ
705 1319 759 1347 τῶν
770 1320 892 1354 φυσικῶν

102 1364 256 1400 καθέστηκε
281 1365 428 1400 λογισμῶν.
446 1365 549 1398 Πολλὰς
568 1366 624 1402 γὰρ
637 1366 777 1402 ἐνεργείας
793 1366 863 1402 ἔχων
877 1368 892 1394 ὁ

101 1411 179 1443 Θεὸς,
195 1411 262 1448 άλλῃ
279 1412 327 1446 μὲν
341 1411 465 1448 ἐνεργείᾳ
476 1413 587 1448 κτίστης
602 1414 711 1445 νοεῖται,
727 1413 795 1440 καθὸ
810 1413 892 1448 οὐρα-

101 1457 147 1484 νοῠ
163 1457 212 1484 καὶ
225 1458 287 1492 γῆς,
304 1458 350 1484 καὶ
370 1457 478 1484 πάντων
493 1457 548 1484 τῶν
562 1459 591 1484 ἐν
608 1458 714 1490 τούτοις
726 1467 733 1474 ·
755 1458 823 1486 ἀλλὰ
842 1459 890 1486 καὶ

100 1502 155 1529 τῶν
173 1503 297 1539 ἀοράτων
313 1503 424 1539 κτίστης
439 1504 507 1531 ἐστί.
522 1505 618 1541 Πατὴρ
628 1505 656 1532 δὲ
669 1505 838 1541 Μονογενοῦς
852 1506 890 1534 ὢν

100 1549 150 1584 οὐχ
175 1548 212 1580 ὡς
226 1548 356 1585 κτίστης,
378 1549 436 1576 ἀλλ’
452 1550 491 1582 ὡς
519 1550 609 1587 πατὴρ
628 1552 762 1588 γεννήσας
778 1554 888 1579 νοεῖται.

101 1594 132 1620 Et
145 1593 173 1620 δὲ
196 1594 241 1621 διὰ
265 1594 314 1630 τὴν
341 1595 468 1622 ὑπόνοιαν
483 1596 533 1631 τὴν
552 1596 616 1633 περὶ
638 1597 702 1629 τοὺς
717 1599 890 1633 σωματικοὺς

100 1640 222 1675 πατέρας
236 1649 265 1666 τε
281 1641 327 1667 καὶ
340 1641 424 1674 υἱοὺς,
440 1641 495 1668 τῶν
507 1641 601 1669 παθῶν
614 1642 707 1675 δεδιὼς
725 1644 761 1679 μή
776 1653 802 1670 τι
814 1644 889 1681 πάθῃ

100 1686 204 1721 γεννῶν
219 1687 234 1712 ὁ
255 1686 401 1722 ἀσώματος
413 1708 419 1718 ,
436 1688 460 1714 εί
479 1688 516 1724 μὴ
529 1688 624 1720 ἀτελὲς
643 1689 685 1725 είη
700 1689 730 1716 τὺ
750 1690 888 1726 γεννώμε-

100 1740 155 1764 νον,
171 1732 219 1759 καὶ
242 1733 291 1760 ὅσα
314 1733 457 1769 συμϐαίνει
470 1734 536 1770 ⁹περὶ
548 1734 594 1761 τὸν
611 1735 766 1770 σωματικὸν
783 1736 889 1771 πατέρα

100 1785 129 1804 τε
144 1779 191 1804 καὶ
213 1779 270 1806 υἱὸν
282 1779 490 1815 εὐλαϐούμενος,
507 1780 633 1815 ἀφέλοιτο
650 1781 700 1816 τὴν
716 1781 830 1816 γνησίαν
842 1782 889 1808 ὲπὶ

101 1823 206 1860 [ἰατρὸς
222 1825 269 1852 καὶ
294 1825 359 1852 Υἱοῦ
380 1825 505 1859 ἔννοιαν,
531 1827 622 1853 ὁποῖον
647 1826 680 1853 ἂν
699 1827 773 1861 λέγοι
796 1827 888 1863 ἕτερον

99 1871 218 1907 ⁴ιτοίημα,
235 1872 282 1898 καὶ
296 1872 425 1899 οὐδέποτε
439 1873 497 1908 ἐρεῖ
514 1872 561 1899 τὸν
575 1873 639 1899 Υίὸν
653 1872 728 1900 Υἰόν.
753 1873 816 1900 Εἴτε
834 1873 888 1907 γὰρ

102 1918 212 1952 μεγέθει
228 1917 431 1953 ὑπερϐάλλοντα
443 1917 532 1952 λέγοι,
554 1918 592 1950 ὡς
617 1918 731 1955 οὐρανὸν
755 1919 851 1954 δρους,
870 1919 887 1954 ἢ

101 1963 212 1998 βουνοῦ,
229 1963 276 1990 τοῦ
299 1964 354 1991 τῶν
367 1964 527 2000 ποιημάτων
541 1965 636 1999 γένους
653 1964 734 1991 αὐτὸν
744 1985 751 1997 ,
766 1965 818 1991 κᾶν
842 1973 889 2000 με-

99 2009 176 2042 γέθει
203 2009 379 2044 ὑπερϐάλλων
400 2011 503 2042 νοοῖτο,
530 2009 648 2043 ἐλέγξει·
674 2009 729 2036 εἴτε
755 2009 834 2044 χρείᾳ.
851 2009 888 2041 ὡς

100 2055 208 2090 πρῶτον
221 2055 301 2081 αὑτὸν
315 2055 454 2089 γεγονότα,
473 2055 527 2081 εἴτε
546 2055 586 2086 εἰς
599 2054 648 2090 τὴν
663 2054 748 2081 ἄλλων
760 2055 889 2090 δημιουρ-

99 2100 164 2133 γίαν
187 2099 397 2136 ὕπουργήσαντα
410 2120 418 2133 ,
441 2099 502 2126 οὒτε
518 2099 598 2126 αὑτὸν
613 2099 698 2130 οὓτως
713 2099 765 2130 ἔξω
780 2100 889 2134 ποιήσει

98 2145 150 2180 τῆς
165 2145 220 2171 τῶν
236 2145 395 2181 ποιημάτων
410 2146 524 2177 ἐννοίας.
546 2145 589 2176 Ὧς
607 2145 662 2180 γὰρ
676 2145 752 2171 οὐδὲν
767 2145 888 2180 διαφέρει

99 2193 129 2219 τὸ
151 2192 290 2228 τῇ.λα6ίδι
314 2193 346 2219 ὲκ
361 2192 408 2219 τοῦ
424 2192 617 2228 θυσιαστηρίου
642 2190 688 2218 τὸν
711 2191 833 2226 ἄνθρακα
851 2191 888 2226 μὴ

98 2238 168 2274 αὐτῇ
180 2239 213 2273 τῇ
228 2238 299 2274 χειρὶ
308 2238 504 2273 λαμϐάνεσθαι,
517 2238 564 2264 καὶ
576 2237 622 2264 διὰ
633 2236 735 2273 ταύτης
748 2237 765 2272 ή
778 2235 890 2271 χαλκευ-

99 2284 163 2319 τικὴ
182 2284 190 2300 ι
206 2284 247 2319 είη
266 2283 424 2310 ἐπελαύνειν
440 2283 486 2310 τὸν
499 2283 607 2318 σίδηρον
620 2291 627 2299 ·
646 2282 722 2309 ἔσται
735 2282 790 2318 γὰρ
806 2282 852 2308 καλ⁴
871 2282 888 2317 ή

99 2331 197 2363 λαῦὶς,
214 2331 261 2357 καὶ
280 2330 295 2356 ὀ
322 2329 365 2357 διὰ
387 2330 490 2365 ταύτης
514 2329 690 2364 ἐλαυνόμενος
708 2328 817 2364 σίδηρος
840 2327 888 2354 τοῦ

99 2377 196 2411 γένους
223 2376 278 2403 τῶν
306 2377 467 2411 ποιημάτων
484 2384 490 2391 ·
511 2375 597 2407 οὕτως
623 2375 699 2402 οὐδὲν
712 2375 807 2401 διοίσει
833 2374 888 2401 τῶν

101 2423 261 2458 ποιημάτων
278 2423 291 2449 ό
305 2423 339 2449 δι’
355 2420 385 2449 οὗ
399 2422 433 2449 τὰ
449 2421 553 2454 πάντα,
573 2421 597 2447 εἰ
613 2421 650 2456 μὴ
666 2420 738 2447 ἔστιν
752 2420 814 2451 Υἱός
827 2429 834 2435 ·
851 2420 889 2452 ὡς

99 2470 116 2505 ἡ
142 2469 246 2504 φυσικὴ
269 2468 359 2495 ἔννοια
388 2468 545 2495 ὑποὸάλλει.
574 2468 699 2504 Ποιηθεὶς
725 2467 754 2494 δὲ
781 2467 889 2502 πρῶτος

100 2516 176 2542 ἔσται
195 2515 250 2542 τῶν
274 2516 452 2550 ποιημάτων,
478 2514 526 2542 καὶ
551 2514 666 2550 ὄργανον
689 2513 830 2549 γινόμενος
848 2513 888 2548 τῷ

101 2562 200 2596 ποιητῇ
213 2580 220 2592 ,
233 2560 267 2587 δι’
280 2558 310 2588 οὗ
328 2561 362 2587 τὰ
374 2561 463 2587 πάντα
476 2560 491 2586 ὸ
512 2560 625 2595 κτίστης
644 2558 798 2595 ἐργάζεται.

905 2268 925 2296 D

981 1178 1019 1206 Ita
1037 1179 1081 1206 lict
1098 1183 1126 1205 ut
1150 1178 1221 1206 Deus
1238 1183 1347 1206 creator
1361 1181 1407 1213 sit,
1431 1188 1482 1208 nec
1508 1181 1561 1208 ulla
1580 1186 1670 1210 tamen
1692 1191 1737 1210 ra—

945 1225 1020 1253 tione
1037 1225 1073 1252 sit
1088 1224 1178 1253 Pater.
1196 1224 1272 1257 Quod
1288 1226 1361 1252 enim
1384 1226 1463 1254 Pater
1475 1235 1529 1254 non
1546 1227 1633 1262 ipsius
1651 1229 1737 1256 actio-

945 1271 998 1305 nis,
1016 1272 1062 1299 sed
1080 1275 1186 1299 natura:
1206 1272 1350 1306 cujusdam
1373 1272 1484 1304 similis,
1508 1281 1568 1308 qua:
1592 1281 1639 1308 per
1663 1274 1735 1302 illum

945 1316 1082 1344 actionem
1098 1317 1219 1349 exsistit,
1237 1317 1318 1345 Pater
1334 1318 1497 1352 appelletur,
1512 1319 1653 1348 naturales
1670 1321 1737 1356 ipsa:

946 1363 1068 1390 rationes
1101 1362 1241 1390 evidenter
1266 1363 1425 1390 ostendunt.
1453 1363 1520 1390 Nam
1551 1372 1613 1392 cum
1650 1368 1735 1395 multa

944 1418 1028 1446 penes
1043 1409 1128 1437 Deum
1143 1410 1282 1437 actionum
1308 1418 1406 1445 genera
1430 1412 1495 1443 sint,
1515 1411 1566 1438 alia
1584 1416 1626 1439 est
1651 1413 1735 1444 actio,

943 1464 997 1492 qua
1011 1462 1163 1484 creatorem
1183 1457 1373 1491 intelligimus,
1393 1461 1528 1492 quatenus
1553 1458 1616 1485 cmli
1635 1461 1732 1486 terra:-

942 1511 1006 1539 que,
1024 1507 1050 1531 et
1067 1511 1128 1538 qua:
1150 1503 1191 1531 his
1216 1503 1392 1530 continentur
1415 1504 1549 1536 omnium,
1574 1512 1679 1532 necnon
1705 1509 1733 1532 ct

943 1556 1037 1576 eorum
1057 1557 1119 1584 qua:
1134 1548 1220 1576 videri
1243 1553 1391 1583 nequeunt,
1409 1554 1518 1577 creator
1532 1554 1583 1578 est.
1602 1550 1737 1580 Eumdem

941 1602 1006 1622 vero
1022 1595 1096 1621 unici
1108 1594 1168 1622 Filii
1189 1600 1329 1629 parentem
1355 1603 1410 1622 non
1428 1599 1557 1630 tanquam
1571 1594 1733 1627 creatorem,

939 1640 987 1667 sed
1011 1645 1141 1675 tanquam
1170 1644 1285 1674 patrem,
1314 1641 1359 1675 qui
1380 1641 1486 1675 genuit,
1509 1649 1571 1668 esse
1592 1641 1735 1676 cognosci-

939 1693 1011 1712 mus.
1029 1685 1128 1713 Verum
1145 1685 1169 1712 si
1194 1689 1306 1720 propter
1321 1686 1406 1718 illam,
1421 1693 1503 1720 quam
1528 1690 1619 1714 mente
1639 1687 1735 1713 conci-

939 1732 1040 1766 pimus,
1072 1732 1212 1766 corporeis
1241 1732 1266 1758 in
1282 1731 1406 1766 patribus
1441 1739 1474 1758 ac
1500 1729 1564 1759 filiis
1599 1732 1736 1760 conditio-

938 1783 1000 1803 nem
1029 1775 1205 1810 passionibns
1231 1775 1390 1806 obnoxiam,
1407 1779 1534 1802 vereatur
1564 1774 1675 1809 aliquis,
1699 1782 1733 1802 ne

940 1821 962 1849 si
979 1821 1105 1857 corporis
1117 1829 1215 1856 expers
1236 1821 1306 1848 Deus
1320 1829 1451 1856 generare
1472 1820 1590 1852 dicatur,
1607 1821 1732 1856 quzcdam

938 1867 964 1895 ei
980 1867 1116 1894 tribuatur
1131 1867 1250 1908 affectio,
1268 1871 1314 1894 aut
1331 1867 1430 1902 ipsum,
1447 1866 1519 1902 quod
1531 1867 1664 1902 gignitur,
1683 1867 1733 1894 im-

939 1912 1090 1948 perfectum
1121 1917 1284 1945 censeatur,
1306 1919 1337 1939 ac
1364 1915 1461 1939 caetera
1490 1912 1516 1939 id
1545 1920 1646 1947 genus,
1673 1920 1734 1947 qua:

941 1965 1075 1993 corporeo
1097 1957 1170 1992 patri
1197 1956 1308 1992 filioque
1323 1957 1499 1990 conveniunt,
1512 1958 1536 1984 si
1554 1957 1591 1989 id,
1610 1958 1733 1992 inquam,

938 2008 1076 2036 metuens,
1096 2011 1254 2038 germanam
1275 2003 1364 2032 Patris
1389 2012 1421 2031 ac
1447 2003 1509 2030 Filii
1530 2005 1669 2032 notionem
1684 2012 1733 2032 au-

938 2049 1018 2081 ferat,
1034 2058 1067 2077 eo
1082 2050 1190 2077 demum
1207 2050 1357 2082 relabetur,
1378 2051 1458 2078 talem
1484 2054 1514 2077 ut
1537 2050 1636 2078 Filium
1656 2059 1734 2079 asse-

938 2100 991 2127 rat,
1003 2096 1096 2131 qualia
1110 2100 1176 2123 sunt
1194 2091 1303 2131 opiﬁcia
1320 2096 1436 2132 reliqua,
1453 2103 1503 2123 nec
1523 2096 1601 2123 illum
1619 2098 1733 2124 omnino

938 2140 1037 2168 Filium
1067 2141 1194 2176 appellet.
1221 2141 1304 2176 850
1329 2141 1434 2168 Etenim
1461 2142 1518 2169 sive
1546 2142 1733 2178 magnitudine

938 2195 1070 2222 superare
1086 2188 1196 2220 dixerit,
1210 2187 1440 2222 quemadmodum
1461 2189 1559 2216 cmlum
1575 2193 1667 2217 monte
1683 2190 1732 2217 ali-

940 2241 1006 2268 quo.
1030 2234 1073 2260 vel
1087 2233 1157 2261 colle
1182 2234 1271 2268 majus
1292 2238 1346 2267 est,
1362 2234 1394 2261 ad
1411 2242 1523 2269 operum
1550 2235 1731 2263 nihilominus
1777 2259 1779 2261 .

940 2278 1136 2311 conditionem,
1155 2280 1332 2313 quantumvis
1357 2279 1545 2315 magnitudine
1567 2281 1733 2309 antecellcre

938 2325 1012 2357 velit,
1028 2325 1154 2353 eumdem
1172 2325 1248 2352 illum
1261 2325 1383 2359 abjiciet.
1402 2324 1466 2353 Sive
1479 2334 1530 2353 nsu
1553 2330 1580 2353 et
1597 2327 1731 2362 obsequio

938 2377 1070 2407 praestare
1085 2371 1192 2400 caeteris
1203 2371 1279 2404 velit,
1296 2371 1368 2406 quod
1389 2372 1492 2407 reliqua
1502 2372 1595 2400 omnia
1619 2380 1733 2408 praeces-

943 2417 1020 2448 serit,
1048 2421 1075 2444 ct
1102 2417 1136 2444 ad
1161 2424 1256 2444 eorum
1281 2417 1488 2452 productionem
1517 2425 1627 2452 operam
1653 2426 1731 2446 suam

942 2461 1100 2493 contulerit,
1119 2460 1206 2488 nihilo
1228 2466 1316 2488 tamen
1334 2461 1420 2496 magis
1436 2462 1471 2489 ab
1486 2462 1657 2497 opiliciorum
1680 2471 1731 2490 no-

942 2505 1016 2533 tione
1033 2506 1192 2534 vindicabit.
1214 2505 1247 2533 Ut
1257 2506 1329 2533 enim
1348 2507 1417 2533 nihil
1432 2507 1557 2540 interest,
1570 2508 1593 2535 si
1617 2508 1730 2544 forcipe,

940 2559 995 2578 non
1012 2559 1093 2579 manu
1111 2551 1180 2586 ipsa,
1197 2553 1281 2580 carbo
1293 2553 1328 2580 de
1342 2553 1421 2579 altari
1437 2553 1572 2588 capiatur.
1585 2561 1640 2589 quo
1653 2554 1730 2582 illius

101 2605 235 2634 beneﬁcio
257 2606 363 2634 fabrilis
389 2614 434 2634 ars
459 2605 574 2634 ferream
601 2606 730 2633 laminam
756 2605 884 2638 inducat;
914 2610 1056 2641 propterea
1079 2606 1152 2642 quod
1184 2611 1239 2634 tam
1268 2606 1385 2642 forceps,
1402 2615 1483 2642 quam
1509 2607 1623 2640 ferrum,
1655 2607 1729 2642 quod

102 2660 149 2687 per
164 2653 238 2680 illam
256 2654 376 2685 ducitur,
404 2653 476 2680 inter
501 2653 583 2688 opera
612 2656 779 2682 censentur:
794 2653 833 2682 ita
855 2651 924 2679 nihil
946 2660 960 2679 a
983 2653 1124 2688 productis
1138 2653 1278 2688 operibus,
1309 2653 1365 2686 illc,
1391 2661 1439 2688 per
1463 2660 1543 2688 quem
1572 2651 1643 2678 facta
1665 2656 1730 2680 sunt

101 2699 194 2726 omnia
224 2699 341 2732 differet,
375 2699 429 2728 nisi
446 2698 532 2727 Filius
556 2700 601 2731 sit,
621 2699 851 2734 quemadmodum
881 2700 1015 2727 naturalis
1044 2700 1116 2727 ratio
1147 2700 1303 2735 persuadet.
1328 2700 1399 2733 Quin
1423 2700 1511 2728 factus
1534 2699 1592 2735 ipse
1611 2697 1729 2733 primum

101 2747 153 2774 crit
182 2747 303 2774 omnium
328 2755 407 2782 opus,
423 2754 455 2775 ac
485 2747 558 2775 velut
576 2747 725 2775 conditoris
745 2747 969 2778 instrumentum,
991 2755 1039 2782 per
1053 2747 1126 2781 quod
1142 2748 1270 2775 universa
1292 2747 1429 2775 moliatur.

139 2856 146 2870 ’
159 2854 194 2882 ν.
213 2857 237 2883 εί
249 2855 326 2891 χαλκ.
