1931 3041
223 150 276 177 415

917 153 945 181 S.
964 152 1132 180 EPIPIIANII

1791 149 1842 177 ιιϐ

218 208 273 236 est,
282 203 376 229 cadent
387 201 497 228 haurire
509 207 587 227 sensa
597 200 785 227 consucvisset
795 197 902 225 dnolms
913 207 928 225 e
940 198 1010 233 psal-

1057 212 1102 244 τὰς
1114 212 1205 238 ἕλκειν
1219 210 1334 241 ἑννοίας,
1350 209 1444 244 ὥσπερ
1459 207 1513 235 ams
1526 207 1579 234 τῶν
1592 207 1638 234 δύο
1649 207 1776 241 ψαλμῶν,
1791 206 1843 233 ὰπδ

219 258 284 281 unus,
293 249 328 275 ab
340 257 373 276 eo
383 248 508 275 videlicet
518 247 544 273 in
556 255 610 281 qun
621 246 729 273 canitur
742 245 866 272 :Judicia
878 250 923 272 tua
936 247 1013 280 abys-

218 305 264 322 aus
282 295 365 321 mullo
378 295 384 310 '
396 300 403 324 ;
416 299 441 320 et
453 293 486 320 ab
498 293 562 324 alio,
576 293 601 318 in
613 300 668 327 quo
679 292 810 326 scriptum
827 296 869 319 est
883 302 888 318 :
907 291 1013 319 Semita:

220 348 272 369 tua!
285 343 310 368 in
321 342 396 376 aquis
408 341 507 372 multis,
516 346 539 367 et
553 341 662 374 vestigia
672 345 717 366 tua
728 348 777 365 non
790 340 1012 374 cognascentur’;

220 389 292 414 illam
305 388 338 414 tle
356 387 520 421 Deijmliciis
532 386 696 413 sententiam
712 386 852 420 paululum
864 386 1014 413 immutatis

218 434 381 468 quibusdam
398 433 545 460 transtulit.
567 433 634 460 Nam
656 440 704 467 pro
724 432 758 460 iis
771 432 860 459 verbis
875 442 881 459 ε
896 432 1013 467 Abyssus

218 480 313 510 multa,
324 479 448 513 scripsit:
460 479 482 506 0
495 479 609 505 altitudo
623 477 790 506 divitiarum'
799 477 862 505 !Pro
875 479 918 505 his
928 486 990 505 vero
1005 487 1012 505 :

218 525 326 553 Semina
337 530 391 552 tua:
402 525 428 551 in
442 526 517 560 aquis
528 525 636 556 multis:
647 531 671 552 et
684 525 792 560 vestigia
802 529 847 551 tua
861 533 911 551 non
922 533 1016 559 cogno-

216 576 322 598 sccnlur
329 579 337 602 ;
345 572 468 606 scripsit:
479 570 677 606 Inrestigabiles
685 579 693 603 ;
702 579 751 606 pro
759 571 801 598 his
809 575 898 598 autem
909 572 1012 598 verbis:

215 618 323 644 Judicia
338 623 383 645 tua
403 618 512 653 abyssus
530 618 613 644 multa
623 639 631 651 ,
643 618 784 646 substituit
793 618 875 654 853
887 619 953 650 haec,
965 618 1014 645 In-

216 665 372 691 scrutabilia
378 665 485 698 judicia
497 665 554 698 ejus
562 665 583 692 ‘.
593 666 634 692 Ad
646 665 771 692 eumdem
785 666 894 692 modum
906 673 968 693 cum
980 665 1015 692 ab

217 711 274 746 ipsa
288 710 428 746 Sapientia
441 716 562 738 mutuam
576 711 673 746 ipsius,
685 719 717 738 ac
733 710 821 738 Patris
838 719 899 738 cum
914 711 1015 738 infimis

217 757 291 784 hisce
310 757 543 792 comparationem
567 756 810 791 habitudinemque
831 756 1013 791 cognovisset,

216 803 353 838 propriam
367 802 466 834 Patris,
481 810 512 829 ac
525 802 596 834 Filii,
611 807 637 829 et
650 809 744 829 eorum
755 810 816 837 quae
830 810 877 837 per
887 801 985 829 Filium
999 809 1015 829 a

218 849 298 876 Patre
314 849 445 884 producta
463 853 538 880 sunt,
555 849 694 876 notionem
714 849 772 876 suis
795 849 822 876 in
843 849 954 883 scriptis
968 857 1017 876 ex-

1055 258 1102 284 τοῦ
1115 266 1144 284 τε
1155 257 1293 291 λέγοντος·
1319 256 1356 283 Τὰ
1368 254 1493 290 χρίματά
1509 262 1567 281 σου
1583 253 1717 285 ἄϐυσσος
1730 252 1842 285 πολλὴ.

1057 304 1103 330 καὶ
1118 302 1172 330 ἀπὸ
1188 301 1252 333 τοῦ,
1272 302 1307 328 Al
1332 302 1423 334 τρίόοι
1441 308 1500 326 σου
1528 300 1561 325 ἐν
1581 299 1671 325 ῦδιισι
1699 297 1836 329 πολλοῖς·

1056 349 1105 376 καὶ
1121 349 1157 376 τὰ
1171 349 1241 383 ιχνη
1258 355 1317 374 σου
1329 347 1365 374 οὐ
1385 345 1623 381 τνωσθήσονται,
1640 344 1686 370 τὸν
1703 343 1769 378 περὶ
1784 351 1840 376 χρι-

1058 395 1150 431 μάτων
1169 393 1215 420 τοῦ
1231 392 1298 419 Θεοῦ
1321 392 1399 426 λόγον
1424 391 1582 426 μετέϐαλεν.
1606 390 1678 416 Ἀντὶ
1708 389 1758 424 μὲν
1784 387 1841 420 τοῦ,

1058 442 1212 472 ”Αὸδυσσος
1224 438 1324 472 πολλὴ
1333 458 1340 469 ,
1352 437 1393 468 τὸ,
1407 435 1441 464 Ὦ
1458 436 1554 469 ,ϐάθος
1567 436 1720 462 πλούτου]
1738 434 1800 460 ἀντὶ
1815 434 1841 460 δὲ

1055 486 1122 517 τοῦ,
1148 487 1182 512 At
1197 485 1288 519 τρίϐοι
1310 491 1368 510 σου
1395 483 1429 509 ἐν
1453 481 1543 508 ὕδασι
1569 480 1713 513 πολλοῖς·
1729 480 1779 505 καὶ
1808 479 1842 505 τὰ

1057 531 1126 565 ἴχνη
1143 539 1200 557 σου
1214 531 1250 556 οὐ
1266 527 1503 563 γνωσθήσονται,
1517 527 1558 556 τὸ,
1584 525 1839 559 ’Λνεξιχνίαστοισ

1057 580 1116 607 ἀντὶ
1135 579 1163 604 δὲ
1188 577 1254 609 τοῦ,
1277 577 1316 604 Τὰ
1337 574 1463 610 κρίματά
1481 582 1539 600 σου
1565 572 1700 604 ἄϐυσσος
1727 569 1841 603 πολλὴ.

1055 624 1105 656 τὸ,
1128 622 1357 656 Ἀνεεερεύνητα
1382 620 1416 646 τὰ
1439 617 1566 653 κρίματὰ
1589 625 1659 644 σου.
1685 615 1766 642 Οὖτω
1797 615 1843 641 καὶ

1057 669 1121 704 παρ’
1141 668 1225 702 αὐτῆς
1247 666 1297 701 τῆς
1317 665 1417 699 Σοφῖας
1434 663 1484 699 τὴν
1506 664 1570 698 περὶ
1595 661 1694 696 ἑαυτῆς
1720 659 1768 687 καὶ
1796 659 1842 685 τοῦ

1057 714 1181 750 Πατρὸς,
1208 713 1254 739 καὶ
1273 711 1322 746 τὴν
1348 710 1416 745 πρὸς
1435 709 1499 736 τάδε
1522 707 1655 742 γενόμενα.
1675 706 1769 740 σχέσιν

1057 759 1127 790 θὼν,
1155 759 1183 784 ἐν
1199 750 1268 788 ’τοῖς
1291 755 1387 782 ἑαυτοῦ
1415 755 1480 790 ἡμῖν
1502 753 1552 788 τὴν
1571 752 1635 787 περὶ
1664 750 1774 786 Harpe:
1799 749 1845 776 ni.

1056 805 1139 836 Υἱοῦ,
1155 802 1266 831 καὶτῶν
1285 803 1318 829 ἐκ
1332 801 1438 836 Πατρὺς
1460 800 1493 826 δι’
1513 799 1578 826 Υἱοῦ
1596 798 1746 833 γεγονότων
1772 804 1844 830 παρ-

1058 851 1164 886 ίστησιν
1189 849 1303 876 ἔννοιαν.
1324 847 1381 882 Τῆς
1397 847 1453 881 γὰρ
1470 844 1568 879 Σοφίας
1595 843 1725 878 ειπούσης
1737 850 1744 857 ⁸
1773 841 1846 876 Ἐγὼ

215 894 325 929 pressit.
339 892 407 920 Nam
426 901 489 920 cum
509 892 647 927 Sapientia
662 893 777 920 dixisset
793 900 800 920 :
816 893 870 928 Ego
884 893 1010 928 sapientia

1058 897 1077 930 ἡ
1103 885 1197 930 σοφία
1222 892 1441 927 κατεσκήνωσα
1465 889 1609 924 βουλὴν,
1634 889 1682 915 καὶ
1709 887 1744 914 τὰ
1770 887 1845 922 ἑξῆς,

215 939 306 966 habito
320 940 348 966 in
364 939 474 966 consilio
484 940 505 973 ⁸,
515 944 579 971 etc.,
594 944 650 966 tum
671 939 704 966 ad
723 947 783 966 eam
797 939 1013 974 procreationem

216 985 549 1020 adininistrationemqnc,
567 993 628 1020 quae
649 986 845 1014 interveniente
860 986 948 1014 Verbo
970 986 1011 1017 ﬁt,

215 1031 394 1064 descendens,
404 1039 465 1058 cum
479 1032 513 1057 ita
527 1031 713 1066 subjnnxisset
725 1041 732 1059 :
742 1031 794 1059 Per
806 1040 845 1059 me
858 1037 1012 1066 reges,etc.,

223 1075 286 1100 item
302 1074 366 1101 illud
385 1083 392 1100 :
412 1073 443 1100 Si
459 1074 612 1100 nuntiavere
628 1074 710 1104 vobis,
729 1081 786 1107 qua’
797 1081 842 1108 per
863 1083 904 1102 me
923 1075 1010 1109 ﬁunt;

221 1118 428 1146 commemorabo
448 1126 506 1153 qua:
525 1127 541 1144 a
557 1118 655 1145 sitcqu
669 1122 730 1144 sunt
748 1119 939 1152 pertensenda;
958 1119 1008 1148 de-

221 1163 304 1191 inde:
323 1163 452 1190 Dominus
465 1163 563 1190 creauit
585 1171 626 1189 me
649 1163 754 1189 initium
777 1163 878 1190 viarum
899 1172 1009 1190 suarum

220 1210 247 1236 in
264 1217 343 1243 opera
370 1209 454 1243 ipsius
468 1216 477 1235 :
494 1213 555 1235 ante
571 1208 699 1236 saxulum
726 1209 847 1243 fundarit
874 1217 931 1241 me;
948 1215 1008 1236 ante

220 1256 309 1282 omm'a
333 1256 420 1290 genuit
450 1263 513 1282 me:
532 1263 594 1281 cum
623 1255 690 1286 hinc,
719 1255 841 1289 inquam,
871 1254 1009 1290 Sapientia

219 1301 347 1332 dixisset,
363 1301 510 1335 Apostolus
533 1307 582 1335 pro
603 1308 636 1328 eo
659 1301 731 1335 quod
752 1305 805 1332 est,
825 1301 940 1333 initium,
962 1308 1009 1335 po-

220 1346 285 1376 suit.
303 1347 424 1379 primus;
442 1353 501 1380 pro,
514 1346 602 1381 genuit
616 1355 665 1377 me,
679 1346 800 1381 genitus;
825 1354 875 1381 pro
890 1350 948 1373 toto
962 1347 1009 1374 illo

219 1393 352 1423 membro,
377 1391 483 1419 Creauit
503 1400 544 1418 me
564 1392 668 1418 initium
696 1391 797 1418 uiarum
820 1400 947 1424 suarum;
970 1396 1007 1425 et,

218 1437 306 1471 genuit
326 1445 375 1470 me,
396 1437 446 1465 ista
471 1437 601 1469 subtexit,
619 1436 816 1472 I’rimogenitus
832 1437 915 1463 omnis
933 1445 1008 1463 arca-

219 1485 327 1515 turas‘;
350 1490 399 1517 pro
425 1482 487 1515 hoc,
511 1482 644 1509 Fumlavit
673 1491 722 1514 me,
741 1482 863 1517 scripsit,
893 1481 926 1509 In
952 1483 1007 1516 ipso

220 1533 308 1554 creata
320 1534 380 1554 sum
396 1529 493 1554 omnia.
506 1529 611 1555 llnrsus
626 1536 674 1563 pro
688 1528 749 1559 huc,
763 1535 808 1561 per
820 1535 876 1559 me;
891 1527 1007 1562 Aposto-

1057 942 1104 970 καὶ
1121 941 1277 977 μεταϐάσης
1291 939 1331 971 si;
1344 939 1390 966 τὸν
1402 938 1436 964 δι’
1449 935 1480 964 αὖ
1497 937 1597 970 Λόγον·
1612 937 1706 971 εἴρηκε
1721 934 1787 969 γὰρ,
1806 933 1845 960 Δι’

1055 987 1129 1023 ἐμοῦ
1143 987 1284 1020 ,βασιλεῖς
1297 995 1304 1000 -
1321 985 1368 1012 καὶ
1388 984 1429 1016 τὸ,
1455 983 1526 1010 Ἐὰν
1543 982 1709 1016 sirm-781.14»
1724 979 1797 1014 ὑμῖν
1811 978 1847 1005 τὸ

1056 1035 1093 1061 δι’
1110 1034 1182 1069 ἐμοῦ
1192 1054 1198 1066 ,
1213 1032 1413 1068 μνημονεύσω
1428 1031 1464 1058 τὰ
1478 1030 1528 1057 ἀπ’
1543 1029 1652 1060 αιῶνος
1664 1026 1846 1061 ἀριθμῆσαισ

1057 1080 1105 1107 καὶ
1118 1079 1262 1113 εἰπούσης·
1282 1077 1393 1111 Κύριος
1411 1075 1512 1103 ἐκτισέ
1526 1083 1565 1110 με
1579 1073 1679 1108 ἀρχὴν
1699 1071 1778 1099 ὁδῶν
1793 1072 1847 1097 αὑ-

1056 1124 1110 1152 τοῦ
1121 1125 1164 1157 είς
1181 1123 1252 1158 ἔργα
1264 1122 1356 1149 αὑτοῦ
1369 1129 1377 1137 ·
1397 1121 1453 1155 πρὸ
1473 1120 1526 1147 τοῦ
1539 1119 1646 1151 αἰῶνος
1665 1115 1848 1152 ἐθεμελίωέ

1054 1178 1092 1204 με
1104 1177 1111 1184 ·
1128 1169 1184 1203 πρὸ
1198 1168 1232 1194 δὲ
1245 1167 1366 1194 πάντων
1381 1165 1472 1202 γεννᾷ
1489 1174 1527 1200 με
1539 1173 1546 1180 ’
1564 1164 1624 1192 ἀντὶ
1637 1163 1688 1199 μὲν
1701 1162 1749 1189 τοῦ
1764 1182 1772 1193 ,
1794 1161 1847 1195 ἀρ-

1057 1214 1128 1250 χὴν,
1143 1214 1236 1240 ἔλαϐεν
1250 1215 1264 1240 ὁ
1286 1212 1446 1244 ’Δπόστολος
1461 1212 1502 1243 τὸ,
1520 1210 1635 1245 πρῶτος
1647 1217 1654 1224 '
1669 1209 1730 1244 ᾁντὶ
1740 1208 1769 1234 δὲ
1787 1207 1848 1238 τοῦ.

1057 1259 1148 1293 γεννᾷ
1161 1268 1214 1295 με,
1235 1259 1282 1289 τὸ.
1300 1259 1387 1290 τόκος
1398 1266 1405 1272 ·
1425 1257 1486 1284 ἀντὶ
1504 1256 1533 1283 δὲ
1551 1255 1598 1282 τοῦ
1617 1255 1678 1281 ὅλου
1694 1253 1762 1288 ὁμοῦ
1774 1272 1782 1284 ,
1805 1252 1849 1283 τὸ,

1054 1305 1190 1334 Ἕκτισέτ
1196 1312 1234 1338 με
1249 1303 1348 1338 ἀρχὴν
1359 1302 1436 1330 ὁδῶν
1451 1301 1560 1329 αὑτοῦ·
1578 1301 1624 1327 καὶ
1640 1298 1731 1335 γεννᾷ
1740 1307 1788 1333 με,
1805 1298 1848 1328 τὸ.

1057 1349 1243 1382 πρωτότοκος
1267 1348 1368 1382 πάσης
1384 1348 1509 1380 κτίσεως
1523 1355 1530 1362 '
1550 1347 1610 1373 ἀντὶ
1636 1346 1663 1372 δὲ
1679 1345 1726 1372 τοῦ
1739 1364 1746 1376 ,
1768 1345 1850 1371 Ἐθε-

1055 1393 1201 1426 μελίωσε.
1216 1393 1247 1420 τὸ
1258 1413 1266 1425 ,
1288 1394 1340 1420 Ἔν
1359 1392 1439 1425 αὐτῷ
1453 1393 1575 1425 ἐκτίσθη
1595 1392 1631 1418 τὰ
1650 1390 1763 1417 πάντα·
1786 1389 1851 1415 ἀντὶ

1057 1437 1085 1464 δὲ
1101 1437 1164 1469 τοῦ,
1180 1438 1216 1465 δι’
1231 1437 1313 1473 ἐμοῦ,
1334 1440 1372 1465 Τὰ
1385 1438 1435 1466 ἀπ’
1448 1438 1567 1470 αἰῶνος,
1583 1437 1643 1464 site
1660 1437 1770 1471 θρόνοι,
1787 1435 1851 1461 εἴτε

1058 1483 1238 1517 κιιριότητες,
1256 1484 1315 1510 εἴτε
1329 1483 1428 1519 ἀρχαὶ.
1448 1484 1508 1511 alte
1521 1483 1658 1515 ἐξουσίαι
1669 1502 1676 1515 ,
1696 1481 1732 1508 τὰ
1748 1481 1852 1508 πάντα

1057 1528 1094 1555 δι’
1106 1529 1209 1562 αὐτοῦ,
1224 1530 1272 1556 καὶ
1283 1531 1327 1563 είς
1341 1530 1434 1558 αὐτὸν
1448 1530 1592 1557 ἔκτισται.

219 1573 272 1606 lus,
288 1582 346 1608 qua:
369 1583 385 1600 a
415 1574 511 1601 smnio
535 1579 607 1608 sunt,
630 1575 683 1602 sive
704 1574 804 1606 throni,
830 1575 883 1602 sive
907 1574 1116 1608 dominationes,
1154 1577 1207 1604 sive
1235 1578 1411 1612 principatus,
1433 1578 1485 1605 sive
1507 1581 1661 1612 potestates,
1689 1574 1779 1601 omnia
1801 1581 1851 1607 per

219 1619 314 1653 ipsum,
331 1625 356 1646 et
372 1620 398 1647 in
415 1620 500 1654 ipsum
516 1626 606 1646 creata
618 1626 692 1648 sunt.

254 1663 347 1698 Itaque
377 1672 439 1691 cum
465 1664 587 1700 Apostoli
611 1665 746 1691 sententia
769 1672 832 1692 cum
859 1664 1006 1700 Sapientia:

1092 1662 1205 1689 Πάντων
1221 1660 1267 1689 οὖν
1279 1662 1347 1699 πρὸς
1371 1662 1444 1697 λέξιν
1468 1663 1646 1696 ὲξισαζόντων
1661 1664 1850 1692 ἀποστολικῶν

218 1716 284 1736 voce
312 1709 347 1736 ad
381 1709 494 1737 verbum
527 1713 679 1744 congruat,
707 1710 780 1737 velut
811 1711 916 1737 initium
943 1718 1006 1738 cum

217 1754 313 1788 primo,
330 1758 357 1781 et
372 1756 459 1790 genuit
472 1763 533 1782 cum
547 1756 735 1790 primogenilus
747 1759 790 1787 ;et
803 1755 887 1788 istud,
899 1756 1005 1783 Creavit

219 1809 259 1827 me
269 1801 374 1828 initium
389 1802 491 1828 viarum
503 1809 614 1828 suarum
628 1802 655 1827 in
668 1809 746 1835 opera
759 1802 852 1835 ipsius,
865 1809 927 1828 cum
943 1801 1006 1833 hoc,

218 1845 412 1881 Primogenitus
424 1847 508 1874 omnis
520 1851 648 1873 creatam
660 1855 667 1879 ;
695 1847 758 1873 item
769 1855 817 1881 pro
823 1846 943 1881 [undavit
956 1855 1006 1880 me,

218 1890 276 1917 huic
292 1891 374 1918 verba
390 1891 538 1918 substituta
557 1892 622 1922 sint,
639 1891 666 1917 in
683 1891 738 1925 ipso
757 1897 847 1918 creata
864 1896 942 1922 sunt;
959 1898 1008 1925 pro

219 1936 271 1962 hoc
287 1943 351 1963 vero
363 1956 370 1968 ,
391 1944 437 1970 per
451 1944 507 1968 me,
527 1936 598 1964 istud
609 1955 618 1968 ,
633 1944 679 1970 per
704 1937 808 1971 ipsum,
833 1936 1007 1963 manifestum

218 1985 260 2008 est
284 1981 407 2016 imaginis
425 1989 523 2009 nomen
539 1982 609 2009 citra
638 1981 794 2017 passionem
821 1983 967 2017 usurpari;
981 1986 1010 2010 et

219 2033 269 2061 pro
286 2026 351 2053 iisce
369 2026 467 2058 verbis,
486 2026 542 2061 Ego
557 2027 701 2061 sapientia,
718 2026 836 2061 positum
851 2027 949 2054 fuisse.
969 2027 1009 2054 Ac

220 2071 333 2106 proinde
347 2071 419 2099 sicut
435 2072 571 2108 sapientia
586 2073 719 2107 sapientis
736 2072 822 2100 Filius
834 2094 840 2106 ,
856 2073 1010 2101 substantia

219 2117 377 2145 substantiaz
392 2122 434 2146 est
450 2126 458 2145 ε
479 2118 521 2146 sic
537 2118 684 2153 imaginem
706 2118 867 2146 substantiae
892 2127 953 2147 csse
972 2120 1010 2147 si-

219 2164 321 2192 milem.
337 2163 376 2191 Ex
393 2172 448 2200 quo
461 2165 572 2200 quidem
589 2165 679 2201 imago
699 2164 758 2198 Dei,
774 2165 821 2200 qui
842 2165 928 2193 videri
943 2174 1009 2193 ocu-

219 2210 253 2236 lis
270 2217 324 2237 non
346 2214 454 2246 potest.
476 2210 528 2238 hoc
551 2215 593 2238 est
607 2210 706 2243 Filius,
724 2211 893 2246 intelligitur.
912 2210 950 2238 Ita
966 2211 1006 2239 di-

218 2256 324 2283 ctiones
342 2263 437 2284 omnes
451 2256 484 2283 ad
501 2256 633 2284 amussim
653 2257 850 2292 respondentes
866 2257 1007 2285 habemus.

221 2303 254 2330 lit
274 2306 338 2336 puta
355 2309 403 2336 pro
421 2302 550 2336 sapiente.
568 2302 652 2335 Deus;
673 2310 722 2338 pro
736 2303 884 2336 sapientia,
900 2302 1007 2338 imago;

213 2352 262 2379 pro
282 2343 368 2375 initio,
390 2343 510 2376 primus;
537 2350 586 2376 pro
611 2343 710 2376 genuit,
726 2342 848 2376 genitus;
872 2349 922 2376 pro
942 2346 1008 2377 toto,
1024 2341 1045 2369 D

216 2397 289 2420 una;
312 2396 361 2423 pro
380 2392 436 2415 toto
459 2388 505 2414 illo
525 2388 658 2419 membro,
673 2388 807 2420 videlicet,
822 2387 935 2414 Initium
956 2388 1014 2415 uia-

217 2443 276 2460 rum
291 2442 399 2460 suarum
417 2434 513 2460 creavit
529 2442 568 2460 me
587 2434 612 2460 in
631 2443 710 2468 opera
726 2443 784 2465 sua,
801 2439 828 2461 et
846 2435 935 2469 genuit
953 2442 1012 2466 me;

217 2481 412 2515 l'rimogcnitus
427 2482 510 2508 omnis
524 2487 662 2507 creatum.
678 2481 743 2508 ltem
757 2488 805 2514 pro
823 2481 945 2515 [undavit
959 2489 1010 2514 me,

214 2526 247 2552 In
261 2527 318 2560 ipso
333 2532 422 2553 creata
436 2532 518 2559 sunt;
531 2532 558 2555 et
570 2536 618 2562 pro
630 2536 675 2563 per
691 2537 741 2561 me,
757 2528 852 2555 Omnia
864 2537 911 2563 per
924 2529 1012 2562 ipsum

215 2577 239 2598 et
255 2573 282 2598 in
295 2573 391 2607 ipsum.
409 2571 447 2600 Ex
460 2574 560 2608 quibus
575 2574 679 2608 liquido
693 2578 820 2601 constat:
836 2582 883 2601 eos
901 2574 948 2609 qui
966 2573 1011 2601 Dei

217 2627 271 2646 non
296 2620 470 2654 aspectabilis
494 2620 638 2664 imaginem
665 2628 725 2647 esse
754 2620 853 2647 Filium
879 2620 1009 2656 audiunt,

214 2671 242 2693 et
258 2666 438 2694 nihilominus
457 2667 540 2701 huius
567 2675 629 2694 cum
645 2666 724 2695 Patre
744 2667 948 2695 similitudinem
964 2676 1012 2696 ca-

214 2711 343 2740 lumniari
364 2717 419 2740 tam
437 2713 608 2748 impudenter
630 2721 683 2741 non
701 2713 836 2747 dubitant,
850 2714 954 2742 erroris
978 2713 1012 2741 ab

263 2804 270 2818 ‘
287 2802 359 2830 Psal.
372 2811 454 2833 xxxv.
472 2802 497 2828 ’1.
534 2802 545 2817 ¹
557 2801 733 2835 Psal.uxvt,
750 2802 796 2830 ΞΟ.
835 2803 845 2818 ³
859 2801 939 2830 Rom.
956 2801 1010 2834 ιιιῖ

1091 2801 1101 2818 ⁸
1113 2802 1178 2830 ibid.
1213 2801 1315 2830 'Prov.
1331 2810 1389 2835 vni,
1407 2801 1439 2828 12
1447 2809 1508 2836 sqq.

228 2832 236 2847 ⁷
248 2837 278 2866 Ι·”.
293 2838 340 2864 τοῦ
351 2838 407 2865 Ξκτ.
447 2838 457 2854 ⁵
476 2837 507 2864 F.
525 2837 593 2869 πρὸς
607 2837 646 2864 τό.

1058 1709 1096 1741 ὠς
1110 1709 1144 1734 τὰ
1156 1708 1231 1744 παρὰ
1246 1710 1294 1745 τῆς
1307 1709 1415 1744 Σοφίας,
1427 1709 1549 1736 τουτέστι
1561 1710 1607 1736 τοῦ
1619 1718 1648 1736 τε
1662 1710 1762 1744 ἀρχὴν
1779 1712 1850 1747 πρὸς

1057 1755 1087 1780 τὸ
1105 1754 1230 1788 πρῶτος,
1256 1755 1303 1781 καὶ
1323 1754 1369 1781 τοῦ
1398 1754 1507 1790 τεννᾷε
1522 1756 1717 1790 πρωτότοκος,
1744 1758 1791 1783 καὶ
1806 1757 1849 1790 τὸ,

1060 1800 1178 1827 Ἔκτισέ
1186 1809 1225 1835 με
1236 1799 1335 1835 ἀρχὴν
1353 1800 1431 1828 ὁδῶν
1454 1801 1558 1832 αὐτοῦ,
1581 1803 1625 1834 εις
1648 1802 1722 1836 ἔργα
1742 1803 1850 1835 αὐτοῦ,

1059 1846 1126 1881 πρὸς
1143 1846 1183 1878 τὸ,
1200 1848 1389 1880 Πρωτίτοκος
1407 1846 1509 1880 πάσης
1522 1847 1646 1880 κτίσεως
1656 1854 1662 1862 ·
1679 1848 1740 1874 ἀντὶ
1752 1848 1779 1874 δὲ
1790 1848 1851 1881 τοῦ,

1064 1891 1255 1926 Ἐθεμελίωσέ
1270 1901 1319 1927 με,
1336 1893 1376 1925 τὺ,
1399 1893 1447 1919 Ἑν
1474 1892 1553 1932 αὐτῷ
1575 1893 1709 1926 ἐκτίσθη·
1735 1894 1796 1920 ἀντὶ
1819 1895 1851 1921 δὲ

1057 1937 1115 1967 τοῦ,
1132 1937 1169 1964 δι’
1181 1937 1264 1972 ἐμοῦ,
1284 1938 1321 1969 ὼς
1338 1937 1406 1972 πρὸς
1423 1937 1463 1970 τὸ,
1475 1937 1512 1964 δι’
1526 1937 1636 1964 αὐτοῦ’
1657 1939 1786 1974 φανερὸν.
1802 1940 1851 1967 καὶ

1058 1983 1076 2016 ή
1093 1983 1183 2010 εἰκὼν
1196 1985 1246 2011 οὐκ
1267 1985 1296 2010 ὲν
1313 1984 1404 2017 πάθει,
1425 1984 1484 2011 ἀλλ’
1499 1984 1560 2011 ἀντὶ
1580 1984 1638 2016 τοῦ,
1663 1984 1736 2019 Ἐγὼ
1756 1985 1774 2017 ἠ
1796 1994 1850 2012 σο-

1058 2030 1122 2064 φία.
1139 2030 1331 2065 παρείληπται.
1354 2030 1409 2056 Καὶ
1424 2030 1461 2061 ὡς
1477 2031 1493 2065 ὴ
1510 2030 1590 2064 σοφία
1610 2030 1657 2056 τοῦ
1673 2030 1757 2064 σοφοῦ
1773 2030 1848 2063 Υἱὸς,

1058 2074 1137 2101 οὐσία
1154 2075 1256 2108 οὐσίας,
1285 2075 1370 2107 οὕτως
1386 2075 1402 2110 ἡ
1418 2074 1500 2101 εἰκὼν
1523 2075 1616 2107 οὐσίας
1629 2075 1708 2110 ὁμοία
1723 2076 1791 2102 ἐστί.
1803 2077 1850 2102 Διὸ

1059 2121 1105 2147 καὶ
1119 2120 1199 2147 εἰκὼν
1212 2120 1310 2156 ἐνοήθη
1325 2120 1372 2147 τοῦ
1395 2120 1462 2147 Θεοῦ
1477 2120 1605 2156 ἀοράτου,
1628 2120 1657 2152 ὃς
1681 2121 1756 2148 ἐστιν
1774 2121 1848 2152 Υῑός.

1059 2167 1112 2193 Καὶ
1133 2166 1230 2201 ἔχομεν
1254 2166 1431 2198 ἐξισαζούσας
1456 2166 1506 2198 τὰς
1529 2166 1614 2199 λέξεις
1647 2166 1754 2197 πάσας·
1789 2167 1850 2193 ἀντὶ

1060 2210 1108 2245 μὲν
1132 2210 1178 2236 τοῦ
1195 2211 1304 2245 σοφοῦ,
1323 2210 1354 2237 τὸ
1369 2212 1449 2243 Θεός·
1466 2210 1525 2237 ἀντὶ
1542 2210 1570 2237 δὲ
1590 2211 1644 2244 τῆς
1668 2211 1790 2245 σοφίας,
1807 2211 1849 2242 τὸ,

1057 2254 1146 2282 εἰκών
1157 2263 1163 2269 ·
1176 2255 1237 2282 ἀντὶ
1246 2255 1274 2281 δὲ
1286 2255 1333 2282 τοῦ
1348 2255 1437 2290 ἀρχὴ,
1451 2255 1567 2289 πρῶτος
1578 2263 1584 2269 ·
1604 2256 1663 2282 ἀντὶ
1678 2255 1707 2282 δὲ
1720 2256 1768 2282 τοῦ
1785 2264 1850 2291 γεν-

1059 2299 1107 2333 νᾷ,
1122 2301 1162 2333 τὸ,
1193 2301 1294 2333 τόκος·
1311 2301 1370 2326 ἀντὶ
1390 2301 1419 2327 δὲ
1436 2301 1519 2333 ὅλου,
1537 2301 1612 2335 ὠμοῦ
1626 2310 1731 2336 φαμεν·
1750 2302 1850 2328 ἀντὶδὶ

1059 2346 1117 2378 τοῦ,
1141 2346 1249 2381 Ἀρχὴν
1264 2345 1342 2373 ὁδῶν
1355 2346 1448 2374 αὐτοῦ
1475 2347 1577 2374 ἐκτισέ
1590 2355 1629 2382 με
1643 2348 1686 2380 εὶς
1702 2347 1776 2382 ἔργα
1797 2349 1851 2375 αὐ·

1061 2390 1124 2424 τοῦ,
1153 2391 1200 2417 καὶ
1214 2390 1307 2425 γεννᾷ
1328 2399 1378 2425 με,
1402 2391 1442 2422 τὺ,
1460 2392 1648 2425 Πρωτότοκος
1662 2391 1767 2425 πάσης
1788 2393 1850 2418 κτί-

1060 2444 1135 2469 σεως
1149 2443 1156 2449 ·
1175 2436 1235 2462 ἀντὶ
1250 2436 1279 2462 δὲ
1301 2435 1357 2465 τοῦ.
1378 2435 1573 2470 Ἐθεμελίωσέ
1584 2444 1632 2469 με,
1647 2436 1687 2469 τὸ,
1705 2435 1758 2463 Ἐν
1770 2435 1852 2468 αὐτῷ

1060 2482 1182 2516 ἐκτίσθη
1195 2490 1203 2498 ο
1218 2481 1277 2508 ἀντὶ
1303 2481 1331 2508 δὲ
1344 2481 1401 2513 τοῦ,
1419 2481 1457 2508 δι’
1471 2480 1555 2516 ἐμοῦ,
1572 2480 1610 2510 Τὰ
1624 2481 1722 2508 πάντα
1744 2482 1783 2508 δι’
1799 2483 1851 2509 αὺ-

1046 2523 1113 2554 ξτλιῦ
1130 2528 1179 2554 καὶ
1194 2528 1237 2559 εἰς
1249 2528 1351 2554 αὐτόν.
1377 2526 1506 2562 Φανερὸν,
1523 2525 1560 2557 ὡς
1585 2526 1677 2552 εἰκόνα
1702 2526 1851 2558 ἀκούοντας

1059 2574 1104 2600 τὸν
1120 2574 1179 2600 Υἰὺν
1195 2573 1240 2600 τοῦ
1253 2572 1321 2599 Θεοῦ
1336 2571 1381 2599 τοῦ
1392 2572 1507 2607 ἀοράτου
1521 2571 1568 2598 καὶ
1580 2571 1665 2602 οὕτως
1677 2572 1794 2604 ἀναιδῶς
1807 2581 1850 2598 σο-

1058 2619 1183 2654 (pisaeae
1213 2618 1261 2654 τὴν
1287 2618 1347 2644 κατ’
1364 2618 1459 2645 οὐσίαν
1479 2617 1626 2653 ὁμοιότητα
1639 2617 1686 2644 τοῦ
1700 2618 1767 2644 Υῑοῦ
1784 2619 1854 2654 πρὸς*

1057 2666 1168 2701 Πατέρα
1184 2666 1390 2701 ἐπιχειροῦντας
1406 2666 1463 2697 τοῖς
1488 2665 1572 2692 πᾶσιν
1599 2665 1706 2700 ἐλέγχει
1727 2673 1847 2700 imparte-

1057 2713 1168 2744 σόντας·
1197 2712 1228 2739 οὑ
1243 2711 1348 2744 Παῦλος
1366 2720 1398 2746 γε
1427 2711 1517 2747 μόνος,
1535 2710 1603 2737 ἀλλὰ
1619 2711 1665 2736 καὶ
1687 2710 1742 2745 πρὸ
1754 2709 1851 2736 τούτου

1546 2801 1558 2816 ⁵
1569 2799 1678 2828 Coloss.
1701 2806 1722 2832 ι,
1740 2799 1774 2827 15
1789 2807 1850 2835 sqq.
