1931 3041
96 159 150 186 ΜἾ

421 157 606 186 ADVERSUS
626 134 796 186 lizERESES
816 157 879 185 LIB.
900 157 943 186 ill.
965 159 1048 188 TOM.
1067 159 1087 187 1.
1108 175 1141 181 -
1162 160 1298 189 ll/El'lES.
1319 161 1434 190 LXXIII.

1686 166 1734 192 US

103 217 246 253 Ἰωάννης,
270 218 285 244 6
298 217 357 249 υίὸς
388 218 472 250 ὅντως
491 201 615 254 βροντῆς,
629 218 662 253 τῇ
685 217 773 254 οίκείᾳ
788 217 891 253 μεγαλο

954 219 1086 254 Apostolo
1095 220 1222 247 convinci
1236 229 1242 247 ε
1257 227 1414 254 quanquam
1431 227 1483 247 nou
1500 220 1559 247 illos
1573 220 1661 248 sollun
1677 223 1737 247 red-

97 263 199 298 φωνίᾳ,
215 264 303 299 ὅσπερ
318 263 350 290 ἔκ
366 273 446 290 τινων
462 263 582 299 νεφελῶν
596 263 649 290 τῶν
668 264 717 299 τῆς
731 264 831 298 Σοφίας
849 264 893 290 αἰ-

946 264 1038 299 arguit
1061 264 1219 299 Apostolus,
1235 264 1282 291 sed
1303 269 1330 291 et
1352 268 1415 292 ante
1436 265 1594 299 Apostolum
1617 264 1737 292 Joannes

96 309 252 343 νιγμάιεων,
278 309 328 345 τὴν
349 309 447 346 εὐσεϐῆ
463 311 529 346 ἡμῖν
553 310 658 336 ἔννοιαν
669 309 717 336 τοῦ
744 309 808 336 Υἱοῦ
823 309 891 336 κατὰ

947 309 1031 345 854
1048 310 1093 337 ille
1112 318 1175 339 vere
1192 310 1303 337 tonitrui
1324 311 1405 338 lilius.
1426 310 1478 344 Qui
1494 311 1596 347 grandi
1608 311 1653 338 illa
1674 318 1735 342 sua.

96 353 143 380 τὸν
156 354 250 390 ὅμοιον
262 355 364 390 τρόπον
379 356 489 391 ἀνῆκεν.

949 354 1156 390 clarissima‘que
1177 361 1242 381 voce
1259 362 1274 381 e
1300 353 1444 389 S.-pienli:e
1467 355 1538 381 velut
1556 354 1734 384 adumbratis.

98 401 127 425 et
142 400 272 427 obscuris
289 401 449 433 involucris,
473 401 551 437 quasi
575 401 739 436 quibusdam
766 408 782 427 e
808 400 938 434 nubibus,
956 400 1026 436 piam
1056 400 1090 428 de
1119 398 1190 426 Filio
1215 400 1377 427 sententiam
1409 400 1443 427 ad
1473 400 1597 428 eumdem
1624 400 1734 426 modum

97 445 199 471 emisit.

136 490 177 517 H'.
190 491 262 527 Ὅρα
280 492 344 527 γὰρ,
359 492 400 518 ὅτι
420 501 467 519 και
482 493 563 525 αὐτὸς
578 493 595 520 ἃ
611 493 733 528 ἐδιδάχθη
749 494 823 528 mpii
842 493 892 527 τῆς

95 535 209 570 Σοᾳίας,
233 537 320 564 ταῦτα
348 539 377 564 ὲν
402 539 441 574 τῷ
457 540 522 574 παρ’
538 539 621 565 αὺτοῦ
647 539 809 575 κηρυχθέντι
827 540 892 574 ἡμῖν

100 582 262 618 Εὑαγγελίῳ
276 583 460 619 παραδέδωκε.
477 585 533 619 Τῆς
556 584 610 619 γὰρ
626 585 724 619 Σοφίας
744 584 890 620 εἰπούσης·

101 629 225 655 Ἔκτισέ
229 638 267 663 με
275 629 373 663 ἀρχὴν
381 629 458 656 ὁδῶν
466 630 569 662 αὐτοῦ,
576 630 618 662 τὸ,
628 630 663 657 ἐν
672 630 763 665 ἀρχῇ,
774 630 890 663 ἐξέθετο,

99 673 196 705 εἰπὼν,
219 674 269 700 Ἐν
286 673 364 708 ἀρχῇ
377 672 417 709 ἦν
436 675 452 701 ὀ
467 674 560 708 Λόγος
571 683 578 690 ·
598 674 657 701 ἀντὶ
675 673 891 707 δὲτοῦ,”Εκτισέ

96 727 145 754 με,
162 720 218 746 Καὶ
235 719 307 752 Θεὸς
323 718 378 755 ἦν·
394 721 437 746 ἵνα
455 720 492 756 μὴ
509 720 556 747 τὸν
572 721 600 747 ὲν
618 721 753 757 προφορᾷ,
768 720 836 748 ἀλλὰ
848 721 892 747 τὸν

99 766 129 792 ἐν
147 765 298 792 ὑποστάσει
319 766 407 801 παγίς.
431 766 524 802 ἀπαθῆ
543 767 576 793 ἐκ
602 768 709 802 Πατρὺς
729 766 794 793 θεὸν
806 766 892 801 Λόγον

99 811 260 846 νοήσωμεν·
291 811 352 838 ἀντὶ
377 811 405 837 δὲ
432 811 490 843 τοῦ,
522 811 634 846 Ἠμῖιν¹
662 812 831 847 πηράῠτῷ,
851 813 891 844 τὸ,

99 857 176 889 πρὸς
197 856 272 883 630'?-
285 864 292 871 '
308 856 368 882 ἀντὶ
380 856 408 882 δὲ
422 855 480 887 τοῦ,
494 856 532 882 δι’
541 856 623 890 ἐμοῦ,
636 856 675 888 τὸ,
693 856 754 892 [ἀπ’
773 855 890 889 αἰῶνος,

984 487 1049 515 VIII.
1071 487 1265 515 Animadverte
1279 487 1351 515 enirn
1365 492 1405 519 ut,
1427 495 1486 523 qua:
1501 496 1515 514 a
1534 488 1672 523 Sapientia
1692 489 1734 516 di-

946 535 1022 566 dicit,
1043 535 1070 561 in
1089 534 1235 569 Evangelio
1249 543 1299 562 suo
1315 535 1394 561 nobis
1408 535 1573 569 exposuerit.
1593 534 1659 562 Nam
1672 544 1732 563 cum

945 581 1084 616 Sapientia
1102 582 1215 608 dixisset
1234 590 1239 607 :
1262 581 1368 607 Creavit
1392 589 1432 607 nte
1455 581 1612 615 principium
1633 582 1733 608 viarum

945 633 1070 658 suarum,
1100 625 1220 653 Joannes
1250 626 1377 660 principii
1404 633 1496 652 vocem
1528 627 1681 660 expressit:
1701 626 1733 654 lu

943 671 1081 705 principio,
1098 671 1198 706 inquit,
1212 676 1270 698 erat
1286 671 1396 698 Verbum
1409 673 1438 704 ';
1454 679 1503 706 pro
1518 679 1549 698 eo
1564 680 1636 705 vero,
1651 673 1733 701 Creu-

943 716 978 743 vit
994 725 1050 748 me,
1064 717 1182 751 subjecit
1196 716 1280 749 istud,
1297 716 1329 744 Et
1351 717 1423 744 Deus
1439 722 1508 745 erat.
1525 717 1562 744 Ne
1577 718 1731 745 istiusnmdi

946 761 1081 795 Verbum,
1108 763 1180 798 quod
1207 763 1359 798 prolatione
1375 767 1503 794 constat,
1527 770 1620 789 verum
1647 763 1732 790 solide

943 807 1109 840 subsistens,
1128 815 1159 835 ac
1174 808 1314 842 passionis
1328 815 1436 842 expers,
1461 812 1487 836 et
1507 816 1522 835 a
1544 808 1623 836 Patre
1637 816 1732 843 proce-

942 854 1010 881 dens
1027 853 1143 881 Verhum
1167 853 1252 880 Deum
1276 857 1369 881 mente
1382 853 1602 889 coneiperemus.
1619 853 1678 881 Jam
1699 855 1731 881 il-

99 900 154 936 1b,]
176 900 279 927 Πάντα
297 900 440 927 διἀὺτοῦ
455 900 591 935 ἐγένετο·
612 901 660 928 καὶ
688 900 776 935 χωρὶς
799 901 891 928 αὑτοῦ

945 897 1075 930 lis,Eram
1089 899 1159 933 apud
1177 899 1266 931 illum,
1279 899 1331 926 ista
1353 900 1529 933 respondent,
1548 899 1616 933 apud
1633 899 1731 932 Deum;

99 946 218 981 ἐγένετο
238 946 309 973 οὐδὲ
323 946 373 973 ἓν·
403 947 463 973 ἀντὶ
476 946 504 973 δὲ
516 946 574 979 τοῦ,
609 947 797 981 ἑθεμελίωσε,
818 947 859 979 τὸ,
875 946 891 973 ὃ

100 992 235 1027 γέγονεν.
257 993 308 1019 Ἐν
324 991 405 1025 αὐτῷ
421 992 477 1027 ζωὴ
498 991 552 1028 ἦν·
577 988 599 1025 ᾧ
613 993 669 1019 ἶσον
687 992 728 1024 τὸ,
747 993 799 1019 Ἐν
812 992 892 1024 αὐτῷ

100 1038 226 1072 ἐκτίσθη
247 1037 283 1065 τὰ
301 1037 417 1064 πάντα·
444 1037 506 1064 ἀντὶ
530 1037 559 1064 δὲ
576 1036 633 1069 τοῦ,
657 1037 683 1063 '0
702 1037 798 1071 Λόγος
813 1037 891 1071 σὰρξ

100 1082 231 1117 ἐγένετο,
255 1082 285 1109 Ἡ
295 1082 388 1116 σοφία
398 1082 592 1116 ᾠκοδόμησεν
604 1081 696 1116 ἑαυτῇ
714 1080 797 1108 οἷκον
809 1090 815 1096 ·
831 1082 891 1108 ἀντὶ

100 1129 130 1155 δὲ
146 1128 200 1160 τοῦ,
218 1129 312 1163 Ἦμην
327 1128 394 1162 παρ’
405 1128 484 1161 αὐτῷ
496 1127 673 1163 ἁρμόζουσα,
687 1128 728 1161 τὸ,
746 1129 786 1155 Οὐ
800 1128 891 1155 δύνα-

102 1182 150 1201 ται
183 1176 200 1202 ὁ
225 1174 289 1207 ΥΙὸς
315 1173 411 1200 ποιεῖν
433 1173 484 1208 ἀφ’
496 1173 606 1200 ἑαυτοῦ
620 1172 720 1204 οὐδὲν,
739 1173 793 1200 ἐὰν
803 1172 845 1207 μή
865 1181 891 1200 τι

99 1220 203 1253 ,ϐλέπῃ
219 1219 273 1246 τὸν
294 1219 409 1254 Πατέρα
424 1220 581 1246 ποιοῦνται
606 1219 625 1246 ἂ
642 1219 698 1254 γὰρ
717 1218 755 1246 ἂν
777 1219 891 1252 ἐκεῖνος

101 1264 184 1299 ποιῇ,
200 1265 294 1292 ταῦτα
308 1265 382 1292 καὶὸ
396 1266 459 1298 Υἰιῖης
476 1266 580 1300 ὁμοίως
595 1265 691 1292 ποιεῖ·
706 1265 743 1296 ὠς
756 1265 827 1300 ἔχειν
843 1265 890 1300 τὴν

101 1312 148 1338 ἐπὶ
165 1311 298 1346 στόματος
315 1311 362 1338 δύο
381 1312 427 1338 καὶ
441 1311 532 1347 τριῶνι
545 1311 709 1347 μαρτύρων¹
729 1313 769 1343 εἰς
787 1312 891 1338 ἀπόδει-

101 1358 142 1390 ξιν
157 1358 207 1394 τῆς
221 1358 280 1384 κατ’
293 1357 388 1384 οὐσίαν
415 1358 484 1394 πρὸς
499 1358 607 1394 Πατέρα
628 1357 675 1384 τοῦ
692 1357 756 1384 Υίοῦ
767 1357 891 1393 ὁμοιότη-

100 1411 157 1434 τος.
178 1403 207 1429 Ὀ
223 1402 272 1438 μὲν
285 1402 339 1438 γὰρ
353 1402 400 1429 τοῦ
413 1402 494 1437 σοφοῦ
506 1403 554 1439 τὴν
568 1403 663 1438 σοφίαν
676 1403 738 1429 Υἱόν
748 1410 755 1418 ’
774 1404 789 1430 6
804 1403 831 1429 δὲ
842 1403 889 1430 τοῦ

101 1447 169 1473 Θεοῦ
186 1447 231 1474 τὸν
246 1447 331 1482 Λόγον
349 1448 480 1483 μονογενῆ
497 1448 578 1474 Θεόν·
595 1449 610 1474 6
638 1448 666 1474 δὲ
682 1448 729 1475 τοῦ
754 1447 821 1475 Θεοῦ
845 1448 890 1475 τὸν

102 1493 178 1525 Υίὸν,
191 1494 282 1520 εἰκόνα
299 1495 391 1529 φησίν.
418 1494 460 1526 Ὠς
476 1494 521 1521 τὸν
535 1494 602 1521 Θεοῦ
613 1494 708 1529 Λόγον,
723 1494 772 1521 καὶ
784 1493 832 1530 τὴν
845 1502 890 1520 σο-

102 1540 178 1575 ςίαν,
192 1541 238 1567 καὶ
252 1541 301 1576 τὴν
321 1540 414 1567 εἰκόνα
429 1541 521 1576 ὅμοιον
538 1541 570 1569 ὲκ
594 1540 714 1572 πάντων,
739 1540 810 1567 καθὰ
824 1549 890 1576 προ-

943 944 1004 972 istis
1019 952 1092 976 vero,
1107 953 1152 978 per
1165 953 1215 976 me,
1230 944 1298 977 haec,
1312 944 1344 971 ab
1360 945 1576 977 wterno;0nmia
1588 952 1633 978 per
1645 945 1731 980 ipsum

944 991 1017 1024 facta
1037 997 1116 1023 sunt,
1133 996 1157 1018 et
1179 991 1236 1017 sine
1252 991 1308 1025 ipso
1328 990 1482 1025 factumvest
1503 990 1586 1023 nihil;
1611 999 1660 1026 pro
1681 992 1732 1019 hac

941 1043 1009 1063 voce
1028 1036 1168 1070 fundavit,
1181 1037 1265 1069 istud,
1281 1037 1349 1072 quod
1370 1037 1470 1071 factum
1487 1041 1535 1063 est.
1551 1037 1583 1063 In
1604 1037 1661 1071 ipso
1677 1038 1731 1064 vim

942 1087 1008 1109 erat.
1021 1081 1071 1108 Cui
1086 1083 1175 1110 simile
1189 1087 1231 1110 est
1244 1082 1362 1114 illud,ln
1377 1084 1434 1117 ipso
1450 1086 1539 1109 creata
1552 1088 1614 1109 sunt
1627 1084 1728 1110 omnia.

941 1127 1009 1154 Nam
1026 1127 1069 1155 his
1081 1128 1182 1159 verbis,
1195 1126 1229 1153 Et
1244 1127 1354 1154 Verbum
1369 1135 1432 1154 caro
1450 1128 1551 1162 factum
1567 1133 1616 1160 est,
1632 1128 1676 1154 illa
1689 1136 1730 1155 re-

942 1173 1076 1208 spondent
1091 1182 1096 1200 :
1113 1172 1250 1207 Sapientia
1268 1173 1411 1208 wdiﬁcavit
1431 1173 1482 1200 sibi
1506 1173 1642 1201 domum‘.
1665 1173 1730 1202 Item

943 1226 992 1253 pro
1006 1218 1142 1250 his,Erum
1160 1217 1228 1252 apud
1244 1219 1329 1252 ipsum
1344 1226 1499 1252 campane":
1509 1218 1532 1249 ⁷,
1545 1217 1665 1246 Joannes
1679 1218 1730 1246 ista

946 1264 1067 1300 scripsit,
1081 1263 1143 1291 Non
1157 1269 1240 1298 potest
1253 1263 1341 1291 Filius
1354 1273 1370 1291 a
1382 1265 1465 1298 seipse
1477 1264 1565 1298 facere
1575 1265 1729 1300 quidquam,

942 1311 994 1337 nisi
1013 1310 1082 1345 quod
1100 1310 1193 1337 viderit
1214 1309 1322 1337 Patrem
1344 1310 1495 1344 Iacientem.
1520 1310 1586 1342 Qua:
1600 1310 1670 1337 enim
1687 1310 1731 1337 ite

941 1355 1022 1390 facit,
1049 1354 1139 1382 eadem
1166 1359 1190 1381 et
1215 1354 1303 1382 Filius
1328 1355 1452 1383 similiter
1474 1355 1569 1390 facit”.
1594 1354 1730 1384 Habemus

941 1401 1024 1436 igitur
1046 1409 1078 1429 ex
1103 1408 1152 1428 ore
1168 1401 1285 1428 duorum
1303 1401 1346 1428 vel
1364 1401 1447 1428 trium
1472 1401 1583 1429 testium
1607 1400 1669 1428 Filii
1689 1409 1731 1429 se-

940 1448 1060 1475 cundum
1083 1451 1208 1474 naturam
1234 1447 1440 1475 similitudinem
1464 1454 1527 1475 eum
1551 1447 1633 1475 Patre
1653 1455 1730 1475 com-

939 1494 1092 1528 probatam.
1105 1492 1181 1521 Unus
1191 1494 1290 1528 quippe
1307 1493 1468 1528 sapientiam
1484 1494 1617 1529 sapientis
1628 1493 1726 1520 Filium

941 1539 1088 1574 praedicat;
1113 1539 1182 1566 alter
1206 1538 1253 1566 Dei
1276 1538 1396 1566 Verbum
1421 1539 1593 1574 unigenitum
1623 1539 1730 1572 Deum;

101 1585 220 1621 είρηται,
235 1586 282 1612 καὶ
309 1587 369 1612 κατ’
383 1585 475 1612 οὐσίαν
491 1586 554 1612 Υἱδν
578 1585 626 1612 τοῦ
638 1585 706 1612 Θεοῦ
723 1585 769 1612 καὶ
784 1585 890 1620 [ἰατρὸς

944 1584 1040 1612 tertius
1056 1583 1103 1611 Dei
1122 1583 1220 1611 Filium
1238 1584 1384 1619 imaginem
1400 1583 1526 1611 atlirmat.
1541 1585 1624 1612 ’Adeo
1641 1588 1670 1611 ut
1685 1584 1731 1611 Dc:

101 1632 157 1662 τοῖς
179 1632 246 1657 πᾶσι
271 1631 465 1667 κηρύττεσθαι.
481 1631 541 1658 Ἔτι
559 1630 587 1657 δὲ
608 1630 707 1666 μᾶλλον
726 1630 764 1666 ᾡς
776 1630 822 1657 τδν
837 1630 892 1656 Θω-

103 1677 157 1711 μᾶν
176 1677 250 1711 ἡμᾶς
260 1678 293 1712 τῇ
311 1676 434 1712 ψηλαφίᾳ
451 1676 500 1712 τῆς
518 1676 658 1712 ἐνεργείας
673 1676 683 1691 ³
706 1677 756 1711 τῆς
771 1675 829 1702 κατ’
848 1675 892 1701 οὺ-

104 1723 164 1749 πὶαν
179 1723 336 1758 ὁμοιότητος
350 1723 364 1749 6
383 1721 450 1748 Θεοῦ
462 1721 548 1755 Λόγος
563 1722 698 1758 προσάγει
715 1721 802 1755 λέγων
812 1729 819 1736 ·
844 1721 892 1754 Ὧς

102 1771 119 1796 ὁ
131 1769 232 1804 Πατὴρ
253 1769 315 1803 ἔχει
339 1769 416 1803 ζωὴν
439 1769 474 1795 ἐν
492 1767 597 1801 ἑαυτῷ,
611 1768 688 1795 οὕτω
707 1768 756 1794 καὶ
772 1766 812 1800 τῷ
838 1766 893 1799 Υιῷ

102 1815 213 1842 δέδωκε
238 1815 314 1850 ζωὴν
330 1816 413 1849 ἔχειν
428 1815 463 1841 ἐν
475 1814 581 1847 ἐαυτῷ.
609 1814 640 1840 El
655 1813 710 1850 γὰρ
735 1813 775 1844 τὸ,
809 1813 857 1846 Ὠς
876 1814 893 1839 ό

102 1862 204 1896 Πατὴρ
218 1862 290 1896 ἔχει,
305 1862 354 1898 οὐχ
369 1858 418 1893 ’ὡς
432 1862 461 1888 ὲν
475 1861 546 1897 ἄλλῳ
563 1862 663 1887 νοεῖται
676 1869 682 1876 ·
704 1860 735 1887 οὐ
752 1860 807 1896 γὰρ
829 1859 894 1886 ἄλλο

103 1908 155 1944 μέν
170 1908 245 1934 ἐστιν
257 1909 271 1935 6
285 1908 390 1943 Πατὴρ,
409 1907 473 1935 ἄλλο
485 1907 514 1934 δὲ
527 1908 544 1943 ἠ
558 1907 614 1942 ζωὴ
624 1908 641 1942 ή
662 1907 691 1933 ὲν
705 1906 789 1942 αὐτῷ,
804 1906 847 1933 ἵνα
862 1905 893 1932 τὸ

103 1954 154 1989 μὲν
173 1953 245 1989 ἔχον,
258 1954 288 1980 τὸ
298 1954 326 1980 δὲ
342 1953 469 1989 ἐχόμενον
482 1953 576 1988 νοῆται
588 1961 595 1968 ·
610 1952 667 1980 ἀλλ’
680 1953 760 1984 αὐτὸς
778 1952 892 1980 ἀσυνθέ-

101 2007 157 2031 τως
169 1999 228 2026 ἐστὶ
243 1999 299 2034 ζωὴ
312 2000 326 2025 6
339 1999 445 2034 Πατὴρ,
472 1998 519 2025 καὶ
532 1998 570 2030 ὼς
580 1997 636 2033 ἔχει
650 1998 740 2030 αὐτὸς,
760 1997 830 2024 οὕτω
846 1997 893 2024 δέ·

101 2048 173 2076 δωκε
192 2046 240 2079 καὶ
249 2045 289 2081 τῷ
303 2044 371 2081 Υἱῷ,
388 2044 510 2080 δηλονότι
523 2043 677 2075 amem;
697 2043 736 2075 ὡς
752 2044 767 2070 6
781 2043 892 2078 Πατὴρι

103 2092 231 2128 φανερὸν,
249 2092 289 2118 ὅτι
306 2091 392 2122 οὕτως
409 2089 488 2125 ἔχων,
506 2089 567 2116 ἐπεὶ
589 2089 626 2125 μὴ
650 2089 805 2124 ἀγεννήτως
825 2088 892 2124 ἔχει,

105 2139 173 2175 μηδὲ
189 2129 322 2168 συνθέτως
338 2137 405 2172 ἔχει,
424 2136 523 2172 ὁμοίως
546 2134 635 2162 πάντα
647 2135 707 2161 κατ’
720 2134 824 2166 οὐσίαν,
846 2133 893 2160 καὶ

103 2184 269 2215 ἀσυνθέτως.
284 2183 321 2214 ὡς
335 2183 350 2209 6
376 2182 469 2217 Πατήρ
481 2190 487 2197 ·
514 2181 593 2216 δήλου
607 2180 693 2212 ὄντος,
706 2180 747 2206 ὅτι
762 2179 793 2206 τὸ
802 2179 893 2214 ὅμοιον

102 2231 232 2258 οὐδέποτε
243 2228 340 2256 ταυτὸν
356 2227 425 2255 εἶναι
441 2227 552 2262 δύναται
564 2223 594 2254 οὗ
608 2227 682 2252 ἐστιν
697 2226 798 2260 ὅμοιον,
808 2225 894 2252 ιάπό-

102 2278 185 2310 δειξιν
209 2276 268 2307 τοῦ,
286 2276 315 2302 ὲν
330 2274 482 2310 ὁμοιώματι
506 2272 657 2308 ἀνθρώπιον
680 2271 825 2307 γενόμενον
847 2271 892 2298 τὸν

104 2324 168 2350 Υῑὸν
195 2322 243 2349 τοῦ
267 2321 345 2352 Θεοῦ,
363 2320 506 2356 ἄνθρωπον
529 2319 579 2353 μὲν
600 2318 738 2353 γενέσθαι,
771 2317 809 2353 μὴ
822 2317 894 2344 κατὰ

104 2370 194 2397 πάντα
222 2368 251 2395 δὲ
263 2367 359 2394 ταυτὸν
374 2366 497 2401 γενέσθαι
515 2365 667 2401 ἀνθρώπῳ·
682 2364 728 2390 καὶ
740 2363 893 2399 ὁμοιώματι

104 2414 206 2450 σαρκὸς
230 2412 367 2448 ἁμαρτίας
400 2411 556 2445 γενόμενον,
586 2409 712 2444 γενέσθαι
727 2408 776 2444 μὲν
799 2408 894 2439 ἐντοῖς

104 2460 204 2487 πάθεσι
231 2459 287 2490 τοῖς
302 2457 399 2488 αἰτίοις
427 2456 476 2492 τῆς
488 2456 518 2482 ὲν
546 2455 627 2491 σαρκὶ
656 2454 803 2490 ἁμαρτίας,
833 2453 894 2479 πεί-

104 2515 153 2542 νης
179 2505 278 2540 φαμὲν,
310 2504 357 2531 καὶ
382 2502 471 2537 δίψης,
497 2501 542 2528 καὶ
569 2500 623 2527 ’τῶν
647 2499 758 2531 λοιπῶν,
783 2498 821 2535 μὴ
846 2507 893 2533 γε-

104 2551 197 2578 νέσθαι
233 2550 261 2576 δὲ
294 2550 323 2575 ὲν
353 2548 498 2582 ταυτότητι
526 2547 575 2581 τῆς
608 2545 708 2581 σαρκὸς
744 2545 890 2580 ἁμαρτίας.

106 2597 187 2623 Ὥστε
201 2595 248 2622 καὶ
261 2595 315 2622 ἀπὸ
331 2594 384 2620 τῶν
408 2592 591 2620 ἀποστολικῶν
608 2590 765 2626 μαρτυριῶν
784 2590 832 2617 καὶ
844 2590 893 2625 τὴν

104 2643 165 2669 κατ’
177 2640 271 2668 οὐσίαν
286 2640 432 2675 ὁμοιότητα
447 2635 493 2665 ἑοῦ
510 2637 575 2664 Υἰοῦ
592 2637 658 2672 πρὸς
670 2636 782 2671 Πατέρα
796 2635 895 2671 κηρύτ-

103 2687 208 2715 τεσθαι.

949 1629 1076 1662 Verbum,
1091 1634 1115 1657 et
1132 1630 1279 1665 sapientia,
1303 1633 1330 1657 et
1355 1630 1441 1664 imago
1457 1638 1541 1656 unum
1559 1637 1682 1664 prorsus,
1702 1634 1729 1656 ut

942 1679 1022 1703 antea
1042 1675 1145 1702 dictum
1161 1680 1215 1707 est,
1238 1675 1364 1710 idemque
1379 1675 1553 1709 signiﬁcent;
1568 1682 1600 1702 ac
1616 1674 1663 1702 Dei
1679 1675 1716 1701 Pa

942 1722 1048 1757 trisque
1063 1721 1214 1749 secundum
1233 1721 1381 1748 essentiam
1398 1720 1484 1748 Filius
1501 1721 1684 1748 communiter
1696 1721 1730 1748 ah

942 1768 1268 1795 ominibus-asseverelur.
1292 1767 1392 1794 Praeter
1412 1768 1469 1794 hate
1492 1774 1557 1794 vero
1577 1766 1660 1794 divini
1681 1775 1730 1794 nos

943 1815 1079 1843 sermonis
1095 1814 1247 1842 auctoritas
1264 1814 1297 1841 ad
1318 1814 1391 1841 illam
1412 1813 1539 1842 essentia:
1554 1813 1626 1841 velut
1643 1813 1732 1840 mani~

943 1861 995 1888 bus
1010 1859 1234 1888 contrectandam
1257 1859 1464 1888 similitudinem
1475 1878 1482 1890 ,
1496 1857 1608 1886 Thamar
1632 1858 1730 1889 instar,

943 1906 1065 1938 adducit,
1082 1913 1143 1933 cum
1160 1906 1196 1932 ita
1211 1906 1332 1941 loquitur
1346 1915 1352 1932 :
1369 1904 1444 1932 Sicut
1460 1904 1544 1931 Pater
1560 1903 1636 1931 liabet
1652 1904 1731 1931 vitam

943 1953 970 1979 in
990 1959 1085 1986 setpxo,
1099 1952 1136 1978 ita
1151 1956 1175 1978 et
1187 1950 1259 1977 Filio
1273 1950 1345 1977 dedit
1359 1950 1442 1977 vitam
1458 1949 1556 1978 habere.
1570 1950 1596 1976 in
1611 1950 1699 1983 seipse
1708 1950 1730 1976 ⁹.

944 1998 1049 2026 Etenim
1065 1998 1088 2026 si
1112 1998 1169 2025 haec
1183 1997 1275 2029 verba,
1287 1994 1360 2024 Sicut
1377 1995 1458 2022 Pater
1483 1995 1560 2022 habet
1574 2016 1581 2025 .
1601 1995 1641 2022 sic
1657 1994 1732 2022 acci-

943 2046 1066 2080 piuntur,
1089 2048 1120 2070 ut
1145 2051 1199 2070 non
1218 2042 1251 2070 ad
1274 2043 1348 2070 aliud
1367 2042 1498 2078 quiddam
1515 2042 1680 2072 referantur,
1701 2049 1732 2069 ac

943 2091 1093 2118 diversum.
1110 2089 1204 2124 Neque
1223 2089 1296 2116 enim
1314 2089 1387 2116 aliud
1405 2093 1448 2116 est
1461 2087 1552 2120 Pater,
1572 2087 1646 2114 aliud
1663 2087 1731 2117 vita.

942 2143 1004 2171 quae
1020 2140 1060 2162 est
1075 2135 1101 2161 in
1117 2134 1187 2170 ipso,
1205 2134 1283 2169 quasi
1296 2133 1371 2161 aliud
1392 2133 1428 2161 sit
1440 2133 1513 2168 quod
1529 2133 1643 2164 habeat,
1658 2132 1731 2158 aliud

943 2181 1016 2216 quod
1042 2180 1137 2208 haberi
1157 2180 1276 2211 dicatur,
1300 2179 1346 2207 sed
1363 2180 1421 2214 ipse
1441 2179 1501 2206 sine
1525 2178 1579 2205 ulla
1596 2177 1733 2212 composi-

944 2227 1019 2253 tione
1031 2225 1087 2252 vita
1101 2229 1144 2253 est
1160 2225 1257 2252 Pater:
1275 2233 1357 2260 porro
1372 2225 1445 2252 sicut
1469 2224 1549 2252 habet
1564 2225 1632 2258 ipse.
1648 2224 1688 2251 sic
1706 2228 1732 2251 et

908 2257 931 2284 D
945 2270 1015 2298 Filio
1041 2270 1157 2302 dederit,
1176 2270 1304 2297 nimirum
1320 2271 1389 2297 citra
1406 2270 1643 2305 compositionem,
1659 2275 1688 2297 ut
1705 2275 1732 2297 et

943 2317 1035 2344 Pater.
1051 2316 1225 2344 Manifestum
1241 2320 1295 2348 est,
1307 2324 1369 2343 cum
1386 2317 1423 2343 ita
1436 2317 1509 2343 illam
1526 2316 1623 2344 habeat
1635 2316 1732 2349 Filius,

945 2371 995 2391 nec
1012 2367 1142 2398 tanquam
1158 2363 1296 2397 ingenitus
1318 2362 1436 2395 habeat,
1451 2362 1573 2390 eamdem
1594 2363 1732 2398 composi-

946 2409 1028 2436 tionis
1044 2408 1126 2435 modo
1142 2415 1195 2435 non
1213 2408 1328 2441 habere;
1345 2416 1377 2436 ac
1399 2408 1536 2436 simillime
1553 2408 1580 2435 in
1593 2409 1731 2440 omnibus,

943 2454 1026 2489 855
1038 2454 1110 2490 quod
1132 2454 1165 2481 ad
1179 2454 1327 2481 essentiam
1339 2453 1448 2485 attinet,
1461 2461 1493 2481 ac
1507 2453 1597 2485 Pater,
1609 2454 1733 2489 citraque

945 2499 1182 2535 compositionem.
1206 2498 1261 2526 Nec
1282 2499 1355 2526 enim
1374 2503 1416 2526 est
1432 2499 1597 2531 obscurum,
1616 2500 1641 2527 id
1659 2501 1732 2535 quod

945 2546 1034 2573 simile
1049 2549 1101 2576 est,
1117 2544 1188 2572 idem
1215 2546 1325 2580 penitus
1342 2553 1404 2573 cum
1425 2553 1467 2578 eo,
1485 2546 1565 2581 cujus
1577 2547 1667 2574 simile
1679 2550 1733 2579 est,

945 2598 1008 2618 esse
1021 2598 1075 2617 non
1090 2597 1180 2624 posse.
1194 2590 1280 2625 Cujus
1292 2591 1329 2617 rei
1342 2595 1503 2625 argumento
1518 2591 1564 2623 sit,
1577 2591 1648 2625 quod
1662 2591 1734 2618 idem

947 2637 992 2664 ille
1005 2635 1094 2664 factus
1108 2637 1140 2663 ad
1156 2636 1296 2663 hominum
1310 2635 1519 2663 similitudinem
1537 2635 1582 2662 Dei
1597 2634 1734 2666 Filius,“-

947 2687 989 2709 cct
1003 2683 1084 2709 homo
1099 2683 1191 2712 fuerit,
1206 2690 1260 2709 non
1280 2687 1371 2709 tamen
1387 2681 1458 2709 idem
1474 2690 1535 2709 cum
1557 2681 1666 2709 homine
1687 2688 1734 2715 pe-

105 2735 181 2762 nitus
196 2732 285 2760 l'uerit.
300 2731 337 2758 Ac
351 2729 458 2757 tametsi
475 2732 601 2763 suscepta
618 2727 710 2755 carnis
726 2726 831 2762 peccati
849 2727 1027 2755 similitudine
1043 2727 1063 2742 '°
1095 2727 1272 2762 passionibus
1302 2726 1367 2761 illis,
1385 2734 1400 2754 a
1431 2727 1531 2762 quibus
1548 2726 1640 2753 carnis
1669 2733 1733 2759 pee-

137 2831 145 2846 ¹
164 2833 194 2863 1⁷.
209 2835 310 2870 fuam:
332 2834 341 2848 '
356 2831 375 2858 F

106 2831 573 2898 uitiatae-5,1tamen
605 2828 860 2892 ’έςιῑίιέξιςλγεεαῖε

167 2881 204 2898 Π.
219 2881 276 2902 τιν,
297 2881 343 2896 ὁ)νο

899 2827 910 2842 ⁸
932 2826 1010 2854 Deest
1027 2828 1066 2859 εἰς
1082 2828 1164 2858 ἀπόδ.
1199 2826 1304 2855 'Joan.
1331 2833 1350 2859 ι,
1380 2826 1390 2853 t
1421 2833 1481 2858 sqq.

477 2886 483 2892 .
497 2862 524 2899 ἦ,
541 2866 573 2892 19
622 2862 762 2892 ἰὺὶώίὶῧζ
801 2863 822 2879 ¹⁰
836 2863 904 2891 Rom
930 2870 987 2896 \‘III,
999 2862 1016 2889 5

1520 2826 1529 2840 '
1543 2823 1623 2852 Prov.
1640 2832 1678 2858 Ix,
1705 2823 1732 2852 Ι.
