1931 3041
87 155 144 183 ’.21

382 155 568 185 Λῡνῐιιιδυὸ
589 157 759 186 ll/ERLSES
777 159 840 187 LIB.
864 160 871 186 l

930 159 1012 189 ΤΟΜ.
1036 163 1092 190 1.-
1111 163 1249 193 "IERES.
1269 165 1384 197 LXXIII.

1676 172 1729 200 Hi

85 211 264 247 κηρύγματι,
291 212 338 238 καὶ
358 213 426 247 μετά
452 213 569 245 πίστεως
595 214 644 250 τὴν
659 215 816 250 ὁμοιότητα,
842 225 875 242 κα

941 217 1126 251 prtudicationi
1143 220 1210 248 nihil
1228 220 1374 249 admodum
1387 223 1502 255 trihuat,
1515 231 1603 260 neque
1618 233 1651 253 ex
1669 226 1727 254 lidoi

85 260 151 284 κατ’
167 258 262 285 οὐσίαν
289 259 335 286 τοῦ
353 260 417 286 Υἱοῦ
440 260 508 296 πρὸς
533 261 642 297 Πατέρα.
661 261 817 298 ὁμολογοίη,
847 262 885 294 ὡς

83 303 276 339 ψευδωνύμως
302 305 389 339 λέγων
412 305 458 332 τὸν
480 307 587 342 Πατέρα
612 307 659 334 καὶ
682 308 728 334 τὸν
748 309 820 341 Υἰὸν,
837 310 885 336 καὶ

87 350 161 384 μήτε
173 350 284 385 Πατέρα
301 350 387 385 λέγων
400 351 518 387 ἀληθῶς,
545 353 614 388 μήτε
642 353 714 385 Υἱὸν,
737 354 805 381 ἀλλὰ
825 356 884 382 κτί-

87 403 159 430 στην
174 396 222 423 καὶ
239 396 352 431 κτίσμα,
374 397 421 423 καὶ
445 398 605 424 καινοποιῶν
629 399 678 434 τὴν
705 399 751 426 τοῦ
779 401 885 435 Πατρὸς

86 441 202 468 καὶτοῦ
222 441 287 469 Υἰοῦ
303 442 407 469 ἔννοιαν
434 443 481 469 ἐπὶ
504 444 557 471 τῶν
584 444 685 471 λοιπῶν
712 447 883 482 ποιημάτιον,

86 488 138 513 καὶ
164 487 325 521 σοφίζεσθαι
356 488 440 515 θέλων
465 489 548 522 εἴτις
571 491 660 527 χρεία,
678 491 715 524 ὡς
730 492 761 518 τὸ
775 493 884 528 πρῶτον

87 532 254 567 ποιημάτων
268 533 301 559 δι’
318 533 412 565 αὑτοῦ,
441 535 496 560 εἴτε
513 535 648 571 ὑπερϐολῇ
674 536 718 563 τοῦ
740 538 895 571 μεγέθους,

87 579 227 606 καὶκατὰ
249 579 332 614 μηδὲν
355 580 493 616 ὁμολογῶν
518 582 567 617 τὴν
594 583 823 620 ὲκκλησιαστικὴν
838 584 883 611 πί-

88 632 148 651 στιν
163 623 214 659 τὴν
227 625 266 656 εις
281 625 392 661 Πατέρα
403 634 433 652 τε
448 627 495 652 καὶ
520 627 594 659 Υἰὸν,
610 627 648 659 ὡς
665 628 730 663 παρ’
747 628 760 654 ὃ
770 629 883 664 εὐηγγε-

87 669 201 696 λισαντο
216 670 289 705 ἡμᾶς
313 671 337 697 οἱ
361 672 503 698 ἀπόστολοι
517 673 601 699 θέλων
624 673 854 708 εὐαγγελίσασθαι
867 683 874 690 ⁸

86 715 218 751 ἀνάθεμα
236 715 317 744 ἔστω.
351 717 417 748 Καὶ,
442 718 514 745 κατὰ
540 719 585 745 τὸν
614 719 749 755 μακάρων
765 720 882 752 Παῦλον,

91 763 323 800 προειρήκαμεν,
333 764 382 791 καὶ
394 764 644 801 ᾶρτιπὰλινλέγῳ
672 765 679 780 ¹
696 765 881 801 ἀνειληφότες,

86 807 136 832 καὶ
152 805 206 842 [τὸ]
232 808 389 842 ἀναγκαίως
403 809 505 844 φαμέν.
524 810 559 836 Ei.’
581 819 622 842 τις
641 811 687 838 τὸν
705 812 786 847 σοφὸν
801 812 882 848 μόνον

84 851 195 878 ἀκούων
218 852 337 887 Πατέρα,
367 853 415 880 καὶ
445 853 540 889 σοφίαν
562 855 607 882 τὸν
627 858 759 893 μονογενῆ
787 857 881 884 τούτου

941 264 1099 298 praescripto
1114 266 1231 293 similem
1250 269 1370 294 eSSL-ntia
1398 267 1471 296 l'atri
1490 269 1589 298 Filium
1605 279 1667 299 esse
1691 273 1728 300 fa-

940 312 1042 340 teatur,
1065 316 1157 345 utpote
1170 313 1216 346 qui
1233 311 1302 341 falso
1318 313 1425 341 Patrem
1439 319 1466 342 et
1486 314 1582 342 Filium
1600 318 1727 352 appellet.

938 356 1028 390 rcipsa
1045 364 1108 384 vero
1123 365 1212 392 neque
1231 364 1336 390 patrem
1357 369 1446 396 neque
1476 361 1571 394 tilium,
1592 363 1639 390 sed
1651 372 1724 392 crea-

937 406 1027 429 turam
1049 410 1081 429 ae
1096 408 1262 438 creatorem,
1282 413 1314 433 ac
1343 406 1403 434 Filii
1428 407 1571 444 Patrisque
1588 410 1726 438 notionem

937 455 999 474 eum
1027 448 1138 483 reliquis
1155 450 1284 484 operibus
1303 454 1502 484 communicet.
1521 459 1547 482 et
1566 456 1672 490 quoties
1696 465 1726 484 ea

937 491 970 519 de
988 500 1017 519 re
1038 493 1139 528 agitur,
1156 495 1323 524 calumniose
1339 498 1497 534 mentiatur,
1520 500 1636 535 primum
1662 502 1726 529 illud

937 545 1006 573 opus
1018 546 1050 566 ac
1063 541 1230 575 praecipuum
1247 550 1320 573 esse.
1334 544 1406 578 quod
1426 545 1459 571 ab
1481 545 1542 580 ipso
1559 546 1660 574 factum
1673 553 1726 581 est.

937 588 981 611 aut
1004 585 1192 620 magnitudine
1208 588 1374 616 antecellens
1391 597 1397 614 :
1415 597 1447 617 ac
1463 591 1579 626 denique
1597 594 1719 621 ecclesia-

937 630 1034 656 sticam
1061 631 1088 658 in
1114 631 1223 659 Patrem
1249 632 1403 669 Filiumque
1427 635 1526 669 (idem,
1552 645 1604 665 non
1629 639 1724 666 eodem

936 675 1017 702 modo
1040 676 1212 710 proﬁteatur,
1228 686 1282 713 quo
1300 679 1373 706 illam
1401 681 1481 708 nobis
1507 681 1621 717 apostoli
1646 689 1726 712 antea

935 721 1118 756 tradiderunt,
1132 725 1277 752 anathema
1293 726 1339 753 sit.
1356 726 1390 754 Et
1405 728 1472 755 illud
1486 734 1574 761 antea,
1589 735 1617 757 ut
1634 731 1720 766 loqui-

936 772 980 795 tur
1002 768 1168 804 Apostolus,
1182 771 1376 801 pra-diximus:
1394 778 1417 800 et
1439 783 1507 801 nunc
1524 775 1609 803 denuo
1631 778 1726 812 repeti-

936 822 994 841 mus
1006 814 1027 847 ³,
1042 823 1074 843 ac
1090 818 1248 844 necessario
1262 825 1478 848 commonemus.
1495 820 1523 848 Si
1538 823 1601 856 quis
1616 824 1719 858 sapien-

937 862 991 886 tem
1007 860 1095 887 solum
1112 861 1230 890 audiens
1247 862 1365 900 Patrem,
1384 871 1411 892 et
1426 867 1535 894 unicum
1551 868 1611 903 ejus
1624 869 1722 897 Filium

86 896 161 928 Υἱὸν,
177 898 276 924 ταυτὸν
288 896 357 925 εἶναι
371 899 444 933 λέγοι
463 899 514 935 τὴν
537 900 632 936 σοφίαν
652 901 691 937 τῷ
707 902 781 939 μόνῳ
794 904 875 939 σοιρῷΙ

933 904 1113 939 sapientiam,
1135 906 1205 935 hanc
1230 916 1313 936 unum
1344 909 1471 946 idemque
1494 920 1556 939 cum
1579 914 1625 941 illo
1651 914 1724 942 dicat

85 944 209 979 ἀναιρῶν
222 945 253 971 τὸ
261 943 330 972 εἶναι
346 945 420 978 Υἱὸν,
437 947 559 982 ἀνάθεμα
573 948 652 976 ἔστω.
666 949 720 976 Καὶ
737 950 764 976 εἴ
777 959 819 982 τις
835 951 880 977 τὸν

85 990 169 1024 σοφὸν
184 990 290 1018 ἀκούων
304 991 424 1027 Πατέρα,
450 993 498 1019 καὶ
517 993 612 1028 σοφίαν
638 994 684 1020 τὸν
712 995 775 1022 Υἱὸν
797 996 879 1023 αὑτοῦ

85 1036 214 1071 ἀνόμοιον
228 1036 328 1070 λέγων,
344 1038 392 1064 καὶ
407 1039 468 1065 κατ’
479 1039 573 1066 οὐσίαν
594 1040 643 1075 τὴν
655 1041 752 1076 σοφίαν
771 1042 818 1069 τοῦ
834 1051 879 1069 σο-

85 1083 137 1116 φοῦ
152 1082 232 1116 Θεοῦ,
257 1083 295 1115 ὡς
316 1083 353 1119 μὴ
376 1084 463 1119 λέγων
488 1085 534 1112 τὸν
548 1086 630 1121 σοφὸν
641 1087 690 1122 τῆς
703 1088 799 1122 σοφίας
812 1088 879 1124 ἁλη-

85 1127 141 1160 θῶς
172 1129 292 1164 πατέρα,
314 1129 441 1165 ἀνάθεμα.
459 1130 539 1157 ἔστω.
562 1131 614 1158 Καὶ
633 1131 661 1159 εἴ
686 1142 729 1165 τις
745 1133 791 1160 τὸν
811 1134 878 1161 Θεὸν

84 1173 154 1200 νοῶν
169 1175 213 1201 τὸν
227 1174 347 1211 Πατέρα,
367 1175 412 1202 τὸν
427 1177 456 1203 δὲ
472 1178 501 1204 ὲν
517 1177 587 1214 ἀρχῇ
606 1178 692 1212 Λόγον
705 1188 734 1205 τε
751 1180 798 1206 καὶ
812 1180 878 1207 Θεὸν

84 1219 179 1246 τοῦτον
195 1219 268 1254 λέγοι
284 1222 351 1256 πρὸς
365 1221 409 1248 τὸν
424 1222 490 1249 Θεὸν
506 1223 592 1257 Λόγον
607 1232 636 1250 τε
654 1225 700 1251 καὶ
721 1225 787 1252 Θεὸν
803 1226 878 1261 αὐτῷ

83 1265 122 1301 τῷ
135 1265 196 1301 Θεῷ
208 1265 248 1301 τῷ
268 1267 336 1302 πρὸς
357 1267 386 1294 ὃν
402 1268 487 1302 Λόγος
503 1277 532 1295 τε
549 1269 615 1301 Θεὸς
626 1270 647 1302 ²,
678 1270 716 1302 ὡς
737 1271 774 1307 μὴ
791 1271 877 1306 λέγων

83 1311 193 1347 ἀληθῶς
214 1313 282 1345 υἱὸν,
299 1313 423 1349 ἀνάθεμα
449 1313 528 1341 ἐστω.
557 1316 612 1342 Καὶ
626 1315 710 1348 εἴτις
731 1317 776 1343 τὸν
797 1326 878 1353 μονο-

83 1359 150 1394 γενῆ
162 1358 229 1385 Θεὸν
240 1359 329 1393 Λόγον
352 1359 415 1386 Υἱὸν
437 1360 544 1388 ἀκούων
562 1361 609 1388 τοῦ
627 1362 706 1396 Θεοῦ,
736 1364 804 1400 πρὸς
817 1364 847 1391 ὃν
863 1366 877 1392 ὁ

82 1405 170 1440 Λόγος
180 1414 210 1432 τε
226 1406 273 1432 καὶ
282 1405 349 1438 Θεὸς
374 1407 501 1443 ἀνόμοιον
521 1409 606 1444 λέγοι,
637 1410 684 1437 καὶ
709 1411 768 1437 κατ’
782 1412 877 1438 οὐσίαν

82 1452 130 1479 τὸν
140 1452 207 1479 Θεὸν
221 1453 308 1487 Λόγον
320 1452 366 1480 τοῦ
386 1454 503 1490 Πατρὸς,
530 1456 579 1484 τὸν
591 1456 668 1489 Θεὸν,
683 1457 731 1484 τοῦ
747 1457 815 1484 Θεοῦ
829 1459 877 1486 καὶ

82 1498 202 1534 Πατρὸς,
223 1499 292 1534 πρὸς
317 1499 346 1527 ὃν
361 1501 376 1527 ὁ
393 1501 541 1537 μονογενὴς
566 1502 596 1529 ἐν
611 1503 682 1538 ἀρχῇ
697 1501 731 1539 ἦν
744 1503 810 1536 Θεὸς
823 1505 876 1531 Λό-

82 1552 142 1578 γος,
157 1544 195 1576 ὥς
210 1545 247 1580 μὴ
258 1545 345 1580 λέγων
360 1545 469 1582 ἀληθῶς
492 1546 568 1580 Υἰὸν,
585 1548 708 1583 ἀνάθεμα
722 1548 802 1576 ἔστω.
820 1550 875 1576 Καὶ

933 957 1006 982 esse,
1033 958 1065 978 ac
1087 950 1149 979 Filii
1169 953 1362 988 proprietatem
1377 961 1498 988 evertat,
1517 958 1661 985 anathema
1677 960 1723 986 sit.

935 992 999 1023 item
1017 996 1039 1023 si
1055 998 1116 1032 quis
1139 999 1288 1033 sapientem
1310 1001 1424 1029 audiens
1443 1001 1568 1037 Patrem,
1584 1009 1610 1031 et
1625 1004 1724 1032 Filium

932 1041 993 1076 ejus
1012 1042 1173 1077 sapientiam
1196 1045 1350 1078 nominari,
1370 1046 1441 1074 hanc
1459 1048 1544 1082 ipsam
1561 1050 1722 1084 sapientiam

933 1087 1065 1122 sapientis
1087 1088 1177 1117 Patris
1194 1091 1313 1119 essentia
1333 1092 1494 1121 dissimilem
1511 1095 1642 1128 atlirmet,
1664 1102 1722 1124 tan-

933 1141 1013 1168 quam
1035 1136 1185 1170 sapientem
1204 1144 1265 1164 vere
1289 1138 1429 1173 sapientiai
1451 1132 1559 1174 patrem
1588 1150 1650 1170 esse
1675 1151 1723 1171 ne-

932 1187 1014 1214 gans,
1036 1181 1179 1208 anathema
1209 1182 1253 1209 sit.
1278 1182 1305 1209 Si
1325 1184 1388 1218 quis
1415 1184 1498 1212 Deum
1521 1193 1582 1214 esse
1611 1186 1721 1215 Patrem

932 1232 1096 1261 agnoscens,
1121 1234 1183 1254 eutn
1203 1227 1285 1263 857
1302 1237 1365 1257 vero
1390 1230 1437 1265 qui
1454 1230 1481 1257 in
1508 1233 1643 1268 principio
1670 1233 1722 1261 fuit

931 1270 1050 1299 Verbum
1066 1280 1098 1300 ac
1113 1272 1197 1305 Deus,
1211 1274 1284 1302 hunc
1299 1272 1369 1302 idem
1385 1284 1446 1304 esse
1456 1278 1565 1312 penitus
1579 1286 1640 1306 cum
1653 1279 1719 1313 Dee,

931 1318 1002 1352 apud
1016 1326 1096 1353 quem
1118 1319 1234 1348 Verbum
1246 1340 1254 1352 ,
1275 1329 1307 1348 ac
1323 1321 1393 1350 Deus
1410 1329 1467 1355 est,
1483 1325 1644 1359 constituat,
1659 1330 1718 1354 tan-

930 1371 1010 1399 quam
1029 1372 1091 1393 rere
1115 1365 1200 1393 lilium
1215 1374 1269 1394 non
1285 1375 1447 1402 agnoscens,
1461 1370 1606 1398 anathema
1621 1371 1665 1399 sit.
1691 1373 1719 1401 Si

929 1410 992 1445 quis
1007 1410 1176 1445 unigenitum
1193 1410 1277 1439 Deum
1293 1420 1323 1440 ac
1339 1412 1457 1440 Verbum
1479 1413 1576 1442 Filium
1598 1415 1644 1444 Dei
1666 1426 1721 1444 no-

929 1455 1027 1483 minari
1049 1456 1180 1488 audiens,
1197 1457 1267 1492 apud
1290 1467 1371 1494 quem
1396 1458 1514 1487 Verbum
1533 1469 1564 1488 ac
1580 1461 1650 1490 Deus
1666 1470 1719 1495 cs',

930 1501 1002 1529 hunc
1017 1502 1106 1537 ipsqu
1123 1503 1225 1534 Deum.
1246 1512 1279 1531 ac
1298 1504 1388 1533 Patris
1401 1505 1538 1539 Verbum,
1555 1506 1601 1534 Dei
1622 1515 1653 1535 ae
1669 1509 1720 1536 l’a-

930 1548 990 1581 tris,
1008 1550 1079 1584 apud
1093 1557 1173 1585 quem
1195 1549 1358 1586 Uuigenitus
1374 1551 1402 1579 in
1420 1553 1556 1588 principio
1570 1554 1641 1582 Deus
1658 1560 1719 1583 erat

81 1589 109 1616 εῐ
122 1598 166 1621 τις
179 1589 271 1618 εἰκόνα
285 1591 393 1618 ἀκούων
407 1581 455 1619 τὸν
481 1592 546 1620 rm
561 1592 608 1620 τοῦ
632 1581 700 1620 Θεοῦ
725 1594 772 1621 τοῦ
793 1595 874 1631 ἀορά-

929 1581 1056 1626 Verbum,
1072 1581 1232 1623 dissimilem
1249 1581 1373 1630 aﬂirmet,
1390 1581 1519 1633 tanquam
1538 1607 1600 1627 vere
1620 1600 1718 1629 Filium

81 1636 327 1671 του,ταιντὸνλέγοι
343 1637 393 1673 τὴν
406 1638 498 1665 εἰκόνα
513 1639 553 1674 τῷ
567 1639 627 1674 Θεῷ
644 1639 683 1676 τῷ
699 1641 818 1676 ἀοράτῳ,
837 1641 876 1673 ὡς

83 1681 122 1718 μὴ
135 1682 276 1717 ὁμολογῶν
300 1683 408 1719 ἀληθῶς
435 1684 508 1716 Υἱὸν,
522 1685 647 1720 ἀνάθεμα
675 1686 756 1714 ἔστω.
773 1688 827 1714 Καὶ
850 1687 877 1713 εἰ

80 1736 124 1760 τις
140 1728 232 1756 εἰκόνα
245 1729 353 1757 ἀκούων
376 1729 421 1758 τὸν
452 1732 585 1768 μονογενῆ
607 1732 670 1759 Υὶὸν
684 1733 731 1759 τοῦ
757 1733 874 1769 ἀοράτου

80 1772 150 1800 Θεοῦ
167 1773 294 1809 ἀνόμοιον
319 1775 392 1810 λέγοι
411 1776 457 1803 καὶ
486 1777 546 1805 κατ’
573 1777 667 1804 οὐσίαν
681 1778 727 1805 τὸν
744 1779 818 1812 Υἱὸν,
836 1780 875 1806 εἰ-

80 1819 148 1846 κόνα
162 1819 227 1846 ὄντα
247 1820 295 1847 τοῦ
309 1820 376 1848 Θεοῦ
399 1821 446 1848 τοῦ
461 1822 588 1858 ἀοράτου,
604 1820 635 1850 οὗ
653 1823 733 1852 εἰκὼν
753 1825 800 1852 καὶ
814 1826 873 1852 κατ’

79 1864 174 1892 οὐσίαν
187 1867 298 1898 νοεῖται,
310 1866 348 1898 ὡς
363 1867 471 1903 ἀληθῶς
497 1869 535 1904 μὴ
553 1868 640 1903 λέγων
666 1871 734 1903 υἱὸν,
750 1871 873 1907 ἀνάθεμα

79 1909 162 1938 ἔστω.
175 1910 232 1937 Καὶ
245 1911 272 1938 εἴ
284 1920 326 1944 τις
340 1911 447 1940 ἀκούων
463 1914 510 1940 τοῦ
529 1915 587 1942 υἱοῦ
601 1915 725 1950 λέγοντος
737 1924 744 1931 '
760 1917 874 1952 ’Ὠσπερ

79 1954 137 1989 ⁸γπὰρ
151 1957 168 1982 ὀ
194 1957 296 1992 Πατὴρ
315 1958 378 1993 ἔχει
401 1958 478 1994 ζωὴν
492 1960 527 1986 ἐν
540 1960 646 1994 ἐαυτῷ,
665 1962 741 1989 οὕτω
763 1963 813 1990 καὶ
833 1963 873 1997 τῷ

83 1999 141 2033 ΥΙῷ
165 2001 276 2030 δέδωκε
292 2003 368 2038 ζωὴν
382 2005 465 2044 ξχειφ·
495 2007 530 2033 ἐν
550 2007 658 2041 ἐαυτῷ,
678 2009 775 2036 ταυτὸν
799 2009 872 2045 λέγοι

78 2047 129 2077 τὸν,
142 2047 273 2082 εἰληφότα
291 2049 363 2085 παρά
373 2050 420 2077 τοῦ
438 2051 546 2087 Πατρὸς
557 2053 606 2088 τὴν
621 2053 704 2090 ζωὴν,
721 2055 768 2081 καὶ
779 2055 872 2090 ὁμολο-

77 2092 180 2127 γοῦντα
196 2094 236 2126 τὸ,
252 2094 337 2130 Κάγὼ
351 2095 388 2126 ζῶ
396 2096 444 2123 διὰ
460 2097 513 2124 τὸν
526 2089 661 2132 Πατέραξ
678 2099 717 2135 τῷ
731 2089 870 2133 Samaei“.

77 2139 204 2174 ἀνάθεμα
218 2140 296 2168 ἔστω.
314 2142 368 2170 Καὶ
382 2143 410 2169 ετ
428 2152 469 2175 τις
495 2145 602 2172 ἀκούων
621 2145 668 2172 τό·
686 2146 800 2181 ’Ὠσπερ
815 2149 871 2182 γὰρ

77 2186 95 2212 ὁ
107 2185 210 2219 Πατὴρ
224 2185 301 2220 ζωὴν
325 2188 387 2222 ἔχει
402 2189 438 2215 ἐν
454 2190 561 2223 ἑαυτῷ,
588 2191 665 2218 οὕτω
682 2193 731 2219 καὶ
757 2192 797 2225 τῷ
815 2193 871 2226 Υιῷ

926 1640 1039 1668 minime
1052 1641 1197 1674 conﬁtens,
1210 1643 1354 1671 anathema
1371 1644 1416 1671 sit.
1430 1643 1457 1672 Si
1472 1646 1535 1680 quis
1545 1645 1645 1674 Filium
1657 1647 1716 1680 Dei,

926 1685 972 1720 qui
983 1685 1068 1713 videri
1081 1694 1135 1714 non
1153 1691 1252 1722 potest,
1269 1688 1415 1723 imaginem
1431 1689 1558 1723 audiens,
1572 1691 1642 1718 idenl
1654 1701 1718 1721 esse

925 1739 986 1758 cum
1001 1740 1055 1759 non
1073 1733 1233 1768 aspectabili
1252 1733 1306 1761 Deo
1320 1734 1393 1761 dicat
1410 1735 1565 1770 imaginem,
1583 1741 1714 1772 tauquam

925 1785 988 1805 vere
1020 1777 1106 1805 lilium
1132 1779 1243 1807 minime
1267 1780 1426 1815 professus,
1447 1782 1591 1809 anathema
1617 1783 1663 1810 sit.
1686 1783 1714 1811 Si

925 1822 986 1856 quis
1004 1822 1172 1857 unigenitum
1193 1822 1291 1850 Filium
1314 1823 1458 1859 imaginem
1477 1825 1542 1858 Dei,
1561 1827 1606 1862 qui
1630 1827 1714 1855 \ideri

925 1876 979 1895 non
1000 1873 1106 1903 potest,
1125 1870 1256 1905 appellari
1274 1871 1400 1904 audiens,
1416 1871 1579 1900 dissimilem
1595 1881 1656 1902 esse
1672 1874 1715 1901 ἀί-

923 1919 968 1942 cat
983 1917 1102 1943 essentia
1119 1915 1229 1948 Filium,
1247 1925 1279 1944 ac
1294 1917 1340 1944 Dei
1357 1926 1411 1944 non
1428 1919 1604 1953 aspectabilis
1619 1921 1715 1956 imagi-

923 1966 985 1986 nem
1001 1958 1061 1994 ejus
1078 1959 1158 1994 cujus
1171 1961 1291 1988 essentia
1306 1961 1453 1996 imaginem
1476 1962 1566 1997 ipSum
1587 1963 1717 1999 intelligi-

923 2012 994 2038 mus,
1012 2006 1084 2033 velut
1099 2005 1198 2033 Filium
1219 2015 1281 2034 esse
1295 2015 1349 2034 non
1367 2015 1428 2035 vero
1443 2008 1586 2043 proﬁtens,
1603 2011 1716 2038 anathe-

922 2055 967 2074 ma
991 2050 1036 2077 Sil.
1061 2050 1128 2077 Item
1150 2051 1173 2077 si
1201 2051 1262 2085 quis
1284 2050 1420 2078 dicentem
1447 2051 1545 2079 Filium
1570 2053 1686 2081 audiens
1706 2063 1713 2082 :

923 2098 1150 2132 Quemadmodum
1171 2097 1252 2125 Pater
1272 2097 1348 2125 liabet
1366 2098 1447 2125 vitam
1463 2099 1490 2125 in
1516 2099 1618 2133 seipso,
1636 2101 1675 2127 sic
1688 2105 1714 2127 et

923 2143 995 2170 Filio
1011 2143 1083 2171 dedit
1097 2144 1177 2170 vitam
1195 2143 1290 2170 [tubere
1311 2143 1337 2170 in
1353 2143 1467 2177 seipto‘,
1485 2151 1547 2171 eum
1564 2144 1609 2179 qui
1626 2144 1710 2171 vitam

923 2189 1022 2224 accipit
1037 2197 1051 2216 a
1068 2189 1158 2220 Patre.
1171 2194 1197 2217 et
1211 2189 1276 2216 illud
1292 2189 1426 2217 dicentem
1443 2199 1450 2217 τ
1468 2188 1501 2215 Ει
1514 2197 1560 2225 ego
1574 2190 1630 2217 viva
1649 2198 1711 2224 pro-

77 2231 173 2258 ἔδωκε
185 2231 262 2266 ζωὴν
275 2232 357 2267 ἔχειν
383 2234 418 2261 ἐν
430 2235 525 2268 ἐαυτῷ
537 2244 544 2250 ’
569 2237 695 2272 ἀνόμοιον
714 2238 788 2272 λέγοι
810 2241 870 2266 κατ’

929 2240 980 2263 iter
993 2235 1101 2262 Patrem
1112 2236 1134 2268 ',
1150 2236 1221 2263 idem
1234 2243 1296 2263 cum
1313 2236 1374 2262 vita:
1391 2235 1486 2262 datore
1497 2243 1559 2264 esse
1574 2236 1712 2269 defendat,

76 2276 173 2303 οὐσίαν
182 2277 228 2303 τὸν
245 2277 308 2304 Υἰὸν
323 2278 362 2314 τῷ
382 2280 479 2316 Πατρὶ,
493 2281 755 2318 διαμαρτυρόμενος,
769 2284 810 2311 ὅτι
824 2285 870 2311 οὓ-

929 2281 1067 2308 mathcma
1087 2282 1133 2309 sit.
1158 2281 1186 2309 Si
1211 2282 1275 2317 quis
1294 2281 1366 2309 istud
1382 2281 1519 2309 audiens:
1539 2281 1612 2309 Sicut
1630 2281 1713 2308 Pater

76 2329 132 2353 τως
146 2321 204 2357 ἔχει
219 2322 257 2355 ὡς
274 2324 397 2360 εἴρηκεν,
414 2326 539 2362 ἀνάθεμα
566 2327 646 2355 ἔστω.
667 2330 786 2365 Φανερὸν
805 2331 869 2367 γὰρ,

75 2367 128 2400 ὅτι,
139 2368 189 2400 τῆς
204 2369 279 2405 ζωῆς
289 2371 338 2406 τῆς
352 2372 381 2398 ὲν
399 2371 437 2406 τῷ
450 2373 536 2409 Πατρὶ
551 2375 699 2410 νοουμένης
719 2377 812 2408 οὐσίας
826 2386 870 2413 ση-

77 2414 256 2450 μαινομένης,
283 2417 330 2443 καὶ
346 2417 394 2452 τῆς
411 2418 484 2453 ζωῆς
505 2419 552 2454 τῆς
576 2420 622 2446 τοῦ
632 2422 802 2456 Μονογενοῦς
818 2424 869 2456 τῆς

75 2460 107 2486 ὲκ
123 2460 170 2486 τοῦ
192 2461 297 2496 Πατρὸς
319 2463 521 2499 γεγεννημένης
542 2465 636 2498 οὐσίας
653 2468 812 2504 νοουμένης,
826 2471 866 2503 τὸ,

75 2507 180 2539 οὕτως.
197 2507 246 2542 τὴν
261 2509 407 2544 ὁμοιότητα
423 2509 472 2545 τῆς
491 2510 585 2542 οὐσίας
609 2512 676 2547 πρὸς
699 2515 793 2542 οὐσίαν
818 2525 866 2552 ση-

76 2552 166 2586 μαίνει
180 2553 314 2589 (ἀνὰθεμα
330 2554 429 2593 ἔστω),

107 2682 158 2708 l.\'.
181 2683 234 2710 Καὶ
248 2683 276 2709 εἴ
288 2692 328 2716 τις
341 2684 382 2716 τὸ,
400 2686 521 2714 Ἕλιτισέ
533 2697 582 2722 με,
594 2690 691 2722 καὶτὸ,
708 2692 800 2726 γεννᾷ
811 2703 860 2728 με,

923 2328 1002 2355 vitam
1017 2327 1094 2355 habet
1112 2330 1138 2354 in
1153 2329 1238 2362 seipse
1248 2348 1256 2361 ,
1283 2328 1321 2355 sic
1335 2328 1410 2355 Filio
1424 2328 1496 2355 dedit
1512 2328 1593 2355 vitam
1617 2328 1713 2356 habere

920 2375 949 2402 in
965 2375 1067 2409 seipse,
1097 2374 1260 2402 dissimilem
1276 2375 1397 2402 essentia
1421 2374 1493 2402 Patri
1510 2374 1609 2402 Filium
1635 2383 1712 2403 asse-

922 2423 1006 2452 reret,
1016 2424 1053 2451 et,
1067 2420 1104 2446 ita
1117 2420 1154 2446 uti
1170 2419 1249 2452 dicit,
1262 2419 1363 2447 habere
1380 2427 1410 2447 se
1423 2423 1548 2452 tesletur,
1565 2420 1712 2448 anathema

920 2465 966 2493 sit.
985 2464 1159 2492 Manifestum
1180 2464 1254 2491 enim
1273 2467 1326 2495 est,
1342 2471 1404 2491 cum
1419 2464 1474 2491 vita
1490 2471 1571 2499 quant
1591 2465 1618 2492 in
1632 2464 1712 2492 Patre

919 2512 1106 2547 intelligimus,
1123 2511 1243 2539 essentia
1267 2511 1317 2542 sit.
1335 2519 1442 2539 necnon
1457 2515 1485 2538 et
1501 2511 1637 2548 Unigeniti
1655 2513 1710 2540 vita

919 2566 980 2594 qum
996 2566 1011 2586 a
1026 2558 1107 2586 Patre
1122 2559 1212 2593 genita
1227 2561 1280 2590 est,
1297 2557 1465 2592 intelligatur
1478 2559 1610 2590 essentia,
1625 2559 1711 2594 parti-

919 2605 1009 2632 colant
1026 2604 1108 2637 hanc,
1122 2605 1171 2637 sic,
1196 2603 1325 2632 essentia:
1338 2611 1400 2631 cum
1413 2605 1534 2631 essentia
1551 2605 1710 2632 similitudi-

919 2658 980 2678 nem
995 2650 1132 2687 indicare.

950 2696 997 2724 XI.
1008 2697 1036 2724 Si
1048 2697 1109 2732 quis
1117 2698 1168 2725 ista
1178 2696 1313 2725 dicentem
1323 2697 1397 2725 illum
1410 2698 1524 2725 audiens
1535 2706 1541 2724 :
1552 2696 1657 2726 Creavit
1668 2706 1709 2725 me

75 2729 137 2762 παρ’
155 2728 238 2755 αὑτοῦ
258 2729 375 2762 ἀκούων,
397 2731 436 2764 τὸ,
458 2733 547 2768 γεννᾷ
562 2744 611 2769 με,
631 2737 668 2772 μὴ
688 2738 734 2765 ἐπὶ
747 2739 794 2766 τοῦ
811 2742 862 2768 αὐ-

931 2744 1038 2778 tgenuit
1053 2750 1103 2776 me,
1117 2743 1206 2778 genuit
1217 2752 1256 2770 me
1268 2751 1320 2770 non
1332 2745 1364 2770 ad
1378 2744 1504 2771 eumdem
1518 2747 1544 2770 et
1555 2743 1708 2771 secundum

76 2773 118 2800 τοῦ
136 2775 184 2800 καὶ
207 2775 266 2801 κατ’
285 2776 379 2803 οὐσίαν
404 2779 498 2812 ἐννοοί,
523 2780 592 2807 ἀλλά
607 2783 704 2809 ταυτὸι
724 2784 797 2820 λέγοι
819 2786 859 2820 τὸ,

107 2851 118 2868 ³
134 2851 163 2880 ὶι.
183 2852 307 2889 λέγομεν.
347 2855 430 2882 ‘Cor.
447 2858 493 2884 καὶ
507 2857 581 2890 Θεός.

913 2789 1061 2816 essentiam
1071 2790 1206 2824 pertinere
1215 2794 1290 2825 putet
1301 2800 1307 2817 :
1316 2791 1364 2818 sed
1375 2791 1445 2818 idetn
1454 2798 1515 2818 esse
1527 2791 1610 2823 dicat,
1619 2793 1708 2826 genuit

623 2861 631 2875 ³
644 2860 732 2890 Gal-at.
750 2870 768 2896 t,
784 2864 816 2892 l9
863 2864 875 2882 ⁸
892 2864 972 2894 Joan.
985 2875 1011 2900 ν,
1026 2867 1070 2894 26.
1108 2867 1119 2883 ⁵
1135 2867 1214 2894 Joan.
1231 2875 1267 2896 γι.
1283 2868 1326 2896 57.
