1931 3041
203 167 255 195 4⁸25

907 162 934 190 S.
959 161 1132 191 EPIPHANII

1784 163 1836 192 424

204 232 254 257 me,
268 231 306 255 et,
320 222 418 249 creavit
435 230 486 254 me,
503 225 632 256 tanquam
653 218 750 248 Filium
774 220 834 248 sine
858 220 912 251 ulla
929 229 993 256 pas-

1047 221 1137 256 γεννᾷ
1159 230 1208 256 με,
1226 221 1275 257 τῷ,
1300 220 1402 248 ἐκτισέ
1415 230 1463 256 με,
1488 222 1526 253 ὼς
1543 222 1579 257 μὴ
1597 221 1683 256 λέγων
1701 222 1748 250 τὸν
1776 223 1835 250 Γίὸν

203 270 282 298 sione
301 269 450 304 perlectum
478 275 511 295 ex
532 267 639 295 duobus
669 267 723 294 illis
741 266 883 294 vocabulis
907 267 994 294 conli~

201 322 273 347 lens.
293 315 389 342 creavit
404 322 453 346 me,
467 317 505 345 et,
517 313 608 348 genuit
625 321 675 344 me,
693 312 739 340 sed
755 316 911 340 creaturam
926 312 994 340 dun-

200 365 351 390 taxat.non
363 359 460 386 Filium
472 358 620 388 allirmans,
637 358 792 392 cujusmodi
820 358 894 393 pium
913 359 992 386 nobis

201 414 233 433 ex
250 405 356 432 duabus
371 404 425 431 illis
450 403 563 430 vocibus
578 411 691 430 sensum
710 403 851 438 Sapientia
868 404 991 436 tradidit,

201 451 343 477 anathema
356 449 401 476 sit.
419 449 447 476 Si
465 449 538 484 quis,
551 448 620 476 Filio
632 457 710 476 suam
723 458 784 476 cum
801 449 882 477 Patre
899 458 994 478 secun-

200 496 264 522 dum
280 495 429 523 essentiam
444 495 649 522 similitudinem
668 496 748 523 nobis
761 496 803 523 his
816 497 907 524 verbis
920 497 992 523 indiv-

201 546 301 568 caule:
320 542 395 568 Sicut
422 542 493 568 enim
509 541 590 568 Pater
603 542 684 568 vitam
703 542 779 568 habet
799 543 825 569 in
845 543 939 576 seipse,
955 544 993 569 sic

198 592 223 614 el
234 582 308 613 Filio
318 587 390 614 dedit
404 588 484 614 vitam
497 587 592 614 habere
607 588 633 614 in
645 588 748 619 seipse;
760 595 819 615 eam
838 596 902 616 vero
916 589 993 616 simi-

201 635 422 669 litudinem,’qua:
434 635 461 661 in
471 635 577 661 actione
591 635 690 668 posita,
708 635 750 662 his
764 636 991 664 verbisdocente:

200 682 368 717 ercumfue
391 682 460 708 enim
483 680 565 707 Pater
581 680 658 714 facit,
685 689 716 707 ea
727 686 751 707 et
768 680 856 708 Filius
871 681 994 708 similiter

200 728 304 763 facit‘,
335 728 420 755 solam
441 727 512 754 hanc
537 727 655 754 actionis
676 726 762 761 858
786 727 992 754 similitudinem

198 773 361 805 concedens,
379 773 500 804 alteram,
512 780 573 807 quae
586 771 619 798 ad
629 773 778 799 essentiam
794 778 910 808 spectat,
919 781 994 808 quae-

198 827 252 854 que
268 818 434 854 pi-mciptium
461 817 522 844 ﬁdei
540 822 643 844 nostra!
660 821 742 851 caput
766 822 818 849 est,
836 818 904 845 Filio
926 819 993 846 sub-

199 866 300 896 trahat,
313 869 443 899 tanquam
460 869 562 891 aeterna
574 864 639 896 vita,
658 871 719 899 qua:
738 864 765 891 in
780 863 870 892 Patris
883 872 914 892 ac
931 863 992 892 Filii

198 910 357 946 cognitione
369 909 507 941 consistit,
520 909 640 944 seipsum
652 910 774 945 privans,
788 910 933 938 anathema
945 912 992 939 sit.
1009 895 1030 923 Β

199 955 228 983 Si
247 956 309 991 quis
328 956 355 983 in
367 954 475 983 Patrem
490 962 523 983 ac
542 954 641 982 Filium
653 955 765 983 credere
776 963 837 983 sese
851 957 991 991 prolitens,

199 1002 308 1029 Patrem
324 1009 378 1028 non
394 1001 493 1028 similis
506 1009 569 1028 cum
596 1000 666 1028 Filio
680 1001 807 1029 essentize
834 1001 907 1029 dicat
919 1010 991 1036 esse,

199 1048 246 1076 sed
262 1048 389 1081 actionis,
415 1051 543 1082 tanquam
557 1047 688 1083 profanas
709 1055 807 1075 vocum
831 1048 966 1076 novitates
981 1049 992 1065 ³

198 1095 232 1120 de
245 1093 307 1120 Filii
323 1094 370 1121 Dei
391 1094 511 1121 essentia
528 1093 709 1128 pronuntiare
735 1101 830 1126 ausus,
855 1098 882 1122 et
899 1102 991 1122 veram

199 1139 260 1167 Filii
280 1141 473 1176 proprietatem
500 1144 635 1172 evertens,
654 1139 800 1167 anathema
818 1140 864 1168 sit.
883 1139 912 1168 Si
930 1141 993 1176 quis

202 1188 287 1215 lilium
318 1187 434 1214 similem
447 1186 567 1214 essentia
585 1186 658 1214 illius
670 1186 835 1222 intelligens,
850 1187 930 1221 cujus
963 1189 1004 1215 lla

199 1233 252 1261 lius
270 1233 438 1268 intelligitur,
453 1233 494 1260 vel
507 1233 577 1259 idem
594 1240 708 1267 prorsus
725 1240 787 1259 cum
798 1233 880 1260 Patre
894 1232 993 1261 Filium

199 1286 260 1305 esse
272 1278 354 1308 dicat,
372 1278 413 1305 vel
429 1277 518 1305 Patris
533 1283 648 1312 partem,
665 1278 706 1305 vel
725 1277 859 1313 proﬂuvio
873 1279 992 1313 quodam

197 1332 232 1352 ac
247 1324 384 1360 passione,
398 1331 593 1358 corporeorum
607 1325 694 1351 instar
715 1325 847 1358 filiorum,
867 1325 994 1359 incorpo‘

200 1378 276 1398 reum
289 1370 323 1397 ab
337 1370 501 1405 incorporeo
514 1369 594 1397 Patre
611 1370 746 1404 prodiissc
761 1370 857 1397 Filium
874 1375 991 1403 asserat,

200 1417 344 1444 anathema
360 1417 405 1444 sit.
420 1415 448 1443 Si
461 1416 533 1451 quis,
552 1421 695 1451 propterea
712 1417 785 1451 quod
808 1424 897 1451 neque
912 1416 994 1444 Pater

201 1463 298 1494 Filius,
317 1470 407 1498 neque
420 1461 506 1490 Filius
520 1471 582 1490 esse
590 1463 671 1490 Pater
685 1460 851 1499 intelligatur
863 1472 992 1500 unquam,

200 1509 316 1536 alterunt
333 1516 348 1535 a
365 1509 444 1536 Patre
468 1507 567 1536 Filium
584 1516 646 1536 esse
657 1509 762 1542 dicens,
784 1518 816 1537 eo
833 1511 907 1546 quod
924 1512 994 1540 alter

200 1555 237 1582 sit
251 1554 330 1581 Pater
343 1562 375 1582 ac
389 1554 487 1588 Filius,
502 1559 531 1582 ut
543 1554 646 1581 dictum
662 1559 705 1583 est
720 1563 726 1579 :
752 1556 828 1584 Alius
843 1561 882 1584 est
898 1558 942 1591 qui
956 1562 994 1585 te-

199 1600 354 1627 stimonium
371 1599 486 1635 per/libet
513 1599 545 1627 de
574 1600 658 1633 me';
686 1600 775 1628 item:
805 1600 994 1629 Testimonium

199 1646 315 1681 perhibet
328 1646 373 1681 qui
386 1647 457 1673 misit
473 1654 512 1673 me
527 1646 608 1673 l’ater
623 1646 652 1673 ’δι
674 1647 696 1674 si
711 1647 913 1682 quis,inquam,
931 1656 993 1684 pro-

201 1697 263 1728 pter
276 1692 348 1728 piam
366 1692 439 1719 illam
455 1700 516 1727 quae
534 1693 561 1719 in
579 1691 702 1720 Ecclesia
720 1694 877 1728 concipitur
896 1702 993 1730 perso-

201 1746 297 1765 narum
315 1737 405 1766 Patris
420 1745 452 1765 ac
464 1737 523 1765 Filii
540 1738 743 1774 proprietatem,
755 1740 858 1767 veritus
872 1748 906 1768 ue
923 1740 993 1768 idem

200 1783 312 1810 omnino
327 1791 389 1811 cum
410 1783 491 1811 Patre
508 1783 594 1812 Filius
621 1784 789 1820 intelligatur
804 1805 811 1817 ,
830 1785 993 1814 dissimilem

200 1829 319 1857 essentia
345 1829 434 1856 Patris
454 1837 515 1857 esse
532 1829 631 1856 Filium
658 1830 742 1862 dicat,
772 1831 918 1858 anathema
947 1832 993 1859 sit.

202 1874 230 1902 Si
249 1874 312 1910 quis
326 1873 436 1901 Patrem
455 1874 587 1909 unigeniti
612 1874 673 1902 Filii
698 1876 725 1902 in
744 1881 864 1911 tempore
887 1881 994 1911 patrem

202 1920 286 1947 fuisse
300 1920 351 1947 sibi
368 1920 540 1955 persuadeat,
559 1927 649 1956 neque
661 1925 724 1948 ante
735 1925 844 1955 tempus
856 1928 995 1953 omne,rac

202 1973 287 2000 supra
299 1965 446 1993 humanam
472 1973 582 1994 omnem
597 1966 805 2001 cogitationem,
824 1967 993 2001 unigenitum

202 2011 302 2039 Filium
318 2019 334 2039 a
351 2011 430 2040 Patre
443 2012 503 2040 sine
519 2012 573 2039 ulla
593 2013 722 2048 passione
737 2012 831 2044 credat
856 2020 918 2041 esse
930 2021 994 2048 pro.

202 2058 326 2091 ductum,
357 2063 488 2094 tanquam
517 2059 699 2095 apostolicum
725 2060 824 2095 dogma
856 2064 994 2096 transgre-

202 2105 292 2138 diens,
307 2105 378 2141 quod
391 2113 405 2132 a
414 2104 637 2141 Patre,Filioque
648 2106 780 2142 temporis
789 2107 906 2142 spatium
914 2116 995 2136 omne

203 2151 314 2186 rejieit:
332 2151 383 2178 hoc
400 2158 466 2179 vero
484 2159 536 2179 nos
558 2152 674 2180 ﬁdeliter
693 2152 790 2180 edocet
808 2162 816 2181 :
841 2153 874 2181 In
894 2155 994 2189 princi-

202 2195 245 2229 pio
271 2199 330 2222 erat
354 2193 477 2228 Verbum,
502 2199 526 2222 et
559 2194 670 2222 Verbum
684 2200 741 2222 erat
757 2196 827 2230 apud
850 2196 945 2230 Deum,
969 2202 994 2225 et

204 2241 273 2268 Deut
284 2247 340 2268 erat
361 2240 474 2268 Verbum
491 2241 521 2268 ':
537 2242 682 2269 anathema
699 2243 745 2270 sit.
763 2242 792 2270 Si
809 2244 870 2278 quis
888 2243 994 2272 Patrem
1011 2257 1033 2284 ι)

203 2286 355 2322 nnigenito,
367 2294 448 2321 quem
468 2287 609 2321 produxit,
638 2286 709 2315 Filio
728 2291 852 2324 tempore
873 2289 994 2317 anterio-

205 2340 260 2360 rem
276 2340 338 2360 esse
351 2332 439 2365 dicat;
454 2331 553 2359 Filium
567 2340 633 2360 vero
657 2334 738 2361 Patre
751 2334 890 2369 juniorem
905 2342 911 2360 :
929 2342 996 2362 ana-

204 2378 295 2405 thema
319 2377 365 2405 sit.
393 2376 423 2404 Si
451 2377 514 2412 quis
529 2378 661 2413 temporis
689 2383 827 2414 expertem
861 2379 995 2415 unigeniti

204 2423 306 2451 Christi
321 2431 336 2450 a
355 2423 436 2450 Patre
455 2424 641 2458 procedentis,
656 2424 824 2460 hypostasim
840 2425 873 2452 ad
894 2426 996 2461 ingeni-

205 2475 259 2496 tam
273 2467 321 2495 Dei
338 2468 487 2495 essentiam
499 2468 610 2500 referat,
625 2472 753 2503 tanquam
765 2469 932 2504 Υίοπάτορα,
944 2469 996 2497 hoc

204 2517 247 2541 est
273 2513 458 2547 Filiopatrem,
484 2514 635 2548 appellans,
652 2514 795 2542 anathema
827 2515 871 2542 sit.
889 2514 917 2541 Si
933 2515 996 2549 quis

205 2560 262 2587 sola
276 2563 411 2595 potestate
426 2559 534 2588 Patrem
550 2560 684 2595 unigeniti
702 2559 776 2593 Filii,
792 2568 846 2588 non
862 2565 1005 2596 potestate

205 2607 335 2639 simul,et
349 2607 469 2634 essentia
486 2614 549 2634 esse
563 2606 685 2639 deliniat,
700 2611 830 2643 tanquam
846 2608 932 2635 solam
945 2615 995 2643 po-

205 2657 330 2680 testatem
355 2660 504 2688 usurpans,
531 2657 558 2679 et
574 2660 747 2681 communem
764 2654 789 2681 ei
810 2662 872 2681 cum
888 2656 995 2683 caeteris

205 2699 334 2733 operibus
349 2698 534 2726 conditionem
550 2698 684 2731 tribuens,
701 2707 789 2734 neque
802 2707 960 2734 germanum
979 2707 995 2726 a

1043 268 1089 294 τὸν
1101 267 1213 298 dnuOt‘o;
1224 267 1325 295 τέλειον
1333 269 1365 294 ὲκ
1375 267 1429 294 τῶν
1439 267 1485 294 δύο
1499 268 1649 303 ὀνομάτων,
1665 269 1723 301 τοῦ,
1735 268 1836 296 ἐκτισέ

1042 323 1090 349 με,
1107 314 1153 340 καὶ
1165 313 1223 345 τοῦ,
1236 313 1329 349 γεννᾷ
1340 322 1388 348 με,
1406 314 1508 349 κτίσμα
1524 314 1604 348 μόνον
1623 315 1773 349 ὁμολογῶν,
1789 316 1837 342 καὶ

1047 361 1145 396 μηκέτι
1173 360 1240 392 υἱὸν,
1255 359 1293 392 ὡς
1315 360 1507 395 παραδέδωκεν
1526 361 1542 395 ή
1564 360 1648 395 Σοφία
1671 361 1704 387 ὲκ
1720 361 1776 387 τῶν
1790 361 1837 388 δύο

1044 406 1165 438 εὐσεὸῶς
1180 406 1230 441 τὴν
1245 406 1364 432 ἔννοιαν·
1380 406 1504 441 ἀνάθεμα
1518 407 1597 432 ἔστω.
1612 407 1666 433 Kal.
1681 407 1707 432 ετ
1721 415 1772 438 τις,
1790 407 1837 433 τοῦ

1045 452 1111 479 Υἰοῦ
1127 452 1176 488 τὴν
1195 452 1243 487 μὲν
1270 452 1330 478 κατ’
1348 452 1442 479 οὐσίαν
1462 452 1528 488 προς
1546 452 1590 478 τὸν
1606 452 1703 479 ἑαυτοῦ
1726 452 1837 487 Πατέρα

1044 498 1189 534 ὁμοιότητα
1198 499 1265 533 ἡμῖν
1278 497 1516 530 ἀποκαλύπτοντας
1529 498 1562 524 δι’
1576 495 1613 525 ὧν
1625 506 1706 533 φησι·
1724 499 1838 532 Ὥσπερ

1043 545 1099 578 τὰρ
1114 545 1130 570 ό
1146 544 1247 578 Πατὴρ
1270 543 1347 576 ζωὴν
1367 543 1430 578 ἔχει
1446 544 1481 570 ἐν
1493 543 1598 576 ἐαυτῷ,
1612 544 1706 576 οὕτως
1719 543 1771 571 καὶ
1797 544 1838 576 τῷ

1049 589 1105 622 Υἰῷ
1133 589 1225 616 ἔδωκε
1250 588 1326 623 ζωὴν
1347 589 1429 624 ἔχειν
1450 589 1487 616 ἐν
1510 588 1624 621 ἐαυτῷ-
1648 589 1698 624 τὴν
1721 588 1750 615 δὲ
1777 589 1837 615 κατ’

1045 635 1184 671 ἐνέργειαν
1200 635 1232 661 δι’
1260 632 1298 662 ῶν
1325 635 1464 662 παιδεύει·
1495 636 1524 662 Ἃ
1551 636 1603 670 γὰρ
1628 635 1666 662 ἂν
1694 636 1710 662 d
1733 635 1838 669 Πατὴρ

1045 681 1127 716 ποιῇ,
1145 682 1239 708 ταῦτα
1253 682 1300 708 καὶ
1323 683 1340 709 ὀ
1365 681 1430 714 Υίὸς
1446 682 1553 716 ὁμοίως
1574 681 1665 708 ποιεῖ·
1687 682 1774 716 μόνην
1788 683 1838 717 τὴν

1045 728 1106 754 κατ’
1132 727 1274 763 ὲνέργειαν
1293 727 1440 762 ὁμοιότητα
1462 726 1587 762 διδούσης
1604 727 1670 754 κατ’
1687 727 1794 758 οὐσίαν,
1820 728 1837 762 ἦ

1044 773 1103 800 ἔστι
1119 773 1148 800 τὸ
1163 773 1432 808 κεφαλαιωδέστατον
1453 772 1532 808 ἡμῶν
1547 773 1597 807 τῆς
1614 772 1743 804 πίστεως,
1772 774 1840 799 ἀπο·

1046 818 1153 854 στεροίη
1170 818 1218 845 τοῦ
1236 818 1312 848 Υίοῦ,
1325 818 1364 850 ὡς
1379 818 1475 844 ἑαυτὸν
1490 818 1647 853 ἀποστερῶν
1662 818 1711 851 τῆς
1725 819 1754 844 ὲν
1769 817 1837 852 γνὼ-

1046 873 1087 890 (Et
1104 864 1211 900 Πατρδς
1226 865 1272 891 καὶ
1292 863 1359 891 Υἱοῦ
1376 864 1486 893 αἰωνίου
1505 863 1594 898 ζωῆς’
1613 863 1739 898 ἀνάθεμα
1757 864 1838 890 ἔστω.

1046 910 1102 937 Kal.
1118 910 1146 936 ετ
1161 919 1213 943 τις,
1229 911 1269 941 είς
1285 910 1394 945 Πατέρα
1413 909 1460 936 καὶ
1475 909 1538 936 Υίδν
1554 908 1692 936 πιστεύειν
1704 907 1840 943 ἐπαγγελ-

1046 956 1170 991 λόμενος,
1187 956 1233 982 τὸν
1255 955 1365 991 Πατέρα
1383 954 1421 990 μὴ
1437 955 1531 986 οὐσίας
1547 955 1642 989 ὁμοίας
1665 953 1749 980 αὐτοῦ
1766 954 1840 987 λέγοι

1047 1001 1167 1036 Πατέρα,
1191 1001 1260 1028 ἀλλά
1283 1000 1433 1036 ἐνεργείας,
1449 1000 1487 1032 ὼς
1508 999 1636 1036 βεϐήλους
1656 999 1840 1034 καινοφωνίας

1047 1048 1118 1075 κατά
1131 1049 1181 1083 τῆς
1195 1048 1290 1079 οὐσίας
1303 1046 1349 1074 τοῦ
1366 1046 1432 1073 Υίοῦ
1450 1046 1498 1073 τοῦ
1512 1046 1580 1073 Θεοῦ
1594 1046 1760 1081 φθέγγεσθαι
1780 1045 1841 1071 τολ-

1048 1093 1118 1128 μῶν,
1135 1092 1180 1119 καὶ
1198 1092 1318 1128 ἀναιρῶν
1341 1091 1371 1117 τὸ
1392 1089 1461 1118 εἶναι
1475 1090 1583 1126 ἀληθῶς
1615 1091 1687 1118 υἱόν·
1713 1090 1841 1125 ἀνάθεμα

1047 1139 1126 1166 ἔστω.
1144 1138 1198 1166 Καὶ
1215 1138 1297 1169 εἴτις
1309 1137 1373 1164 Υὶὺν
1386 1137 1478 1172 ὅμοιον
1493 1138 1552 1164 κατ’
1565 1137 1658 1163 οὐσίαν
1675 1137 1744 1163 νοῶν
1767 1137 1840 1163 ἐκεί-

1046 1193 1103 1216 νου,
1119 1182 1149 1211 οὐ
1164 1184 1212 1210 καὶ
1226 1185 1327 1210 νοεῖται
1347 1183 1414 1215 υίδς,
1434 1183 1451 1219 ἦ
1476 1182 1574 1209 ταυτὸν
1597 1182 1671 1217 λέγοι
1695 1183 1734 1218 τῷ
1753 1183 1842 1218 Πατρὶ

1046 1230 1092 1256 τὸν
1112 1229 1217 1265 Υἱὺν,ἣ
1245 1230 1327 1265 μέρος
1346 1229 1393 1256 τοῦ
1417 1229 1533 1265 Πατρὺς,
1551 1229 1568 1264 ἢ
1593 1229 1665 1255 κατά
1688 1229 1841 1265 ἀπόρροιαν

1047 1276 1094 1303 καὶ
1119 1276 1188 1302 κατά
1206 1276 1302 1308 πάθος,
1319 1275 1358 1307 ὡς
1379 1276 1554 1310 σωματικοῦς
1577 1275 1661 1307 υἱοὺς,
1677 1274 1722 1300 τὸν
1739 1275 1772 1301 ὲκ
1792 1274 1842 1301 ’τιῦ

1047 1323 1194 1358 ἀσωμάτου
1214 1322 1320 1357 Πατρὸς
1340 1321 1486 1357 ἀσώματον
1510 1322 1573 1348 Υἱὺν
1593 1321 1758 1353 ὑποστάντα,
1774 1321 1842 1348 ἀνά-

1047 1368 1118 1404 θεμα
1135 1368 1215 1395 ἔστω.
1233 1369 1288 1395 Καὶ
1308 1368 1391 1400 εἴτις
1407 1368 1451 1395 διὰ
1476 1368 1507 1395 τὸ
1529 1368 1575 1394 τὸν
1599 1368 1708 1404 Πατέρα
1734 1367 1842 1403 μήποτε

1047 1415 1113 1442 Υίὸν
1137 1414 1266 1446 νοεῖσθαι,
1289 1414 1337 1440 καὶ
1367 1414 1412 1441 τὸν
1442 1415 1503 1441 Υξὸν
1522 1415 1626 1450 μήποτε
1646 1410 1756 1450 Πατέρα
1772 1417 1842 1441 νοεῖ-

1049 1460 1122 1492 σθαι,
1137 1460 1231 1496 ἕτερον
1247 1460 1335 1494 λέγων
1350 1459 1395 1486 τὸν
1417 1460 1480 1487 Υίὺν
1498 1460 1574 1496 παρά
1591 1460 1636 1486 τὸν
1650 1460 1770 1496 Πατέρα,
1795 1460 1843 1487 διὰ

1046 1506 1078 1534 τὸ
1092 1507 1137 1534 τδν
1163 1506 1274 1542 Πατέρα
1294 1505 1389 1542 ἓτερον
1415 1503 1496 1538 εἶναι,
1519 1506 1567 1532 καὶ
1588 1505 1633 1533 τὸν
1650 1506 1724 1537 Υὶὸν,
1749 1505 1844 1537 καθὼς

1047 1554 1171 1590 εἴρηται·
1199 1553 1307 1585 Ἄλλος
1332 1552 1420 1579 ἐστιν
1436 1553 1453 1579 ό
1475 1551 1632 1588 μαρτυρῶν
1656 1552 1725 1585 ,περὶ
1748 1551 1842 1586 ἐμοῦ·

1048 1601 1107 1632 καὶ,
1118 1599 1270 1634 Μαρτυρεῖ
1283 1599 1349 1635 γὰρ,
1377 1600 1470 1635 φησὶν,
1487 1601 1504 1626 ὀ
1527 1599 1648 1634 πέμψας
1664 1607 1703 1633 με
1720 1598 1840 1632 Πατήρ·

1047 1644 1092 1672 διὰ
1105 1645 1208 1679 ταύτην
1229 1644 1278 1680 τὴν
1292 1644 1392 1679 εὐσεϐῆ
1412 1645 1441 1672 ὲν
1463 1646 1496 1680 τῇ
1519 1644 1668 1681 Ἐκκλησία
1690 1644 1844 1680 νοουμένην

1050 1691 1170 1726 ἰδιότητα
1183 1690 1238 1717 τῶν
1254 1689 1418 1726 προσώπων,
1440 1690 1546 1726 Πατρὺς
1569 1691 1618 1725 μὲν
1637 1690 1684 1717 καὶ
1707 1689 1783 1722 Υίοῦ,
1799 1691 1844 1716 δε-

1047 1736 1122 1768 διὼς,
1149 1736 1255 1772 μήποτε
1286 1736 1384 1764 ταυτὸν
1409 1736 1491 1772 νοηοῇ
1510 1737 1573 1768 Υιὸς
1591 1737 1689 1772 Πατρὶ,
1713 1737 1843 1772 ἀνόμοιον

1047 1782 1122 1817 λέγοι
1139 1784 1198 1809 κατ’
1211 1782 1305 1809 οὐσίαν
1318 1782 1363 1809 τὸν
1376 1782 1440 1809 Υἱὸν
1454 1782 1493 1817 τῷ
1509 1783 1605 1818 Πατρὶ,
1620 1782 1745 1817 ἀνάθεμα
1759 1782 1841 1809 ἔστω,

1048 1829 1104 1856 Καὶ
1127 1829 1152 1855 εἴ
1167 1837 1208 1860 τις
1231 1829 1259 1855 ὲν
1279 1829 1367 1864 χρόνῳ
1382 1829 1427 1855 τὸν
1451 1829 1561 1864 Πατέρα
1584 1829 1693 1865 πατέρα
1716 1831 1772 1857 νοοῖ
1792 1830 1842 1856 τοῦ

1049 1874 1211 1909 μονογενοῦς
1226 1874 1304 1907 Υἰοῦ,
1328 1874 1376 1901 καὶ
1395 1874 1432 1910 μὴ
1451 1875 1520 1910 ὑπὲρ
1536 1875 1658 1910 χρόνους,
1674 1875 1721 1901 καὶ
1746 1875 1817 1902 κατά
1831 1877 1842 1891 ⁶

1048 1920 1138 1953 πάσας
1163 1920 1339 1956 ἀνθρωπίνας
1363 1921 1468 1953 ἐννοίας
1495 1921 1618 1947 πιστεύει
1640 1921 1685 1947 τὸν
1708 1922 1841 1956 μονογενῆ

1049 1966 1113 1993 Υἱὸν
1139 1967 1173 1993 ἐκ
1196 1966 1244 1993 τοῦ
1260 1966 1367 2002 Πατρδς
1392 1966 1504 1998 ἀπαθῶς
1519 1967 1678 2001 ὑφεστάναι,
1695 1967 1732 1998 ὠς
1750 1976 1841 2002 παρα-

1049 2012 1151 2039 ϐαίνων
1166 2012 1198 2039 τὺ
1221 2012 1400 2039 ἀποστολικδν
1424 2013 1564 2048 κήρυγμα,
1579 2012 1692 2048 χρόνους
1709 2012 1760 2048 μὲν
1777 2013 1842 2048 περὶ

1048 2059 1154 2094 Πατρὸς
1179 2059 1227 2085 καὶ
1253 2058 1317 2085 Υἱοῦ
1343 2059 1553 2095 παρωσάμενον,
1580 2058 1685 2089 πιστῶς
1709 2058 1739 2085 δὲ
1768 2059 1840 2094 ἡμᾶς

1049 2104 1196 2131 παιδεῦσαν
1210 2105 1254 2131 τό-
1277 2105 1329 2132 Ἐν
1347 2104 1426 2139 ἀρχῇ
1441 2102 1481 2140 ἦν
1493 2106 1509 2131 ὁ
1522 2105 1628 2139 Λόγος,
1644 2104 1693 2131 καὶ
1709 2105 1726 2131 ό
1746 2105 1842 2139 Λόγος
1890 2106 1894 2109 “

1048 2150 1089 2186 ἦν
1105 2149 1180 2184 πρὸς
1194 2150 1247 2177 τὸν
1262 2150 1346 2182 Θεὸν,
1359 2151 1407 2176 καὶ
1421 2149 1492 2183 Θεὸς
1503 2147 1541 2185 ἦν
1555 2152 1572 2177 ὁ
1588 2151 1698 2185 Λόγος,
1715 2150 1842 2185 ἀνάθεμα

1048 2196 1129 2223 ἔστω.
1156 2196 1210 2222 Καὶ
1230 2196 1257 2222 ετ
1278 2205 1319 2228 τις
1339 2196 1384 2223 τὸν
1409 2197 1519 2232 Πατέρα
1543 2196 1729 2232 πρεσϐύτερον
1754 2197 1842 2232 χρόνῳ

1048 2243 1123 2277 λέγοι
1143 2243 1191 2269 τοῦ
1208 2242 1238 2275 ἐξ
1261 2242 1359 2269 ἑαυτοῦ
1375 2242 1536 2278 μονογενοῦς
1559 2242 1623 2270 Υἰοῦ
1634 2251 1641 2258 ·
1668 2242 1801 2279 νεώτερον
1812 2242 1842 2269 δὲ

1048 2290 1137 2325 χρόνῳ
1151 2289 1197 2316 τὸν
1213 2289 1278 2316 Υῑὺν
1293 2289 1340 2316 τοῦ
1358 2289 1474 2326 Πατρὶς,
1491 2289 1616 2324 ἀνάθεμα
1633 2288 1714 2318 ἔστω.
1741 2290 1796 2316 Καὶ
1817 2291 1842 2316 ει

1048 2344 1091 2367 τις
1106 2335 1137 2362 τὺ
1152 2335 1266 2370 ἄχρονον
1281 2335 1332 2369 τῆς
1351 2335 1398 2362 τοῦ
1419 2335 1580 2370 μονογενοῦς
1596 2335 1716 2370 Χριστοῦ
1733 2336 1766 2362 ἐκ
1787 2336 1841 2362 Πα-

1048 2380 1112 2416 τρὺς
1145 2381 1320 2412 ὑποστάσεως
1351 2381 1397 2407 ὲπὶ
1425 2380 1475 2415 τὴν
1508 2380 1656 2415 ἀγέννητον
1685 2379 1733 2406 τοῦ
1774 2379 1841 2406 Θεοῦ

1048 2426 1143 2453 οὐσίαν
1173 2426 1324 2462 ἀναφέροι,
1340 2426 1378 2458 ὡς
1406 2426 1556 2462 υίοπάτορα
1583 2425 1689 2460 λέγων,
1717 2425 1841 2460 ἀνάθεμα

1049 2470 1129 2498 ἔστω.
1146 2471 1203 2498 Καὶ
1220 2470 1248 2497 εί
1259 2479 1301 2503 τις
1317 2470 1425 2506 ἐξουσία
1441 2471 1508 2506 μόνῃ
1523 2471 1570 2497 τὸν
1583 2469 1694 2505 Πατέρα
1707 2469 1783 2503 λέγοι
1795 2470 1840 2495 τοῦ

1051 2517 1212 2553 μονογενοῦς
1235 2517 1313 2550 Υῐοῦ,
1334 2517 1382 2543 καὶ
1408 2517 1446 2552 μὴ
1466 2516 1575 2551 ἐξουσίᾳ.
1603 2515 1672 2551 ὁμοῦ
1700 2516 1747 2542 καὶ
1763 2516 1842 2551 οὐσίᾳ

1049 2563 1156 2599 Πατρὺς
1182 2562 1344 2599 μονογενοῦς
1370 2563 1446 2596 Υἱοῦ,
1471 2563 1508 2594 ὡς
1535 2562 1620 2598 μόνην
1643 2561 1692 2597 τὴν
1718 2561 1841 2594 ἐξουσίαν

1048 2609 1205 2644 λαμϐάνων,
1219 2609 1267 2636 καὶ
1279 2608 1438 2635 unwarraqu
1448 2608 1529 2634 αὐτὸν
1544 2609 1612 2644 πρὸς
1623 2607 1655 2634 τὰ
1669 2607 1751 2634 λοιπὰ
1765 2608 1841 2642 ποιή-

1051 2664 1133 2690 ματα,
1151 2655 1198 2682 καὶ
1214 2656 1243 2682 οὑ
1259 2655 1346 2689 λέγων
1357 2654 1464 2691 ἀληθῶς
1478 2655 1510 2680 ὲκ
1522 2653 1629 2689 Πατρός
1643 2655 1756 2689 γνήσιον
1767 2654 1840 2683 Υίδιν,

1049 2700 1173 2736 ἀνάθεμα
1199 2700 1279 2727 ἔστω.
1306 2701 1360 2728 Καὶ
1385 2701 1463 2732 εἴτις
1486 2699 1595 2735 ἐξουσίᾳ
1611 2698 1659 2726 καὶ
1683 2699 1762 2734 οὐσίᾳ
1786 2699 1841 2733 (ίθ)

241 2776 343 2804 'Joan.
363 2786 388 2810 ν,
406 2778 448 2804 19.
484 2778 495 2792 ¹
508 2777 594 2804 l'l‘im.
613 2785 651 2811 vI,
672 2777 714 2804 10.
750 2777 761 2792 ³
776 2776 855 2804 Joan.
872 2785 897 2808 v,
916 2777 960 2804 52.

1047 2785 1107 2804 oan.
1131 2785 1190 2810 vni,
1202 2777 1249 2804 28.
1287 2778 1297 2794 ⁸
1313 2776 1392 2805 Joan.
1410 2786 1428 2810 ι,
1444 2777 1468 2804 1.
1506 2778 1516 2793 ⁶
1530 2777 1560 2805 F.
1577 2777 1661 2812 παρά.

242 2855 298 2891 (49)
319 2856 372 2882 Καὶ
391 2856 419 2882 ει
440 2864 485 2888 τις
499 2855 695 2891 ἑξουσίῃηκιιὶ
715 2856 815 2888 οὐσίῃ.
837 2855 996 2883 Postremus

207 2890 252 2919 hic
276 2891 517 2919 anatln-matismus
534 2892 605 2927 apud
624 2890 755 2918 Hilarium
774 2899 828 2918 non
843 2895 993 2926 comparet.

1050 2856 1096 2890 qui
1117 2857 1176 2883 sine
1188 2856 1271 2883 dubio
1284 2857 1428 2892 luereticus
1441 2861 1493 2888 est,
1508 2861 1645 2892 quatenus
1659 2857 1840 2883 consubstan-

1050 2891 1141 2919 tialem
1155 2900 1216 2920 esse
1229 2892 1302 2919 Patri
1317 2891 1416 2919 Filium
1432 2891 1533 2927 negat—3
1550 2892 1602 2920 hoc
1615 2898 1656 2921 est
1669 2900 1760 2928 neque
1775 2892 1839 2927 ὁμοο
