1931 3041
230 168 283 197 127

934 166 965 196 S.
993 165 1164 194 ΕΡΙΡΠΛΝΙΙ

1804 167 1858 195 1528

232 223 331 257 Veteri,
346 224 387 252 vel
409 224 484 252 Novo
495 223 670 252 Testamento
683 227 776 260 aperte
793 224 938 259 reperitur,
962 223 1010 251 sed

1070 222 1135 258 λαιᾷ
1155 221 1202 248 καὶ
1217 220 1304 256 Καινῇ
1320 221 1352 248 οὑ
1371 222 1458 248 κεῖται
1471 221 1669 258 Γραφῆ,ὁνοῦς
1676 222 1705 249 δὲ
1717 222 1858 258 πανταχοῦ

229 270 302 305 quod
324 279 357 299 eo
381 270 560 306 signiﬁcatur,
587 271 689 306 passim
716 277 876 306 expressum
899 270 1014 305 legitur:

229 317 257 344 in
269 316 365 352 primis
378 317 406 344 in
422 324 454 344 co
469 316 538 349 loco,
556 315 582 343 in
595 323 649 351 quo
667 315 739 344 Deus
755 316 873 352 Moysem
891 316 1015 349 mittens,

229 363 270 390 sic
283 362 307 390 ei
332 363 440 390 locutus
454 367 495 389 est
511 371 517 389 :
540 361 585 389 Sic
604 362 673 388 dices
688 362 754 396 ﬁliis
763 361 983 395 lxrael:Quiest
996 362 1015 394 ‘,

229 411 284 434 etc.
300 407 377 440 Quod
401 407 435 434 de
449 406 530 434 Patre
555 407 706 441 pnesertim
721 406 831 439 dicitur,
860 407 906 442 qui
923 406 1018 434 ordine

228 452 333 486 primus
363 452 534 486 intelligitur,
551 460 567 477 ιι
584 460 635 486 quo
649 452 734 479 omnis
749 452 896 485 paternitas
914 452 941 478 in
953 451 1017 479 caelo

227 502 252 523 el
263 497 289 523 in
303 501 374 523 terra
399 497 552 523 nominatur
570 497 590 523 '.
610 495 662 529 Qui
677 504 766 532 neque
781 496 815 524 ab
843 497 900 524 ullo
923 500 975 529 est,
992 501 1019 524 et

228 541 262 568 iis
275 548 336 576 quae
351 544 424 573 sunt,
442 548 525 568 causa
542 544 584 568 est
601 545 631 567 ut
645 541 711 568 sint.
736 540 838 569 Verum
858 548 920 569 cum
933 545 960 569 et
972 540 1018 568 Fi-

226 587 281 614 lius
297 587 332 614 sit
345 586 491 620 cxsistens,
506 590 533 613 et
548 586 615 613 illud
630 586 681 614 sibi
694 587 928 614 communicatum
940 594 1018 614 acce-

228 632 308 667 perit,
335 631 436 659 Paulus
462 631 660 660 Samosatenus
684 636 712 660 et
739 632 888 660 Marcellus
914 632 949 660 ab
973 632 1018 658 illa

226 676 341 706 Joannis
363 678 509 709 sententia,
527 685 580 712 qua
594 678 727 713 scriptum
742 681 784 706 est
799 687 806 705 :
828 677 863 705 In
887 678 1018 713 principio

226 727 284 750 erat
314 722 426 749 Verbum
443 722 470 755 ⁸,
494 726 562 756 etc.,
585 723 689 750 erroris
705 723 879 751 occasionem
895 723 1018 758 arripue-

227 772 302 800 runt,
315 772 345 795 ut
359 767 407 795 Dei
419 765 519 794 Filium
536 774 600 795 vere
614 775 676 796 esse
701 766 801 795 Filium
819 768 924 796 nollent
935 775 1019 803 agno-

228 819 316 840 scere.
335 810 388 840 Sed
403 819 437 839 ex
460 812 520 847 ipsa
540 810 619 839 Verbi
639 812 823 847 appellatione
849 819 955 845 ansam,
975 812 1016 840 uti

227 858 356 890 diximus,
368 857 542 892 arripientes,
567 856 667 884 Filium
683 856 730 885 Dei
755 857 928 891 vocabulum,
943 857 1017 893 quod

227 903 262 930 ab
275 911 323 930 ore
338 902 471 938 procedit,
492 909 525 930 ac
536 909 630 930 vocem
647 903 786 931 nominari
803 904 956 931 voluerunt.
975 903 1017 931 0b
1033 893 1054 921 Β

227 947 255 976 id
270 947 366 976 Patres
380 947 428 981 illi,
438 948 485 983 qui
496 947 611 975 Paulum
624 946 832 975 Samosatenum
840 948 1015 982 damnarunt,

226 994 263 1021 ob
279 994 359 1022 talem
374 993 677 1029 interrogatiunculam,
694 997 723 1020 ut
737 993 836 1021 Filium
862 994 1016 1034 subsisten-

227 1043 293 1072 tem,
307 1043 334 1068 et
344 1040 534 1073 exsistentem,
550 1044 577 1067 et
600 1047 662 1067 eum
678 1039 725 1074 qui
740 1044 793 1072 est,
820 1047 880 1069 esse
903 1041 1016 1069 demon-

226 1091 356 1119 strarent,
379 1094 434 1114 non
469 1089 560 1113 autent
580 1085 744 1113 vocabulum
764 1086 894 1121 aliquod,
918 1086 1016 1114 Filium

226 1133 410 1161 substantiam
425 1135 455 1159 nt
472 1135 602 1159 vocarent
617 1131 728 1158 adducti
758 1135 823 1159 sunt
844 1139 851 1157 :
874 1139 927 1168 qua
951 1132 1017 1160 sub-

227 1178 335 1206 stantiae
354 1177 537 1213 appellatione
562 1177 601 1204 id.
617 1177 691 1212 quod
708 1185 757 1212 per
773 1177 892 1212 seipsum
907 1178 1017 1205 exsistit

226 1222 261 1250 ab
273 1230 306 1250 eo
326 1222 399 1257 quod
417 1229 465 1257 per
490 1229 520 1250 se
544 1229 598 1249 non
625 1222 734 1250 exsistit
750 1222 842 1257 aliquo
857 1222 1016 1251 discrimine

227 1273 395 1304 separarent.
409 1267 514 1295 Etenim
534 1268 696 1296 vocabulum
712 1275 761 1302 per
780 1275 840 1296 sese
856 1276 909 1295 non
925 1268 1016 1296 subsi-

227 1315 286 1346 stit,
311 1321 362 1341 nec
386 1321 447 1341 esse
475 1312 524 1340 Dei
550 1312 636 1341 Filius
665 1317 764 1348 potest.
794 1312 903 1348 Alioqui
921 1313 1015 1348 plures

227 1361 308 1385 erunt
322 1358 373 1385 hoc
388 1357 468 1384 modo
484 1357 531 1384 lilii
551 1357 607 1384 Dei.
619 1356 686 1384 Nam
705 1356 786 1385 Pater
796 1358 880 1385 multa
895 1358 1016 1385 omnium

228 1402 402 1431 confessione
425 1401 494 1429 Filio
514 1402 623 1430 locutus
646 1406 698 1434 est,
715 1407 746 1430 ut
760 1410 822 1430 cum
836 1402 906 1429 dixit
923 1412 930 1430 :
951 1402 1017 1429 Fiat

228 1447 442 1482 ﬁrmamentum;
460 1446 541 1474 Fiant
565 1447 726 1479 luminaria;
743 1447 879 1474 Producat
906 1451 975 1474 terra
989 1448 1013 1480 ⁸,

227 1497 281 1521 etc.
309 1493 373 1520 ltem
392 1500 399 1518 :
428 1492 573 1520 Faciamus
595 1493 726 1520 [remittent
748 1493 770 1520 ⁵.
800 1491 893 1527 Itaque
916 1491 1015 1519 Filium

227 1538 308 1566 Pater
325 1538 483 1573 alloquitur.
497 1537 583 1566 Porro
604 1538 643 1566 illi
667 1537 719 1573 ipsi
745 1545 898 1570 sermones,
916 1538 1015 1572 quibus

228 1584 263 1612 ad
287 1583 386 1611 Filium
409 1583 488 1611 Pater
504 1585 599 1617 utitur,
617 1583 665 1611 ﬁlii
693 1591 746 1611 non
772 1587 847 1611 sunt.
875 1583 911 1611 At
923 1583 1016 1617 Filius,

228 1635 311 1663 quem
325 1627 406 1655 Pater
422 1627 580 1663 alloquitur,
594 1628 665 1655 inter
675 1631 788 1654 caeteras
807 1625 1017 1661 appellationes,

229 1674 320 1709 panis,
341 1674 408 1707 vita,
425 1674 591 1702 resurrectio
615 1680 648 1700 ac
660 1672 779 1707 denique
790 1671 910 1699 Verbum
937 1672 1020 1699 etiam

228 1719 343 1752 dicitur,
357 1727 389 1747 eo
400 1719 472 1755 quod
488 1719 534 1748 Dei
552 1719 588 1747 sit
610 1718 760 1746 voluntatis
781 1718 926 1753 interpres.
937 1718 1020 1754 βω

229 1764 364 1798 Quocirca
377 1771 412 1792 ne
423 1763 542 1792 haeretici
561 1763 719 1791 rudioribus
731 1763 904 1798 imponentes
920 1762 1020 1790 Filium

229 1809 301 1837 idem
318 1816 379 1837 esse
393 1816 455 1836 cum
477 1809 518 1836 bis
531 1808 631 1840 verbis,
648 1815 708 1842 quas
731 1807 813 1836 Pater
835 1808 943 1835 locutus
957 1811 1020 1842 est,

229 1858 385 1887 censerent,
398 1853 431 1881 ad
441 1853 488 1880 Dei
506 1853 565 1879 Filii
580 1852 773 1881 declarandum
797 1853 832 1880 ab
850 1852 926 1880 hisce
940 1859 1023 1880 voca-

229 1900 313 1932 bulis,
328 1906 389 1934 qua
400 1899 507 1926 loeutus
517 1902 561 1926 est
572 1898 662 1930 Pater.
671 1899 831 1930 discrimen,
843 1898 942 1926 Filium
955 1897 1022 1926 sub-

231 1945 361 1973 stantiam
378 1944 508 1980 appellari
524 1947 651 1979 oportere
662 1943 861 1977 decreverunt;
887 1946 969 1978 atque
983 1942 1021 1969 ita

231 1991 381 2018 discrimen
395 1989 462 2017 illud
478 1990 695 2021 constituerunt,
711 1994 742 2016 ut
764 1992 791 2016 et
816 1987 887 2015 Deus
899 1986 935 2015 sit
949 1988 1022 2015 exsi-

232 2040 320 2068 stens,
334 2039 362 2063 et
376 2035 460 2063 verba
486 2035 532 2062 illa
546 2042 607 2071 quae
623 2033 812 2070 pronuntiavit
837 2033 920 2065 Deus,
935 2032 1021 2061 exsti—

232 2082 302 2110 tisse
321 2081 459 2114 dicantur,
476 2080 523 2109 sed
548 2087 720 2116 nequaquam
737 2078 908 2110 substantia,
925 2085 1021 2105 verum

231 2125 428 2163 pronuntiandi
438 2125 561 2152 actiones
571 2132 632 2152 esse
640 2128 817 2152 censeantur:
829 2126 857 2150 at
868 2122 952 2150 Filius
959 2129 1021 2150 cum

232 2171 353 2200 Verbum
367 2171 415 2204 sit,
431 2179 486 2199 non
506 2171 577 2198 actio
592 2169 717 2205 quaedam
743 2169 882 2204 loquendi,
907 2168 964 2201 sed,
978 2173 1022 2195 ut-

1067 266 1178 301 φέρεται
1189 274 1195 280 ·
1212 266 1260 293 καὶ
1271 266 1380 302 πρῶτον
1390 267 1435 301 ἀφ’
1450 264 1487 294 ὧν
1499 268 1513 294 ὁ
1528 267 1594 299 Θεὸς
1607 268 1724 303 πέμπων
1736 269 1859 295 Μωῦσὲα

1066 313 1177 349 εἴρηκεν
1186 321 1193 328 ·
1206 313 1305 346 Οὕτως
1317 313 1394 348 ἐρεῖς
1403 315 1465 347 τοῖς
1472 313 1548 347 υἱοῖς
1561 314 1684 348 Ἰσραήλ
1694 323 1700 330 ·
1718 315 1749 341 '0
1758 315 1811 348 ὢν,
1821 315 1860 347 ὡς

1066 359 1112 385 ἐπὶ
1118 358 1164 385 τοῦ
1173 357 1288 394 πρώτως
1295 359 1438 394 νοουμένου
1446 359 1563 394 Πατρδς,
1571 359 1606 391 ἐξ
1614 357 1649 388 οὗ
1658 359 1742 387 πᾶσα
1749 361 1859 394 πατριὰ

1067 405 1103 431 ὲν
1121 405 1239 439 οὐρανῷ
1263 405 1313 432 καὶ
1340 404 1391 431 ἐπὶ
1406 404 1464 439 τῆς
1485 404 1666 439 ὀνομάζεται.
1691 406 1706 432 ὁ
1731 406 1800 441 μήτε
1826 406 1859 432 ἐκ

1067 458 1138 482 τινος
1154 450 1204 483 ὢν,
1220 450 1268 477 καὶ
1282 451 1338 481 τοῖς
1365 448 1441 477 οὖσιν
1461 450 1548 481 αἴτιος
1562 449 1612 478 ὢν.
1636 451 1744 486 Ἐπειδὴ
1758 451 1787 477 δὲ
1811 452 1859 478 καὶ

1068 495 1132 528 Υἱός
1155 497 1230 523 ἐστιν
1243 497 1257 523 ὁ
1278 496 1326 529 ὢν,
1352 495 1432 522 ἔλαϐε
1447 496 1476 523 δὲ
1498 496 1554 523 ἀπὸ
1572 495 1620 523 τοῦ
1635 496 1706 523 κατὰ
1731 496 1859 532 Ἰωάννην

1067 542 1233 576 Εὑαγγελιου
1248 542 1361 576 λέγοντα
1373 562 1381 574 ,
1407 542 1456 569 Ἐν
1469 541 1549 577 ἀρχῇ
1617 544 1635 569 ό
1648 542 1753 579 Λόγος,
1775 543 1859 579 ἀφορ-

1069 586 1122 621 μὴν
1138 586 1238 622 εὕρατο
1251 586 1357 618 Παῦλος
1379 587 1394 612 ὁ
1415 587 1589 621 Σαμοσατεὺς
1611 587 1658 613 καὶ
1683 587 1857 622 Μάρκελλος,

1067 631 1159 658 οὐκέτι
1173 631 1295 663 θέλοντες
1319 631 1409 666 λέγειν
1424 631 1470 658 τὸν
1484 631 1548 658 Υἰὺν
1562 631 1608 658 τοῦ
1620 631 1688 658 Θεοῦ
1708 632 1775 659 Υἱὸν
1790 633 1859 668 ἁλη-

1069 676 1133 708 θῶς.
1149 676 1217 703 ἀλλὰ
1229 677 1284 703 ἀπὸ
1298 677 1345 703 τοῦ
1362 678 1458 712 Λόγος
1470 677 1602 712 ὀνόματος
1617 678 1744 714 ἀφορμὴν
1762 678 1859 706 λαὸόν-

1067 728 1124 753 τες,
1140 721 1223 756 φημὶ,
1236 722 1269 748 ἐκ
1285 721 1417 757 στόματος
1433 722 1507 757 ῥῆμα
1521 723 1568 749 καὶ
1581 722 1690 758 φθέγμα
1703 723 1859 760 ἠϐουλήθη-

1069 775 1119 794 σαν
1144 768 1231 794 εἰπεῖν
1257 767 1303 794 τὸν
1328 767 1392 794 Υἰὸν
1416 767 1463 794 τοῦ
1490 767 1568 800 Θεοῦ,
1593 768 1808 804 ἠναγκάσθησαν
1832 770 1859 795 οἰ

1068 812 1199 848 Πατέρες,
1216 813 1241 839 οἱ
1260 812 1401 848 κρίναντες
1422 812 1530 839 Παῦλον
1545 812 1590 839 τὸν
1614 813 1787 848 Σαμοσατέα,
1811 813 1859 840 ἐπὶ

1067 856 1107 891 τῷ
1129 857 1241 892 τοιούτῳ
1270 856 1426 892 ἑρωτισμῷ,
1454 857 1497 884 ἵνα
1522 857 1654 890 δείξωσιν,
1681 859 1722 885 ὅτι
1747 859 1763 885 ὀ
1792 858 1859 890 Υἱὸς

1068 902 1216 929 ὑπόστασιν
1242 901 1308 937 ἔχει,
1334 903 1382 929 καὶ
1404 902 1534 938 ὑπάρχων
1555 903 1625 935 ἐστὶ,
1652 903 1700 930 καὶ
1712 903 1750 930 ὢν
1770 904 1856 937 ἐστιν,

1066 947 1126 981 οὐχὶ
1142 947 1171 973 δὲ
1185 947 1262 982 ῥῆμά
1281 947 1365 980 ἐστιν,
1381 948 1475 974 οὐσίαν
1491 948 1579 974 εἰπεῖν
1596 949 1642 974 καὶ
1655 948 1702 975 τὸν
1715 949 1791 988 ξιον,
1807 949 1858 984 τὴν

1066 991 1198 1027 διαφορὰν
1213 991 1262 1018 τοῦ
1280 1001 1310 1018 τε
1337 992 1397 1020 καθ’
1414 992 1510 1020 ἑαυτὸν
1534 993 1709 1029 ἀνυπάρκτου
1733 994 1782 1021 καὶ
1807 994 1856 1021 τοῦ

1054 1035 1234 1074 ὑπάρχοντος
1251 1036 1290 1071 τῷ
1314 1037 1363 1072 τῆς
1389 1037 1483 1070 οὐσίας
1507 1039 1619 1074 ὀνόματι
1644 1039 1856 1072 ἐπιδεικνύντες.

1067 1079 1104 1106 Τὸ
1121 1081 1170 1115 μὲν
1191 1080 1246 1117 γὰρ
1259 1082 1334 1117 ῥῆμα
1352 1082 1412 1109 καθ’
1428 1083 1509 1110 ἑαυτὸ
1529 1084 1702 1121 ἀνύπαρκτόν
1716 1086 1793 1112 ἑστι·
1808 1086 1858 1113 καὶ

1067 1126 1097 1152 οὺ
1112 1126 1223 1153 δύναται
1245 1125 1316 1154 εἶναι
1331 1127 1395 1160 Υἱὸς
1417 1128 1495 1163 Θεοῦ,
1522 1130 1584 1157 ἐπεὶ
1605 1130 1697 1157 πολλοί
1714 1139 1752 1165 -γε
1768 1131 1858 1163 οὕτως

1067 1171 1173 1200 ἔσονται
1194 1173 1248 1200 υἱοὶ
1266 1173 1344 1200 Θεοῦ.
1363 1174 1451 1201 Πολλὰ
1467 1174 1522 1211 γὰρ
1535 1177 1550 1202 ὁ
1568 1176 1663 1212 Πατὴρ
1684 1176 1855 1211 ὁμολογεῖται

1067 1216 1154 1245 λαλῶν
1178 1218 1218 1254 τῷ
1241 1219 1309 1254 Υῑῷ,
1324 1219 1389 1247 ὅταν
1409 1219 1492 1256 λέγῃ·
1509 1221 1667 1255 Γενηθήτω
1692 1223 1856 1257 στερέωμα,

1068 1264 1290 1299 Γενηθήτωσαν
1298 1265 1455 1302 φωστῆρες
1464 1274 1472 1283 ’
1486 1266 1670 1303 Ἐξάγατέτω
1680 1265 1699 1299 ἦ
1721 1265 1761 1301 τῆ
1771 1274 1778 1282 ’
1796 1268 1858 1294 καῖ-⁸

1066 1307 1241 1343 Ποιήσωμεν
1268 1308 1435 1344 ἄνθρωπον.
1465 1310 1547 1337 Ὠστε
1572 1312 1587 1338 ό
1612 1311 1708 1346 Πατὴρ
1734 1311 1775 1348 τῷ
1798 1313 1857 1348 ria.

1066 1351 1151 1379 λαλεῖ.
1171 1354 1226 1380 Καὶ
1237 1354 1262 1380 οἱ
1278 1354 1327 1389 μὲν
1341 1354 1414 1389 λόγοι
1431 1355 1478 1382 τοῦ
1493 1355 1562 1382 Θεοῦ
1575 1355 1621 1388 οὓς
1633 1355 1710 1383 λαλεῖ
1726 1356 1767 1392 τῷ
1785 1357 1856 1392 Υἱῷ,

1066 1397 1116 1424 οὐκ
1130 1398 1198 1425 εἰσὶν
1218 1399 1287 1426 υἱοί·
1304 1399 1318 1426 ὁ
1334 1399 1363 1426 δὲ
1386 1400 1457 1434 Υἱὸς,
1473 1401 1541 1437 πρὸς
1561 1401 1591 1428 ὃν
1613 1401 1690 1428 λαλεῖ
1710 1403 1725 1430 ὀ
1747 1403 1856 1439 Πατὴρ,

1068 1443 1138 1478 μετὰ
1157 1443 1213 1470 τῶν
1222 1441 1317 1472 ’ἄλλων
1329 1445 1448 1477 εὐσεϐῶς
1466 1446 1586 1473 καλεῖται
1605 1447 1697 1483 ἄρτος,
1722 1448 1769 1475 καὶ
1785 1448 1857 1484 ζωὴ.

1067 1487 1112 1514 καὶ
1127 1488 1285 1522 ἀνάστασις,
1313 1489 1354 1516 ἐτι
1386 1491 1432 1517 καὶ
1449 1491 1535 1525 Λόγος
1562 1491 1744 1530 ὀνομάζεται-γ
1760 1492 1858 1528 ἐπειδὴ

1031 1552 1054 1583 c
1069 1533 1204 1583 ἑρμηνεύς
1226 1535 1284 1561 ὲστι
1297 1535 1351 1562 τῶν
1362 1535 1410 1562 τοῦ
1429 1536 1497 1563 Θεοῦ
1519 1536 1704 1572 βουλημάτων.
1729 1538 1789 1564 Ἰνσ.
1816 1539 1857 1573 μὴ

1068 1578 1127 1611 οὖν,
1148 1579 1307 1613 ἀπατῶντες
1317 1582 1379 1613 τοὺς
1394 1581 1603 1619 ἁπλουστέρους,
1623 1583 1668 1611 τὸν
1681 1583 1745 1610 Υἱδν
1757 1584 1858 1611 ταυτὸν

1068 1623 1184 1659 λέγωσιν
1214 1627 1239 1652 ot
1265 1627 1397 1662 αιρετικοὶ
1426 1629 1482 1659 τοῖς
1506 1628 1595 1663 λόγοις
1624 1631 1680 1661 τοῖς
1705 1629 1781 1666 παρὰ
1808 1630 1859 1656 τοῦ

1069 1668 1137 1695 Θεοῦ
1153 1669 1336 1706 λαλουμένοις,
1354 1672 1384 1698 τὸ
1397 1672 1524 1708 διάφορον
1535 1674 1582 1700 τοῦ
1596 1674 1661 1701 Υἱοῦ
1673 1674 1720 1701 τοῦ
1737 1674 1806 1701 Θεοῦ
1819 1675 1859 1707 ὼς

1070 1714 1138 1750 πρὸς
1155 1714 1190 1741 τὰ
1203 1716 1314 1750 ῥήματα
1327 1715 1374 1742 τοῦ
1395 1716 1462 1743 Θεοῦ
1478 1718 1682 1750 ύποδεικνύντες
1697 1719 1722 1746 οἱ
1733 1719 1860 1755 Πατέρες

1070 1759 1116 1786 τὸν
1132 1760 1208 1794 Υἱὸν,
1236 1761 1318 1796 φημὶ,
1335 1761 1429 1789 οὐσίαν
1447 1762 1597 1790 ἐκάλεσαν·
1620 1763 1707 1796 οὕτως
1731 1763 1780 1800 τὴν
1795 1764 1858 1792 δια-

1071 1806 1157 1841 φορὰν
1175 1806 1371 1843 παριστῶντες,
1389 1808 1430 1835 ὅτι
1444 1808 1459 1833 ὁ
1475 1808 1541 1840 Θεὸς
1556 1808 1593 1836 ὢν
1606 1809 1690 1842 ἐστιν,
1709 1809 1757 1836 καὶ
1774 1810 1801 1836 οι
1814 1809 1860 1837 λό-

1071 1846 1198 1885 γοιίοῦς
1220 1852 1305 1884 λαλεῖ,
1327 1853 1421 1885 ὅντες·
1441 1853 1499 1881 ἀλλ’
1524 1854 1574 1881 οὐκ
1599 1855 1688 1882 οὐσίαι
1710 1854 1758 1882 τοῦ
1776 1855 1858 1888 Θεοῦ,

1071 1895 1196 1923 λεκτικαὶ
1218 1896 1247 1924 δὲ
1267 1897 1412 1933 ἐνέργειαι.
1435 1899 1465 1925 '0
1486 1899 1515 1926 δὲ
1541 1899 1605 1932 Υἱὸς
1627 1901 1713 1935 Λόγος
1727 1901 1778 1934 ὣν,
1795 1902 1859 1938 οὐχὶ

1072 1940 1197 1976 ἐνέργεια
1220 1941 1331 1979 λεκτική
1346 1944 1405 1970 ἐστι
1418 1944 1465 1972 τοῦ
1481 1945 1560 1978 Θεοῦ,
1575 1945 1632 1972 ἀλλ’
1647 1946 1712 1978 Υἱὸς
1728 1946 1766 1973 ὢν
1779 1948 1860 1975 οὐσία

1072 1987 1156 2014 ἐστιν.
1176 1987 1208 2014 Et
1221 1987 1276 2024 γὰρ
1291 1989 1306 2015 ὁ
1327 1989 1422 2025 Πατὴρ
1441 1988 1489 2023 ὢν,
1506 1991 1552 2018 καὶ
1565 1990 1629 2022 Υἱὸς
1642 1991 1696 2018 ὢν·
1716 1991 1754 2019 ὣν
1767 1991 1797 2019 δὲ
1811 1993 1859 2020 οὖ-

1072 2039 1126 2064 τως
1139 2032 1155 2058 ὁ
1175 2032 1248 2065 Υἱὸς,
1264 2033 1303 2065 ὡς
1315 2034 1348 2060 ἐκ
1371 2034 1417 2061 τοῦ
1432 2034 1500 2062 Θεοῦ
1515 2035 1584 2071 ἔχων
1599 2036 1718 2072 γνησίως
1733 2037 1764 2064 τὺ
1777 2035 1859 2071 εἶναι,

1062 2076 1160 2110 ιΔὰγος
1183 2077 1345 2113 νοηθήσεται
1369 2079 1384 2106 ὁ
1410 2079 1484 2112 Υἱὸς,
1507 2081 1557 2117 οὐχ
1572 2081 1611 2113 ὡς
1625 2083 1651 2109 οι
1669 2082 1752 2117 λόγοι,
1768 2084 1795 2110 οἱ
1816 2083 1861 2111 διὰ

1072 2121 1140 2149 Θεοῦ
1156 2122 1325 2159 λαλούμενοι.
1344 2125 1458 2153 Ἐκεῖνοι
1475 2127 1529 2162 γὰρ
1559 2127 1588 2154 τὸ
1610 2125 1679 2155 εἶναι
1700 2129 1729 2156 ὲν
1751 2129 1791 2165 τῷ
1814 2129 1861 2157 λα-

1071 2167 1163 2194 λοῦντι
1179 2168 1301 2203 ἔχουσιν
1316 2170 1331 2196 ὁ
1349 2170 1377 2197 δὲ
1390 2171 1420 2197 τὺ
1437 2168 1507 2198 εἶναι
1523 2172 1561 2208 τῷ
1576 2173 1609 2199 ἐκ
1623 2173 1671 2200 τοῦ
1689 2174 1796 2210 Πατρὶς
1816 2183 1861 2209 γε·

233 2222 296 2252 pole
312 2216 409 2248 Filius,
425 2215 577 2244 substantia
595 2215 643 2242 sit.
662 2213 729 2241 Nam
742 2215 765 2241 si
781 2213 861 2241 Pater
872 2221 933 2241 esse
946 2213 1017 2241 dica‘

1076 2212 1231 2247 γεννῆσθαι,
1249 2214 1296 2240 καὶ
1310 2215 1417 2243 ἀκούειν
1439 2216 1485 2243 τοῦ
1507 2217 1623 2253 Πατρὸς,
1645 2219 1691 2245 καὶ
1714 2219 1861 2256 ὑπουργεῖν

211 2278 214 2281 -
235 2267 290 2295 tur,
304 2267 331 2290 et
346 2270 408 2291 esse
421 2261 532 2297 perinde
561 2260 665 2294 Filius;
691 2268 752 2288 esse
774 2267 839 2288 vero
862 2265 989 2294 tanquam
1006 2267 1017 2286 ιι

1075 2257 1115 2293 τῷ
1136 2259 1225 2294 Πατρὶ
1244 2260 1310 2295 ἔχει.
1338 2261 1445 2298 Ταύτην
1465 2261 1512 2291 οὖν
1535 2264 1585 2300 τὴν
1601 2265 1749 2292 ὑπόστασιν
1768 2266 1861 2294 οὐσίαν

235 2308 291 2336 Deo
311 2308 420 2343 proprie
437 2314 469 2334 ac
483 2313 611 2341 germane
626 2309 656 2333 ut
679 2306 714 2333 sit
737 2306 885 2341 accipiens,
902 2304 1017 2332 Verbqu

1077 2302 1208 2330 ἐκάλεσαν
1225 2304 1249 2330 ot
1267 2305 1395 2342 Πατέρες.

236 2355 322 2384 Filius
337 2363 409 2387 esse,
428 2362 482 2381 non
499 2357 528 2381 ut
542 2358 639 2381 calent
663 2361 723 2388 quae
737 2361 751 2380 a
777 2353 833 2381 Deo
848 2352 1023 2389 pronuntiata
1039 2355 1113 2383 sunt.
1130 2351 1300 2387 intelligitur.
1316 2353 1378 2382 llaac
1390 2356 1462 2383 enim
1475 2356 1503 2383 in
1517 2364 1550 2384 eo
1574 2358 1622 2392 qui
1649 2357 1771 2393 loquitur
1800 2367 1860 2387 esse

237 2404 303 2431 illud
315 2409 393 2430 suum
409 2402 522 2433 habent,
537 2401 604 2428 illud
618 2408 684 2429 vero
696 2401 723 2428 in
734 2408 766 2429 eo
783 2409 844 2429 esse
869 2408 949 2429 suum
977 2398 1096 2437 positum
1124 2398 1214 2429 habet.
1243 2401 1314 2435 quod
1343 2409 1359 2428 a
1391 2401 1472 2430 Patre
1496 2404 1605 2439 genitus
1631 2404 1684 2437 sit;
1715 2409 1743 2432 et
1773 2405 1860 2433 eidem

203 2456 208 2462 '
238 2447 373 2477 auscultet
406 2454 439 2474 ac
469 2446 616 2474 ministret.
642 2446 718 2474 lianc
745 2447 828 2484 igitur
853 2445 1014 2482 hypostasin
1050 2442 1143 2471 Patres
1167 2446 1346 2474 substantiam
1365 2452 1507 2476 vocarunt.

266 2494 335 2522 Xlll.
349 2493 527 2528 Quapropter
542 2491 640 2520 Filium
656 2492 730 2520 Patri
754 2493 869 2520 similem
895 2492 921 2518 in
935 2490 1017 2518 omni-

1077 2492 1080 2493 ⁷
1114 2489 1163 2518 ΙΓ’.
1186 2491 1296 2526 Ὅμοιον
1312 2490 1358 2519 οὖν
1371 2493 1484 2528 νοοῦμεν
1494 2494 1540 2520 τὸν
1551 2494 1614 2521 Υῐὸν
1628 2495 1667 2530 τῷ
1680 2495 1782 2531 Πατρὶ,
1795 2497 1863 2524 κατὰ

231 2542 282 2569 bus
299 2539 485 2575 intelligimus,
501 2542 528 2566 et
542 2538 639 2566 haeresi
655 2538 694 2565 illi
709 2545 770 2573 qua:
785 2537 916 2565 adversus
928 2537 1017 2565 Eccle-

1081 2538 1169 2565 πάντα
1199 2539 1345 2573 μαχόμενοι
1367 2539 1414 2565 καὶ
1439 2539 1506 2575 πρὸς
1530 2540 1579 2575 τὴν
1607 2540 1655 2567 νῦν
1680 2541 1864 2578 ὲπιφυομένην

231 2617 311 2645 milia».
327 2617 498 2644 subscribere
515 2616 550 2644 ab
571 2616 735 2651 imperatore
746 2619 863 2651 coactus
880 2619 932 2648 est,
956 2623 1017 2651 qua:

231 2652 328 2680 Filium
346 2659 392 2686 per
406 2652 497 2678 omnia
514 2651 602 2678 Patris
611 2649 676 2678 esse
690 2649 805 2677 similem
816 2649 972 2686 asserebat,
988 2655 1016 2678 ut

231 2695 264 2715 ex
289 2695 317 2714 n.
342 2685 378 2713 22
400 2686 547 2718 constabit,
566 2686 696 2720 adﬁquem
720 2685 860 2716 nonnulla,
877 2692 938 2720 qnze
963 2686 1017 2713 huc

232 2721 377 2757 pertinent,
398 2721 582 2757 conferemus.
603 2719 693 2757 Vides,
715 2720 808 2757 lector,
837 2719 929 2754 quanti
959 2728 1017 2757 mo-

232 2754 314 2785 inenti
330 2764 383 2791 res,
402 2761 456 2784 tam
473 2756 525 2783 levi
539 2763 572 2782 ex
592 2754 782 2783 observatione
796 2759 943 2783 consecuta
968 2756 1016 2788 sit,

1070 2621 1100 2655 ut
1127 2616 1325 2655 lugereticorum
1344 2615 1512 2651 disputatio,
1535 2624 1598 2655 qua
1625 2624 1765 2655 perperam
1793 2619 1861 2655 Epi-

1070 2651 1164 2686 pliauii
1179 2659 1239 2678 sese
1254 2651 1363 2678 nomine
1386 2656 1413 2678 et
1438 2651 1600 2679 auctoritate
1615 2651 1781 2684 venditabat,
1795 2651 1854 2681 ta'n-

1070 2687 1132 2713 dem
1154 2687 1235 2721 longo
1258 2686 1400 2713 intervallo
1416 2687 1535 2721 cognita,
1562 2694 1594 2714 ac
1618 2687 1676 2714 suis
1700 2689 1856 2716 auctoribus

1062 2721 1192 2753 reddita,
1225 2720 1316 2747 fucum
1345 2720 1492 2748 lectoribus
1523 2721 1612 2750 facere
1640 2723 1708 2750 tanti
1740 2724 1858 2752 nominis

1071 2756 1160 2790 specie
1181 2763 1213 2782 ac
1231 2755 1405 2783 simulatione
1422 2756 1543 2783 desierit.

267 2847 275 2862 '
294 2848 378 2876 Exod.
398 2854 440 2879 ιιι,
458 2846 500 2873 Η.
540 2846 550 2861 ²
568 2845 668 2880 Ephes.
690 2853 730 2879 ιιι,
746 2844 789 2873 15.
829 2844 929 2873 ’Joan.
945 2852 964 2878 I,
982 2845 1007 2872 l.
1045 2844 1057 2860 ι
1071 2843 1140 2871 Gen.
1156 2852 1176 2877 r,
1189 2844 1215 2876 ϐ,
1229 2844 1272 2878 14,
1289 2844 1332 2871 ll.
1371 2844 1382 2861 ³
1397 2844 1461 2872 ibid.
1478 2844 1524 2872 26.
