1931 3041
822 111 834 130 \

56 169 108 198 429

355 169 541 198 ADVERSUS
560 167 732 196 llz‘ERESES
751 167 816 194 LIB.
836 167 855 194 ll

907 166 984 205 ῙΟΜ.
1005 166 1025 193 ι.
1037 181 1072 187 -
1091 165 1228 194 llAiRES.
1249 165 1365 193 LXXIII.

1629 164 1680 193 450

53 227 162 261 αἰρεσιν
188 226 346 263 Ἐκκλησία.
367 227 400 254 Ἣ
421 229 477 263 γὰρ
494 227 542 255 νῦν
565 227 670 262 αἵρεσις
697 226 769 253 κατά
795 226 845 260 μὶν

907 225 966 252 liam
980 232 1067 260 nuper
1085 230 1126 252 est
1138 224 1267 255 excitata,
1291 222 1458 251 resistimus.
1482 220 1548 254 Quae
1572 220 1682 256 quidem

56 272 185 308 βούλησιν
194 273 242 299 καὶ
255 272 305 308 τὴν
320 272 461 308 ἐνέργειαν
475 273 656 307 ἀποφαίνεται
669 270 739 299 εἶναι
753 272 846 306 ὅμοιον

55 318 101 345 τὸν
116 318 182 346 Υίῦν
198 318 237 354 τῷ
250 318 336 354 Πατρί
346 327 354 334 ο
376 318 448 346 κατὰ
460 318 489 345 δὲ
501 318 531 344 τὸ
546 319 555 333 ¹
571 318 698 354 ἀνόμοιον
717 315 786 344 εἶναι
801 317 847 344 τὸν

56 364 122 390 Υἱδν
136 363 177 399 τῷ
192 364 296 399 Πατρί·
312 364 352 395 ὡς
364 363 617 396 κατασκευάζεσθαι
636 363 712 399 παρά
731 363 785 390 τῶν
800 363 847 390 νῦν

55 411 159 438 καινῶν
173 411 329 447 αἱρετικῶν,
344 411 413 446 ὃτιὴ
435 411 485 446 μὲν
505 410 631 447 βούλησις
648 409 695 436 τοῦ
709 410 786 442 Υίοῦ,
801 410 848 436 καὶ

55 457 74 491 ὴ
87 455 213 491 ἐνέργεια
224 456 270 483 τοῦ
282 455 359 487 Υἰοῦ,
380 456 460 491 ὁμοία
474 457 508 492 τῇ
525 455 651 491 βουλήσει
668 455 714 482 τοῦ
730 454 847 490 Πατρδς,

57 503 104 529 καὶ
118 504 152 538 τῇ
170 502 296 539 ἐνεργείᾳ
311 502 358 529 τοῦ
373 503 498 538 Πατρός·
524 501 604 532 αὐτὸς
623 502 651 528 δὲ
675 502 689 528 ὁ
717 501 781 532 Υἱὸς
802 501 849 527 ἁν-

56 547 151 583 6μοιος
173 547 213 582 τῷ
236 547 334 582 Πατρί.
358 548 412 574 Καὶ
432 547 476 574 διὰ
491 547 570 574 τοῦτο
584 546 633 583 τὴν
656 547 705 582 μὲν
720 546 849 582 βούλησιν

57 591 107 619 τοῦ
130 591 197 618 Υἱοῦ
217 592 265 619 καὶ
278 587 331 628 τὴν
348 592 488 627 ἐνέργειαν
513 592 652 627 βούλονται
669 589 738 618 εἶναι
754 591 849 627 ὁμοίαν

57 639 92 673 τῇ
117 637 243 673 βουλήσει
265 637 313 665 τοῦ
333 638 440 674 Πατρὸς
465 638 514 665 καὶ
534 639 567 674 τῇ
593 637 735 674 ἐνεργείᾳ·
760 637 806 664 τὸν
821 637 850 664 δὲ

59 683 125 710 Υἱὸν
148 684 179 710 οὐ
199 683 338 719 βούλονται
360 685 452 719 ὅμοιον
476 681 546 710 εἶναι
569 683 609 719 τῷ
630 683 734 719 Πατρί·
758 683 851 718 ἐπειδὴ

59 729 277 757 διαϐεϐαιοῦνται
298 730 334 765 μὴ
356 728 426 757 εἶναι
446 730 479 756 ὲκ
499 729 546 756 τοῦ
569 729 636 756 Θεοῦ
652 729 850 765 γεγεννημένον

58 776 105 802 τὸν
122 776 198 810 Υἰὺν,
215 776 283 803 ἀλλὰ
299 777 378 812 μόνον
391 776 494 812 κτίσμα
505 775 575 803 εἶναι
591 776 682 808 αὑτὸν,
699 776 745 803 καὶ
757 776 850 802 τοῦτον

59 821 200 858 διαφέρειν
223 821 278 848 τῶν
304 821 403 849 λοιπῶν
423 822 591 858 κτισμάτων,
609 823 650 849 ὃτι
671 831 701 848 τε
723 821 851 857 ὑπερέχει

62 866 185 901 μεγέθει,
203 867 250 893 καὶ
269 867 310 894 ὅτι
332 867 439 903 πρῶτος
456 867 509 894 τῶν
525 868 653 895 ἁπάντων
671 867 786 902 ὑπέστη,
804 867 851 894 καὶ

898 271 1010 299 haeresis
1022 270 1161 298 voluntate
1181 274 1207 297 et
1220 270 1328 298 actione
1351 268 1408 297 sola
1423 267 1514 295 Patris
1528 267 1627 294 Filium
1644 267 1683 295 si-

897 316 988 344 milem
1004 323 1066 344 esse
1079 316 1256 351 pronuntiat;
1274 315 1392 343 essentia
1406 321 1471 341 vero
1489 312 1599 341 eosdem
1613 312 1685 340 inter

898 369 928 390 se
947 369 1010 389 esse
1023 361 1171 389 dissimiles
1189 370 1196 388 :
1213 361 1282 388 adeo
1301 364 1332 388 ut
1353 367 1386 387 ex
1412 359 1564 387 recentium
1586 358 1683 385 horum

898 407 1087 436 hzeretieorum
1097 407 1207 436 decreto
1225 405 1435 438 Filiivolnntas,
1449 409 1476 433 et
1491 404 1575 436 actio,
1590 404 1686 431 volun.

898 453 948 480 tati
963 454 1000 481 sit
1016 453 1106 481 Patris
1121 453 1277 488 actionique
1287 451 1386 480 similis
1409 460 1416 478 :
1431 450 1517 478 Filius
1525 453 1616 477 tamen
1629 450 1687 484 ipse

898 499 990 528 Patris
1005 499 1041 528 sit
1058 499 1212 527 dissimilis.
1228 498 1378 533 Propterea
1393 503 1460 524 vero
1474 495 1537 522 Filii
1559 495 1687 522 volunta-

899 550 964 578 tem,
975 551 1003 573 et
1018 546 1153 573 actionem
1178 548 1300 580 paternae
1325 543 1485 574 voluntatis,
1516 545 1544 570 et
1570 541 1687 568 actionis

899 592 1016 620 similem
1031 599 1092 619 esse
1104 591 1217 623 volunt;
1237 589 1336 617 Filium
1362 589 1453 624 ipsum
1469 587 1560 615 Patris
1572 594 1634 615 esse
1650 586 1688 613 si-

899 638 990 666 milem
1003 642 1120 673 negant;
1135 637 1207 672 quod
1222 636 1322 663 Filium
1338 643 1354 662 a
1381 635 1461 662 Patre
1477 634 1587 661 minime
1611 633 1686 668 geni-

900 687 968 716 tum,
986 682 1035 710 sed
1061 687 1215 710 creaturam
1242 681 1376 708 duntaxat
1397 687 1459 708 esse
1480 679 1531 707 sibi
1545 686 1689 714 persuase-

900 730 1070 765 rint;atque
1083 729 1110 756 in
1127 736 1160 756 eo
1177 736 1191 754 a
1209 728 1310 756 creatis
1333 727 1415 754 rebus
1437 726 1543 753 distare
1569 725 1688 758 caeteris,

901 774 973 810 quod
990 779 1018 802 et
1034 774 1222 809 magnitudine
1237 773 1387 805 antecellit,
1402 776 1429 800 et
1454 775 1518 798 ante
1537 770 1628 798 omnia
1641 778 1690 797 ex-

901 821 981 853 stitit,
997 824 1024 848 et
1053 820 1148 848 eodem
1174 820 1247 847 velut
1278 818 1442 846 administro
1466 818 1636 852 reliquorum
1655 815 1690 843 ad

902 865 1108 901 productionem
1120 860 1240 893 ususest
1252 864 1335 892 Dens.
1351 862 1594 901 Quandoquidem,
1611 862 1690 890 aiunt

60 912 102 938 ὃτι
115 912 244 948 ὑπουργῷ
267 913 341 948 αὐτῷ
355 913 489 948 ἐχρήσατο
503 913 543 944 είς
556 913 606 949 τὴν
622 913 676 940 τῶν
690 912 790 939 λοιπῶν
805 913 851 947 δη-

907 911 1035 944 hzeretiei,
1050 916 1147 938 caetera
1161 911 1233 938 Deus
1243 918 1290 945 per
1298 909 1397 937 Filium
1407 909 1573 944 procreavit,
1584 908 1690 943 ipsum-
1713 913 1718 919 '

63 958 210 993 μιουργίαν
233 959 247 985 ὁ
266 958 341 990 Θεός.
364 959 485 994 Ἐπειδὴ,
502 960 584 994 φασὶν
604 960 629 986 οἱ
653 959 796 995 αἱρετικοὶ,
817 958 851 984 τὰ

64 1003 115 1035 μὲν
129 1003 196 1030 ἄλλα
208 1003 241 1030 δι’
256 1004 321 1031 Υίοῦ
338 1005 352 1031 ὁ
364 1004 429 1036 Θεὸς
443 1005 540 1036 ἐποίει,
557 1005 638 1031 αὑτὸν
659 1004 686 1030 δὲ
707 1004 736 1030 οὐ
754 1003 798 1030 διά
810 1011 851 1029 τι-

63 1058 118 1082 νος,
138 1049 195 1076 ἀλλ’
212 1049 293 1081 αὺτῇς
313 1050 394 1076 αὑτὸν
414 1050 596 1086 αὺτούργησε,
620 1050 666 1077 καὶ
683 1049 852 1084 ὑπερέχοντα

64 1093 176 1128 μεγέθει
199 1094 247 1121 καὶ
268 1095 383 1130 δυνάμει
404 1095 532 1122 ἁπάντων
559 1096 680 1131 εποίησε.
705 1095 754 1122 Διά
773 1095 852 1122 τοῦτο

63 1139 146 1166 αὑτὸν
161 1139 274 1166 ἐκάλεσε
291 1141 421 1176 μονογενῆ
438 1141 512 1168 Υἱὸν.

100 1185 149 1213 1Δ’.
165 1187 259 1222 Ἡμεῖς
273 1187 301 1213 δὲ
311 1188 335 1214 οἱ
346 1187 395 1222 τῆς
407 1187 553 1223 καθολικῆς
569 1187 732 1223 Ἐκκλησίας
750 1187 782 1213 ἐκ
799 1187 853 1213 τῶν

63 1231 144 1259 θείων
152 1232 268 1267 Γμφῶν
275 1232 323 1268 τὴν
332 1233 474 1268 ὁμολογίαν
480 1233 528 1268 τῆς
535 1233 651 1265 πίστεως
658 1232 854 1269 παρειληφότες

62 1279 151 1311 οὕτως
166 1279 273 1315 ἔχομεν,
290 1279 354 1306 ὃτιό
365 1279 459 1315 Πατὴρ
473 1280 566 1314 ὁμοίου
585 1280 660 1306 ἐστὶν
679 1279 775 1306 ἑαυτοῦ
788 1278 854 1305 Υἱοῦ

64 1324 173 1360 Πατὴρ,
187 1325 234 1352 καὶ
245 1325 259 1351 ὁ
273 1324 335 1356 Υἱὸς
346 1325 436 1360 ὅμοιός
447 1325 504 1351 ἐστι
516 1325 562 1352 τοῦ
575 1325 692 1360 Πατρὸς,
707 1325 736 1358 ἐξ
752 1322 782 1352 οὗ
797 1325 854 1352 Πα-

63 1370 129 1406 τρὸς
143 1372 243 1397 νοεῖται
263 1371 335 1403 Υἱός.
361 1370 447 1398 Τοῦτο
459 1370 537 1407 ἡμῶν
558 1372 818 1408 προσδιοριζομένων
832 1372 854 1403 ¹,

64 1415 112 1442 καὶ
133 1414 221 1446 οὕτως
246 1414 447 1451 καθαιρούντων
465 1415 475 1431 ³
490 1414 536 1441 τὸν
551 1415 625 1446 νοῦν,
644 1415 682 1446 ὡς
698 1414 765 1450 πρὸς
792 1414 856 1445 τοὺς

65 1461 228 1493 Σαῆελλὶους
255 1461 380 1493 καὶτοὺς
401 1460 520 1494 λοιποὺς,
542 1461 581 1488 ὅτι
603 1460 664 1488 οὔτε
692 1462 706 1487 ὁ
725 1461 788 1492 Υἱὸς
813 1460 857 1487 δύ-

66 1516 145 1534 verat
173 1504 243 1533 εῖναι
273 1506 386 1542 Πατὴρ,
414 1506 502 1533 οὖτεὸ
523 1506 617 1542 Πατὴρ
649 1506 760 1533 δύναται
787 1502 857 1532 εἶναι

67 1552 145 1584 Υἱός·
166 1551 224 1579 ἀλλ’
243 1553 257 1578 ὀ
273 1551 336 1582 Υἱὸς
360 1551 433 1583 Υἱδς,
458 1551 503 1578 καὶ
529 1552 543 1578 ὁ
562 1551 658 1586 Πατὴρ
676 1550 782 1586 Πατὴρ,
810 1550 858 1576 καὶ

65 1599 115 1634 οὑχ
135 1598 210 1629 Υἱός.
239 1597 283 1623 Ἐν
304 1596 406 1629 τούτοις
423 1597 476 1633 γὰρ
486 1599 559 1624 ἐστιν
569 1598 585 1632 ὴ
596 1596 723 1632 ἀκρίϐεια
738 1596 787 1631 τῆς
802 1595 857 1622 τῶν

66 1643 222 1679 προσώπων
249 1642 441 1676 ἐπιγνώσεως,
470 1642 509 1678 τῷ
537 1642 582 1669 τὸν
611 1642 721 1677 Πατέρα
747 1641 857 1677 Πατέρα

65 1690 112 1717 ἀεὶ
143 1689 208 1715 liv-.41.
230 1687 351 1724 ἀσαρκον
382 1687 431 1723 μὲν
451 1685 520 1715 εἶναι
539 1688 587 1714 καὶ
605 1687 747 1718 ἀθάνατον,
765 1686 812 1712 τὸν
829 1685 858 1713 δὲ

65 1733 133 1760 Υῑὸν
146 1732 210 1759 Υἱὸν
226 1732 291 1759 ὄντα
302 1733 356 1764 ἀεὶ,
371 1733 418 1759 καὶ
435 1732 560 1759 οὐδέποτε
579 1732 643 1759 ὄντα
660 1731 778 1766 Πατέρα.
799 1731 858 1758 Ἀεὶ

65 1780 95 1806 δὲ
114 1778 248 1813 λεγόντων
263 1778 275 1794 ⁸
290 1778 334 1805 διὰ
354 1779 385 1805 τὸ
398 1778 512 1813 ἄχρονον
538 1777 585 1804 καὶ
602 1776 793 1812 ἀκατάληπτον
809 1776 859 1811 τῆς

66 1824 246 1856 ὑποστάσεως
273 1824 363 1860 σάρκα
386 1824 560 1858 ἀνειληφέναι
582 1823 653 1850 κατά
670 1822 796 1857 βούλησιν
811 1821 858 1848 τοῦ

66 1870 187 1906 Πατρὸς,
204 1869 251 1896 καὶ
267 1869 380 1897 θάνατον
395 1869 465 1905 ὑπὲρ
479 1869 558 1905 ἡμῶν
574 1868 732 1903 ὑποστῆναι.
748 1867 857 1893 Τούτων

66 1915 312 1951 διευκρινημένων,
329 1915 354 1941 el.
379 1914 531 1950 θαυμαστοὶ
551 1914 575 1941 οῑ
592 1913 738 1949 τῇαίρέσει
750 1921 858 1947 συμμα-

68 1962 182 1998 χοῦντες
207 1961 254 1988 δύο
281 1959 545 1997 πραγματεύσασθαι
565 1959 744 1986 σπεύδουσι-ιγ’
762 1958 791 1985 ἓν
809 1958 858 1994 μὲν

68 2008 100 2034 τὸ
115 2006 214 2043 μηκέτι
227 2006 318 2040 λέγειν
337 2005 448 2041 Πατέρα
463 2004 510 2031 καὶ
522 2003 596 2037 Υίὸν,
611 2004 694 2035 ἀλλὰ,
712 2003 859 2038 ἀγέννητον

70 2053 119 2080 καὶ
135 2052 279 2087 γεννητόν·
290 2051 338 2078 καὶ
354 2050 398 2077 διά
419 2049 498 2077 τοῦτο
521 2049 640 2084 σόφισμα
660 2048 710 2083 τῆς
727 2047 859 2084 αἱρέσεως

51 2091 54 2094 ’
71 2097 191 2132 οίόμενοι
211 2095 368 2130 ἐπεισάγειν
385 2095 420 2130 τῇ
440 2092 597 2128 Ἐκκλησία.
614 2091 743 2118 Συνίσασι
759 2092 814 2127 γὰρ
834 2092 859 2117 οἱ

73 2143 152 2177 σοφοὶ
167 2141 202 2168 τὰ
224 2140 271 2168 τοῦ
292 2139 372 2173 Θεοῦ,
391 2139 433 2166 ὅτι
454 2139 486 2165 τὺ
499 2138 646 2174 ἀγέννητον
664 2137 775 2164 ἔλαττον
790 2136 860 2163 εἶναι

70 2187 117 2215 τοῦ
129 2185 245 2221 Πατρός
258 2187 399 2222 ὀνόματος.
413 2185 451 2211 Τὸ
467 2184 520 2220 γὰρ
533 2184 690 2219 ἀγέννητον,
705 2183 745 2210 ὅτι
759 2183 774 2209 δ
788 2183 838 2219 μὲν
848 2182 859 2199 ³

69 2233 120 2260 οὐκ
136 2232 278 2267 ἐγεννήθη,
293 2230 542 2266 νενόηται,οὺδέπω
555 2230 582 2256 δὲ
596 2231 620 2256 εἰ
631 2230 678 2257 καὶ
692 2230 788 2266 Πατήρ
800 2230 859 2256 ἐστι

72 2278 210 2315 σημαίνει.
233 2277 269 2304 Τὸ
296 2276 324 2303 δὲ
351 2276 452 2310 Πατὴρ
476 2275 556 2302 πλέον
572 2276 630 2302 ἐστὶ
647 2276 695 2302 τοῦ
713 2276 860 2311 ἀγεννήτου

70 2324 202 2359 ὀνόματος
211 2323 250 2349 ὅν.
273 2323 316 2349 Ἑν
342 2323 390 2357 μὲν
406 2322 460 2358 γὰρ
483 2322 522 2357 τῷ
544 2323 694 2357 ἀγεννήτῳ,
717 2322 798 2358 φημὶ,
809 2322 860 2349 οὐκ

71 2369 234 2404 ἐμφαίνεται
248 2368 265 2402 ἡ
279 2366 327 2394 τοῦ
343 2367 448 2402 Πατρδς
465 2367 594 2401 δύναμις·
608 2368 637 2393 ὲν
651 2366 679 2393 δὲ
702 2366 740 2401 τῷ
757 2366 860 2400 Πατὴρ

70 2415 184 2449 ὀνόματι
194 2412 262 2448 ὁμοῦ
274 2421 303 2438 τε
316 2412 451 2447 φαίνεται,
460 2412 500 2438 ὅτι
513 2413 564 2438 οὐκ
577 2411 649 2438 ἔστιν
658 2412 721 2443 Υἱὸς
732 2413 745 2438 ὀ
754 2412 859 2447 Πατὴρ,

71 2460 134 2486 εἴτε
143 2459 247 2495 κυρίως
269 2459 368 2485 νοεῖται
390 2459 404 2484 ὁ
425 2458 530 2493 Πατὴρ,
551 2459 597 2484 καὶ
616 2458 657 2484 ὅτι
679 2456 764 2489 αἴτιός
786 2458 861 2484 ἐστιν

71 2504 164 2539 ὁμοίου
189 2502 286 2530 ἑαυτοῦ
316 2502 392 2529 Υἱοῦ.
413 2503 460 2529 Ἕν
483 2503 530 2537 μὲν
544 2503 576 2537 δὴ
590 2502 679 2529 τοῦτο.
695 2503 807 2537 Ἕτερον
820 2502 858 2534 δὲ,

72 2550 111 2576 δτι
127 2548 280 2583 φθάσαντες
297 2549 421 2583 ἀνόμοιον
435 2548 495 2574 κατ’
509 2548 603 2574 οὐσίαν
617 2548 721 2583 γράψαι
736 2548 782 2574 τὸν
798 2547 861 2574 Υίὸν

72 2596 109 2630 τῷ
123 2595 222 2630 Πατρί.
237 2595 342 2630 Ὥσπερ
355 2593 402 2621 οὖν
416 2595 544 2629 ἐνόμισαν
561 2593 799 2629 καταψηφίζεσθαι
812 2594 861 2629 τὴν

78 2641 240 2677 Ἐκκλησίαν
260 2641 294 2667 δι’
319 2638 356 2668 ὧν
383 2640 521 2676 ὲθήρασαν
550 2640 625 2675 παρά
645 2641 691 2667 τοῦ
721 2640 859 2676 αἰδεσίμου

73 2688 222 2716 ἐπισκόπου
248 2688 335 2714 Ὀσίου
355 2687 539 2723 γραμμάτων·
570 2687 598 2713 ὲν
623 2684 664 2718 οἷς
692 2687 805 2722 φέρεται
828 2687 858 2713 τὸ

72 2734 197 2769 ἀνόμοιον
225 2733 328 2761 οὐσίαν.
361 2733 469 2767 Ἐπειδὴ
499 2733 526 2759 δὲ
548 2732 706 2764 ἀνελθόντες
718 2733 742 2758 οἱ
764 2735 796 2759 ὲκ
809 2733 861 2768 τῆς

107 2824 116 2839 ⁸
134 2822 165 2850 F.
184 2823 233 2858 τὴν
255 2822 364 2858 οὐσίαν.

426 2824 437 2838 ¹
456 2832 500 2857 γρ.
518 2822 675 2860 προδιορθου
679 2822 775 2858 μένων.

73 2859 187 2887 videtur.
212 2857 236 2874 7'
253 2857 283 2884 l".
297 2859 311 2884 ὸ
322 2858 381 2893 μέν.

833 2822 843 2838 ³
857 2822 888 2850 F.
904 2823 1102 2857 καθαιρόντων.

902 961 957 984 ruet
971 964 1035 984 vero
1050 956 1151 984 Filium
1176 963 1231 983 non
1246 956 1360 983 alterius
1388 955 1553 987 interventu,
1581 954 1628 982 sed
1643 961 1692 989 per

902 1002 1079 1037 semetipsum
1107 1001 1242 1033 condidit,
1262 1001 1451 1036 magnitudine
1477 1005 1505 1028 et
1521 1000 1622 1028 virtute
1636 1007 1692 1027 ca:-

903 1048 970 1075 teris
988 1051 1173 1082 praestantem.
1184 1047 1252 1074 lliuc
1265 1047 1391 1075 eumdem
1406 1047 1577 1082 unigenitum
1591 1046 1690 1074 Filium

902 1094 1055 1129 appellavit.

938 1181 1009 1209 XIV.
1026 1181 1082 1210 Nos
1094 1189 1196 1215 autem,
1208 1183 1254 1218 qui
1267 1183 1295 1210 iu
1311 1182 1441 1211 Ecclesia
1456 1182 1599 1210 catholicae
1614 1187 1692 1217 parte

906 1235 1096 1261 numeremur,
1113 1236 1175 1256 cum
1192 1237 1207 1257 e
1218 1229 1380 1264 .Seripturis
1404 1229 1491 1257 sacris
1509 1229 1570 1256 ﬁdei
1588 1229 1694 1264 profes~

905 1274 1010 1302 sionem
1027 1273 1108 1310 861
1130 1275 1320 1308 hauserimus.
1342 1276 1383 1303 sic
1408 1276 1561 1303 habemus:
1585 1275 1693 1303 Patrem

905 1319 948 1347 sui
961 1319 1060 1348 similis
1075 1328 1135 1348 esse
1143 1319 1205 1348 Filii
1218 1320 1337 1355 Patrem,
1351 1327 1379 1350 et
1390 1322 1488 1351 Filium
1500 1323 1617 1351 similem
1632 1331 1694 1351 esse

906 1365 1007 1397 Patris,
1021 1373 1076 1401 quo
1095 1373 1128 1394 ex
1154 1366 1235 1396 Patre
1250 1367 1336 1395 Filius
1361 1369 1532 1405 intelligitur.
1556 1369 1626 1397 Tum
1643 1370 1695 1397 hoc

907 1412 1020 1447 insuper
1034 1412 1191 1444 statuimus.
1205 1420 1292 1448 eoque
1304 1413 1430 1449 dogmate
1442 1420 1561 1443 mentem
1575 1415 1609 1443 ab
1620 1416 1695 1443 omni

909 1455 1089 1484 Sabelliorum
1114 1464 1147 1484 ac
1167 1462 1328 1485 carterorum
1346 1467 1440 1487 errore
1461 1468 1628 1496 purgamus;
1648 1468 1695 1488 ue-

907 1510 961 1537 que
982 1501 1080 1530 Filium
1105 1502 1212 1532 Patrem
1244 1512 1305 1532 esse
1334 1512 1434 1539 posse,
1467 1513 1556 1541 neque
1587 1505 1695 1533 Patrem

909 1546 1017 1582 Filium,
1036 1548 1084 1576 sed
1109 1547 1208 1576 Filium
1236 1557 1298 1577 esse
1322 1549 1439 1584 Filium,
1458 1555 1485 1579 et
1508 1551 1614 1578 Patrem
1634 1559 1696 1580 esse

871 1579 893 1610 (ί
909 1579 1031 1624 Patrem,
1054 1601 1108 1620 non
1135 1593 1244 1621 Filium.
1261 1595 1291 1622 In
1317 1595 1360 1623 his
1374 1579 1474 1632 quippe
1491 1598 1617 1624 accurata
1635 1605 1695 1632 per-

909 1645 1039 1666 sonarum
1061 1638 1203 1667 distinctio
1225 1641 1398 1674 continetur,
1420 1646 1450 1668 ut
1467 1641 1574 1670 Patrem
1594 1643 1696 1678 sempi-

910 1688 1018 1712 ternum
1042 1692 1104 1712 esse
1124 1684 1244 1717 Patrem,
1267 1691 1294 1713 et
1322 1688 1414 1714 carnis
1439 1692 1595 1722 expertem,
1615 1693 1696 1724 atque

910 1730 1111 1763 immortalem;
1125 1729 1224 1758 Filium
1240 1739 1304 1759 vero
1318 1730 1415 1759 Filium
1431 1739 1493 1760 esse
1512 1741 1629 1768 semper,
1646 1743 1696 1762 nec

910 1783 1030 1810 unquam
1045 1775 1152 1803 Patrem
1173 1783 1234 1804 esse
1252 1776 1426 1805 deliniamus.
1442 1779 1530 1806 Porro
1548 1786 1610 1807 cum
1628 1789 1697 1807 sem-

909 1828 956 1854 per
968 1820 1096 1853 dicimus,
1121 1821 1172 1849 hoc
1192 1822 1282 1857 ipsum
1296 1822 1423 1850 volumus
1437 1832 1444 1850 :
1462 1823 1522 1858 ejus
1537 1824 1696 1860 hypostasin

911 1870 988 1894 extra
1016 1870 1123 1902 tempus
1141 1875 1222 1896 omne
1251 1872 1279 1895 et
1307 1868 1496 1904 intelligentia
1514 1870 1697 1906 comprehen-

911 1913 1016 1956 sionem
1033 1921 1108 1946 esse;
1132 1913 1180 1942 sed
1198 1914 1272 1942 illum
1290 1914 1407 1951 denique
1430 1923 1539 1945 carnem
1554 1916 1588 1944 de
1609 1916 1698 1945 Patris

911 1959 1050 1986 voluntate
1064 1960 1226 1995 suscepisse,
1236 1968 1268 1988 ac
1282 1966 1395 1990 mortem
1409 1966 1504 1990 nostra
1517 1969 1601 1991 causa
1615 1963 1698 1991 susti-

913 2004 1017 2032 nniSse.
1033 2004 1139 2038 Quibus
1157 2005 1229 2033 hunc
1249 2007 1276 2034 in
1299 2007 1410 2034 modum
1431 2008 1535 2043 liquido
1556 2008 1697 2042 stabilitis,

911 2051 1012 2086 egregii
1037 2051 1075 2078 illi
1102 2053 1206 2080 erroris
1229 2053 1336 2088 patroni
1360 2054 1415 2082 duo
1440 2054 1567 2089 quaedam
1592 2055 1718 2083 allicere“

911 2096 1045 2124 nituntur.
1062 2096 1184 2126 Primum
1200 2102 1229 2126 ut
1253 2107 1287 2127 ne
1311 2098 1393 2127 Pater
1411 2100 1528 2135 amplius
1544 2107 1577 2128 ac
1600 2100 1698 2133 Filius,

899 2141 960 2177 ‘sed
987 2142 1126 2177 ingenitus
1158 2151 1191 2170 ac
1221 2144 1329 2179 genitus
1356 2144 1476 2171 dicatur.
1504 2145 1563 2178 Qua
1593 2147 1699 2177 ratione

912 2183 1004 2212 fucum
1035 2194 1064 2213 se
1089 2186 1199 2219 facere,
1217 2192 1298 2223 atque
1323 2187 1474 2217 Ecclesiam
1499 2190 1699 2218 circumvenire

875 2245 898 2273 ι)
913 2235 1009 2267 putant
1021 2239 1110 2267 posse.
1122 2232 1222 2260 Verum
1236 2235 1282 2269 qui
1295 2234 1448 2262 divinarum
1460 2243 1550 2263 rerum
1565 2237 1698 2271 sapientia

915 2278 1027 2313 pollent,
1042 2286 1215 2313 nequaquam
1237 2280 1290 2307 hoc
1305 2281 1452 2315 ignorant:
1475 2281 1589 2316 ingeniti
1605 2289 1699 2309 vocem

914 2322 1071 2349 inferiorem
1096 2330 1158 2350 esse
1182 2323 1273 2350 Patris
1301 2326 1427 2357 nomine,
1456 2330 1600 2361 propterea
1626 2327 1699 2361 quod

914 2368 1028 2403 Ingeniti
1043 2369 1117 2395 notio
1133 2377 1188 2403 pra:
1205 2378 1234 2397 se
1252 2370 1318 2397 illud
1335 2379 1418 2398 unum
1431 2371 1493 2404 fert,
1511 2376 1541 2398 ut
1559 2380 1612 2399 non
1638 2380 1700 2400 esse

913 2414 1022 2449 genitus
1045 2415 1228 2450 intelligatur,
1255 2415 1375 2442 nondum
1401 2420 1491 2444 tamen
1522 2418 1593 2444 sitne
1619 2417 1699 2445 Pater

913 2459 1043 2485 declarat.
1070 2459 1105 2485 At
1139 2467 1204 2487 vero
1239 2459 1319 2488 Pater
1348 2460 1466 2495 amplius
1501 2461 1630 2496 quiddam
1659 2467 1701 2490 est

913 2505 1025 2540 iugeniti
1051 2505 1196 2537 vocabulo,
1214 2507 1344 2541 quoniam
1369 2507 1397 2534 in
1420 2507 1483 2539 hoc,
1502 2507 1542 2534 uti
1568 2508 1635 2538 dixi,
1660 2509 1702 2536 vis

914 2551 959 2578 illa
984 2550 1073 2578 Patris
1093 2559 1146 2578 non
1163 2551 1334 2586 exprimitur.
1353 2551 1407 2579 Sed
1435 2552 1462 2579 iu
1479 2551 1569 2579 Patris
1590 2553 1702 2580 nomine

913 2596 979 2623 illud
995 2604 1049 2623 una
1076 2597 1256 2633 signiﬁcatur,
1275 2597 1381 2625 Patrem
1399 2605 1453 2625 non
1470 2606 1532 2626 esse
1546 2597 1657 2630 Filium,
1677 2599 1701 2625 si

914 2642 1023 2676 proprie
1037 2641 1116 2670 Pater
1137 2643 1318 2678 intelligatur,
1334 2650 1367 2671 ac
1384 2644 1425 2670 sui
1441 2643 1540 2671 similis
1563 2651 1625 2671 esse
1639 2642 1702 2669 Filii

914 2689 1088 2723 principium.
1118 2688 1241 2716 Alterth
1265 2689 1340 2724 quod
1372 2689 1503 2724 perlicere
1537 2689 1703 2716 studuerunt

915 2732 984 2765 fuit,
1010 2738 1038 2760 ut
1065 2733 1225 2762 dissimilem
1252 2735 1371 2762 essentia
1397 2733 1497 2762 Filium
1525 2733 1616 2761 Patris
1642 2741 1703 2761 esse

1157 2826 1168 2841 ⁸
1183 2824 1213 2855 F.
1235 2825 1360 2862 λέγομεν,
1387 2825 1435 2853 sed
1462 2825 1586 2853 nonnihil
1604 2824 1701 2853 deesse
