1931 3041
249 175 297 203 ιῦί

949 169 977 197 S.
1009 168 1180 196 EPIPIIANII

1825 165 1875 194 κ’ιί

250 234 359 268 scriptis
388 232 555 260 mandarent.
579 231 638 264 Quo
663 230 772 258 nomine
798 229 946 256 Ecclesiam
965 236 1030 256 con—

1090 229 1232 265 Ἀνστολῆς
1255 229 1300 256 ἐπὶ
1318 230 1347 255 τὸ
1362 230 1484 265 Σὶρμιον,
1507 227 1747 265 περισυνελέξαντο
1764 227 1812 253 καὶ
1828 235 1872 254 κα-

250 279 378 306 (lemnare
400 286 430 305 se
452 286 531 313 posse
556 282 684 312 putarunt
717 276 751 303 iis
775 275 889 308 litteris,
910 282 978 310 quas
999 275 1033 302 ab

250 323 399 350 venerabili
419 323 548 357 episcopo
560 321 626 349 Osio
643 329 691 356 per
707 320 829 348 fraudem
842 319 1032 352 abstulerunt;

251 370 277 395 in
295 369 393 404 quibus
417 367 557 395 dissimilis
575 366 695 394 essentia
718 365 827 400 legitur.
847 363 946 392 Verum
969 371 1033 391 cum

249 411 402 439 Orientales
417 411 547 438 Sirmium
564 410 677 446 profecti
696 410 777 444 liujus
791 416 901 444 quoque
919 407 1034 436 haeresis

251 456 451 490 improbitatem
472 463 525 482 una
548 462 609 482 cum
636 455 696 482 aliis
717 458 811 482 essent
839 454 983 488 complexi,
1001 461 1036 481 ne

249 506 360 536 propter
367 509 424 534 eos,
437 500 482 536 qui
496 499 661 528 Orientalem
676 500 736 527 fidei
751 499 949 535 professionem
969 506 1032 534 per-

1087 275 1232 311 κούργημα
1255 276 1351 302 τούτου
1374 276 1421 302 τοῦ
1438 275 1607 311 αἱρετισμοῦ,
1634 275 1677 301 ἶνα
1704 273 1742 309 μὴ
1762 272 1873 304 εὐθύνας

1087 320 1223 355 ὑπέχωσιν
1242 321 1287 347 ἐπὶ
1301 321 1358 352 τοῖς
1376 322 1415 353 εἱς
1427 320 1478 356 τὴν
1495 319 1654 354 ἀνατολικὴν
1670 318 1762 344 πίστιν
1777 317 1878 352 τολμή»

1088 373 1176 398 σασιν,
1203 366 1370 393 ἐσπούδασαν
1398 365 1428 392 τὸ
1449 365 1500 401 τῆς
1522 365 1616 396 οὐσίας
1635 364 1719 399 ὄνομα
1736 364 1766 389 ὲν
1781 362 1873 398 χρήσει

1086 411 1208 447 ὑπάρχον
1220 413 1276 444 τοῖς
1293 412 1430 448 Πατρὰσιν
1444 412 1488 439 διὰ
1496 412 1546 443 τὰς
1570 409 1773 447 προειρημένας
1790 408 1874 439 αἰτίας

1085 456 1190 483 ἀνελεῖν
1221 457 1272 493 τῆς
1302 457 1531 494 ὲκκλησιαστικῆς
1559 455 1745 486 διδασκαλίας,
1766 454 1811 480 ἵνα
1831 453 1872 479 καὶ

1085 501 1156 528 κατὰ
1168 501 1246 529 τοῦτο
1260 502 1357 535 δόξωσι
1383 503 1527 539 κρατύνειν
1554 502 1659 529 ἑαυτῶν
1684 501 1733 536 τὴν
1756 500 1869 535 αἵρεσιν.

247 554 352 575 vertere
365 555 419 574 non
435 547 610 579 dubitarant,
628 547 662 574 ad
676 545 842 574 reddendam
859 545 991 573 rationem
1009 544 1228 580 impellerentur,
1249 549 1409 577 substantia!
1431 556 1540 581 nomen,
1554 548 1627 583 quod
1650 555 1665 574 a
1681 547 1813 574 Patribus
1842 547 1870 573 ad

247 602 296 620 cas
313 600 423 624 causas,
443 600 512 628 quas
536 592 675 628 attigimus
698 592 725 619 in
749 599 828 620 usum
843 595 982 626 receptum
1002 590 1106 624 fuerat,
1124 593 1159 620 ab
1182 594 1367 622 ecclesiastica
1387 594 1461 622 omni
1483 594 1607 622 doctrina
1622 592 1768 629 proﬂigare
1784 591 1872 620 conati

247 645 322 672 sunt,
338 645 367 666 ut
381 639 430 666 hac
450 639 555 666 ratione
569 646 647 666 suam
666 638 790 666 hteresitn
804 637 1023 665 corroborarent.

280 694 363 730 862
381 693 439 720 XV.
466 694 512 722 Sic
536 694 608 721 enim
635 695 707 729 apud
736 702 767 721 se
789 694 947 730 cogitarunt
966 690 976 721 ι’
993 692 1033 725 Si,

247 741 361 767 excluso
377 739 538 767 substantize
553 740 675 771 nomine,
690 740 799 767 actione
814 740 872 767 sola
893 747 925 767 ac
937 739 1035 766 volun-

246 790 302 812 tate
326 785 442 812 similem
466 784 556 812 Patris
579 793 640 812 esse
665 784 764 812 Filium
788 784 929 817 dicerent,
952 785 1036 811 licere

247 831 320 863 sibi,
349 831 457 857 sublato
488 838 603 865 prorsus
621 830 781 858 substantia:
804 830 931 864 nomine,
954 829 1035 856 dissi-

1123 694 1173 720 lE’.
1205 693 1353 720 ’Υπέλαὸον
1374 694 1438 729 γὰρ,
1458 694 1509 727 ὃτι,
1526 694 1550 720 εί
1572 693 1603 719 τὸ
1618 693 1668 728 τῆς
1679 691 1773 723 οὐσίας
1792 692 1872 726 ὄνομα

1087 739 1243 775 ἐκϐληθείη,
1260 740 1330 767 κατὰ
1352 740 1477 775 βούλησιν
1500 740 1580 776 μόνον
1597 740 1732 774 λέγοντες,
1751 739 1800 765 καὶ
1814 738 1870 765 κατ’

1087 786 1227 822 ἐνέργειαν
1241 786 1333 821 ὅμοιον
1350 786 1388 822 τῷ
1399 786 1486 822 “arpi.
1501 785 1548 813 τὸν
1555 786 1630 818 Υἱὸν,
1643 784 1768 818 ἐξουσίαν
1781 784 1871 813 οὖσίας

1086 831 1176 865 ἕξουσι
1191 831 1227 866 μὴ
1235 831 1447 867 ὀνομαζομένης,
1460 831 1553 858 λοιπὸν
1560 831 1688 866 ἀνόμοιον
1700 830 1790 864 λέγειν
1806 830 1873 856 κατὰ

247 877 338 903 milem
354 876 494 910 deinceps,
510 875 583 911 quod
601 876 634 903 ad
653 876 741 910 ipsum
765 883 827 903 esse
850 880 876 903 et
902 875 1033 903 exsistere

1087 878 1117 904 τὺ
1146 875 1225 911 εἶναι,
1241 878 1288 905 καὶ
1302 877 1373 904 κατὰ
1386 878 1417 904 τὸ
1438 877 1571 913 ὑπάρχειν
1581 877 1626 903 τὸν
1640 876 1702 902 Τὶδν
1718 875 1756 910 τῷ
1775 875 1871 910 Πατρὶ.

249 922 376 957 pertinet.
401 921 493 948 Patris
520 922 697 956 pronuntiare
724 921 833 949 Filium.
855 921 908 949 Sed
933 921 1033 948 vindex

247 967 372 994 veritatis
400 967 493 1000 Deus,
529 967 575 1002 qui
607 966 813 1002 comprehendit
839 967 978 1001 sapientes
1003 967 1030 993 in

247 1013 346 1040 astutia
358 1021 407 1041 sua
417 1013 472 1041 ¹....
486 1013 531 1048 qui
546 1013 678 1048 unigeniti
687 1012 748 1047 ejus
758 1012 819 1040 Filii
831 1012 1032 1048 cognationem,

248 1059 365 1086 similem
384 1067 446 1086 cum
460 1059 488 1086 in
515 1059 727 1090 omnibusesse
749 1057 838 1086 Patris
863 1059 1033 1091 asserenda,

248 1112 342 1132 coram
360 1105 490 1140 religioso
510 1105 674 1140 imperatore
696 1103 838 1139 professus
857 1108 908 1132 est.
925 1104 993 1132 Nam
1007 1110 1035 1132 et

246 1153 320 1186 ipse,
337 1155 432 1186 utpote
449 1151 522 1187 pius,
550 1158 604 1178 non
623 1151 702 1178 aliter
722 1150 757 1178 de
777 1155 892 1186 patrono
912 1158 974 1183 suo,
1001 1158 1034 1178 ac

252 1201 406 1232 protectore
424 1204 475 1225 suo
497 1196 579 1224 tmico
594 1197 640 1224 Dei
664 1196 733 1224 Filio
755 1197 900 1229 sentiebat,
916 1201 942 1225 et
957 1197 1029 1232 quod

249 1243 384 1270 aentiebat
399 1243 443 1278 pio
456 1243 483 1270 in
499 1242 626 1270 omnibus
640 1250 687 1270 ore
700 1242 899 1277 pronuntiavit:
915 1243 942 1270 ill
956 1242 1029 1277 quod

246 1295 298 1314 nos
308 1286 441 1314 Catholici
456 1286 607 1318 credimus,
616 1286 732 1314 similem
745 1294 808 1314 esse
817 1286 906 1314 Patris
917 1285 1033 1320 Filium;

247 1340 337 1367 neque
352 1339 399 1367 per
417 1331 506 1367 ipsum
522 1331 714 1359 haereticorum
731 1331 889 1360 insidiosam
903 1331 1034 1360 adversus

247 1378 465 1406 ecclesiasticam
493 1377 573 1405 fidem
593 1377 770 1405 calliditatem
787 1385 853 1405 suos
874 1385 1035 1412 progressus

247 1424 402 1452 habituram
427 1433 434 1451 :
458 1431 519 1458 quae
544 1423 707 1452 substantiae
733 1431 833 1451 nomen
858 1431 891 1451 eo
919 1424 1035 1451 consilio

247 1474 362 1496 certatur
386 1469 571 1504 exstinguere,
588 1472 619 1496 ut
644 1476 698 1495 non
719 1468 895 1503 pronuntiata
918 1468 1034 1503 amplius

247 1523 315 1542 voce
331 1515 504 1548 substantiae,
521 1514 630 1542 demum
652 1515 679 1542 in
701 1514 858 1550 pectoribus
873 1514 1034 1544 delitescens

247 1561 361 1589 haeresis
377 1560 489 1596 impune
504 1565 656 1596 grassetur.
668 1559 769 1604 Ver‘um
783 1560 830 1596 qui
845 1560 961 1589 similem
973 1569 1035 1589 esse

247 1608 400 1640 voluntate,
426 1607 580 1635 substantia
602 1615 667 1635 vero
683 1607 843 1636 dissimilem
864 1607 961 1635 Filium
976 1615 1037 1636 esse

249 1654 432 1688 scripserunt,
451 1652 544 1685 iidem,
561 1652 585 1680 si
601 1653 672 1680 bona
685 1652 737 1680 llde
752 1660 784 1680 ac
797 1652 904 1681 sincere
920 1653 1035 1681 similem

247 1700 373 1728 eumdem
389 1700 416 1727 in
432 1699 561 1728 omnibus
573 1707 634 1727 esse
650 1699 769 1727 confessi
785 1703 859 1733 sunt,
875 1700 1036 1728 vanissimos

246 1753 342 1773 eorum
365 1749 483 1773 conatus
513 1753 574 1773 esse
603 1744 852 1780 deprehendemus.
880 1745 944 1773 dum
970 1745 1036 1773 sub-

248 1791 356 1818 stantiw
373 1798 472 1818 nomen
490 1791 596 1825 eripere
613 1790 687 1818 omni
713 1790 889 1818 contentione
912 1790 1034 1818 student.

247 1836 354 1864 Etenim
371 1837 394 1863 si
422 1837 448 1863 in
465 1836 604 1867 omnibus,
621 1840 652 1862 ut
670 1840 809 1869 asserunt,
829 1836 928 1863 similis
943 1837 990 1869 sit,
1006 1842 1036 1863 ut

247 1887 290 1910 est
312 1889 417 1913 revera,
439 1881 512 1908 Patri
527 1880 624 1914 Filius,
648 1888 702 1908 non
724 1881 864 1908 voluntate
885 1885 913 1908 et
929 1881 1036 1909 actione

249 1929 318 1961 sola,
334 1932 364 1954 ut
385 1927 438 1955 illis
454 1927 554 1962 placet,
580 1927 627 1955 sed
652 1926 814 1954 exsistentia
832 1933 864 1953 ac
881 1926 1035 1954 substantia

248 1978 276 2001 et
294 1974 321 2000 in
343 1981 375 2002 eo
391 1975 452 2009 ipso
467 1973 540 2009 quod
565 1977 618 2005 est,
643 1976 738 2008 utpote
763 1971 861 2002 Filius.
885 1973 983 2000 similis
1000 1973 1036 2001 sit

249 2026 364 2047 necesse
379 2024 422 2047 est
437 2029 444 2047 :
462 2027 526 2047 nam
541 2019 599 2047 haec
615 2017 744 2053 loquendi
760 2017 888 2050 formula,
905 2017 934 2044 in
949 2018 1035 2045 amni-

249 2065 308 2096 bus,
323 2065 450 2093 universa
475 2064 685 2100 complectitur,
712 2068 762 2091 nec
779 2063 864 2090 ullum
888 2063 1034 2091 discrimen

249 2111 381 2143 admittit.
407 2110 628 2147 quandoquidem
648 2109 676 2136 in
701 2108 829 2136 confesso
854 2108 926 2144 apud
940 2117 1035 2138 omnes

249 2157 324 2186 istud
353 2162 405 2189 est,
433 2165 483 2184 nec
509 2156 626 2184 similem
642 2162 704 2182 esse
724 2154 776 2182 sibi
804 2153 925 2186 Patrem,
947 2163 1035 2191 neque

249 2203 300 2231 sibi
321 2203 373 2238 ipsi
399 2202 509 2235 Filium,
525 2201 573 2229 sed
597 2199 696 2228 Filium
709 2207 770 2228 esse
789 2199 879 2228 Patris
906 2201 1032 2235 similem,

1091 923 1160 949 Ἀλλ’
1172 923 1246 958 ὅμως
1267 924 1280 949 ὁ
1296 923 1401 954 ἔκδικος
1414 922 1464 958 τῆς
1487 921 1615 957 ἀληθείας
1637 921 1712 952 Θεὸς.
1731 921 1744 946 ὁ
1760 920 1872 956 δρασσό-

1085 976 1166 1002 μενος
1189 968 1253 999 τοίις
1270 968 1368 1002 σοφοὺς
1386 968 1415 994 ὲν
1427 969 1460 1003 τῇ
1473 967 1626 1002 πανουργίᾳ
1641 965 1740 997 αὐτῶν,
1757 966 1767 980 ’⁸
1785 965 1815 997 ὃς
1827 964 1875 1000 τὴν

1085 1013 1246 1048 συγγένειαν
1271 1013 1318 1040 τοῦ
1344 1013 1513 1048 Μονογενοῦς
1535 1012 1628 1045 αὐτοῦ,
1645 1012 1675 1039 τὸ
1696 1011 1766 1039 κατὰ
1787 1012 1875 1038 πάντα

1084 1059 1176 1094 ὅμοιον
1188 1059 1232 1085 τῆν
1244 1059 1308 1086 Υίὺν
1319 1058 1357 1094 τῷ
1369 1059 1457 1094 Πατρὶ
1471 1056 1549 1090 εἶναι,
1560 1058 1608 1084 ἐπὶ
1621 1057 1667 1084 τοῦ
1680 1055 1810 1087 εὐσεϐοῦς
1829 1056 1875 1091 βα-

1087 1105 1182 1136 σιλέως
1197 1105 1428 1141 ἐπαρρησιάσατο.
1445 1104 1522 1131 Οὖτω
1536 1105 1590 1139 γὰρ
1604 1103 1650 1130 καὶ
1660 1103 1740 1134 αὐτὸς
1755 1102 1874 1138 ἐφρόνει,

1085 1149 1198 1184 εὐσεόὴς
1210 1149 1247 1176 ὢν
1265 1149 1335 1185 ὑπὲρ
1357 1149 1404 1176 τοῦ
1424 1148 1647 1184 ὑπερμαχοῦντος
1663 1147 1746 1174 αὐτοῦ
1765 1155 1875 1182 μονογε-

1085 1195 1147 1227 νοῦς
1174 1194 1238 1221 Υἱοῦ
1268 1195 1314 1222 τοῦ
1341 1194 1420 1228 Θεοῦ,
1440 1195 1487 1222 καὶ
1503 1194 1609 1230 φρονῶν
1630 1193 1738 1220 εὐσεϐεῖ
1761 1194 1876 1228 στόματι

1085 1242 1227 1277 διωρίσατο
1245 1242 1315 1269 κατὰ
1338 1242 1441 1269 πάντα’
1457 1242 1495 1273 ὠς
1508 1242 1533 1268 οἱ
1544 1241 1680 1268 καθολικοὶ
1693 1239 1877 1266 πεπιστεύκα-

1089 1297 1148 1324 μεν,
1162 1289 1253 1324 ὅμοιον
1268 1287 1338 1316 εἶναι
1355 1289 1401 1316 τὸν
1428 1289 1490 1316 Υἱὺν
1511 1288 1551 1324 τῷ
1567 1288 1665 1324 Πατρὶ,
1679 1288 1726 1314 καὶ
1744 1287 1779 1313 δι⁸
1793 1287 1876 1314 αὑτοῦ

1088 1333 1125 1368 μὴ
1154 1334 1331 1369 προχωρῆσαι
1354 1334 1404 1369 τὴν
1428 1333 1496 1360 κατὰ
1518 1334 1566 1369 τῆς
1587 1332 1820 1368 ὲκκλησιαστικῆς
1832 1331 1877 1357 πί-

1087 1388 1170 1411 στεως
1193 1379 1341 1415 μεθοδείαν,
1358 1380 1478 1415 ἀναιρεῖν
1501 1378 1664 1415 βουλομένης
1677 1378 1708 1405 τὺ
1727 1378 1813 1413 ὄνομα
1828 1377 1876 1413 τῆς

1084 1425 1188 1458 οὐσίας,
1204 1426 1247 1452 ἵνα
1268 1425 1307 1461 τῷ
1328 1426 1442 1461 στόματι
1461 1425 1498 1461 μὴ
1519 1425 1686 1460 λαλουμένης
1699 1423 1805 1457 οὐσίας,
1822 1423 1878 1450 λοι-

1086 1471 1135 1497 πὸν
1160 1473 1188 1497 ὲν
1208 1472 1267 1503 ταῖς
1293 1471 1416 1506 καρδίαις
1435 1471 1591 1506 φωλεύουσα
1614 1472 1631 1505 ἡ
1660 1470 1765 1505 αἵρεσις
1789 1469 1877 1504 νέμη-

1085 1525 1140 1543 ται.
1177 1516 1246 1543 Ἀλλ’
1270 1517 1367 1549 αὐτοὺς
1401 1517 1548 1553 φθάσωμεν
1565 1518 1574 1533 ³
1601 1517 1757 1552 γράφοντας
1784 1516 1879 1550 ὅμοιον

1048 1562 1070 1592 C
1088 1562 1157 1588 κατὰ
1174 1562 1311 1598 βούλησιν,
1333 1563 1459 1598 ἀνόμοιον
1475 1563 1504 1589 δὲ
1523 1563 1582 1589 κατ’
1599 1563 1708 1589 οὐσίαν·
1732 1562 1759 1588 εἴ
1773 1570 1806 1595 γε
1831 1562 1879 1588 ἀν-

1090 1608 1213 1640 υπούλως
1225 1609 1272 1635 καὶ
1289 1609 1416 1644 καθαρῶς
1431 1609 1461 1635 τὸ
1476 1609 1546 1635 κατὰ
1562 1609 1650 1636 πάντα
1675 1609 1766 1644 ὅμοιον
1780 1607 1879 1643 ὁμολο-

1087 1653 1191 1687 γοῦσιν,
1207 1655 1289 1681 ἕωλον
1303 1655 1395 1687 αὐτοῖς
1409 1655 1641 1692 ἀπελεγχθήσεται
1655 1656 1684 1682 τὸ
1697 1656 1877 1691 ἐπιχείρημα.

1087 1700 1269 1727 σπουδάσασιν
1292 1699 1357 1736 ἆραι
1384 1701 1413 1728 τὸ
1436 1701 1521 1736 ὄνομα
1534 1701 1582 1736 τῆς
1602 1701 1704 1734 οὐσίας.
1721 1702 1807 1729 Οὐδὲν
1820 1703 1878 1738 γὰρ

1086 1745 1250 1780 ἐκέρδαινον,
1275 1746 1494 1780 ἀναγκασθέντες
1518 1747 1681 1782 ὁμολογῆσαι
1699 1747 1746 1774 τὸν
1759 1747 1825 1774 Υἰὸν
1841 1749 1880 1783 τῷ

1087 1791 1174 1826 Ila-cpi
1195 1790 1267 1819 κατὰ
1290 1792 1378 1819 πάντα
1405 1794 1506 1828 ὅμοιον.
1529 1794 1561 1821 Et
1576 1794 1629 1830 γὰρ
1643 1794 1712 1821 κιτὰ
1727 1796 1827 1827 πάντα.
1841 1797 1879 1827 ὼς

1086 1838 1275 1875 ὡμολόγησαν,
1298 1838 1370 1866 ἐστιν
1392 1839 1493 1875 ὅμοιος.
1517 1841 1611 1876 ὥσπερ
1626 1839 1677 1869 οὖν
1692 1843 1766 1869 ἐστιν
1779 1844 1795 1870 ὁ
1813 1844 1879 1876 Υἱὸς

1086 1883 1125 1918 τῷ
1139 1885 1226 1919 Πατρὶ
1241 1884 1343 1920 ὅμοιος,
1360 1885 1432 1912 ἔστιν
1447 1885 1537 1920 ὅμοιος
1554 1886 1583 1912 οὺ
1600 1887 1670 1914 κατὰ
1684 1888 1733 1923 τὴν
1749 1887 1878 1924 βούλησιν

1087 1928 1132 1954 καὶ
1140 1928 1188 1964 τὴν
1196 1929 1336 1964 ἐνέργειαν
1343 1929 1438 1965 μόνην,
1454 1931 1525 1958 καθὰ
1540 1932 1617 1958 αὐτοὶ
1625 1932 1796 1969 διορίζονται,
1810 1935 1880 1962 ἀλλὰ

1086 1972 1157 1999 κατὰ
1167 1973 1217 2008 τὴν
1228 1973 1354 2009 ὕπαρξιν,
1371 1975 1418 2002 καὶ
1431 1975 1501 2002 κατὰ
1507 1976 1556 2012 τὴν
1571 1977 1730 2010 ὑπόστασιν,
1744 1980 1791 2007 καὶ
1806 1982 1878 2008 κατὰ

1085 2017 1116 2044 τὸ
1124 2015 1193 2045 εἶναι
1203 2018 1240 2050 ὡς
1248 2019 1311 2050 Υἱός
1318 2028 1324 2034 ·
1337 2020 1384 2047 καὶ
1395 2020 1533 2055 καθάπαξ,
1543 2022 1618 2049 κατὰ
1624 2023 1732 2055 πάντα,
1747 2025 1878 2052 ἁπάντων

1086 2062 1144 2089 ἐστὶ
1156 2063 1361 2099 περιληπτικδν,
1374 2066 1420 2092 καὶ
1435 2066 1564 2101 οὐδεμίαν
1578 2067 1708 2103 διαφορὰν
1721 2070 1877 2104 προσίεται,

1086 2109 1300 2145 ὁμολογουμένου
1319 2111 1364 2138 τοῦ
1388 2112 1456 2147 μήτε
1478 2113 1558 2140 αὑτὸν
1586 2114 1673 2149 ἑαυτῷ
1691 2115 1783 2150 ὅμοιον
1807 2114 1877 2144 εἶναι

1086 2154 1130 2180 τὸν
1142 2155 1261 2191 Πατέρα,
1276 2157 1345 2191 μήτε
1357 2157 1403 2182 τὸν
1413 2157 1475 2183 Υἱὸν
1488 2158 1569 2184 αὑτὸν
1585 2157 1688 2195 [αὐτὸν]
1699 2160 1790 2195 ἑαυτῷ
1806 2158 1876 2188 εἶναι

1086 2200 1189 2235 ὅμοιον,
1205 2200 1272 2226 ἀλλὰ
1285 2201 1349 2228 Υῐδν
1366 2200 1435 2228 εἶναι
1452 2204 1543 2238 ὅμοιον
1563 2203 1602 2238 τῷ
1617 2204 1715 2240 Πατρὶ,
1731 2207 1780 2232 καὶ
1796 2207 1826 2232 ἐν
1838 2207 1877 2242 τῷ

248 2252 275 2276 et
294 2235 339 2275 eo.
355 2249 431 2283 ipso,
455 2247 528 2282 quod
554 2247 582 2273 in
611 2245 738 2273 omnibus
760 2244 833 2273 Patri
861 2246 958 2274 similis
981 2252 1032 2279 est,

1089 2245 1158 2271 κατὰ
1179 2245 1265 2272 πάντα
1290 2246 1382 2281 ὅμοιον
1409 2245 1476 2274 εἶναι
1492 2248 1531 2283 τῷ
1548 2249 1636 2284 Πατρὶ
1661 2249 1726 2277 Υἱδν
1739 2251 1817 2283 ὄντα,
1831 2235 1877 2279 καὶ

249 2293 347 2321 Filium
365 2301 436 2325 esse,
454 2301 508 2320 non
532 2292 659 2324 Patrem,
684 2291 731 2327 qui
752 2291 862 2326 quidem
881 2291 1000 2327 perfecte
1019 2301 1034 2320 a

249 2339 369 2373 perfecto
385 2337 465 2366 Patre
479 2342 542 2365 ante
554 2337 761 2372 intelligentiam
775 2345 895 2368 omnem.
908 2345 1033 2366 omnem-

249 2391 301 2419 qne
319 2386 464 2416 rationem,
485 2390 516 2410 ac
539 2387 662 2418 tempora
681 2382 834 2417 sarculaque
855 2390 870 2410 e
887 2383 977 2410 Patris
993 2388 1035 2411 est

249 2428 427 2456 similitudine
447 2428 566 2463 genitus,
587 2435 620 2455 eo
644 2428 725 2455 modo
739 2435 820 2462 quem
837 2428 913 2455 solus
931 2436 1033 2463 cogno-

249 2474 299 2501 scit
313 2473 403 2505 Pater,
421 2473 468 2508 qui
485 2473 560 2500 illum
576 2481 591 2500 e
607 2474 697 2508 seipse
714 2474 782 2500 citra
802 2473 956 2508 passionem
975 2481 1034 2500 om-

249 2526 310 2545 nem
328 2519 431 2553 genuit,
447 2518 493 2546 sed
509 2522 533 2545 et
553 2517 638 2546 Filius
652 2519 739 2550 novit,
756 2519 802 2553 qni
819 2518 852 2545 ab
868 2525 900 2544 eo
915 2523 944 2544 ut
960 2523 1034 2546 esset

249 2565 370 2598 accepit;
390 2564 465 2591 novit
489 2569 624 2599 postremo
643 2569 670 2592 et
694 2565 731 2595 is.
761 2565 804 2591 cui
830 2564 873 2592 ille
895 2565 1033 2596 revelarit.

247 2611 345 2646 cuique
357 2611 383 2638 in
398 2612 438 2639 sui
456 2612 683 2647 contemplatione
701 2611 788 2638 Patris
805 2611 858 2642 sui,
876 2615 905 2638 ut
918 2620 966 2646 par
983 2620 1033 2647 est,

247 2658 453 2694 intelligentiam
470 2659 649 2686 concesserit.

281 2703 363 2739 883
382 2702 452 2730 XVI.
476 2703 575 2731 Verum
592 2712 626 2731 ne
641 2711 719 2738 quem
738 2694 919 2738 hypostascon
937 2707 1031 2741 appel-

248 2746 314 2774 latio
341 2747 399 2782 ipsa
422 2748 574 2782 perturbet.
601 2746 642 2774 0b
666 2747 692 2774 id
716 2747 790 2774 enim
809 2747 971 2783 ltypostascs
998 2751 1031 2778 ab

249 2791 434 2820 Orientalibus
453 2796 640 2827 usurpantur,
661 2797 690 2818 ut
707 2799 882 2826 personarum
911 2797 1033 2830 proprie-

287 2869 295 2884 ‘
307 2868 368 2897 Job.
381 2877 408 2902 v,
426 2870 473 2902 t5;
488 2869 498 2896 1
513 2869 576 2896 Cor.
594 2877 633 2902 Ill,
651 2870 693 2899 19.

1085 2291 1116 2316 οὐ
1129 2291 1248 2326 Πατέρα,
1266 2291 1296 2323 ἐξ
1309 2288 1340 2318 οὗ
1357 2293 1368 2308 ⁸
1384 2293 1490 2328 Πατρῆς
1504 2294 1614 2326 τελείως
1640 2295 1673 2322 ἐκ
1692 2296 1808 2330 τελείου,
1825 2298 1877 2333 πρὸ

1086 2336 1175 2371 πάσης
1188 2337 1301 2369 ἐννοίας,
1317 2339 1364 2364 καὶ
1389 2339 1496 2366 πάντων
1521 2340 1668 2376 λογισμῶν,
1692 2342 1740 2368 καὶ
1760 2343 1876 2378 χρόνων,

1086 2383 1132 2409 καὶ
1149 2382 1253 2410 αἰώνων
1264 2384 1296 2410 ὲκ
1320 2384 1367 2411 τοῦ
1381 2385 1488 2422 Πατρὸς
1502 2386 1659 2422 ὁμοιάτητος
1675 2388 1829 2423 γεννηθεὶς,
1841 2389 1877 2420 ὡς

1086 2424 1141 2453 οἶδε
1161 2427 1238 2462 μόνος
1250 2429 1264 2454 ὁ
1281 2429 1375 2466 Πατὴρ
1386 2431 1400 2457 ὁ
1415 2430 1444 2463 ἐξ
1454 2431 1535 2458 αὐτοῦ
1552 2432 1633 2460 αὑτὸν
1649 2432 1762 2465 ἀπαθῶς
1779 2435 1876 2470 γεννή-

1089 2481 1148 2506 σας,
1157 2474 1203 2500 καὶ
1214 2475 1228 2501 ό
1239 2475 1303 2507 Υἱὸς
1320 2477 1334 2502 ὀ
1349 2475 1378 2508 ἐξ
1388 2476 1469 2503 αὐτοῦ
1482 2477 1512 2503 τὸ
1526 2475 1594 2504 εἶναι
1610 2478 1689 2513 ἔχων,
1701 2479 1749 2505 καὶ
1760 2475 1784 2513 ᾧ
1796 2480 1877 2511 αὐτὸς

1088 2519 1256 2554 ἀποκαλύψει
1266 2522 1295 2548 ἐν
1313 2523 1346 2556 τῇ
1364 2522 1423 2549 κατ’
1435 2522 1515 2550 αὑτὸν
1528 2523 1628 2559 Θεωρία
1646 2524 1727 2556 ἀξίως
1741 2526 1817 2560 ἡμᾶς
1832 2526 1876 2552 τὸν

1088 2567 1185 2593 ἑαυτοῦ
1201 2568 1308 2604 Πατέρα
1327 2569 1456 2605 παρέχειν
1472 2574 1482 2589 ⁵
1499 2571 1578 2597 νοεῖν.

1117 2706 1174 2738 ΚΤ.
1190 2705 1244 2732 Καὶ
1260 2706 1297 2741 μὴ
1317 2708 1475 2741 ταρασσέτω
1491 2708 1521 2734 τὸ
1536 2708 1589 2735 τῶν
1606 2709 1779 2736 ὕποστάσεων
1791 2697 1875 2745 δνομᾶ

1083 2759 1166 2782 τινας.
1186 2751 1234 2777 Διά
1256 2751 1335 2778 τοῦτο
1355 2753 1409 2787 γὰρ
1431 2754 1592 2786 ὑποστάσεις
1610 2756 1634 2781 οἱ
1658 2755 1811 2782 ἀνατολικοὶ
1833 2756 1875 2781 λέ-

1082 2805 1186 2831 γουσιν,
1204 2797 1246 2823 ἵνα
1256 2797 1304 2828 τὰς
1324 2797 1455 2833 ἰδιότητας
1472 2799 1527 2826 τῶν
1541 2799 1693 2835 προσώπων
1715 2800 1875 2835 ὑφεστώσας

741 2872 752 2887 ¹
771 2870 848 2901 Deest
871 2873 970 2908 tliqnid
984 2893 994 2900 .
1008 2873 1019 2888 ³

1087 2874 1252 2909 1ςωράσομεν.
1293 2876 1302 2891 ⁸
1316 2876 1344 2904 F.
1362 2877 1393 2904 ἐκ
1408 2877 1464 2904 τοῦ.
1504 2878 1514 2894 ⁸
1531 2878 1561 2905 F.
1576 2879 1712 2915 παρέχων.
