1931 3041
62 155 116 184 455

380 155 567 185 ADVERSUS
587 156 757 185 IIEIIESES
774 157 841 186 LIB.
862 157 907 186 III.
928 157 1010 186 ΤΟΜ.
1027 158 1046 186 I.
1066 174 1099 178 —-
1119 158 1257 186 HIERES.
1279 157 1393 186 LXXIII.

1643 156 1695 185 851

63 217 111 245 καὶ
121 215 297 252 ὑπαρχούσας
310 215 490 254 γνωρισωσιν.
502 213 596 251 Ειγὰρ
605 215 713 251 πνεῦμα
722 216 736 242 6
750 216 856 252 Πατὴρ,

924 220 982 244 ales
1004 215 1193 244 subsistentes
1216 215 1436 249 exsistenlesquc
1464 215 1608 243 declarent.
1629 213 1695 240 Nam

65 260 175 296 πνεῦμα
194 260 241 286 καὶ
253 260 267 286 6
283 259 358 290 Υἱὸς.
393 259 500 294 πνεῦμα
522 256 569 286 καὶ
591 259 621 286 τὸ
641 259 717 294 ἅγιον
734 259 855 295 Πνεῦμα,

65 307 96 334 οὐ
111 307 212 332 νοεῖται
224 305 317 339 Πατὴρ
330 306 344 331 6
357 304 430 336 Υἱός.
439 304 589 340 Ὑφέστηκε
602 305 629 331 δὲ
640 305 687 332 καὶ
697 305 855 340 τδΠνεῦμα,

66 351 80 377 ὂ
103 351 134 378 οὐ
152 351 251 377 νοεῖται
271 349 344 381 Υἱὸς,
371 348 386 375 ὃ
415 349 462 375 καὶ
489 349 539 375 οὐκ
560 348 617 375 ἔστι
634 349 675 383 (τὸ
694 348 806 384 Πνεῦμα
826 349 856 375 οὺ

68 398 168 423 νοεῖται
181 395 255 427 Υἱὸς,
275 394 410 430 ὑφέστηκε
430 394 457 421 δὲ
471 394 518 421 καὶ
533 396 564 421 τὸ
587 394 697 429 Πνεῦμα
713 394 744 421 τὸ
758 394 856 429 ἅγιον).

67 443 124 469 Καὶ
151 441 242 468 οὐκέτι
270 441 300 468 τὸ
329 439 440 475 Πνεῦμα
466 440 496 467 τὸ
519 441 610 474 ἅγιον,
627 441 687 467 οὐδὲ
717 441 731 467 6
751 439 857 476 Πατὴρ,

66 488 127 515 οὐδὲ
151 489 165 514 6
192 487 273 519 Υἱὸς,
294 485 362 513 ἀλλὰ
386 485 498 521 Πνεῦμα
520 486 597 520 ἅγιον
627 487 658 513 ἐκ
681 486 798 522 Πατρδς,
825 486 858 512 δι’

67 533 136 561 Υἱοῦ
171 534 276 564 πιστοῖς
303 532 451 568 διδόμενον.
484 532 603 564 Εἰκότως
629 532 783 566 ὑφεστῶτος
813 532 860 559 καὶ

70 579 271 616 ὑπάρχοντος¹,
294 579 339 605 καὶ
361 579 408 604 τοῦ
442 578 598 614 Πνεύματος
621 578 668 605 τοῦ
693 579 786 613 ἁγίου,
810 578 860 610 τὰς

70 625 224 659 ἰδιότητας,
253 623 290 656 ὡς
315 625 537 663 προειρήκαμεν,
560 624 712 660 προσώπων
737 623 859 658 ὑφεστώ-

68 679 124 697 των
159 670 321 701 ὑποστάσεις
340 669 516 705 ὀνομάζουσιν
556 670 581 696 οἱ
613 669 781 701 ἀνατολικοὶ,
800 670 861 705 οὐχὶ

69 716 119 748 τὰς
146 717 220 751 τρεῖς
245 716 417 749 ὑποστάσεις,
441 717 515 751 τρεῖς
539 715 636 751 ἀρχὰς,
660 715 766 751 ῆτρεῖς
784 716 861 748 θεοὺς

69 762 207 796 λέγοντες.
234 761 475 796 ’Δναθεματίζουσι
501 761 572 796 γὰρ,
597 762 681 793 εἴτις
698 761 771 796 λέγει
787 762 861 797 τρεῖς

70 807 158 839 Θεούς.
183 807 253 833 Ἀλλ’
266 807 327 833 οὐδὲ
348 807 462 843 Πατέρα
481 806 527 833 καὶ
542 807 605 834 Υἱὸν
621 806 667 833 δύο
679 807 756 839 θεοὺς
770 807 863 841 λέγου-

72 861 124 880 σιν.
151 853 325 888 Ὀμολογοῦσι
350 853 404 888 γὰρ
427 853 490 888 μίαν
512 850 717 888 εἶναιθεότητα,
747 853 862 888 ἐμπερι-

72 899 188 934 έχουσαν
216 898 249 925 δι’
265 898 331 925 Υἱοῦ
344 899 374 925 ὲν
395 897 534 933 Πνεύματι
553 898 622 933 ἁγίῳ
635 898 668 924 τὰ
683 898 782 929 πάντα,
801 899 865 932 ὁμο-

71 944 182 979 λογοῦσι
198 944 262 979 μίαν
276 943 401 979 Θεότητα,
420 944 467 970 καὶ
489 944 553 979 μίαν
573 943 721 978 βασιλειαν,
736 944 782 970 καὶ
800 943 865 978 μιαν
880 933 902 961 Β

71 989 172 1024 ἀρχήν.
189 989 285 1024 Ὅμως
301 988 335 1015 τὰ
348 988 479 1024 πρόσωπα
492 989 520 1015 ὲν
532 989 592 1020 ταῖς
607 988 718 1024 ἰδιότησι
734 988 788 1014 τῶν
799 988 865 1014 ὐπο-

74 1035 196 1062 στάσεων
212 1033 332 1066 εὐσεϐῶς
345 1033 518 1069 γνωρίζουσι,
531 1034 577 1062 τὸν
593 1034 702 1070 Πατέρα
716 1035 746 1061 ὲν
759 1035 792 1069 τῇ
813 1042 866 1061 πα-

74 1080 157 1116 τρικῇ
173 1078 300 1115 αὑθεντίᾳ
318 1078 461 1113 ὑφεστῶτα
477 1079 609 1111 νοοῦντες,
630 1080 676 1106 καὶ¹
689 1079 735 1106 τὺν
750 1079 814 1106 Υῑὺν
834 1079 864 1105 οὐ

74 1125 159 1161 μέρος
178 1125 242 1151 ὄντα
258 1124 305 1151 τοῦ
330 1124 446 1160 Πατρὸς,
472 1124 541 1151 ἀλλὰ
561 1125 688 1160 καθαρῶς
711 1125 743 1151 ὲκ
760 1124 866 1160 Πατρὸς

73 1171 176 1198 τέλειον
195 1171 227 1197 ἐκ
253 1170 356 1197 τελείου
369 1170 566 1206 γεγεννημένον
580 1171 627 1197 κα)⁸
639 1170 782 1205 ὑφεστῶτα
802 1171 867 1205 όμο-

74 1217 229 1252 λογοῦντες,
248 1217 295 1243 καὶ
308 1217 338 1243 τὸ
359 1216 472 1252 Πνεῦμα
481 1216 512 1242 τὺ
527 1216 613 1251 ἅγιον,
631 1216 646 1243 ὃ
660 1217 677 1251 ὴ
693 1216 752 1243 θεία
770 1215 866 1251 Γραφὴ

74 1263 254 1299 Παράκλητον
265 1263 403 1298 ὀνομάζει,
416 1263 449 1289 ὲκ
472 1262 577 1298 Πατρδς
599 1262 631 1289 δι’
646 1262 711 1289 Υίοῢ
725 1261 868 1296 ὑφεστῶτα

74 1310 263 1346 γνωρίζοντες.
283 1310 326 1341 Ὠς
343 1311 356 1336 6
372 1309 549 1345 Παράκλητος
563 1308 593 1336 τὺ
610 1308 717 1344 πνεῦμα
735 1308 784 1343 τῆς
799 1307 866 1343 ἀλη-

74 1355 153 1387 θείας
169 1356 290 1383 διδάσκει
304 1356 378 1391 ήμᾶς
388 1355 438 1390 τὴν
449 1355 588 1390 ἀλήθειαν,
601 1354 662 1390 ἥτις
672 1354 745 1381 ἐστὶν
757 1354 772 1380 6
790 1353 865 1385 Υἱός·

76 1400 184 1434 Οὐδεὶς
199 1401 255 1436 γὰρ
267 1400 358 1435 λέγει,
373 1400 484 1434 Κύριος·
499 1399 624 1434 Ἰησοῦς,
637 1400 663 1425 ει
674 1398 717 1434 μὴ
731 1398 868 1426 ἐνΠνεύ-

73 1455 146 1481 ματι
162 1446 244 1480 ἁγίῳ.
268 1445 346 1472 Οὕτω
363 1446 409 1472 καὶ
429 1446 444 1472 6
465 1445 539 1477 Υἱὸς,
554 1445 583 1477 ὃς
598 1446 671 1472 ἐστιν
686 1444 809 1480 ἀλήθεια,
823 1444 869 1471 τὸν

77 1491 204 1527 ἀληθινὸν
232 1492 310 1523 Θεὸν,
339 1492 385 1519 τὸν
411 1490 508 1518 ἑαυτοῦ
535 1488 644 1526 Πατέρα
663 1490 736 1526 ἡμᾶς
750 1489 869 1522 εὐσεϐῶς

80 1539 177 1565 ειδέναι
208 1537 320 1569 διδάξει,
345 1536 437 1568 καθὼς
451 1536 524 1571 λέγει
539 1545 546 1552 ·
575 1537 606 1563 ὐ
635 1535 771 1570 ἑωρακὼς
801 1535 866 1570 ἐμὲ,

76 1582 189 1616 ἑώρακε
196 1581 254 1610 τὸν
264 1581 387 1614 Πατέρα.
403 1580 508 1607 Οὐκοῦν
526 1581 555 1607 ἐν
569 1579 707 1616 Πνεύματι
725 1580 794 1615 ἁγίῳ
805 1579 870 1606 Υἱδν

77 1629 161 1662 ἀξίως
178 1626 303 1662 νοοῦμεν,
323 1627 352 1652 ἐν
370 1626 426 1662 Titi)
436 1626 465 1652 δὲ
478 1627 616 1661 μονογενεῖ
629 1626 738 1661 Πατέρα
753 1625 871 1658 εὐσεϐῶς

78 1675 125 1700 καὶ
142 1673 225 1705 ἀξίως
236 1672 393 1707 δοξάζομεν.
411 1672 466 1699 Καὶ
483 1671 552 1707 αὕτη
568 1671 641 1698 ἐστὶν
658 1673 674 1706 ἡ
692 1671 810 1706 σφραγὶς
822 1672 872 1707 τῆς

79 1720 208 1751 πίστεως,
234 1721 263 1746 ὲν
328 1718 455 1754 σφραγῖδι
482 1717 664 1753 βαπτισθῆναι
684 1717 874 1752 προσέταξενό

78 1764 176 1800 Σωτὴρ
192 1764 238 1790 καὶ
247 1763 347 1799 Κύριος
368 1762 470 1798 Ἰησοῦς
486 1762 611 1798 Χριστὸς,
624 1762 746 1796 όλέγων·
765 1763 873 1796 Πορευ-

79 1812 185 1842 θέντες
198 1810 406 1844 μαθητεύσατε
418 1807 515 1834 πάντα
528 1807 562 1834 τὰ
574 1807 646 1842 ἔθνη
658 1827 666 1840 ,
679 1806 873 1840 βαπτίζοντες

78 1855 193 1888 αὐτοὺς
209 1856 252 1888 εις
263 1855 295 1881 τὸ
316 1855 409 1889 ὄνομα
428 1853 480 1880 τοῦ
502 1853 628 1888 Πατρός,
650 1852 701 1881 καὶ
721 1852 775 1880 τοῦ
793 1852 873 1886 Υιοῦ,

80 1902 131 1929 καὶ
147 1901 201 1928 τοῦ
220 1901 306 1936 ἁγίου
322 1901 506 1935 Πνεύματος.

117 1986 167 2014 IZ'.
185 1986 252 2022 Περὶ
264 1985 318 2021 γὰρ
339 1986 386 2021 τῆς
405 1985 475 2012 κατὰ
497 1985 585 2012 πάντα
605 1983 652 2011 τοῦ
668 1983 733 2011 Υἱοῦ
749 1985 817 2020 πρὸς
828 1985 874 2012 τδν

82 2032 194 2068 Πατέρα
205 2032 362 2066 ὁμοιότητος
378 2031 543 2066 πλατύτερον
557 2031 604 2065 μὲν
620 2030 736 2065 ἀλλαχοῦ
747 2030 854 2066 εἴρηται
866 2039 872 2046 ·

81 2077 184 2112 ὁμοίως
198 2076 226 2102 δὲ
241 2076 288 2102 καὶ
303 2076 350 2102 νῦν
364 2076 392 2101 ὲν
412 2075 508 2111 βραχεῖ
531 2075 811 2110 παρασημειώσασθαι
826 2075 875 2101 οὐκ

81 2123 246 2157 ὀκνήσομεν,
261 2122 301 2148 ὅτι
311 2123 325 2148 6
344 2121 512 2152 ’Λπόστολος,
524 2120 615 2147 εἰκόνα
628 2120 674 2146 τοῦ
683 2121 799 2156 ἀοράτου
807 2120 875 2148 Θεοῦ

82 2169 129 2196 τὸν
144 2168 209 2194 Υὶὸν
228 2168 358 2203 εἰρηκὼς,
370 2168 416 2194 καὶ
435 2168 463 2194 ὲν
478 2166 566 2202 τούτῳ
588 2166 705 2198 διδάξας.
723 2167 764 2193 ὅτι
783 2168 875 2202 ὅμοιός

84 2216 159 2242 ἔστιν
181 2214 196 2240 6
222 2213 282 2244 Υἱὸς
297 2213 337 2248 τῷ
360 2213 457 2247 "arpi,
482 2211 598 2246 ἀλλαχοῦ
614 2211 673 2243 πῶς
689 2212 728 2238 δεῖ
739 2212 813 2238 νοεῖν
830 2212 875 2239 τὸν

910 262 963 289 etsi
987 262 1099 297 spiritus
1119 261 1200 289 Pater
1215 264 1268 292 est,
1289 264 1316 287 et
1332 260 1418 288 Filius
1442 261 1566 296 spiritus,
1583 264 1611 286 et
1634 259 1697 293 Spl-

911 307 982 335 ritus
997 312 1109 335 sanctus
1127 307 1184 342 ipse
1198 306 1322 341 spiritus,
1338 314 1390 333 nou
1407 310 1497 333 tamen
1510 305 1617 332 Patrem
1636 311 1699 331 esse

912 351 1010 380 Filium
1034 353 1204 387 concipimus
1228 352 1328 379 animo.
1348 351 1419 385 Quin
1447 355 1473 378 et
1498 351 1617 386 Spiritus
1640 350 1698 384 ipse

912 399 1049 430 subsistit.
1067 399 1113 434 qui
1129 405 1300 434 nequaquam
1316 398 1401 426 Filius
1418 397 1588 432 intelligitur,
1604 396 1699 428 cujus-

912 444 986 471 modi
1010 452 1064 471 non
1089 449 1140 475 est,
1167 443 1214 471 sed
1235 452 1282 478 per
1302 444 1422 478 seipsum
1445 443 1563 478 Spiritus
1587 445 1700 469 sanctus

913 488 958 516 ille
983 488 1118 516 subsistit.
1143 487 1193 515 IIic
1213 488 1286 521 enim
1311 495 1401 522 tneque
1426 487 1506 514 Pater
1532 490 1585 518 est,
1611 491 1700 519 neque

913 534 1019 566 Filius,
1048 534 1095 562 sed
1126 532 1244 568 Spiritus
1269 537 1393 565 sanctus,
1421 539 1500 566 quem
1525 539 1573 566 per
1601 530 1699 557 Filium

913 580 994 608 Pater
1010 580 1134 608 ﬁdelibus
1150 580 1274 615 largitur.
1299 578 1388 612 Quare
1411 578 1508 606 merito
1526 577 1702 605 subsistentis

913 626 1126 661 exsistentisque
1149 625 1249 657 Patris,
1268 632 1299 652 ac
1324 624 1403 656 Filii,
1424 628 1451 651 et
1469 623 1588 658 Spiritus
1611 622 1702 650 sancti

914 672 1110 708 proprietates,
1128 675 1158 698 ut
1183 671 1318 701 diximus,
1342 670 1552 698 subsistentium
1573 676 1702 704 persona-

914 726 975 745 rum
996 717 1158 753 hypostases
1174 715 1329 743 Orientales
1351 715 1505 747 nominant,
1523 722 1577 742 non
1600 718 1629 741 ut
1646 718 1703 741 tres

916 764 978 792 illas
1004 763 1167 799 liypostases
1185 762 1237 789 tria
1263 762 1408 797 principia,
1434 765 1525 789 tresve
1549 761 1615 788 deos
1642 767 1704 788 csse

917 810 1021 837 dicant.
1048 809 1116 836 Nam
1143 816 1190 836 eos
1207 808 1381 836 anathemate
1407 808 1555 840 damnant,
1571 808 1618 844 qui
1649 812 1705 835 tres

917 855 983 883 deos
995 858 1133 883 asserunt.
1149 854 1244 889 Neque
1260 862 1324 882 vero
1342 853 1448 881 Patrem
1472 858 1498 882 et
1522 853 1618 880 Filium
1635 853 1705 881 duos

918 909 980 929 esse
997 900 1064 928 deos
1085 900 1189 927 dicunt.
1213 899 1269 927 IIoc
1289 899 1361 927 enim
1387 900 1506 926 fatentur
1523 909 1529 926 :
1549 906 1631 926 unam
1647 906 1707 926 esse

916 947 1097 977 divinitatem,
1113 953 1173 981 qua:
1189 953 1236 980 per
1249 944 1349 972 Filium
1366 945 1393 972 in
1408 944 1511 980 Spiritu
1527 948 1623 971 sancto
1638 951 1706 970 cou~

917 992 1002 1020 liueat
1016 992 1142 1019 universa
1156 1001 1163 1024 ;
1179 999 1273 1023 unam,
1287 991 1410 1025 inquam,
1424 991 1607 1021 divinitatem,
1622 997 1710 1020 unum

917 1045 1030 1074 regnum
1064 1042 1146 1073 atque
1167 1045 1250 1065 unum
1276 1036 1420 1072 imperium
1445 1044 1507 1064 esse
1532 1035 1706 1063 conﬁtentur.

917 1083 950 1110 Et
971 1083 1149 1110 nihilominus
1176 1089 1310 1118 personas
1340 1082 1367 1109 in
1391 1082 1574 1117 hypostaseon
1595 1088 1708 1109 suarum

918 1129 1131 1165 proprietatibus
1149 1129 1194 1164 pie
1211 1129 1384 1160 discernunt,
1407 1128 1516 1155 Patrem
1539 1127 1665 1155 videlicet
1680 1127 1709 1155 in

918 1179 1030 1210 paterna
1057 1175 1201 1209 majestate
1220 1174 1431 1206 subsistentem;
1450 1173 1548 1200 Filium
1567 1181 1630 1201 vero
1653 1181 1710 1201 non

917 1225 1022 1255 partem
1037 1227 1099 1248 esse
1125 1220 1214 1248 Patris
1237 1220 1401 1256 intelligunt,
1421 1219 1467 1247 scd
1489 1227 1503 1246 a
1522 1219 1643 1254 perfecto
1654 1218 1708 1246 Pa-

918 1273 959 1294 tre
983 1266 1153 1301 periectum,
1178 1266 1299 1301 genitum
1335 1273 1366 1293 ac
1392 1265 1588 1294 subsistentem
1619 1273 1705 1301 agno—

918 1315 1008 1340 scunt.
1030 1311 1069 1339 Ac
1085 1311 1202 1346 denique
1226 1311 1357 1347 Spiritum
1378 1315 1607 1346 sanctum,quem
1624 1310 1703 1337 Scri-

921 1359 1001 1391 ptura
1020 1363 1099 1383 sacra
1115 1354 1289 1382 Paraclctum
1307 1358 1397 1386 vocat,
1419 1362 1433 1381 a
1449 1354 1528 1382 Patre
1543 1362 1591 1389 per
1607 1353 1709 1381 Filium

919 1401 1099 1437 prodeuntem
1122 1409 1155 1428 ac
1179 1401 1377 1428 subsistentem
1406 1400 1551 1428 dctiniuut.
1573 1399 1710 1433 Quemad—

919 1448 1030 1475 modum
1043 1447 1214 1479 Paracletus,
1230 1446 1276 1474 ille
1289 1447 1413 1475 veritatis
1428 1447 1554 1482 spiritus,
1569 1446 1710 1473 veritatem

919 1491 1008 1527 ipsam
1022 1499 1072 1519 nos
1082 1491 1173 1522 docet,
1189 1499 1249 1526 quae
1271 1495 1314 1519 est
1329 1490 1414 1519 Filius
1429 1500 1436 1518 :
1453 1490 1537 1518 Nemo
1550 1491 1622 1518 enim
1636 1490 1711 1522 dicit,

920 1536 1048 1565 Dominus
1067 1536 1156 1569 Iesus,
1171 1537 1224 1563 nisi
1244 1537 1272 1563 in
1292 1536 1396 1571 Spiritu
1416 1539 1508 1563 sancto
1521 1536 1540 1562 '.
1560 1535 1606 1563 Sic
1622 1539 1649 1563 et
1667 1534 1713 1562 Fi-

921 1583 986 1615 lius,
1008 1583 1056 1618 qui
1070 1583 1173 1610 veritas
1197 1586 1250 1615 est,
1276 1582 1361 1610 Deum
1379 1589 1474 1609 verum
1499 1582 1606 1608 Patrem
1631 1589 1712 1608 suum

922 1635 982 1655 esse
999 1627 1041 1663 pie
1058 1635 1110 1655 nos
1134 1627 1254 1659 edocuit,
1276 1627 1389 1655 dicens:
1410 1627 1463 1659 Qui
1486 1627 1553 1654 videt
1573 1635 1623 1659 me,
1641 1626 1708 1653 videt

921 1673 1097 1701 etPutrem‘.
1115 1673 1201 1708 Igitur
1217 1673 1317 1700 Filium
1337 1673 1364 1700 in
1375 1672 1479 1707 Spiritu
1496 1677 1602 1704 sancto,
1619 1676 1647 1699 ut
1665 1680 1714 1707 par

923 1723 975 1751 est,
1002 1718 1178 1754 intelligimus
1200 1727 1207 1751 ;
1236 1716 1418 1753 ἰὴδιηίςοηὶιο
1440 1725 1503 1744 vero
1523 1717 1592 1744 Filio
1615 1718 1668 1752 pie,
1684 1722 1713 1744 ct

924 1768 954 1791 ut
976 1771 1026 1799 par
1044 1768 1096 1795 est,
1115 1762 1224 1790 Patrem
1246 1769 1308 1789 esse
1330 1770 1485 1790 censemus.
1515 1762 1571 1789 IIoc
1592 1767 1634 1789 est
1652 1762 1714 1790 ﬁdei

923 1810 997 1838 velut
1020 1809 1157 1845 sigillum;
1178 1800 1274 1843 in'quo
1296 1807 1430 1843 baptizari
1455 1815 1506 1835 nos
1536 1807 1662 1835 Salvator
1682 1816 1715 1835 ae

924 1854 1058 1882 Dominus
1075 1853 1157 1882 Jesus
1172 1853 1300 1881 Christus
1315 1853 1464 1888 aliquando
1483 1853 1577 1888 jussit,
1594 1853 1636 1881 his
1651 1861 1713 1880 vcr-

924 1900 984 1928 bis:
1002 1900 1101 1928 Euntes
1121 1899 1211 1927 docete
1226 1908 1314 1927 omnes
1334 1904 1432 1932 uenter,
1450 1899 1614 1934 baptizantes
1630 1908 1672 1926 eos
1687 1901 1714 1927 ir:

924 1947 1029 1974 nomine
1046 1945 1146 1977 Patris,
1165 1951 1188 1972 et
1201 1945 1278 1976 Filii,
1290 1954 1321 1972 ac
1339 1945 1454 1980 Spiritus
1468 1946 1585 1973 sancti'.

961 1991 1045 2019 XVII.
1069 1991 1206 2019 Cancrum
1223 1999 1284 2019 cum
1301 1991 1335 2019 de
1351 1991 1471 2027 perfecta
1485 1991 1547 2018 Filii
1562 1999 1623 2018 eum
1637 1990 1716 2019 Patro

926 2038 1108 2066 similitudine
1127 2038 1182 2064 alio
1211 2038 1272 2065 loco
1298 2037 1387 2065 fusius
1401 2037 1635 2072 dispulavcrimus
1647 2058 1653 2069 ,
1671 2037 1716 2064 hic

926 2087 1019 2110 tamen
1035 2083 1154 2110 breviter
1168 2083 1316 2110 obsrrval'e
1338 2089 1391 2109 non
1408 2082 1520 2117 pigebit,
1536 2081 1709 2116 Apostolum.

926 2127 1063 2163 quim
1077 2128 1121 2155 Dei
1138 2135 1192 2155 non
1201 2127 1376 2163 aspectabilis
1392 2127 1536 2162 imaginem
1549 2126 1646 2153 Filium
1654 2134 1716 2154 esse

928 2174 1008 2205 dixit,
1025 2181 1113 2209 eoque
1125 2173 1205 2201 modo
1221 2173 1311 2200 Patris
1325 2181 1388 2201 esse
1402 2173 1519 2200 similem
1537 2172 1641 2204 docuit,
1659 2172 1713 2199 alio

927 2219 1047 2254 quodam
1075 2219 1102 2246 in
1127 2219 1189 2246 loco
1207 2218 1438 2253 quemadmodum
1464 2217 1500 2245 sit
1519 2217 1716 2252 intelligendus

84 2260 149 2286 Υἱδν
159 2259 323 2294 παρέδωκεν.
346 2259 389 2285 Ἐν
397 2258 450 2294 γὰρ
462 2259 493 2293 τῇ
505 2258 572 2293 πρὸς
585 2257 779 2293 Φιλιππησίους
802 2259 868 2284 ῈίτιΔ

929 2263 1013 2291 I‘ilius
1035 2264 1187 2298 aperuisse.
1214 2263 1281 2290 Nam
1300 2263 1326 2290 in
1347 2262 1480 2297 Epistula,
1497 2269 1578 2296 quam
1598 2261 1631 2288 ad
1653 2261 1713 2288 Plui.

85 2307 166 2341 στολῇ
179 2313 277 2340 φησιν’
297 2306 355 2337 Ὃς,
367 2305 401 2331 ἐν
421 2304 521 2339 μορφῇ
544 2304 617 2331 Θεοῦ
647 2303 799 2339 ὑπάρχων,
819 2306 874 2339 οὐχ

83 2352 243 2387 ἁρπαγμὸν
262 2350 396 2385 ἡγήσατο
416 2351 448 2376 τὸ
473 2348 549 2377 εἶναι
563 2350 617 2387 lact
631 2349 706 2382 Θεῷ·
726 2350 794 2376 ἀλλ’
807 2349 876 2376 ἑαυ-

84 2399 140 2425 τὸν
163 2398 304 2430 ἐκένωσε,
320 2396 441 2431 μορφὴν
450 2395 575 2423 -δούλσυ
595 2395 705 2427 λαϐὼν,
724 2396 758 2422 ἐν
772 2395 874 2430 ὁμοιώ-

82 2453 154 2479 ματι
185 2442 348 2476 ἀνθρώπων
372 2443 545 2476 γενόμενος·
574 2441 603 2468 ἐν
629 2441 656 2468 δὲ
673 2442 706 2477 τῇ
723 2441 789 2477 πρὸς
809 2441 875 2468 Ῥω-

87 2490 199 2525 μαίους·
218 2488 252 2516 Τὸ
265 2488 320 2522 γὰρ
331 2488 481 2515 ἀδύνατον
491 2487 544 2514 τοῦ
557 2488 660 2522 νόμου,
671 2488 706 2514 ἐν
717 2483 741 2520 ᾦ
755 2487 876 2521 ἠσθένει

84 2536 136 2563 διὰ
145 2534 200 2569 τῆς
213 2535 337 2569 σαρκὸς.
351 2535 367 2560 ὀ
382 2533 453 2566 Θεὸς
472 2533 526 2559 τὸν
542 2533 650 2560 ἑαυτοῦ
673 2533 740 2560 Υὶὸν
756 2533 878 2568 πέμψας

85 2583 122 2610 ὲν
144 2581 301 2617 ὁμοιώματι
326 2580 450 2614 σαρκὸς,
476 2579 526 2606 καὶ
545 2580 612 2614 περὶ
634 2579 778 2614 ἁμαρτίας
806 2588 875 2606 κατ-

85 2628 187 2662 έκρινε
201 2627 258 2661 τὴν
271 2627 417 2662 ἁμαρτίαν
433 2627 468 2653 ἐν
479 2626 515 2660 τῇ
531 2627 632 2661 σαρκί.
651 2626 692 2658 Ὠς
708 2621 816 2652 ἐττίτων
833 2625 879 2653 δύο

88 2673 247 2709 μαρτυριῶν
262 2673 294 2699 ὲκ
308 2672 362 2698 τῶν
372 2671 418 2698 δύο
429 2670 594 2698 Ἐπιστολῶν
606 2671 660 2698 ἀπὸ
677 2673 687 2688 ¹
697 2671 743 2698 τοῦ
762 2680 880 2706 σωματι-

87 2719 138 2746 κοῦ
156 2718 275 2750 εὺσεεῶς
291 2718 337 2744 καὶ
352 2718 401 2753 τὴν
415 2718 479 2752 περὶ
495 2717 540 2744 τοῦ
555 2717 649 2751 ὁμοίου
669 2718 753 2752 ἡμᾶς,
767 2718 814 2744 καὶ
829 2717 875 2744 ἐπὶ

88 2764 136 2792 τοῦ
152 2764 298 2799 ἀσωμάτου
325 2763 430 2798 Πατρός
458 2772 486 2790 τε
507 2763 553 2790 καὶ
575 2762 639 2790 Υἱοῦ
655 2763 822 2798 διδαχθῆναι.
840 2762 877 2788 Τὸ

127 2823 133 2837 ¹
154 2820 258 2855 ilath;
279 2821 325 2846 καὶ
350 2820 414 2856 Υεοῦ
435 2820 514 2856 addo.
554 2820 562 2834 ²
579 2819 612 2856 Κ
628 2819 674 2856 τὴν
690 2821 752 2848 ἀπό.
789 2844 790 2847 η
807 2821 816 2836 ³
833 2819 842 2847 l
860 2820 868 2847 (

921 2838 923 2844 ι
954 2828 1002 2852 ιιι,
1029 2821 1053 2848 π.

92 2857 101 2873 ⁸
119 2856 235 2891 Philipp.
260 2863 290 2888 u,
308 2856 334 2889 6,
353 2855 378 2882 7.
418 2856 426 2871 ⁷
441 2855 631 2889 Rom.v1u,5.

931 2308 1069 2342 lippenses
1086 2307 1207 2342 scripsit,
1223 2307 1259 2334 ita
1278 2307 1417 2341 loquitur:
1434 2306 1485 2338 Qui
1505 2314 1564 2333 cum
1582 2307 1609 2332 in
1627 2306 1716 2340 {arma

929 2353 978 2380 Dei
991 2357 1068 2385 esset,
1084 2361 1135 2379 non
1149 2353 1270 2386 rapinam
1294 2353 1441 2379 arbitratus
1456 2357 1493 2379 est
1507 2359 1563 2379 esse
1577 2360 1604 2378 se
1624 2359 1715 2386 wqua-

928 2399 977 2426 lem
996 2398 1064 2430 Deo;
1081 2398 1126 2426 sed
1143 2399 1311 2433 semetipsum
1333 2398 1490 2431 exinanirit,
1515 2398 1629 2432 formam
1649 2399 1718 2425 serui

928 2444 1074 2476 accipiens,
1098 2444 1124 2471 in
1142 2444 1341 2470 similitudinem
1367 2444 1503 2470 hominum
1531 2444 1617 2478 factus
1630 2443 1662 2477 ⁶;
1682 2444 1716 2471 ad

929 2489 1068 2517 Romanos
1083 2497 1147 2516 vero
1169 2490 1315 2518 scribens:
1334 2489 1411 2522 Quod
1431 2490 1501 2517 enim
1511 2495 1570 2517 erat
1591 2491 1715 2524 impossi-

929 2535 979 2562 bile
1000 2535 1066 2570 legi,
1091 2537 1118 2563 in
1144 2545 1195 2571 quo
1215 2535 1404 2569 inﬁrmabutur
1431 2543 1476 2570 per
1503 2544 1620 2567 carnem,
1635 2535 1716 2563 \Deus

930 2580 1031 2608 Filium
1047 2590 1124 2609 suum
1149 2583 1255 2609 mittens
1280 2582 1306 2608 in
1328 2581 1502 2609 similitudine
1523 2583 1621 2614 carnis,
1644 2587 1669 2608 et
1685 2581 1717 2608 de

929 2632 1034 2660 peccato
1048 2627 1229 2655 condemnavit
1244 2632 1378 2662 peccatum
1395 2628 1421 2654 in
1439 2636 1517 2654 carne
1529 2628 1549 2654 ⁷.
1569 2627 1614 2655 Sic
1632 2627 1717 2660 igitur

931 2673 984 2699 hoc
1003 2673 1106 2708 duplici
1132 2673 1290 2701 testimonio
1304 2681 1336 2700 ex
1360 2673 1494 2701 ambabus
1517 2672 1646 2708 Epistolis
1667 2672 1716 2699 de-

931 2723 1066 2753 prompto,
1085 2719 1119 2746 ab
1139 2727 1270 2754 corporea
1292 2724 1388 2746 natura
1412 2718 1600 2745 similitudinis
1625 2717 1713 2744 notio-

931 2772 992 2791 nem
1024 2765 1051 2791 in
1080 2764 1241 2799 incorporeo
1266 2763 1347 2791 Patre
1373 2763 1496 2798 Filioque
1523 2761 1714 2797 perdiscimus.

1112 2819 1214 2847 ‘Iuau.
1244 2820 1339 2849 “v.9.
1391 2819 1511 2846 “Matth.
1544 2826 1637 2852 xxvut,
1675 2817 1718 2845 19.
