1931 3041
222 127 271 156 ΗΞ

919 128 947 156 S.
970 126 1142 157 EPIPHANII

1815 127 1871 156 456

221 185 366 221 Siquidem
381 185 427 213 illa
446 184 538 218 verba,
559 184 686 213 Formam
699 187 768 214 servi
782 186 923 221 accipiens,
941 191 966 213 et
983 186 1010 213 in

1078 186 1113 213 μὲν
1128 185 1194 221 γὰρ,
1211 185 1338 221 Μορφὴν
1345 185 1457 213 δούλου
1469 185 1580 215 λαϐὰν.
1595 186 1687 214 καὶέν
1696 187 1871 222 ὁμοιώματι

221 231 423 263 similitudinem
437 232 573 259 hominum
588 231 686 266 factus,
697 239 808 260 carnem
826 233 903 260 illum
921 240 937 260 e
949 231 1011 259 Vir-

221 279 285 314 gine
308 278 462 312 sumpsisse
492 277 646 305 declarant.
672 277 855 310 Quamobrem
881 278 927 305 illa
953 278 1011 314 ipsa

221 331 298 355 caro,
319 331 402 359 quam
418 323 465 350 Dei
481 323 568 351 Filius
585 323 685 356 induit,
701 324 796 352 eadem
818 329 860 351 est
882 332 945 351 cum
960 331 1013 351 cae-

221 373 345 396 terorum
366 368 507 396 hominum
526 376 627 396 carne:
646 369 680 396 ad
698 369 840 396 hominum
861 377 926 397 vero
938 370 1014 397 simi-

221 414 366 442 litudinem
382 421 444 442 esse
458 413 571 446 dicitur,
590 415 720 450 quoniam
733 423 789 443 non
804 415 875 442 virili
898 421 958 443 satu
980 423 1012 443 ac

222 460 374 489 concubitu
389 460 533 488 hominum
544 468 621 488 more
632 465 782 497 prognatus
796 465 849 489 est.
859 461 918 489 Non
932 469 1013 490 secus

222 514 255 534 ac
268 505 356 534 Filius
374 513 437 534 cum
454 506 570 541 spiritus
593 508 656 540 sit,
694 512 721 535 ct
747 507 860 542 spiritus
885 515 900 534 a
932 507 1013 536 Patre

222 553 345 588 genitus,
367 556 506 588 quatenus
525 554 640 589 spiritus
655 561 670 580 a
688 553 786 588 spiritu
806 553 917 586 prodiit,
942 553 1014 580 idem

222 602 266 626 est
283 606 347 626 cum
371 599 429 631 illo,
446 599 517 627 sicut
532 604 670 634 quatenus
690 606 755 626 caro
776 607 808 627 ex
825 606 908 627 carne
926 598 1015 626 factus

223 647 279 676 est,
301 643 387 671 Maria
408 644 547 675 videlicet.
571 644 644 672 idem
665 650 707 672 est
724 652 787 672 cum
812 652 905 672 carne.
928 644 1015 673 Porro

223 692 361 722 quatenus
377 688 437 716 sine
453 687 600 724 proﬂuvio,
617 689 745 723 passione
759 697 792 717 ac
807 689 942 718 divisione
960 690 1015 717 ulla

223 739 241 759 a
256 731 337 761 l‘atre
353 733 463 769 genitus
483 738 535 767 est,
555 733 646 762 Patris
664 738 708 763 est
727 735 844 768 similis;
872 743 923 763 nec
943 735 1016 764 idem

224 785 288 805 cum
300 786 344 811 eo,
365 779 406 806 sic
429 783 457 807 et.
474 779 562 808 Filius
584 781 737 808 secundum
752 788 875 815 carnem,
890 781 925 809 ad
940 782 1017 809 simi-

226 823 366 852 litudinem
382 825 518 853 hominum
531 826 620 861 factus
630 833 677 861 est,
692 835 744 855 nec
758 832 800 856 est
816 827 888 855 idem
904 829 1016 856 omnino

226 876 289 896 cum
308 869 431 898 homine.

262 913 357 942 XVIII.
373 914 458 951 Igitur
472 917 500 944 in
516 916 638 952 Epistola
655 918 689 946 ad
703 918 894 954 Philippenses
907 919 959 946 hoc
971 919 1016 947 ille

226 966 279 987 nos
295 958 400 992 docuit,
416 962 555 995 quomodo
569 962 630 991 Filii
647 963 804 998 hypostasis
823 963 913 992 Patris
931 964 1016 1000 hypo-

227 1004 297 1034 ειδεί
313 1005 348 1031 sit
363 1005 477 1039 similis;
493 1005 615 1042 Spiritus
626 1008 699 1035 cnim
711 1015 726 1034 a
737 1007 819 1036 Patre
831 1009 1014 1044 progreditur.

227 1049 320 1084 Quare
341 1051 364 1079 si
378 1052 500 1087 spiritus
526 1054 667 1082 notionem
691 1056 862 1088 consideres,
883 1056 954 1084 idem
975 1062 1018 1085 est

227 1104 292 1126 cum
318 1097 410 1130 Patre,
429 1100 544 1135 perinde
571 1108 604 1129 ac
619 1101 712 1130 carnis
739 1102 815 1130 illum
842 1104 920 1132 notio
945 1104 1017 1132 idem

228 1149 293 1172 cum
321 1143 432 1172 homine
453 1145 608 1174 constituit.
632 1145 692 1174 Non
719 1146 789 1175 idem
812 1155 878 1176 vero
901 1152 954 1180 est,
971 1149 1017 1176 sed

228 1187 328 1216 similis
342 1188 487 1222 duntaxat,
501 1194 638 1225 quatenus
655 1191 771 1227 spiritus
795 1192 851 1226 ille,
865 1193 911 1229 qui
933 1192 1018 1223 Filius

229 1238 284 1265 est,
300 1241 354 1262 non
370 1238 413 1263 est
426 1234 518 1264 Pater.
536 1235 570 1262 Et
587 1236 634 1264 illa
646 1244 722 1270 caro,
733 1245 816 1273 quam
833 1239 885 1266 sibi
899 1238 1018 1268 Verbum

229 1279 367 1314 adjunxit,
377 1287 432 1308 non
442 1288 458 1309 e
469 1282 543 1309 virili
556 1286 618 1310 satu
629 1290 662 1311 ac
673 1283 812 1319 voluptate
824 1285 1018 1320 proﬁciscitur,

230 1324 279 1354 sed
290 1333 324 1353 eo
334 1326 425 1359 modo,
440 1329 486 1362 qui
501 1327 530 1355 in
548 1327 695 1364 Evangelia
709 1330 857 1359 traditur‘.
874 1331 922 1359 His
939 1332 1022 1368 igitur

231 1371 373 1404 omnibus,
387 1376 417 1399 ut
440 1377 521 1401 antea
540 1373 644 1402 dictum
660 1380 713 1408 est,
729 1377 959 1411 quemadmodum
974 1377 1021 1405 Fi-

233 1414 300 1446 lius.
317 1421 454 1451 quatenus
467 1423 510 1446 est
527 1425 561 1446 ac
576 1419 705 1447 subsistit
721 1420 790 1456 ipse,
804 1421 878 1449 Patri
890 1422 917 1449 in
931 1423 1022 1450 omni-

232 1458 286 1488 bus
301 1460 338 1488 sit
355 1461 465 1495 similis,
481 1462 569 1491 Filius
585 1471 635 1492 nos
654 1463 774 1492 edocuit.
788 1465 1021 1498 Quemadmodum

233 1512 301 1535 Vero
318 1507 459 1536 voluntate
481 1513 507 1536 et
522 1510 631 1538 actione
654 1511 839 1546 operibusque
856 1512 892 1540 sit
912 1513 1022 1547 similis,

235 1560 271 1581 ex
285 1552 406 1588 Epistula
420 1554 455 1582 ad
470 1555 611 1584 Romanos
628 1557 787 1590 didicimus,
805 1558 850 1586 ubi
872 1559 917 1586 ille
933 1559 1001 1587 dixit
1015 1570 1022 1588 :

234 1596 272 1628 In
294 1600 467 1628 similitudine
487 1601 569 1638 865
597 1603 687 1631 carnis
713 1604 815 1638 peccati
843 1605 1026 1633 condemnavit

234 1649 373 1682 peccatum
384 1646 412 1673 in
427 1654 506 1674 carne
515 1648 536 1675 ’.
547 1647 614 1674 Nam
630 1648 676 1675 illa
693 1657 768 1684 caro,
783 1657 865 1685 quam
876 1650 925 1678 Dei
939 1651 1026 1680 Filius

236 1687 339 1722 induit,
357 1690 421 1717 licet
447 1691 543 1719 eadem
570 1696 646 1720 esset
657 1700 736 1734 ocum
759 1701 843 1722 carne
861 1696 978 1730 peccati,
1000 1699 1027 1723 et

236 1735 334 1763 eodem
356 1737 438 1764 modo
466 1737 500 1764 ad
527 1737 644 1772 famem,
675 1740 749 1767 sitim
779 1745 862 1775 atque
889 1749 1026 1774 somnum,

237 1788 295 1818 quo
321 1782 426 1817 reliqua
443 1790 508 1810 caro
533 1784 623 1811 omnis
648 1782 844 1820 impelleretur,
869 1785 912 1814 his
936 1789 1028 1813 tamen

238 1828 370 1856 omnibus
382 1836 556 1863 nequaquam
572 1829 606 1856 ad
622 1835 733 1865 peccata
747 1832 949 1858 concitabatur.
962 1831 1028 1859 Pro-

240 1878 334 1912 pterea
354 1874 424 1901 dixit
442 1875 603 1909 Apostolus,
622 1875 656 1902 In
675 1877 850 1904 similitudine
865 1877 954 1904 carnis
970 1885 1030 1911 pec-

240 1920 312 1953 cati,
338 1919 411 1954 quod
440 1920 534 1947 eodem
562 1928 625 1948 cum
651 1921 698 1948 illo
719 1921 837 1949 recidit:
863 1923 1030 1958 Quacumque

193 1961 199 1968 “
240 1966 313 1994 enim
335 1965 418 1993 Pater
440 1966 517 2002 facit,
542 1967 597 1994 Itan:
619 1971 644 1994 et
668 1966 757 1994 Filius
781 1967 904 1994 similiter
927 1967 994 2002 facit
1007 1969 1029 1995 ³.

241 2012 310 2042 Nam
328 2011 410 2040 Patcr
430 2021 491 2040 cum
514 2013 550 2040 sit
575 2012 707 2048 spiritus,
731 2017 861 2048 tanquam
885 2013 1030 2049 principali

243 2059 326 2088 modo
342 2058 418 2091 facit,
431 2059 517 2086 Filius
530 2066 595 2086 vero
606 2059 653 2094 qui
666 2064 692 2086 et
708 2059 767 2094 ipse
779 2059 894 2094 spiritus
909 2065 962 2094 est,
976 2069 1031 2089 non

242 2105 388 2141 principali
410 2106 502 2137 modo,
527 2105 601 2133 velut
619 2105 709 2137 Pater,
733 2105 782 2133 sed
805 2106 931 2134 similiter
954 2107 1029 2135 facit.

241 2150 378 2185 Quocirca
393 2151 416 2178 si
434 2158 545 2179 carnem
559 2151 688 2186 utrinque
698 2156 804 2186 spectes
813 2173 820 2185 ,
834 2151 903 2179 idem
915 2158 956 2180 est
968 2160 1031 2181 cum

1064 232 1227 267 ἀνθρώπων
1239 232 1410 267 γενόμενος,
1426 231 1570 264 δείκνυσιν,
1587 233 1666 259 δτιέκ
1679 233 1732 268 τῆς
1748 234 1871 269 Παρθέ-

1062 287 1109 305 νου
1131 278 1220 314 σάρκα
1234 278 1374 305 ἀνέλαϐεν.
1395 278 1499 305 Οὐκοῦν
1518 279 1536 314 ἠ
1552 279 1631 314 σὰρξ,
1644 279 1679 315 ἢν
1697 279 1842 306 ἀνέλαϐεν
1856 281 1871 307 6

1065 325 1130 356 Υἱὸς
1145 324 1193 351 τοῦ
1215 324 1294 355 Θεοῦ,
1320 324 1396 361 αὑτὴ,
1406 324 1454 359 μὲν
1465 324 1523 351 ἐστι
1537 326 1571 360 τῇ
1587 326 1668 360 σαρκὶ
1683 325 1740 351 τῶν
1753 324 1871 360 ἀνθρὼ-

1065 379 1134 398 πων.
1157 371 1201 398 Ἐν
1217 369 1370 406 ὁμοιώματι
1386 370 1414 397 δὲ
1431 370 1583 406 ἀνθρώπων
1598 371 1682 403 ἐστὶν,
1698 371 1798 407 ἐπειδὴ
1815 372 1870 398 οὐκ

1063 419 1096 444 ὲκ
1112 418 1216 454 σπορᾶς
1228 418 1265 449 ὼς
1280 417 1427 454 ἄνθρωποι,
1441 417 1500 444 οὐδὲ
1512 419 1544 443 ἐκ
1560 417 1653 452 κοίτης
1669 417 1769 453 ἀνδρὸς
1787 419 1870 452 ὲγεν-

1064 463 1198 499 νήθη.Ὡς
1214 463 1286 489 κατὰ
1296 463 1341 489 τὸν
1357 463 1448 498 ὅμοιον
1459 463 1568 498 τῴπον,
1582 463 1628 490 καὶ
1645 463 1732 495 όΥἱὸς
1749 463 1869 499 πνεῦμα

1064 509 1114 542 ὣν,
1130 510 1177 537 καὶ
1189 511 1221 537 ὲκ
1234 509 1282 536 τοῦ
1301 509 1407 545 Πατρὸς
1429 509 1536 544 πνεῦμα
1552 509 1703 545 γεννηθεὶς,
1722 509 1801 536 κατὰ
1814 511 1867 546 μὲν

1065 555 1095 582 τὸ
1110 555 1217 591 πνεῦμα
1227 556 1260 582 ὲκ
1275 555 1429 590 πνεύματος
1446 553 1525 587 εἶναι.
1537 555 1569 582 τὸ
1579 555 1645 582 αὐτό
1659 556 1743 588 ἐστιν,
1764 555 1868 592 ὥσπερ

1067 600 1119 637 (τὸ)
1132 601 1203 628 κατὰ
1214 601 1244 627 τὸ
1260 601 1327 637 σὰρξ
1347 601 1379 627 ὲκ
1394 601 1495 636 σαρκὸς
1507 599 1631 637 εἷναιτῆς
1644 602 1755 636 Μαρὶας
1765 610 1772 617 ’
1791 602 1867 628 κατὰ

1066 647 1094 674 δὲ
1114 646 1146 673 τὸ
1166 647 1234 674 ίνευ
1262 646 1412 682 ἀποῤῥοίας
1426 639 1473 673 καί
1487 645 1591 678 πάθους
1605 646 1654 673 καὶ
1670 647 1812 682 μερισμοῦ
1833 647 1867 674 ἐκ

1066 692 1113 720 τοῦ
1136 691 1241 728 Πατρὸς
1255 691 1428 728 γεννηθῆναι,
1448 691 1540 726 ὅμοιός
1561 691 1618 718 ἐστι
1634 691 1674 726 τῷ
1688 692 1793 728 Πατρί·
1817 693 1867 720 καὶ

1066 737 1118 765 οὐκ
1131 737 1212 769 αὐτὸς
1224 737 1239 764 6
1252 736 1322 764 κατὰ
1336 737 1425 773 σάρκα
1437 736 1513 768 Υἱὸς,
1526 736 1562 763 ἐν
1573 736 1733 771 ὁμοιώματι
1744 738 1865 773 ἀνθρώ-

1068 791 1133 824 πρν
1144 783 1220 816 ἐστι,
1238 782 1286 810 καὶ
1298 783 1348 809 οὐκ
1362 782 1427 809 αὐτὸ
1443 783 1514 810 κατὰ.
1529 782 1616 809 πάντα
1632 782 1788 819 ἄνθρωπος.

1102 914 1155 940 ΙΗ¹.
1176 914 1280 941 Οὐκοῦν
1289 914 1332 941 διὰ
1346 914 1395 949 τῆς
1405 914 1474 950 πρὸς
1486 913 1681 951 Φιλιππησιους
1699 915 1865 951 Ἐπιστολῆς

1067 960 1185 994 ἐδίδαξεν
1209 961 1294 996 ἡμᾶς,
1321 961 1380 992 πῶς
1410 961 1427 996 ἡ
1451 960 1599 992 ὑπόστασις
1620 961 1666 987 τοῦ
1686 961 1751 988 Υἱοῦ
1778 962 1864 997 ὁμοία

1067 1006 1126 1033 ἐστὶ
1141 1007 1173 1042 τῇ
1186 1006 1335 1034 ὑποστάσει
1353 1005 1400 1033 τοῦ
1421 1005 1537 1041 Πατρός·
1562 1005 1670 1041 πνεῦμα
1685 1006 1739 1042 γὰρ
1755 1008 1789 1034 ὲκ
1804 1007 1865 1034 Πα-

1066 1052 1140 1087 τρός.
1156 1052 1211 1078 Καὶ
1239 1050 1310 1078 κατὰ
1334 1051 1384 1086 μὲν
1397 1051 1447 1086 τὴν
1462 1050 1508 1077 τοῦ
1527 1050 1634 1086 Πατρὸς
1649 1051 1661 1067 ⁵
1676 1051 1782 1084 ἔννοιαν
1796 1061 1864 1079 ταυ-

1067 1099 1123 1131 τὸν,
1137 1099 1175 1130 ὡς
1187 1098 1258 1125 κατὰ
1269 1098 1317 1134 τὴν
1331 1097 1381 1132 τῆς
1393 1097 1493 1134 σαρκὸς
1503 1097 1607 1124 ἔννοιαν
1619 1098 1727 1126 ταυτόν.
1741 1099 1781 1125 οὐ
1794 1107 1864 1126 ταυ-

1067 1145 1113 1172 ⁴τεὸν
1121 1145 1159 1177 δὲ,
1177 1145 1233 1171 ἀλλ’
1252 1145 1355 1180 ὅμοιον,
1371 1144 1440 1170 διότι
1452 1143 1482 1170 τὸ
1499 1143 1608 1178 πνεῦμα
1627 1144 1641 1170 ὃ
1659 1144 1732 1170 ἐστιν
1746 1145 1761 1171 6
1778 1145 1862 1178 Υἱὸς,

1068 1191 1119 1218 οὐκ
1137 1191 1211 1217 ἔστιν
1225 1191 1239 1216 ὀ
1255 1190 1360 1226 Πατήρ.
1375 1189 1430 1216 Καὶ
1442 1190 1458 1225 ἡ
1474 1188 1542 1225 σὰρξ
1550 1189 1584 1224 ἢν
1596 1190 1610 1217 ό
1618 1189 1703 1224 Λόγος
1714 1189 1860 1224 ἀνέλαϐεν,

1069 1239 1118 1266 οὐκ
1134 1238 1207 1264 ἐστιν
1232 1238 1265 1263 ὲκ
1282 1235 1439 1272 σπέρματος
1457 1236 1504 1262 καὶ
1517 1235 1629 1271 ἡδονῆς·
1644 1235 1701 1262 ἀλλ’
1716 1236 1805 1269 οὕτως
1822 1237 1863 1270 ὡς

1069 1284 1100 1311 τὸ
1117 1282 1279 1318 Εὖαγγέλιον
1298 1283 1371 1318 ἡμᾶς
1389 1281 1502 1314 ἐδίδαξε.
1513 1281 1562 1308 Διὰ
1579 1282 1628 1318 μὲν
1640 1282 1671 1317 δὴ
1690 1281 1804 1315 τούτων,
1823 1283 1863 1315 ὡς

1070 1331 1242 1366 προείρηται,
1265 1328 1324 1360 πῶς
1346 1328 1360 1354 6
1381 1327 1445 1360 Υἱὸς
1461 1327 1534 1355 κατὰ
1550 1327 1582 1354 τὸ
1597 1326 1667 1354 εἶναι
1689 1327 1798 1360 ἑαυτοῦ,
1813 1329 1863 1356 καὶ

1071 1377 1143 1404 κατὰ
1166 1376 1196 1403 τὸ
1223 1374 1347 1410 ὑφεστὼς
1367 1371 1437 1400 εἶναι
1456 1373 1563 1407 ἑαυτοῦ,
1591 1374 1684 1409 ὅμοιός
1707 1374 1767 1401 ἐστι
1790 1375 1863 1401 κατὰ

1073 1423 1164 1450 πάντα
1178 1421 1217 1457 τῷ
1243 1420 1341 1456 Πατρὶ,
1358 1421 1373 1447 6
1389 1419 1453 1452 Υἱὸς
1479 1419 1635 1446 ἐπαίδευσεν
1649 1420 1722 1456 ἡμᾶς
1734 1428 1741 1435 ·
1761 1420 1822 1453 πῶς
1834 1420 1863 1447 δὲ

1073 1469 1164 1506 ὅμοιός
1189 1460 1249 1495 ἔστι
1277 1467 1348 1494 κατὰ
1363 1465 1412 1502 τὴν
1437 1465 1561 1502 βούλησιν
1583 1466 1630 1493 καὶ
1646 1466 1695 1502 τὴν
1710 1467 1861 1502 ἐνέργειαν,

1038 1527 1060 1556 c
1076 1516 1123 1543 καὶ
1138 1515 1172 1542 τὰ
1185 1514 1369 1549 ἐνεργήματα,
1383 1512 1427 1539 διὰ
1441 1512 1490 1547 τῆς
1503 1512 1571 1547 πρὸς
1587 1512 1748 1548 Ῥωμαίους,
1762 1513 1808 1547 ἀφ’
1825 1509 1864 1540 ὧν

1076 1563 1184 1600 εἴρηκεν
1191 1568 1199 1575 ·
1217 1559 1426 1595 Ἐνόμοιὼματι
1433 1558 1547 1592 σαρκὸς
1557 1558 1700 1592 ἁμαρτίας
1711 1557 1864 1593 κατέκρινε

1075 1608 1134 1642 τὴν
1143 1606 1289 1642 ἁμαρτίαν
1300 1604 1380 1639 ἐνῖῇ
1390 1604 1490 1639 σαρκί.
1513 1604 1545 1630 Ἦ
1557 1603 1611 1640 γὰρ
1620 1603 1689 1640 αὐτὴ
1704 1603 1770 1639 σὰρξ
1786 1602 1864 1638 οὖσα,

1077 1654 1111 1688 ἢν
1137 1651 1269 1679 ἀνέλαϐεν
1284 1652 1299 1677 6
1313 1650 1377 1681 Υἱὸς
1392 1649 1439 1676 τοῦ
1461 1648 1539 1681 Θεοῦ,
1560 1650 1594 1685 τῇ
1621 1649 1757 1685 ἁμαρτίας
1772 1650 1863 1685 σαρκὶ,

1078 1698 1126 1725 καὶ
1150 1697 1249 1733 ὁμοίως
1271 1695 1416 1731 κινουμένη
1437 1695 1507 1730 πρὸς
1530 1696 1634 1727 πεῖναν,
1653 1695 1699 1722 καὶ
1712 1695 1803 1730 δὲψαν,
1818 1696 1866 1722 καὶ

1079 1744 1173 1776 ὕπνον,
1188 1743 1226 1775 ὠς
1249 1743 1323 1769 πᾶσα
1344 1742 1421 1777 σὰρξ,
1442 1742 1474 1768 ὲκ
1492 1741 1594 1768 τούτων
1606 1741 1799 1777 ἁμαρτητικῶς
1815 1741 1867 1768 οὐκ

1079 1791 1204 1817 ἐκινεῖτο.
1215 1788 1260 1815 Διὸ
1275 1789 1397 1823 εἴρηται·
1407 1787 1459 1814 Ἐν
1470 1786 1627 1821 ὁμοιώματι
1646 1786 1760 1820 σαρκὸς
1776 1787 1869 1821 ἁμαρ

1079 1835 1155 1867 τίας,
1185 1835 1254 1869 ὅπερ
1279 1833 1371 1868 ὅμοιόν
1385 1833 1442 1858 ἐστι
1460 1831 1516 1867 τῷ,
1531 1831 1624 1866 Ἂπερ
1637 1831 1693 1866 γὰρ
1713 1833 1730 1858 ὀ
1755 1831 1867 1865 Πατὴρ,

1080 1879 1237 1907 ταῦτακαὶ
1260 1880 1277 1906 ό
1303 1877 1376 1910 ’Υιὸς
1395 1876 1503 1911 ὁμοίως
1530 1875 1616 1903 ποιεῖ.
1647 1875 1676 1902 '0
1696 1875 1751 1910 γὰρ
1775 1874 1868 1910 Πατὴρ

1081 1925 1191 1961 πνεῦμα
1216 1924 1265 1956 ὢν,
1290 1921 1456 1954 αὑθεντικῶς
1482 1923 1564 1948 ποιεῖ.
1585 1921 1614 1948 Ὀ
1633 1921 1661 1949 δὲ
1688 1919 1869 1956 Γίὸς,πνεῦμα

1081 1971 1129 2005 ὢν,
1153 1971 1202 1997 οὐκ
1227 1968 1393 2000 αὑθεντικῶς
1424 1968 1506 1999 ποιεῖ,
1536 1967 1574 1998 ὠς
1611 1967 1626 1993 6
1660 1966 1771 2001 Πατὴρ,
1811 1966 1868 1993 ἀλλ’

1081 2017 1192 2053 ὁμοίως.
1218 2014 1322 2042 Οὐκοῦν
1349 2013 1415 2041 καθὸ
1441 2013 1490 2049 μὲν
1505 2011 1575 2048 σὰρξ
1596 2012 1644 2038 καὶ
1668 2011 1747 2047 σὰρξ,
1761 2011 1868 2044 ταυτὸν,

1082 2062 1177 2097 ὥσπερ
1199 2060 1268 2088 καθὸ
1290 2059 1399 2095 πνεῦμα
1420 2059 1468 2086 καὶ
1494 2058 1616 2094 πνεῦμα,
1636 2057 1825 2084 ταυτὸν-καθὸ
1840 2058 1868 2084 δὲ

1082 2108 1146 2135 ἄνευ
1159 2106 1273 2141 σπορᾶς,
1288 2105 1318 2132 οὺ
1331 2104 1439 2136 ταυτὸν,
1447 2103 1504 2130 ἀλλ’
1512 2104 1615 2138 ὅμοιον·
1628 2102 1722 2138 ὥσπερ
1733 2102 1797 2129 καθὸ
1806 2102 1868 2130 ἄνευ

1085 2153 1237 2190 ἀπορροίας
1252 2152 1300 2179 καὶ
1316 2151 1419 2182 πάθους
1428 2151 1442 2177 6
1450 2149 1525 2183 Υἱὸς,
1538 2150 1569 2176 οὐ
1583 2149 1689 2182 ταυτὸν,
1701 2149 1758 2176 ἀλλ’
1768 2149 1866 2184 ὅμοιον.

243 2197 402 2225 hominibus
425 2197 563 2230 Christus,
595 2205 675 2233 quem
692 2197 837 2225 admodum
858 2198 881 2225 si
905 2199 1022 2234 spiritun

1089 2200 1156 2236 [Kal
1166 2198 1232 2225 καθὸ
1245 2198 1295 2233 μὲν
1312 2196 1380 2233 σὰρξ
1393 2197 1440 2223 καὶ
1451 2195 1528 2231 σὰρξ,
1537 2195 1646 2228 ταυτὸν,
1655 2195 1692 2227 ὡς
1709 2194 1776 2221 καθὸ
1788 2195 1868 2222 meﬁ—

243 2245 372 2280 utrinque
383 2247 500 2278 spectes,
509 2243 580 2271 idem
598 2246 641 2271 est
651 2251 712 2270 cum
723 2243 811 2271 Patre.
825 2243 885 2271 Jam
897 2249 1033 2280 quatenus

244 2290 304 2318 sine
318 2290 422 2318 semine
435 2289 544 2324 genitus
554 2292 606 2321 est,
619 2297 674 2317 non
698 2289 769 2317 idem
786 2296 837 2321 est,
853 2290 899 2318 sed
916 2291 1032 2324 similis;

243 2336 359 2371 perinde
385 2339 467 2370 atque
490 2339 627 2370 quatenus
653 2335 713 2363 sine
743 2335 877 2371 proﬂuvio
904 2337 970 2369 ullo,
1001 2343 1034 2363 ac

243 2382 375 2418 passione
395 2382 530 2417 processit
542 2381 637 2416 Filius,
659 2390 713 2410 non
731 2383 801 2410 idem
818 2387 871 2414 est,
888 2382 935 2410 sed
955 2382 1033 2410 simi-

245 2430 290 2458 lis.
305 2429 446 2463 Quatenus
457 2437 522 2458 vero
534 2430 561 2457 in
577 2430 752 2458 similitudine
765 2434 803 2457 est
813 2430 902 2457 carnis
921 2430 1032 2464 peccati,

245 2483 301 2503 non
320 2476 392 2503 idem
413 2479 455 2503 est
476 2482 539 2503 cum
561 2476 653 2503 carnis
671 2475 912 2506 commotionibus,
931 2474 979 2502 sed
997 2475 1035 2502 si-

1089 2245 1183 2282 μακαὶ
1193 2244 1314 2279 πνεῦμα,
1323 2243 1421 2270 ταυτὸν
1465 2243 1532 2270 καθὸ
1544 2243 1572 2270 δὲ
1586 2243 1621 2270 ἐν
1633 2242 1789 2278 ὁμοιώματι
1799 2250 1868 2277 σαρ-

1087 2292 1141 2325 κὸς
1162 2291 1317 2326 ἁμαρτίας,
1333 2289 1425 2324 ὅμοιος
1438 2290 1495 2320 τοῖς
1515 2289 1616 2325 σαρκὸς
1628 2290 1770 2324 κινήμασι,
1782 2289 1826 2315 καὶ
1838 2289 1866 2315 οὐ

1087 2337 1195 2365 ταυτόν.
1214 2336 1319 2371 Ὥσπερ
1333 2332 1379 2361 οὖν
1403 2335 1432 2361 ὲν
1453 2334 1604 2370 ὁμοιώματι
1624 2334 1757 2369 κινήσεως
1773 2335 1786 2361 6
1798 2335 1867 2366 Υἱὸς,

1086 2382 1271 2418 ὑπουργικῶς,
1284 2382 1332 2408 καὶ
1346 2381 1376 2408 οὐ
1395 2381 1503 2412 ταυτὸν,
1517 2380 1553 2412 ὡς
1568 2381 1582 2407 6
1594 2380 1689 2416 Πατὴρ
1699 2380 1865 2412 αὐθεντικῶς.

1088 2430 1123 2455 ’Δ
1137 2429 1191 2465 γὰρ
1203 2430 1216 2455 6
1232 2428 1327 2464 Πατὴρ
1341 2428 1422 2459 ποιεῖ,
1444 2426 1531 2454 ταῦτα
1550 2427 1598 2453 καὶ
1609 2426 1624 2452 6
1639 2426 1712 2458 Υῑὸς,
1728 2426 1776 2462 οὐχ
1788 2426 1867 2459 οὕτως

1088 2475 1168 2506 αὐτὸς
1182 2475 1262 2507 ποιεῖ,
1278 2473 1334 2500 ἀλλ’
1345 2473 1454 2508 ὁμοίως.

245 2522 400 2550 milis.Non
420 2522 498 2550 aliter
513 2526 594 2558 atque
605 2522 676 2550 idem
691 2522 737 2557 qui
753 2521 946 2549 commotionis
975 2521 1050 2549 illius
1068 2520 1277 2548 similitudinem
1306 2519 1408 2551 habet,
1447 2518 1533 2546 Filius
1563 2518 1780 2547 administrando
1808 2527 1864 2548 cum

228 2568 326 2596 tPatre
344 2569 433 2598 facere
456 2569 567 2602 dicitur,
584 2578 639 2597 non
663 2569 734 2596 idem
754 2576 815 2596 esse
842 2576 904 2596 cum
925 2568 983 2601 illo,
1010 2573 1058 2596 aut
1085 2569 1231 2604 principali
1260 2567 1341 2595 modo
1372 2567 1472 2595 facere.
1502 2566 1569 2594 Nam
1597 2574 1766 2602 quaecunque
1791 2566 1866 2596 Pater

246 2614 322 2646 facit,
343 2614 436 2642 eadem
452 2618 479 2642 et
490 2614 587 2646 Filius,
606 2621 661 2641 non
679 2613 774 2640 eodem
791 2617 882 2641 tamen
903 2613 994 2647 modo,
1011 2613 1059 2641 sed
1079 2613 1206 2641 similiter
1222 2611 1298 2640 facit.

282 2660 320 2687 Ex
335 2659 378 2688 his
392 2667 456 2688 vero
470 2660 599 2688 omnibus
618 2659 791 2694 perspicuum
808 2663 862 2691 est,
885 2658 984 2687 Filium
1007 2659 1036 2686 in

247 2707 374 2735 omnibus
389 2707 478 2736 Patris
490 2715 551 2734 esse
566 2706 693 2738 similem,
711 2706 938 2742 quotnadmodum
951 2705 1037 2735 Filius

247 2749 335 2778 Patris
348 2759 409 2779 esse
422 2751 519 2779 similis
534 2751 624 2784 debet,
642 2758 657 2778 a
670 2758 725 2786 quo
741 2751 848 2786 proprie
862 2756 904 2779 est
922 2759 953 2779 ac
969 2752 1037 2787 legi-

285 2828 294 2844 '
309 2827 375 2856 Luc.
396 2835 416 2862 ι,
434 2827 479 2856 55.
517 2826 616 2855 ’Rom.
633 2836 692 2862 vin,
705 2829 730 2857 3.

1124 2660 1179 2687 Kal
1202 2659 1318 2695 φανερὸν
1338 2660 1370 2686 ὲκ
1387 2658 1500 2691 τούτων,
1524 2658 1565 2685 ὅτι
1587 2657 1658 2685 κατὰ
1678 2658 1766 2686 πάντα
1781 2660 1794 2685 6
1808 2660 1865 2693 Υἱὸς

1087 2705 1179 2740 ὅμοιός
1194 2705 1251 2732 ἐστι
1265 2704 1303 2740 τῷ
1315 2704 1413 2739 Πατρὶ,
1428 2703 1465 2735 ὡς
1481 2705 1494 2730 6
1509 2703 1572 2736 Υἱὸς
1585 2703 1673 2739 Πατρὶ
1683 2703 1712 2736 ἐξ
1722 2704 1799 2732 αὑτοῦ
1810 2714 1866 2743 γνη-

1090 2752 1155 2783 σίως
1182 2750 1387 2787 γεγεννημένος.
1411 2750 1472 2777 Τῶν
1491 2749 1545 2786 γὰρ
1566 2749 1675 2777 ἀτόπων
1701 2750 1784 2784 ἐστὶν,
1807 2751 1865 2779 Υῑὸν

1300 2799 1311 2814 Ι

769 2829 779 2845 ³
799 2828 878 2857 Juan.
896 2836 921 2864 ν,
938 2828 981 2857 19.
1020 2827 1073 2856 "F.
1087 2827 1257 2864 Πνεύματος.
