1931 3041
97 115 151 145 .537

97 176 167 204 θεοῦ
186 177 268 205 αὑτὸν
287 179 339 215 πρὸ
353 181 459 209 αἰώνων
477 184 643 221 ὑπάρχοντα,
664 189 711 216 καὶ
725 191 795 218 κατά

96 224 163 250 ιιντα
179 225 245 252 Θεὸν
262 226 293 253 ὲκ
305 227 372 254 Θεοῦ
386 229 433 255 τοῦ
455 230 572 266 Πατρὸς,
593 233 637 260 ὅτε
651 235 727 271 παρὰ
743 224 823 271 φύσιν
837 239 885 274 μὲν

97 269 196 296 ἑαυτοῦ
214 270 247 297 ὲκ
265 271 376 307 Μαρίας
399 273 509 308 γέγονεν
525 276 676 314 ἄνθρωπος,
694 269 788 316 ῦμοιον
805 269 886 311 αὐτὸν

97 315 227 349 γενέσθαι
247 318 304 348 τοῖς
324 319 394 345 κατὰ
413 319 494 354 φύσιν
515 322 668 358 ἀνθρώποις
687 326 716 353 ἐν
734 327 773 362 τῷ
788 329 885 356 ἑαυτοῦ

97 359 174 409 παρὰ
188 359 276 409 φῦσιν.
291 362 371 398 Παρὰ
384 363 464 409 φύσιν
479 365 532 402 γὰρ
547 365 581 402 ἧν
607 369 682 405 αὑτῷ
695 359 822 406 Θεῷ-ὄντι
839 383 886 409 γε-

97 403 193 454 νέσθαι
210 404 362 441 ἄνθρωπονο
388 408 418 434 ἐν
440 409 479 445 τῷ
493 411 565 438 κατὰ
578 403 711 447 φύσιν-δὲ
731 403 827 444 εαυτοῦ
844 403 886 454 ’μὴ

97 447 169 477 εἶναι
184 451 265 478 αὐτὸν
283 453 375 488 ὅμοιον
386 454 425 490 τῷ
440 457 527 492 Πατρὶ
542 458 581 493 τῷ
600 461 768 496 γεννήσαντι.
787 463 819 489 Εἰ

97 495 128 522 ἐν
141 496 181 532 τῷ
195 497 270 532 παρὰ
286 498 367 532 φύσιν
385 501 483 528 ἑαυτοῦ
498 502 592 538 ὅμοιός
608 495 738 539 ἐστιγτοῖς
753 508 823 535 κατὰ

97 549 152 571 σιν,
170 542 260 578 πολλῷ
271 544 351 571 πλέον
363 545 456 580 ὅμοιός
467 548 540 575 ἐστιν
551 550 579 576 ἐν
593 550 632 586 τῷ
645 552 715 579 κατὰ
727 552 807 587 φύσιν
821 542 886 581 ἑαυ-

96 586 146 613 τοῦ
162 587 201 623 τῷ
217 589 288 616 κατὰ
308 589 388 624 φύσιν
408 593 527 628 γνησίως
547 595 627 622 αὐτὸν
646 586 820 634 γεγεννηκότι
835 601 887 627 Πα-

95 633 153 668 τρί.
171 633 252 660 ’Ὥστε
266 635 298 661 τὸ
316 636 408 671 ὅμοιον
427 637 498 665 εἶναι
517 640 589 667 κατὰ
604 642 695 670 πάντα
709 633 759 670 τὸν
772 644 833 672 Υίὺν
846 645 886 681 τῷ

97 679 187 713 Πατρὶ
211 681 389 714 προσκεῖσθαι
409 683 480 711 κατὰ
501 684 552 717 τὰς
575 687 696 722 Γραφάς.
720 689 832 725 Ὃμοιος

96 724 208 759 ἐνοήθη,
223 725 261 756 ὡς
275 725 393 759 ἐδίδαξεν
405 724 478 763 ἡμεῖς
494 731 543 765 τὴν
555 731 601 758 τοῦ
615 733 707 767 ὁμοίου
724 724 827 763 ἔννοιαν
842 737 886 764 διὰ

59 788 63 791 ι
96 769 153 817 τεῦ-ι
169 772 374 817 προειρημένων
391 775 406 801 ὁ
428 775 598 809 ’Δπόστολος.
614 779 726 814 ’Όμοιος
744 781 798 817 γάρ
816 783 884 816 ἐστι,

97 814 231 862 7.0.1”:an
318 817 351 844 ὲκ
366 818 449 854 ζωῆς,
465 820 522 855 φῶς
541 821 573 848 ὲκ
589 824 687 857 φωτὸς,
700 814 886 862 κιὶνάληοινὺς

414 123 598 156 ADVERSUS
616 128 786 160 "IERESES
800 132 863 162 LIB.
883 135 927 164 ill.
948 137 1028 166 TOM.
1050 139 1106 167 l.-—
1115 139 1252 170 lI/ERES.
1273 142 1389 174 LXXIII.

1670 150 1722 178 ‘38

808 192 888 242 φύσιν
902 199 926 227 Α
940 196 1006 224 time
1014 199 1132 233 genitus.
1150 199 1217 229 illud
1231 203 1303 232 enim
1318 208 1360 231 est
1379 204 1536 239 absurdum,
1552 205 1650 233 Filium
1662 206 1720 242 Del,

936 242 983 277 qui
1007 245 1115 273 saeculis
1137 247 1262 276 omnibus
1286 250 1406 277 anterior
1430 256 1489 284 est,
1513 255 1541 279 et
1563 253 1721 281 naturaliter

936 287 1009 317 Deus
1029 297 1045 317 a
1066 290 1121 319 Deo
1137 291 1217 322 Patre
1237 296 1380 329 processit,
1399 303 1461 324 cum
1482 302 1579 332 ιιι-αξιοι·
1598 303 1722 326 naturam

936 341 1012 362 suam
1030 336 1112 365 homo
1125 343 1167 365 est
1178 347 1211 367 ex
1226 339 1310 368 Maria
1320 341 1431 377 Virgine
1446 342 1545 375 factus,
1560 343 1587 370 in
1604 352 1636 371 eo
1652 345 1722 379 ipso.

936 380 1008 414 quod
1033 387 1130 417 praeter
1148 386 1280 412 naturam
1300 386 1426 419 habebat,
1443 389 1608 416 naturalium
1634 389 1723 416 homi-

936 433 1001 453 num
1024 427 1140 456 similem
1165 431 1301 459 exstitisse
1323 441 1331 459 :
1358 437 1456 468 praztcr
1481 438 1606 461 naturam
1633 439 1722 462 autent

935 475 994 498 erat
1006 472 1054 506 illi,
1072 474 1118 508 qui
1135 474 1207 503 Deus
1224 481 1308 509 esset,
1327 482 1357 505 ut
1380 479 1461 507 homo
1478 479 1572 513 fieret;
1597 483 1626 507 at
1646 479 1674 507 in
1690 487 1723 506 eo

936 516 1008 551 quod
1022 517 1073 552 ipsi
1089 520 1213 548 naturale
1224 525 1277 554 est,
1292 529 1346 550 non
1366 530 1427 551 esse
1442 523 1541 556 Patris,
1559 524 1606 559 qui
1625 531 1656 551 se
1674 530 1734 565 εει-Γ

936 561 1037 595 nuerit,
1051 563 1177 591 similem.
1199 565 1228 592 Si
1243 566 1316 594 enim
1339 567 1367 594 in
1387 575 1429 599 eo,
1448 569 1519 604 quod
1534 573 1631 604 praeter
1646 561 1734 598 natu-5

936 611 994 631 ram
1011 605 1101 638 habet.
1119 615 1213 636 eorum
1230 609 1327 639 similis
1346 615 1398 645 est,
1424 613 1522 647 quibus
1544 614 1609 641 illud
1631 614 1728 649 ipsum'

936 651 1094 680 naturaliter
1107 655 1244 687 convenit,
1261 656 1347 684 multo
1366 658 1452 692 magis
1466 659 1493 686 in
1506 666 1539 686 eo
1554 659 1626 694 quod
1640 663 1723 686 natu-

935 695 992 722 rale
1007 699 1034 723 et
1050 696 1160 725 insitum
1179 699 1268 732 habet,
1291 700 1381 730 Patris
1402 702 1475 730 illius
1497 703 1594 731 similis
1619 703 1680 736 erit,
1704 711 1720 731 a

935 747 989 774 quo
1007 741 1166 770 naturaliter
1188 748 1230 771 est
1246 749 1272 772 et
1288 744 1407 779 legitime
1423 747 1539 782 genitus.
1573 746 1643 774 Hine
1666 747 1720 774 ita-

935 791 988 819 que
1014 786 1167 821 colligimus
1189 788 1265 820 illud,
1289 790 1362 825 quod
1387 791 1516 824 diximus,
1545 792 1661 820 similem
1692 793 1728 820 irt‘

935 831 1061 858 omnibus
1073 839 1135 859 esse
1148 832 1236 862 Patris
1248 834 1355 868 Filium,
1371 844 1404 863 ex
1419 844 1561 864 sacrorum
1576 837 1727 865 Librorum

97 860 129 892 ὲξ
139 860 277 918 ἁίηθινοὲ,
290 863 337 918 zealI
354 865 435 899 σοφία
446 866 479 893 ὲκ
491 868 585 902 σοφοῦ.
596 870 650 896 Καὶ
665 870 789 906 καθάπαξ
803 860 883 909 [Earl]

939 877 1096 905 auctoritate
1107 879 1278 912 pronuntiari
1297 880 1411 916 insuper
1435 888 1570 917 oportere,
1586 883 1721 918 quemad‘

185 905 234 937 τὰς
249 907 369 943 Γραφὰς,
390 911 421 937 οὑ
443 912 514 939 κατὰ
535 914 586 949 τὴν
608 915 749 952 ἐνέργειαν
835 905 884 954 τὴν

100 949 228 986 βούλησίν
244 953 302 979 ἐστι
323 954 403 989 μόνον
416 956 518 991 ὅμοιος,
535 959 603 986 ἀλλὰ
616 949 755 989 κατ’-αὐτὸ
769 963 800 990 τὸ
813 949 884 991 εἶναι

99 996 147 1021 καὶ
156 995 314 1030 ὑφεστάναι,
330 1000 377 1026 καὶ
391 1001 524 1037 ὑπάρχειν
538 1004 629 1039 ὅμοιός
641 1007 698 1033 ἐστι
712 1007 783 1034 κατὰ
796 1009 882 1037 πάντα

97 1039 137 1074 τῷ
151 1042 238 1076 Πατρὶ
252 1042 292 1078 τῷ
307 1045 477 1080 γεννήσαντι,
491 1048 528 1079 ὡς
548 1048 606 1081 υίὸς
627 1050 718 1086 πατρί.

936 923 1045 949 modum
1061 924 1159 952 similis
1174 926 1311 953 notionem
1330 927 1364 954 iis
1384 935 1446 962 qua:
1464 928 1587 963 proxime
1601 935 1729 956 commer

936 966 1112 999 moravimus,
1127 968 1205 996 nobis
1220 969 1367 1004 Apostolus
1386 971 1509 999 tradidit.
1528 971 1633 1000 Etenim
1644 972 1721 1001 simi-

936 1009 969 1038 lis
983 1014 1035 1044 est,
1052 1017 1187 1047 quatenus
1201 1015 1255 1042 vita
1272 1023 1306 1043 ex
1326 1016 1391 1050 vita,
1404 1017 1496 1046 lumen
1514 1025 1529 1046 e
1547 1017 1660 1051 lumine,
1676 1025 1722 1046 ve-

935 1063 982 1083 rus
994 1063 1026 1083 ex
1040 1065 1113 1092 vero,
1129 1063 1155 1086 et
1166 1060 1297 1095 sapientia
1313 1070 1330 1089 a
1342 1064 1464 1098 sapiente
1475 1064 1608 1100 procedit.
1621 1064 1728 1098 Atque--

99 1090 129 1113 ut
150 1095 205 1115 uno
226 1089 309 1116 verbo
327 1090 425 1124 dicam,
439 1092 534 1120 iisdem
559 1101 575 1121 e
594 1094 743 1130 Scripturis
763 1100 877 1129 constat,
897 1105 951 1125 non
967 1101 1078 1130 'actione
1102 1111 1134 1131 ac
1159 1089 1298 1134 voluntate
1308 1089 1395 1135 solum
1411 1089 1494 1141 illius:
1509 1110 1557 1138 sed
1571 1109 1720 1138 secundum

97 1133 181 1170 866
197 1135 248 1162 hoc
261 1135 348 1170 ipsum
364 1138 437 1172 quod
458 1142 510 1172 est,
535 1145 564 1167 et
585 1141 720 1174 subsistit,
739 1148 820 1186 atque
837 1144 955 1177 exsistit,
971 1146 1087 1175 similem
1109 1148 1136 1177 in
1147 1150 1277 1179 omnibus
1286 1133 1495 1187 essePatri,qui
1511 1153 1588 1182 illum
1610 1154 1701 1190 genuit
1710 1170 1727 1184 »ν

97 1180 326 1215 quemadmodum
351 1183 420 1217 patri
447 1183 516 1212 ﬁlius
530 1185 627 1214 similis
641 1191 695 1215 est.

133 1227 185 1255 18'.
214 1227 276 1254 Ἐὰν
298 1229 323 1255 οἱ
345 1230 434 1256 καινοὶ
456 1230 601 1266 αίρετικοὶ,
625 1234 881 1270 προσδιαλεγόμενοι

98 1273 177 1307 ἡμῖν.
191 1273 339 1308 ἀγέννητον
357 1274 466 1309 λέγουσι
485 1277 533 1303 καὶ
548 1279 688 1314 γεννητὸν,
702 1280 817 1315 ἐροῦμεν
833 1280 882 1307 αὺ-

98 1319 163 1349 τοῖς·
183 1319 291 1354 Ἐπειδὴ
308 1321 546 1356 κακουργήσαντες
568 1323 597 1350 τὸ
618 1324 668 1359 τῆς
689 1325 781 1357 οὐσίας
798 1325 884 1361 ὄνομα

98 1363 128 1389 ὲν
144 1364 240 1398 χρήσει
254 1366 312 1396 τοῖς
328 1365 466 1401 Πατράσιν
484 1367 605 1404 ὑπάρχον
618 1369 655 1401 ὡς
666 1370 788 1406 ἄγραφον
801 1371 831 1397 οὺ
842 1371 884 1398 δέ-

99 1408 190 1442 χεσθε·
204 1409 265 1436 οὐδὲ
277 1411 358 1445 ἡμεῖς
369 1411 400 1437 τὺ
410 1411 557 1448 ἀγέννητον
570 1414 692 1450 ἄγραφον
703 1415 732 1442 ὃν
744 1415 884 1452 δεξόμεθα.

102 1454 257 1490 ’Ᾱφθαρτον
275 1456 336 1490 μὲν,
353 1457 400 1483 καὶ
413 1457 539 1493 ἀόρατον,
559 1460 606 1487 καὶ
627 1460 760 1489 ἀθάνατον
780 1462 854 1496 λέγει
871 1463 886 1489 ὁ

106 1499 276 1531 ’Δπόστολος-
292 1500 419 1528 οὐδέποτε
434 1492 463 1530 δὲ
479 1503 560 1530 αὐτὸν
579 1504 726 1540 ἀγέννητον
745 1492 885 1542 ὠνόμασεν
899 1492 920 1521 c

99 1544 116 1579 ἡ
131 1544 150 1569 Γ
152 1544 236 1580 ραφή.
260 1545 366 1572 Ἔπειθ’
383 1547 436 1579 ὅτι,
453 1547 492 1579 ὡς
517 1550 689 1585 προείρηται,
708 1552 722 1578 ὸ
740 1552 885 1588 ἀγέννητος

99 1589 213 1617 οὺδὲπου
235 1591 363 1626 σημαίνει
384 1593 434 1628 τὴν
451 1593 500 1621 τοῦ
520 1595 628 1630 Πατρδς
651 1595 764 1623 ἔννοιαν
781 1597 827 1624 καὶ
845 1598 886 1624 ὃτι

99 1635 147 1663 τὸν
161 1637 291 1672 γεννητὸν
310 1638 382 1669 ἰδίως
396 1638 461 1665 Υἱδν
476 1639 591 1667 οὺδέπου
609 1643 735 1677 σημανεῖ,
754 1643 822 1670 ἀλλὰ
834 1653 887 1671 κοι-

99 1683 203 1708 νοποιετ
217 1682 285 1718 πρὸς
303 1683 392 1711 πάντα
406 1683 442 1711 τὰ
455 1685 574 1721 γεννητὰ
587 1686 636 1722 τὴν
655 1687 769 1715 ἔννοιαν.
790 1689 819 1716 '0
833 1689 887 1725 γὰρ

100 1726 185 1753 είπὼν
200 1727 340 1763 γεννητὸν,
356 1729 397 1756 ὅτι
414 1729 463 1764 μὲν
476 1730 588 1765 γέγονεν
602 1732 751 1767 ἐσήμανεν,
768 1734 887 1769 οὐδαμοῦ

100 1772 128 1798 δὲ
142 1772 173 1798 τὸ
188 1773 280 1805 ἀῖδίως
295 1773 360 1800 Υιδν
373 1775 518 1811 νοούμενον
536 1777 720 1813 παρεδήλωσε.
739 1779 784 1805 Διὸ
796 1780 887 1812 ἀϊδίως

101 1817 254 1849 ἐννοοῦντες
265 1818 329 1846 Υίδν
339 1819 417 1851 Θεοῦ,
426 1820 457 1847 οὑ
470 1820 601 1856 δεξόμεθα
610 1822 689 1849 τοῦτο
697 1824 764 1858 πρὸς
772 1824 886 1858 τούτοις,

100 1863 140 1889 ὅτι
153 1863 184 1890 τὺ
195 1864 241 1890 τοῦ
256 1865 363 1901 Πατρὸς
377 1866 426 1892 καὶ
441 1866 505 1893 Υίοῦ
518 1867 603 1902 ονομα
616 1869 666 1904 τὴν
677 1869 745 1904 πρός
755 1878 782 1895 τι
797 1869 887 1904 σχέσιν

101 1908 239 1943 σημαίνει.
253 1909 298 1935 Διὸ
311 1910 362 1936 κᾶν
374 1911 484 1946 Πατέρα
500 1912 580 1947 μόνον
590 1914 776 1950 ὀνομάζωμεν,
790 1915 888 1951 ἔχομεν

100 1953 139 1988 τῷ
151 1953 263 1989 ὀνόματι
276 1955 322 1982 τοῦ
333 1956 440 1991 Πατρδς
454 1959 713 1995 συνυπακουομένην
726 1959 774 1996 τὴν
785 1960 888 1988 ἔννοιαν

99 1999 147 2025 τοῦ
161 1999 237 2027 Υίοῦ.
252 2001 347 2037 Πατὴρ
360 2001 415 2038 γὰρ
428 2002 493 2029 Υίοῦ
509 2004 604 2039 Πατὴρ
617 2004 736 2039 λέγεται.
751 2006 810 2033 Κᾶν
824 2007 889 2034 Υίὸν

100 2047 183 2081 μόνον
198 2047 386 2083 ὀνομάσωμεν,
409 2048 507 2084 ἔχομεν
525 2050 575 2085 τὴν
591 2045 695 2077 ἔννοιαν
710 2051 756 2077 τοῦ
772 2052 888 2088 Πατρδς,

100 2091 143 2117 δτι
165 2091 223 2123 υίὸς
237 2092 343 2127 Πατρὸς
357 2092 476 2127 λέγεται.
492 2094 604 2129 Ἐχεται
616 2094 669 2130 γὰρ
685 2095 797 2132 θάτερον
811 2096 890 2124 θατέ-

970 1233 1039 1262 XIX.
1056 1235 1134 1269 Quod
1148 1237 1171 1265 si
1185 1238 1248 1265 novi
1265 1238 1303 1265 illi
1326 1238 1443 1266 hmretiei
1463 1238 1605 1267 nobiscum
1620 1238 1722 1274 dispu-

936 1284 1025 1310 tantes
1039 1283 1187 1318 ingenitum
1201 1285 1376 1320 genitumque
1390 1285 1519 1317 dixerint,
1542 1286 1583 1313 sic
1603 1286 1656 1313 illis
1670 1293 1721 1314 oc-

936 1334 1077 1356 curremus
1090 1338 1097 1355 :
1113 1328 1245 1362 Quoniam
1261 1331 1420 1359 substantia
1438 1339 1546 1364 nomen,
1560 1338 1614 1366 quo
1628 1330 1732 1360 Patres

937 1373 980 1400 usi
995 1378 1069 1406 sunt,
1082 1382 1115 1402 eo
1128 1375 1200 1409 quod
1212 1376 1239 1403 in
1253 1375 1394 1411 Scriptura
1406 1384 1460 1404 non
1472 1381 1570 1408 exstat,
1583 1376 1654 1403 mala
1669 1376 1722 1404 ﬁde

937 1419 1096 1454 repudiatis.
1114 1428 1201 1456 neque
1219 1429 1268 1449 nos
1281 1423 1391 1457 ingeniti
1407 1422 1578 1453 vocabulum,
1594 1425 1721 1456 tanquam

937 1465 1040 1499 scripto
1055 1473 1109 1492 non
1124 1474 1294 1501 expressum.
1311 1467 1489 1495 admittimus.
1510 1467 1577 1494 Nam
1597 1467 1723 1494 incorru—

937 1514 1012 1545 ptum
1029 1511 1136 1546 quidem
1158 1516 1185 1539 et
1205 1520 1258 1540 non
1278 1513 1468 1548 aspectabilem
1492 1517 1519 1540 et
1543 1512 1722 1539 immortalem

937 1560 1016 1583 vocat
1035 1556 1181 1592 Apostolus
1200 1567 1207 1584 :
1230 1558 1379 1593 ingenitum
1401 1565 1465 1586 vero
1488 1565 1622 1593 nusquam
1648 1556 1723 1585 Scri-

937 1605 1015 1636 ptura
1031 1603 1189 1630 nominavit.
1212 1603 1323 1631 Accedit
1346 1604 1417 1638 quod
1438 1603 1585 1639 ingenitus,
1597 1603 1635 1630 uti
1652 1603 1723 1630 dixi-

937 1653 1015 1678 mus,
1039 1647 1157 1673 nondum
1186 1647 1272 1682 ipsam
1301 1647 1389 1675 Patris
1415 1648 1551 1675 notionem
1577 1647 1723 1682 signiﬁcat,

937 1699 1026 1726 neque
1048 1693 1167 1727 genitum
1191 1693 1298 1728 proprie
1326 1693 1423 1720 Filium
1449 1693 1587 1727 exprimit,
1610 1693 1658 1720 sed
1686 1693 1721 1719 ad

937 1737 1027 1763 omnia
1040 1737 1170 1771 producta
1184 1738 1365 1765 communiter
1380 1738 1505 1772 pertinet.
1523 1737 1590 1765 Nam
1614 1738 1659 1774 qui
1677 1745 1723 1773 ge-

939 1782 1023 1808 nitum
1038 1781 1115 1814 dicit,
1135 1781 1299 1817 productum
1320 1783 1448 1816 quiddam
1471 1782 1574 1818 aliquid
1591 1790 1652 1811 esse
1674 1782 1724 1810 de-

938 1831 1084 1861 monstrat,
1104 1828 1216 1855 minime
1243 1832 1334 1856 tamen
1358 1828 1468 1859 Filium,
1489 1829 1537 1863 qui
1562 1829 1595 1855 ab
1622 1832 1724 1856 retento

938 1873 1087 1908 productus
1110 1874 1290 1909 concipiatur,
1309 1874 1437 1902 ostendit.
1458 1873 1639 1907 Quamobrem
1662 1882 1724 1902 cum

939 1919 985 1947 Dei
1003 1919 1099 1946 Filium
1124 1920 1159 1947 ab
1176 1924 1277 1948 aeterno
1299 1921 1480 1955 intelligamus
1499 1920 1638 1952 exsistere,
1659 1919 1725 1947 illud

940 1964 1028 2000 ipsum
1054 1972 1153 1993 nomen
1181 1970 1310 2000 praeterea
1339 1973 1510 2001 nequaquam
1540 1965 1725 1996 admittimus,

939 2010 1067 2045 quoniam
1083 2010 1171 2039 Patris
1189 2011 1305 2046 Filiiqne
1329 2019 1426 2039 nomen
1448 2011 1482 2038 ad
1507 2011 1580 2038 aliud
1596 2010 1725 2046 quiddam

940 2056 1125 2084 habitudinem
1147 2056 1291 2092 signiﬁcat.
1316 2057 1392 2085 Unde
1418 2057 1482 2084 licet
1509 2056 1616 2084 Patrem
1637 2056 1726 2084 solum

940 2102 1122 2134 nominemus,
1138 2101 1199 2129 Filii
1215 2109 1323 2138 quoque
1337 2102 1475 2129 notionem
1499 2101 1589 2128 Patris
1608 2101 1727 2136 appella-

101 2144 160 2170 pou,
181 2136 230 2163 καὶ
247 2137 279 2163 οὐ
301 2132 477 2165 διακόπτεται
494 2139 510 2174 ὴ
527 2139 627 2175 σχέσις.
653 2139 733 2166 Ἀλλὰ
746 2142 793 2167 καὶ
809 2141 886 2176 μόνον

941 2147 1015 2174 tione
1024 2147 1247 2182 comprehensam
1259 2132 1312 2174 uita
1326 2146 1542 2181 complectimur.
1558 2145 1637 2172 Pater
1653 2144 1726 2171 enim

99 2181 231 2216 ἑκάτερον
247 2182 392 2218 λεγόμενον
407 2185 559 2219 συνεισάγει
579 2185 693 2220 θατέρου
707 2185 887 2221 τὴνιὲννοιαν·

100 2228 148 2254 καὶ
169 2228 200 2254 οὺ
221 2228 252 2254 τὸ
264 2228 349 2264 ὄνομα
361 2230 451 2265 μόνον,
467 2230 534 2257 ἀλλὰ
550 2230 618 2265 μετὰ
633 2230 680 2257 τοῦ
697 2230 828 2265 ὀνόματος
842 2231 888 2258 καὶ

99 2273 151 2307 τῆς
173 2273 281 2306 φύσεως
301 2275 350 2310 τὴν
367 2275 531 2311 οἰκειότητα.
559 2275 668 2311 Πατέρα
690 2276 744 2312 γὰρ
764 2276 888 2309 νοοῦντες

99 2318 146 2344 τὸν
164 2318 243 2349 Θεὸν.
262 2318 329 2346 Θεοῦ
349 2320 462 2356 νοοῦμεν
484 2320 602 2355 Πατέρα⁶
623 2321 670 2348 καὶ
692 2321 753 2348 1Ἰὺν
766 2321 889 2354 νοοῦντες

99 2363 179 2394 Θεοῦ,
204 2364 271 2390 Θεὸν
294 2365 409 2400 νοοῦμεν
432 2367 478 2393 τὸν
505 2366 622 2402 ρηθέντα
651 2366 714 2393 Υίὺν
736 2367 815 2399 Θεοῦ,
842 2368 889 2395 καὶ

99 2410 193 2444 ὅμοιον
212 2410 309 2446 ἐκείνῳ
331 2411 402 2438 κατὰ
423 2412 472 2447 τὴν
486 2411 578 2446 φύσιν,
592 2409 622 2438 οὗ
639 2412 686 2438 καὶ
698 2413 798 2439 νοεῖται
815 2413 889 2445 Υἱός.

107 2455 266 2489 Ἀγέννητον
284 2456 313 2482 δὲ
328 2457 358 2483 οὐ
378 2457 484 2491 λέγεται
497 2459 627 2495 γεννητοῦ
645 2459 806 2495 ἀγέννητον,
829 2459 889 2486 οὐδὲ

100 2501 230 2535 γεννητὸν
242 2502 390 2538 ἀγεννήτου
403 2505 541 2539 γεννητόν.

940 2190 1001 2218 Filii
1021 2195 1098 2227 pater
1114 2191 1223 2219 dicitur.
1240 2192 1278 2219 Ac
1296 2191 1359 2218 licet
1381 2192 1469 2219 solum
1491 2191 1662 2217 nominemus
1680 2187 1725 2216 Fi-

941 2235 1018 2267 lium,
1042 2235 1130 2264 Patris
1152 2244 1259 2272 quoque
1283 2237 1419 2264 notionem
1444 2243 1496 2262 una
1519 2234 1728 2269 comprehendi-

941 2289 1013 2313 mus,
1037 2288 1070 2309 eo
1093 2282 1166 2316 quod
1202 2282 1277 2310 (ilius
1300 2281 1389 2309 Patris
1414 2289 1475 2309 csse
1501 2280 1585 2308 Filius
1607 2280 1725 2307 dicatur.

941 2327 1063 2353 Alterum
1085 2327 1184 2362 quippe
1207 2334 1269 2354 cum
1292 2327 1377 2354 altero
1402 2333 1554 2354 connexum
1570 2330 1623 2357 est,
1639 2332 1729 2365 neque

941 2376 1053 2400 mutuus
1064 2373 1096 2400 ad
1111 2380 1172 2400 sese
1186 2372 1300 2400 invicem
1314 2377 1455 2407 respectus
1472 2371 1618 2399 dirimitur.
1636 2370 1728 2404 Quare

941 2417 1049 2444 tametsi
1068 2417 1111 2444 vel
1129 2418 1242 2444 alterum
1266 2418 1464 2452 pronuntietur,
1490 2425 1542 2444 una
1560 2420 1587 2444 et
1611 2416 1727 2444 alterum

939 2462 1125 2498 intelligentia:
1148 2468 1248 2490 nostra).
1267 2463 1395 2498 subjicit;
1422 2471 1472 2491 nec
1487 2463 1560 2490 illius
1576 2462 1656 2489 modo
1678 2469 1728 2488 no-

939 2515 1012 2540 men,
1033 2516 1126 2535 verum
1143 2509 1225 2536 etiam
1242 2516 1295 2535 una
1309 2516 1370 2535 cum
1386 2508 1495 2536 nomine
1513 2512 1617 2536 natura;
1641 2507 1728 2541 ipsius

100 2547 257 2576 aﬂinitatem
274 2550 452 2578 demonstrat.
472 2552 576 2579 Etenim
593 2560 654 2580 cum
675 2552 782 2581 Patrem
797 2554 1077 2590 animoconcipimus
1104 2555 1200 2586 Deum.
1228 2556 1273 2583 Dei
1293 2555 1399 2584 Patrem
1424 2556 1604 2591 concipimus.
1629 2554 1662 2581 Et
1684 2553 1726 2580 Fi-

100 2595 167 2622 lium
184 2603 247 2623 cum
278 2597 452 2632 intelligimus
473 2597 528 2631 Dei,
547 2597 631 2625 Deum
663 2599 849 2634 intelligimus,
866 2600 913 2635 qui
933 2600 979 2628 Dei
993 2601 1080 2629 Filius
1104 2603 1264 2637 appellatur,
1281 2603 1382 2637 quique
1407 2596 1493 2630 illius‘
1508 2606 1606 2629 natura
1630 2599 1727 2650 similis

99 2649 153 2673 est,
166 2643 245 2677 cujus
258 2643 417 2679 intelligitur
437 2653 498 2673 esse
526 2645 621 2673 Filius.
645 2646 682 2672 At
706 2646 856 2680 ingenitum
881 2647 964 2682 geniti
991 2657 1161 2685 nequaquam
1186 2650 1336 2685 ingenitum
1357 2650 1468 2683 dicitur,
1493 2656 1581 2684 neque
1606 2646 1727 2681 genitum

101 2690 216 2724 ingeniti
231 2691 363 2725 genitum.

136 2736 178 2762 κ’.
201 2736 309 2772 Ἐπειδὴ
330 2737 420 2764 τοίνυν
441 2737 502 2764 οὔτε
524 2737 573 2772 τὴν
592 2738 660 2772 πρὸς
679 2737 781 2773 ἄλληλα
796 2738 890 2773 σχέσιν

102 2783 160 2818 ἔχει
173 2782 207 2809 τὰ
221 2782 267 2810 τοῦ
280 2784 427 2819 ἁγεννήτου
441 2785 488 2811 καὶ
501 2784 643 2820 γεννητοῦ,
662 2783 724 2811 οὔτε
741 2784 888 2819 συνεμφαί-

103 2835 143 2854 νει
158 2827 207 2863 τὴν
221 2827 313 2862 φύσιν,
330 2830 475 2857 κοινοποιεί
486 2829 514 2856 δὲ
528 2829 594 2865 πρὸς
607 2828 641 2856 τὰ
655 2828 737 2858 λοιπά
748 2829 887 2865 ποιήματα

979 2737 1036 2765 XX.
1052 2737 1185 2770 Quocirca
1207 2745 1268 2764 cum
1293 2738 1404 2773 ingeniti
1440 2736 1577 2772 genitique
1597 2735 1727 2762 vocabula

943 2791 1030 2817 neque
1058 2783 1092 2809 ad
1121 2791 1182 2811 sese
1205 2787 1298 2810 mutuo
1324 2783 1491 2814 refcrantur,
1515 2789 1602 2816 neque
1623 2785 1728 2808 naturas

943 2827 1166 2864 signiﬁcationem
1191 2828 1348 2861 involvam;
1375 2835 1407 2855 ac
1433 2831 1562 2863 praeterea
1583 2824 1645 2854 Filii
1664 2832 1727 2861 pro-
