1931 3041
81 131 134 159 Idl

440 130 625 160 ADVERSUS
648 132 819 163 ll/ERESES
831 135 878 163 LIE

930 137 958 164 Il.
975 136 1060 164 TOM.
1081 137 1101 164 Ι.
1114 136 1291 165 -11λΕΙῑΕ8,
1312 136 1430 165 LXXIII.

1668 137 1725 168 ιζιῖ

84 186 269 223 ὡμολόγηται.
293 187 350 214 Οὐκ
377 187 432 224 ἄρα
457 189 508 229 τὴν
531 190 590 216 κατ’
615 191 710 219 οὐσίαν
734 193 878 229 ὁμοιότητα

930 199 981 227 est,
996 199 1023 221 et
1038 202 1100 222 esse
1114 194 1225 221 dicitur.
1250 193 1309 220 Non
1329 193 1413 229 igitur
1438 197 1544 220 natum
1567 192 1724 222 similitudi-

85 232 241 265 ἀποσώζειν
255 233 262 247 ¹
279 233 347 269 πρὸς
360 233 390 260 τὸ
405 228 561 270 ἀγέννητον.
585 236 733 270 ’Λποσώζει
744 238 772 265 δὲ
785 239 880 274 ἀκραι-

85 279 139 314 φνῆ
154 279 247 315 φέρων
262 279 291 305 ὲν
303 281 336 315 τῇ
353 280 442 317 οἰκείᾳ
457 281 604 309 ὑποστάσει
614 283 663 319 τὴν
673 284 720 310 τοῦ
735 284 802 311 Θεοῦ
817 285 880 320 βού-

86 327 177 359 λησιν.
193 324 300 352 Οὐκοῦν
318 325 466 361 ὁμοιότητα
480 326 616 360 διασώζει,
639 328 669 355 οὑ
687 329 756 356 κατὰ
773 329 822 365 τὴν
835 330 880 356 οὺ-

87 370 160 402 σίαν,
176 369 245 397 ἀλλὰ
261 371 333 398 κατὰ
348 371 395 398 τὸν
408 371 458 406 τῆς
472 372 607 408 θελήσεως
623 373 711 409 λόγον,
727 373 783 403 οἷον
795 377 806 392 ³
821 376 880 411 ἠθέ-

87 418 168 450 λησεν
180 416 360 452 ὑπεστήσατο.
375 427 385 443 ι
397 417 452 444 Καὶ
463 418 554 445 πάλινε
568 429 577 445 ε
592 420 655 452 Πῶς
667 421 727 456 οὐχὶ
741 422 788 448 καὶ
799 422 880 453 αὑτός

88 470 134 496 μοι
157 462 361 498 συνομολογεῖς,
385 464 426 490 ὅτι
450 464 511 490 κατ’
528 465 621 492 οὐσίαν
635 466 684 494 οὐκ
701 466 774 494 ἐστιν
789 469 803 494 ὸ
816 468 881 500 Υίὸς

87 509 181 542 ὅμοιος
194 508 234 544 τῷ
248 509 351 544 lla-ret;
367 518 376 534 ι
387 510 442 536 Καὶ
456 510 546 537 πάλιν·
564 521 573 537 ι
589 511 674 540 Ὅταν
684 513 716 548 δὴ
725 514 739 540 ὁ
752 514 801 549 μὲν
815 514 880 546 Υἱὸς

87 553 268 589 ἁτελεύτητος
281 555 464 590 ὁμολογεῖται,
482 557 532 583 οὐκ
548 558 580 584 ὲκ
598 558 648 594 τῆς
658 559 763 592 οἰκείας
774 559 880 594 φύσεως

86 601 117 626 τὸ
128 600 178 635 ζῇν
191 600 270 635 ἔχων,
287 601 345 628 ἀλλ’
359 602 392 628 ὲκ
410 602 460 637 τῆς
481 603 528 629 τοῦ
545 599 694 640 ἀγεννήτου
711 605 844 639 ἐξουσίας·
861 607 878 641 ή

86 644 108 670 δ’
129 644 277 680 άγέννητος
306 645 386 680 φύσις
415 647 603 683 ἁτελευτήτως
634 649 725 685 πάσης
756 650 880 683 ἐξουσίας

89 690 224 725 κρείττων
241 690 309 717 ἐστι·
327 691 387 723 πῶς
403 691 477 727 δῆλοί
490 693 558 720 εἰσιν
573 695 596 720 οι
608 694 726 727 ἀσεϐεῖς,
742 696 878 732 ὁμοιότητι

86 736 181 767 οὐσίας
197 736 227 762 τὺ
249 737 416 772 ὲτεροούσιον
441 738 490 773 τῆς
512 739 653 772 εὐσεϐείας
675 741 881 774 ἐναλλάττοντες

87 782 236 817 κήρυγμα;
254 792 263 808 ι
281 783 336 809 Καὶ
349 784 440 810 πάλινο
455 793 464 810 ι
483 785 529 811 Διὸ
548 785 578 812 τὺ
592 785 677 821 ὄνομα
696 787 710 812 ὁ
726 787 818 823 Πατὴρ
835 788 881 814 οὐ·

86 827 148 858 σξις
163 827 215 852 οὐκ
228 826 286 854 ἔστι
302 827 459 862 δηλωτικὸν,
472 829 529 855 ἀλλ’
541 829 674 862 ἐξουσίας,
687 831 879 867 ὑποστησάσης

928 248 989 268 nem
1002 248 1113 268 servare
1127 247 1190 267 cum
1202 240 1323 271 ingenito
1340 243 1437 274 potest.
1452 238 1554 266 Verum
1568 239 1615 267 Dei
1628 239 1723 267 volun-

930 290 1024 319 tatem,
1037 294 1118 322 quam
1144 287 1171 313 in
1192 286 1302 321 propria
1325 286 1466 321 hypostasi
1492 286 1624 321 integram
1642 286 1724 313 habet

930 339 962 360 ac
992 333 1144 363 sinceram,
1166 335 1319 358 conservat.
1351 330 1486 362 Quocirca
1516 330 1723 358 similitudinem

930 377 1039 412 quidem
1062 380 1227 408 conservat;
1250 376 1296 404 sed
1319 383 1373 402 non
1395 376 1422 403 in
1446 379 1553 407 natura.
1577 384 1670 404 verum
1696 376 1722 403 in

930 423 1070 450 voluntate
1083 422 1211 457 positam,
1224 429 1257 449 eo
1278 421 1350 456 quod
1365 421 1471 455 qualem
1489 421 1574 448 voluit
1588 421 1647 456 ipse
1661 428 1724 456 pro-

930 469 1017 496 duxit.
1034 477 1044 494 ›
1061 468 1092 494 Et
1108 475 1238 495 rursum:
1254 477 1264 494 ι
1284 467 1426 501 Quomodo
1439 475 1492 494 non
1503 471 1527 494 el
1543 474 1648 494 mecum
1664 467 1722 501 ipse

930 513 1034 547 fateris,
1047 513 1146 541 Filium
1156 513 1228 540 Patri
1243 517 1339 540 natura
1350 521 1404 540 non
1413 520 1474 540 esse
1483 513 1597 540 similem
1605 513 1618 539 Ἰ
1628 522 1637 537 ι
1652 511 1723 539 Rur-

929 568 1010 588 sum:
1031 569 1039 585 ι
1052 559 1119 586 Cum
1143 558 1229 586 Filius
1247 559 1321 586 exitu
1338 565 1433 586 carere
1453 557 1526 584 omni
1547 557 1664 587 dicatur.
1676 557 1723 591 qui

930 606 1011 632 vitam
1027 605 1138 640 propria
1152 611 1184 632 ex
1201 609 1298 631 natura
1314 611 1368 631 non
1388 603 1479 636 habet,
1498 603 1546 630 sed
1561 611 1594 630 ex
1610 603 1723 637 iuge-nili

928 655 1078 686 potestate;
1103 650 1223 684 ingenita
1252 657 1334 684 porro
1366 653 1465 676 natura
1493 649 1553 677 sine
1585 648 1640 675 ullo
1669 648 1722 675 fine

929 697 1002 724 omni
1018 697 1052 724 sit
1068 700 1207 732 potestate.
1222 695 1359 730 superior,
1374 702 1465 722 nonne
1485 693 1630 721 manifeste
1647 693 1722 728 impii

929 751 990 771 sese
1001 743 1125 770 homines
1152 741 1282 777 produnt.
1308 741 1373 768 dum
1398 741 1524 768 essentia
1544 738 1723 767 similitudine

929 789 1043 816 diversae
1062 787 1222 816 substantia:
1247 786 1356 821 dogma.
1370 786 1442 821 quod
1460 785 1553 821 pietati
1574 788 1722 812 consenta—

930 840 1010 860 neum
1035 836 1087 863 est,
1103 831 1289 859 commutant?
1305 838 1314 856 ι
1331 830 1442 863 Deinde,
1461 830 1637 865 «Propterea,
1677 831 1721 858 in-

86 873 132 900 τὸν
147 873 212 900 Υἰὸν
225 873 279 909 πρὸ
292 873 398 901 αίώνων
412 875 478 902 Θεὸν
490 876 576 910 Λόγον
589 877 775 912 ἀτελευτήτως
785 876 819 913 ἦν
828 878 838 894 ³
850 879 878 904 ὲν

930 878 1036 914 quiunt,
1073 877 1163 905 Patris
1176 885 1275 904 nomen
1300 876 1480 904 substantiam
1498 883 1553 903 non
1570 875 1716 911 significat,

85 919 162 954 αὐτῷ
177 920 356 955 δωρηθείσαν,
380 922 414 956 ἢν
436 921 505 957 ἔχων
529 922 645 949 διατελεί
668 923 762 951 οὐσίαν
783 932 814 950 τε
833 925 880 951 καὶ

85 964 224 996 ἐξουσίαν.
248 976 257 992 ι
276 966 332 993 Καὶ
350 966 441 994 πάλιν·
461 976 470 993 ι
490 967 590 1000 Οὐσίας
604 965 674 995 εἶναι
692 969 832 1004 βούλονται
849 970 879 997 τὸ

86 1010 189 1044 Πατὴρ
206 1011 365 1046 δηλωτικὸν,
385 1012 443 1039 ἀλλ’
467 1013 517 1040 οὐκ
543 1013 678 1046 ἐξουσίας,
705 1014 745 1050 τῷ
766 1016 854 1051 Πατρὶ
867 1015 880 1031 ⁸

85 1054 200 1090 ὀνόματι
217 1055 263 1082 καὶ
276 1055 327 1091 τὴν
334 1055 381 1082 τοῦ
395 1056 563 1090 Μονογενοῦς
580 1058 729 1086 ὑπόστασιν
745 1067 880 1094 προσαγο-

86 1102 254 1136 ρευέτωσαν.
273 1111 283 1128 ι

122 1234 187 1261 liB'.
209 1234 343 1270 Ἑροῦμεν
363 1234 412 1262 νῦν
427 1235 494 1271 πρὸς
509 1236 572 1267 τοὺς
591 1235 638 1262 νῦν
656 1236 821 1271 αἱρετικοῦς,
837 1237 878 1264 ὅτι

90 1280 186 1314 Ὑμεῖς
210 1280 349 1315 ἐγράψατε
372 1280 465 1315 ὅμοιον
488 1280 559 1307 κατὰ
587 1280 723 1317 βούλησιν1
751 1281 879 1317 ἀνόμοιον

86 1326 147 1353 κατ’
162 1326 267 1353 οὐσίαν·
288 1326 328 1353 διὸ
346 1327 428 1362 ἡμεῖς
448 1325 668 1362 ἀντεγράψαμεν,
684 1327 725 1353 ὅτι
740 1327 831 1362 ὅμοιος
847 1327 877 1353 οὐ

86 1371 158 1399 κατά
174 1370 291 1406 μίμησιν
307 1371 398 1406 μόνον,
412 1371 481 1398 ἀλλὰ
502 1372 548 1398 καὶ
566 1373 627 1398 κατ’
643 1372 746 1399 οὐσίαν.
770 1372 878 1409 Ἐπειδὴ

85 1416 177 1443 τοίνυν
201 1417 304 1452 πρῶτοι
331 1417 410 1452 ὑμεῖς
439 1417 534 1449 οὐσίας
559 1417 726 1453 ἐμνήσθητε,
754 1418 879 1453 λέγοντες

85 1463 214 1498 ἀνόμοιον
229 1465 289 1489 κατ’
306 1464 410 1496 οὐσίαν,
429 1464 476 1490 καὶ
489 1463 534 1491 διὰ
550 1463 629 1490 τοῦτο
649 1464 814 1497 σπουδάζετε
829 1465 879 1500 ἀρ-

87 1509 167 1544 θῆναι
184 1508 214 1535 τὺ
225 1508 312 1544 ὄνομα
321 1509 372 1545 τῆς
385 1509 489 1541 οὐσίας.
503 1509 546 1536 ἵνα
559 1510 631 1537 κατὰ
646 1510 772 1546 βούλησιν
786 1511 878 1546 ὅμοιον

87 1551 158 1581 εἶναι
179 1554 259 1589 μόνον
272 1554 377 1588 λέγοι-τε
395 1555 440 1581 τὸν
458 1555 533 1588 Υἱὸν,
550 1556 574 1581 εἰ
593 1555 700 1591 ἀληθῶς
722 1555 876 1582 συντΞΘεσθε

87 1599 159 1627 κατὰ
173 1600 262 1627 πάντα
275 1601 367 1635 ὅμοιον
386 1601 432 1628 τὸν
449 1601 512 1628 Υἱὺν
531 1601 570 1636 τῷ
593 1602 691 1636 Πατρὶ,
713 1601 876 1637 ἀναθεματί-

89 1654 155 1673 σατε
171 1647 235 1679 τοὺς
257 1646 388 1682 διαφορὰν
409 1647 536 1681 λέγοντας
558 1647 725 1682 ὁμοιότητος
743 1649 790 1675 καὶ
809 1648 878 1684 γρά-

87 1692 158 1726 ψατε
172 1692 269 1724 οὕτως,
294 1694 335 1719 ὃτι
351 1692 386 1719 Et
395 1701 438 1725 τις
456 1693 493 1728 μὴ
506 1693 577 1720 κατὰ
589 1693 676 1720 πάντα
697 1693 772 1727 λέγοι
785 1695 878 1729 ὅμοιον

87 1738 134 1765 τὸν
149 1738 213 1765 Υἱὸν
225 1738 264 1773 τῷ
279 1738 376 1773 Πατρὶ,
393 1738 431 1771 ὡς
449 1738 505 1765 υἱὸν
530 1738 623 1774 πατρὶ,
650 1738 719 1765 ἀλλὰ
742 1739 811 1766 κατὰ
828 1741 879 1774 μὲν

89 1784 218 1820 βούλησιν
232 1784 306 1818 λέγοι
321 1784 423 1819 ὅμοιον,
444 1784 515 1811 κατὰ
531 1784 559 1811 δὲ
572 1784 621 1820 τὴν
635 1784 729 1811 οὐσίαν
742 1785 877 1820 ἀνόμοιον,

88 1828 214 1864 ἀνάθεμα
231 1829 311 1855 ἔστω.
326 1828 382 1855 Καὶ
402 1829 471 1864 μετὰ
487 1828 575 1856 ταῦτα
589 1829 614 1855 εἰ
628 1829 768 1864 βούλονται
784 1829 878 1862 οὐσίας

88 1874 220 1909 ὀνόματος
242 1873 406 1910 μεμνῆσθαι,
424 1874 471 1901 καὶ
489 1873 614 1901 ἀθετοῦσι
631 1874 680 1906 τὰς
693 1874 797 1902 ἑαυτῶν
809 1875 877 1901 ὑπο-

89 1920 209 1955 γραφὰς,
233 1919 326 1952 οὐσίας
351 1919 488 1955 πανταχοῦ
511 1920 756 1956 μνημονεύσαντες,
778 1921 824 1947 καὶ
843 1921 878 1948 τὰ

87 1965 144 1992 τῶν
166 1965 294 2000 Πατέρων
319 1964 546 1999 ὁμολογείτωσαν,
576 1964 614 2000 μὴ
640 1964 720 1999 μόνον
738 1964 809 1992 κατὰ
828 1965 877 2000 τὴν

89 2009 227 2045 βούλησιν,
250 2009 317 2037 ἀλλά
333 2009 404 2036 κατὰ
418 2009 447 2035 τὺ
463 2005 542 2041 εἶναι,
568 2009 615 2036 καὶ
629 2009 699 2036 κατὰ
718 2009 875 2043 ὑφεστάναι,

88 2056 136 2082 καὶ
157 2055 229 2082 κατὰ
248 2055 278 2081 τὸ
300 2055 434 2091 ὑπάρχειν
449 2054 518 2081 κατὰ
533 2054 622 2081 πάντα
641 2054 770 2087 καθάπαξ
783 2055 876 2090 ὅμοιον

88 2100 158 2128 εἶναι
172 2100 219 2127 τὸν
234 2100 298 2127 Υἱδν
312 2100 409 2136 lla-cpt,
425 2100 463 2131 ὡς
476 2100 533 2127 υἱὸν
548 2101 642 2136 πατρὶ,
656 2099 748 2132 καθὼς
762 2101 790 2127 αἰ
806 2100 876 2127 θεῖαι

88 2147 198 2182 λέγουσι
213 2146 330 2182 Γραφαί.

929 921 977 950 sed
988 925 1166 957 potestatem:
1181 928 1242 956 quae
1251 920 1347 947 Filium
1354 924 1417 948 ante
1428 921 1526 948 saecula
1535 921 1627 947 omnia
1638 920 1722 947 Deum

930 967 1047 995 Verbum
1066 967 1206 1002 produxit,
1219 966 1266 1002 qui
1295 966 1476 994 substantiam
1497 966 1570 992 illam
1594 973 1626 993 ac
1649 969 1724 1001 pote-

928 1016 1025 1040 statem
1039 1013 1091 1040 sibi
1109 1013 1136 1039 in
1151 1016 1283 1040 aeternum
1295 1011 1523 1039 communicatam
1536 1010 1562 1037 in
1579 1018 1641 1038 sese
1654 1017 1723 1038 con-

930 1059 1008 1086 tinet.
1024 1069 1034 1084 ι
1045 1057 1164 1093 Pergunt
1174 1058 1271 1084 iterum
1290 1066 1296 1084 :
1317 1066 1327 1083 ‹
1344 1056 1372 1084 Si
1382 1055 1472 1084 Patris
1486 1056 1646 1083 vocabulum
1655 1056 1718 1084 sub-

928 1104 1057 1132 stantiam
1082 1103 1245 1138 signiﬁcare,
1261 1110 1315 1130 non
1332 1105 1493 1137 potestatem
1515 1101 1609 1132 velint,
1625 1101 1721 1128 eadem

928 1151 988 1186 ipsa
1008 1149 1097 1177 Patris
1119 1156 1185 1177 voce
1200 1147 1336 1183 Unigeniti
1359 1155 1469 1183 quoque
1492 1154 1634 1182 personam
1658 1146 1722 1173 licet

929 1195 1075 1231 appellent.
1093 1203 1103 1220 ι

963 1240 1046 1268 XXII.
1063 1239 1117 1268 Sed
1137 1239 1268 1268 adversus
1291 1247 1376 1266 novos
1396 1239 1464 1266 istos
1481 1238 1624 1265 [haereticos
1648 1237 1721 1264 hunc

929 1287 957 1314 in
981 1287 1092 1314 modum
1115 1286 1315 1322 disputabimus
1336 1295 1343 1313 :
1373 1285 1508 1320 Scriptum
1538 1291 1553 1311 a
1577 1283 1655 1310 vobis
1678 1286 1722 1310 est

929 1332 1045 1360 similem
1058 1340 1120 1360 esse
1133 1332 1274 1359 voluntate
1292 1331 1403 1363 Filium,
1421 1330 1573 1358 substantia
1599 1329 1722 1357 dissimi-

929 1378 1002 1405 lem:
1019 1377 1092 1405 unde
1104 1377 1170 1405 illud
1186 1381 1280 1404 contra
1294 1377 1466 1412 scripsimus,
1479 1384 1533 1403 non
1552 1375 1610 1402 sola
1623 1374 1722 1402 volun-

929 1425 995 1454 tate,
1011 1422 1059 1450 sed
1073 1425 1101 1449 et
1116 1422 1270 1450 substantia
1288 1422 1402 1449 similem
1418 1429 1489 1449 esse.
1513 1419 1647 1453 Quoniam
1671 1419 1722 1454 igi-

930 1470 974 1494 tur
991 1467 1071 1502 primi
1087 1467 1248 1495 substantia
1268 1466 1432 1493 mentionem
1455 1465 1569 1496 fecistis,
1585 1471 1647 1490 cum
1663 1462 1722 1490 dis-

930 1513 1045 1540 similem
1062 1520 1124 1541 csse
1138 1512 1292 1540 substantia
1303 1511 1445 1544 dixeritis;
1466 1516 1547 1545 atque
1573 1508 1634 1537 ideo
1655 1508 1722 1536 sub-

904 1583 912 1592 ,
931 1559 1038 1586 stantia;
1052 1566 1150 1586 nomen
1167 1566 1183 1586 e
1197 1558 1286 1585 medio
1309 1557 1405 1585 tollere
1419 1556 1574 1584 studeatis:
1593 1563 1647 1590 quo
1664 1555 1721 1582 sola

930 1605 1069 1632 voluntate
1094 1604 1211 1632 similem
1236 1611 1298 1632 esse
1324 1602 1477 1630 defendatis
1501 1600 1618 1632 Filium,
1644 1600 1668 1627 si
1689 1607 1722 1628 ex

929 1649 1012 1676 animi
1035 1648 1118 1676 vestri
1144 1648 1279 1676 sententia
1303 1647 1420 1674 similem
1450 1647 1479 1673 in
1504 1646 1631 1673 omnibus
1660 1651 1722 1672 esse
1745 1667 1747 1669 ,

929 1693 1003 1721 Patri
1019 1693 1103 1729 869
1115 1693 1214 1720 Filium
1231 1693 1369 1723 statuatis,
1384 1693 1511 1720 damnate
1528 1691 1591 1718 illos
1606 1690 1721 1717 anathe-

929 1743 1013 1771 mate,
1037 1739 1084 1773 qui
1106 1738 1294 1767 similitudinis
1317 1737 1465 1765 discrimen
1489 1739 1659 1772 agnoscunt;
1681 1739 1722 1762 at-

929 1791 984 1819 que
998 1784 1034 1810 ita
1049 1783 1188 1811 scrihitote
1202 1793 1208 1811 :
1228 1782 1256 1810 Si
1271 1784 1334 1818 quis
1348 1791 1403 1810 non
1417 1783 1444 1810 in
1461 1783 1588 1810 omnibus
1605 1781 1721 1809 similem

930 1838 991 1858 esse
1012 1829 1086 1857 Patri
1107 1828 1206 1856 Filium
1220 1829 1330 1861 dixerit,
1347 1828 1574 1864 quemadmodum
1593 1827 1664 1863 patri
1679 1827 1720 1856 ﬂ-

930 1875 1003 1903 milis
1030 1879 1072 1903 est
1091 1875 1177 1907 filius;
1192 1874 1239 1902 sed
1256 1875 1397 1902 voluntate
1421 1875 1547 1906 similem,
1568 1873 1721 1900 substantia

930 1919 1090 1948 dissimilem
1107 1926 1170 1947 esse
1191 1919 1300 1952 dixerit,
1315 1920 1459 1946 anathema
1481 1919 1526 1946 sit.
1548 1918 1682 1946 Praeterea
1697 1918 1722 1946 si

930 1965 1090 1994 substantiae
1113 1973 1212 1993 nomen
1235 1972 1451 1993 commemorare
1480 1964 1581 1995 velint,
1608 1971 1639 1990 ac
1664 1963 1723 1991 suis

930 2012 1051 2048 ipsorum
1079 2011 1328 2047 subscriptionibus
1352 2010 1496 2044 refragari,
1522 2010 1592 2036 facta
1622 2009 1723 2044 ubique

929 2057 1090 2085 substantia:
1112 2060 1249 2084 mentione
1273 2057 1307 2084 iis
1331 2063 1391 2091 quae
1408 2054 1505 2082 Patres
1521 2054 1637 2089 professi
1659 2059 1723 2081 sunt

929 2105 1124 2135 assentiamur,
1139 2111 1192 2130 non
1208 2102 1348 2130 voluntate
1370 2100 1462 2133 modo,
1481 2099 1530 2126 sed
1553 2102 1580 2125 et
1599 2097 1672 2133 quod
1688 2098 1723 2124 ad

928 2156 989 2176 esse
1007 2149 1095 2183 ipsum
1113 2148 1225 2180 attinet,
1250 2153 1282 2173 ac
1304 2145 1518 2175 subsistentiam,
1538 2148 1565 2169 et
1588 2146 1719 2170 exsistan-

88 2195 166 2225 liam,
184 2198 265 2228 atque
289 2193 316 2220 in
341 2193 468 2220 omnibus
482 2192 600 2228 denique
619 2193 735 2220 similem
751 2200 813 2220 esse
827 2192 900 2221 Patri
915 2194 1015 2223 Filium
1037 2199 1180 2227 asseram,
1201 2191 1430 2229 quemadmodum
1452 2189 1549 2218 similis
1584 2192 1626 2216 est
1651 2189 1722 2223 patri

88 2239 171 2269 titius.
189 2239 227 2266 uti
243 2245 327 2266 sacrae
339 2238 448 2266 Littera:
461 2242 610 2267 testantur.

123 2285 172 2316 Εἰς
193 2284 242 2320 τὴν
259 2283 414 2310 ὲκτεθεῖσαν
438 2284 529 2311 πίστιν
546 2284 603 2320 (5i)
631 2285 694 2321 περὶ
717 2283 765 2311 τοῦ
782 2285 875 2320 ὅμοιον

964 2283 1099 2311 Caeterum
1111 2283 1258 2318 proposita:
1269 2265 1386 2310 illi‘fidei
1404 2279 1585 2313 confessioni,
1602 2287 1656 2315 qua
1675 2277 1722 2305 Fio.

126 2362 135 2378 ³
146 2360 210 2390 Cor.
225 2360 372 2393 ἀποσώζει.
409 2362 420 2377 ⁸
431 2361 463 2389 F.
475 2361 515 2388 ὅτι
526 2359 591 2389 οἷον.
630 2363 640 2378 ³
650 2361 681 2389 F.
696 2362 754 2397 τήν.
793 2361 805 2376 ⁸
815 2360 844 2388 I".
858 2360 974 2396 Πατρός.

124 2439 182 2474 (5|)
205 2439 258 2472 εις
282 2438 341 2473 τὴν
356 2438 531 2474 ὲκτεθεῗσᾳν
555 2439 668 2466 πίστιν.
696 2438 757 2466 Haec
783 2439 822 2466 vel
841 2438 876 2466 ab
891 2440 915 2469 D

89 2473 242 2510 Epiphanio
256 2474 474 2510 adrsuperiorem
489 2473 876 2510 Semiarianorumrcommen-

89 2508 219 2537 tariblum
237 2508 352 2541 addita,
378 2509 418 2536 vel
444 2508 530 2543 ipsius
555 2509 771 2537 commentarioli
789 2513 874 2536 Sunt:

90 2546 118 2572 in
138 2551 194 2578 quo
220 2548 318 2580 prater
335 2543 623 2580 expositionemAﬁdei
649 2544 716 2570 Acta
746 2544 876 2580 nonnulla

91 2580 210 2608 Basilius
222 2578 264 2605 'ac
283 2578 416 2613 Georgius
442 2578 682 2613 przescripserant:
699 2578 771 2612 quod
788 2583 878 2613 poste-

91 2615 150 2643 rius
179 2614 266 2649 magis
292 2613 404 2641 arridet.
434 2613 581 2641 Sciendum
607 2617 649 2649 est
674 2617 764 2640 autem
785 2613 877 2649 πίστιν

91 2651 184 2681 illam,
209 2648 243 2676 de
264 2656 317 2683 qua
343 2648 480 2683 loquitur,
497 2656 558 2675 esse
577 2648 773 2683 professionem
803 2648 877 2675 illam

92 2685 218 2715 tertiam.
236 2691 296 2718 quae
317 2683 408 2711 Sirmii
425 2688 468 2710 est
488 2683 577 2715 edita,
594 2691 675 2718 quam
703 2684 829 2710 Socrates
850 2687 877 2710 et

92 2720 262 2746 Sozomenus
282 2718 351 2745 falso
369 2719 394 2745 in
411 2718 555 2746 Sirmiensi
575 2719 678 2753 synodo
693 2718 877 2753 conscriptam

91 2759 258 2782 asseverant.
276 2752 343 2780 Nata
368 2759 409 2780 est
425 2753 496 2780 enim
514 2752 708 2780 annordeniuin
723 2752 877 2783 559,Eusc-

93 2790 137 2816 bio
164 2793 191 2824 et
207 2788 321 2824 Hypatio
341 2787 533 2824 coss.,Xi](al.
547 2787 652 2824 Junias,
665 2787 878 2824 rutEAtlianasius

92 2824 141 2852 lib.
158 2823 196 2851 De
222 2822 329 2858 synodi:
354 2823 441 2850 docet.
464 2823 515 2856 Qui
536 2823 594 2850 dies
613 2823 680 2857 prid.
706 2822 879 2858 Pentecostes

95 2859 164 2893 fuit,
189 2856 263 2896 quod
278 2858 445 2894 Epiphanius
469 2859 520 2887 hoc
549 2858 576 2885 in
593 2856 652 2886 loco
671 2861 796 2886 testatur.
813 2856 879 2885 Vide

927 2445 988 2500 alia:
1013 2437 1142 2466 Nicolaus
1170 2437 1259 2464 Faber
1280 2435 1365 2478 ,Ρηῐῄ
1389 2436 1422 2463 ad
1444 2435 1539 2463 Hilarii
1569 2435 1720 2472 fragmenta

950 2478 1064 2500 isoutat.
1081 2481 1142 2500 nae.
1169 2473 1231 2500 575.
1251 2472 1334 2500 laitur
1351 2475 1411 2500 post
1435 2471 1609 2500 Ancvranum
1626 2472 1720 2499 conci-

949 2473 1064 2509 isputat,
1081 2481 1142 2509 pag.
1169 2473 1231 2500 575.
1251 2472 1334 2509 Igitur
1351 2475 1414 2509 post
1435 2471 1609 2509 Ancyranum
1626 2472 1721 2509 conci-

928 2506 996 2536 liuni
1018 2506 1153 2540 Basilius,
1182 2506 1282 2542 aliique
1302 2506 1532 2534 Semiarianorum
1557 2507 1637 2541 legati
1660 2506 1720 2534 Sir-

928 2543 1012 2578 inium
1026 2543 1059 2570 ad
1074 2544 1265 2578 imperatorem
1282 2542 1396 2576 profecti
1414 2542 1518 2569 litteras
1530 2542 1564 2578 a_b
1578 2549 1611 2568 eo
1625 2545 1721 2578 contra

929 2576 1080 2606 Eudoxium
1104 2575 1131 2606 et
1154 2575 1302 2605 Anomoeos
1317 2581 1519 2612 expresserunt.
1538 2575 1606 2604 Tum
1622 2576 1655 2603 de
1666 2583 1720 2612 eo-

929 2613 1052 2640 rumdem
1067 2613 1183 2640 consilio
1199 2610 1391 2647 imperator'ad
1410 2619 1455 2638 res
1468 2611 1643 2638 Antioeliena:
1665 2610 1718 2637 Ec-

929 2648 1021 2675 clesiae
1037 2646 1249 2682 componendas,
1262 2654 1344 2682 quam
1367 2646 1506 2674 Eudoxius
1522 2650 1619 2682 pra‘ter
1636 2651 1721 2672 cano-

928 2690 978 2710 nes
1005 2681 1174 2716 occuparat,
1205 2683 1286 2709 simul
1312 2681 1344 2708 ad
1374 2681 1444 2708 Aetii
1472 2685 1498 2708 et
1525 2681 1723 2716 Anommorum

928 2715 1124 2752 proﬂigandam
1145 2718 1322 2751 impietatem,
1336 2724 1433 2752 novam
1452 2715 1586 2750 synodum
1603 2722 1720 2752 congref

929 2748 993 2786 gare
1010 2748 1134 2785 Vstaluit;
1163 2748 1234 2785 quod
1271 2759 1353 2786 supra
1383 2751 1409 2777 in
1442 2748 1576 2786 annorum
1607 2748 1721 2784 synopsi

930 2785 1138 2814 declaravimns.
1163 2785 1260 2813 Postea
1286 2785 1347 2813 cum
1369 2785 1402 2812 de
1422 2785 1508 2816 urbe,
1525 2785 1552 2810 iu
1577 2790 1629 2817 qua
1651 2790 1718 2810 con-

931 2830 1023 2859 sessus
1044 2821 1252 2859 haberimposset
1266 2840 1272 2852 ,
1296 2827 1474 2859 Ecquaquam
1500 2818 1635 2859 ‘lipiSCOpi.
1652 2825 1719 2845 ροη-

930 2858 1068 2890 venirent,
1080 2853 1196 2885 Basilius
1210 2863 1282 2884 anno
1296 2855 1348 2883 5ίο
1363 2861 1460 2882 rursus
1475 2853 1508 2881 ad
1523 2853 1720 2888 imperatorem
