1931 3041
200 114 254 141 443

908 112 936 140 S.
954 111 1123 140 ΕΡΙΡΙΙΑΝΙΙ

1779 112 1830 140 ιιι

204 171 255 197 lius
275 170 303 197 in
328 171 456 200 omnibus
486 170 559 199 Patri
582 171 678 199 similis
706 177 768 198 esse
793 169 932 202 deﬁnitur,
952 171 989 197 ita

1051 169 1110 197 ,ἴναι
1136 171 1180 197 τὸν
1205 171 1269 197 Υίὺν
1294 170 1333 206 τῷ
1361 171 1447 206 Πατρὶ
1471 169 1541 197 κατὰ
1559 169 1646 197 πάντα
1669 168 1829 204 ὑπέγραψαν

203 216 426 251 subscripserunt
441 227 448 245 :
463 216 570 244 Marcus
595 216 741 251 episcopus
773 217 926 243 Arethusize
951 216 989 243 ita

202 261 286 288 credo
312 266 340 289 et
358 262 466 292 sentio.
490 266 519 288 ιιι
540 269 625 296 supra
650 261 782 295 scriptum
803 265 856 288 est.
889 260 991 288 Eodem

204 307 285 334 modo
307 312 335 335 et
359 307 406 342 qui
435 307 550 334 aderant
577 307 812 342 subscripserunt.
835 306 869 334 At
892 306 991 334 Valens

205 351 279 379 hunc
305 352 332 378 in
347 352 456 379 modum
476 362 483 379 :
497 351 731 385 Quemadmodum
747 360 780 379 ea
800 357 891 385 nocte,
908 360 991 388 quam

205 397 264 424 dies
283 397 457 425 Pentecostes
475 402 569 425 secuta
586 402 639 430 est,
655 398 824 433 superiorem
842 398 913 425 lianc
924 398 992 426 sub-

205 442 381 477 scriptionem
392 443 571 476 ediderimus,
585 447 687 470 norunt
707 443 753 478 qui
769 448 823 470 tam
844 449 992 478 praesentes

204 491 294 519 erant.
314 495 345 515 ac
361 489 422 523 pius
441 488 468 515 in
487 488 584 522 primis
598 489 756 524 imperator,
773 489 844 524 apud
862 497 942 524 quem
965 492 992 516 et

205 533 264 561 sine
280 534 382 568 scripto
398 541 458 562 sum
478 538 506 561 et
528 534 631 569 scripto
652 538 832 562 contestatus.
854 534 919 562 Post
935 535 992 561 hate

205 587 268 606 cum
300 579 401 608 Valens
426 587 478 607 suo
497 587 572 607 more
592 580 812 614 subscripsisset,
835 584 862 607 et
881 580 915 607 ad
930 580 995 608 sub-

206 625 383 659 scriptionem
414 626 575 659 addidisset,
607 625 725 654 similem
754 633 815 652 esse
844 625 918 653 Patri
948 625 994 652 Fi-

207 670 284 704 lium,
313 671 504 705 praetermissis
524 671 566 698 his
588 670 712 703 vocibus,
732 671 760 697 in
773 670 906 702 omnibus,
922 678 995 698 eum-

207 723 262 750 que
291 723 322 743 ea
352 723 381 744 re
405 716 581 748 declarasset,
599 723 679 752 quem
704 717 731 743 in
758 724 869 743 sensum
885 723 916 743 ea
935 722 996 750 qua:

207 760 310 796 scripta
322 761 430 789 fuerant
441 762 630 797 approbasset,
642 770 673 789 ac
689 761 915 797 quemadmodum
931 768 997 787 con-

209 807 400 835 substantialis
411 815 503 834 vocem
518 807 692 842 intelligeret,
707 807 769 842 pius
782 806 835 834 hoc
848 806 996 841 imperator

1043 217 1147 249 οὕτως’
1164 217 1276 252 Μάρκος
1295 218 1309 244 ὁ
1335 217 1483 248 ἐπίσκοπος
1501 215 1674 252 Ἀρεθουσίας
1693 214 1766 241 οὕτω
1789 222 1831 240 πι-

1044 263 1131 289 στεύω
1141 264 1186 290 καὶ
1202 262 1293 299 φρονῶ
1303 264 1359 299 τοῖς
1376 261 1634 298 προγεγραμμένοις
1642 269 1649 276 ”
1667 261 1749 287 καὶοὶ
1761 268 1830 295 παρ-

1043 308 1119 340 όντες
1135 309 1246 344 ὁμοίως.
1264 308 1370 343 Οὐάλης
1380 307 1409 334 δὲ
1424 307 1525 339 οὕτως·
1541 307 1634 338 Ὅπως
1649 306 1698 342 μὲν
1711 306 1832 341 ὑπεγρά⁴

1041 353 1132 389 ψαμεν
1147 355 1180 389 τῇ
1194 354 1271 380 νυκτὶ
1286 352 1493 388 ὲπιφωσκούσης
1510 352 1560 386 τῆς
1576 351 1767 387 Πεντηκοπῆς
1785 351 1832 386 τὴν

1042 399 1292 435 προγεγραμμένην
1312 398 1490 433 ὑπογραφὴν,
1517 397 1619 424 οἴδασιν
1645 397 1669 423 oi
1698 396 1832 431 παρόντες

1042 445 1090 471 καὶ
1102 445 1116 470 ὁ
1135 444 1250 479 εὐσεϐὴς
1271 443 1412 479 βασιλεὺς.
1430 442 1499 478 πρὸς
1520 442 1549 469 ὃν
1565 442 1612 469 καὶ
1634 441 1832 478 ἐμαρτυράμην

1043 488 1175 524 ἀγράφως
1188 497 1218 514 τε
1234 488 1282 515 καὶ
1311 487 1471 523 ἐγγράφως.
1486 486 1564 514 Μετὰ
1580 486 1610 513 δὲ
1630 484 1718 512 ταῦτα
1742 485 1834 519 οἰκείῳ

1043 534 1102 569 ηοει
1127 533 1335 569 ύπογράψαντος
1359 532 1523 563 Οὐάλεντος,
1540 532 1588 558 καὶ
1610 530 1834 566 προστεθεικότος

1043 581 1077 614 τῇ
1094 579 1249 615 ὑπογραφῇ,
1270 578 1362 613 ὅμοιον
1377 577 1424 604 τὸν
1446 577 1510 604 Ti?”
1523 576 1563 611 τῷ
1577 575 1674 611 Πατρὶ,
1695 575 1734 610 μὴ
1749 582 1834 611 προσ-

1045 624 1197 656 τεθεικότος
1214 624 1253 657 δὲ,
1267 623 1343 650 κατὰ
1353 622 1464 654 πάντα,
1479 622 1526 649 καὶ
1541 621 1678 654 δείξαντος
1696 621 1772 652 ὅπως
1788 620 1836 646 καὶ

1045 670 1171 696 συνέθετο
1183 670 1239 701 τοῖς
1252 668 1521 705 προγεγραμμένοις,
1541 667 1558 702 ἢ
1575 667 1606 693 τὸ
1617 666 1762 702 ὸμοοὺσιον
1775 665 1835 697 πῶς

1045 717 1112 748 νοεῖ,
1127 714 1369 750 ὲπισημηναμένου
1390 722 1420 740 τε
1436 713 1530 740 τοῦτον
1545 711 1593 738 τοῦ
1613 711 1742 742 εὐσεϐοῦς
1756 711 1835 746 βασι-

1047 762 1126 792 λέως.
1149 761 1196 788 καὶ
1220 760 1424 795 ἀναγκάσαντος
1439 758 1520 786 αὑτὸν
1531 757 1687 793 προσθεῖναι
1701 757 1745 790 τὸ,
1761 757 1836 784 κατὰ

1047 806 1156 837 πάντα,
1170 806 1238 841 ὅπερ
1255 805 1301 832 καὶ
1323 803 1518 840 προστέθεικε,
1541 802 1680 834 Βασίλειος
1699 802 1836 828 ὑποπτεύ-

207 852 375 884 obsenavit,
396 855 424 880 et
450 857 491 884 ut.
517 853 545 879 in
565 853 706 884 omnibus,
735 852 865 887 adjiceret
884 851 995 886 coegit:

1051 862 1098 886 σας
1111 854 1158 881 καὶ
1175 853 1216 885 τὸ,
1229 852 1305 880 κατὰ
1323 851 1433 883 πάντα,
1454 850 1511 886 ἰδίῳ
1524 850 1563 886 νῷ
1579 849 1659 876 αὑτὸν
1676 848 1836 885 προστεθει-

209 896 292 932 idque
302 900 331 923 ut
341 896 436 931 jussus
456 901 516 924 erat
527 897 665 932 praestitit.
686 897 720 924 At
738 896 858 931 Basilius
871 896 996 931 suspica-

209 945 254 970 tus
279 949 361 969 voces
376 941 447 975 illas,
464 942 491 969 in
513 942 646 976 omnibus,
669 950 702 970 ex
722 943 831 977 propria
851 946 942 970 mente
964 949 998 969 ac

209 995 290 1015 sensu
317 987 350 1014 ad
365 987 508 1015 formulam
529 988 662 1024 adiectas,
679 996 741 1017 cum
763 989 918 1024 exemplum
933 996 998 1024 pro-

209 1033 337 1062 fessionis
351 1033 425 1061 illius
439 1033 538 1063 Valens
553 1043 615 1062 cum
629 1035 685 1063 suis
702 1035 803 1063 habere
818 1036 907 1068 vellet,
920 1035 993 1071 quod

209 1088 301 1109 secum
312 1081 345 1108 ad
355 1081 555 1109 Ariminensem
567 1080 701 1117 synodum
709 1081 839 1114 deferret,
853 1081 905 1109 hoc
916 1082 997 1110 modo

209 1126 373 1161 subscripsit
390 1135 397 1152 :
412 1125 530 1154 Basilius
559 1127 706 1162 cpiscopus
726 1127 948 1163 Ancyraecredo,
970 1131 997 1155 et

209 1171 345 1199 assentior
371 1171 405 1198 iis
429 1179 490 1206 quae
507 1179 590 1206 supra
607 1172 710 1206 scripta
736 1176 811 1204 sunt,
836 1171 953 1200 similem
966 1171 994 1198 in

208 1217 338 1245 omnibus
360 1217 494 1245 conﬁtens
518 1216 608 1244 Patris
619 1225 682 1245 esse
699 1216 809 1245 Filium.
826 1217 856 1244 In
870 1216 998 1244 omnibus

209 1269 276 1289 vero
289 1269 350 1289 cum
361 1261 435 1295 dien,
453 1269 508 1289 non
524 1262 664 1290 voluntate
690 1262 779 1290 solum
803 1262 936 1297 intelligo,
949 1260 998 1289 sed

209 1312 238 1336 et
260 1308 449 1340 subsistentia,
469 1311 497 1335 et
529 1308 701 1341 exsistentia,
730 1307 854 1343 adeoque
879 1306 998 1335 essentia

210 1353 280 1388 ipsa.
294 1357 388 1389 utpote
397 1353 506 1386 Filium,
517 1354 590 1389 quod
601 1361 687 1382 sacrae
698 1353 864 1382 Litterazcon
870 1353 979 1380 firmant
990 1361 999 1381 :

211 1400 337 1434 spiritum
351 1407 367 1427 e
384 1399 494 1434 spiritu,
512 1400 594 1427 vitam
608 1407 624 1427 e
637 1400 702 1432 vita,
722 1400 814 1427 lumen
839 1407 856 1427 e
878 1398 992 1431 lumine,

211 1443 296 1472 Deum
328 1451 362 1472 ex
386 1443 451 1477 Deo,
466 1451 562 1471 verum
582 1443 682 1471 Filium
696 1451 730 1472 ex
748 1451 824 1476 vero.
837 1444 999 1479 sapientiam

210 1487 309 1515 Filium
324 1487 457 1523 esapient
468 1487 523 1515 Deo
547 1495 579 1515 ac
595 1487 684 1515 Patre.
707 1487 790 1522 87o
817 1488 867 1520 Et,
896 1490 926 1514 ut
943 1494 998 1514 uno

210 1533 296 1561 verbo
310 1533 412 1564 dicam,
439 1532 537 1560 Filium
551 1532 641 1560 Patris
659 1533 840 1568 undecunque
865 1533 997 1567 similem,

211 1579 252 1607 uti
283 1579 368 1606 lilium
387 1578 483 1614 patris.
496 1580 536 1606 Ac
547 1578 570 1607 si
582 1579 645 1614 quis
659 1579 753 1616 aliqua
768 1579 858 1607 solum
873 1587 905 1607 ex
921 1584 998 1614 parte

1046 900 1125 933 κέναι
1141 901 1181 932 εις
1199 899 1235 926 τὰ
1251 899 1296 926 τσα
1313 897 1498 934 (ἐσπούδασαν
1508 897 1533 924 oi
1551 896 1617 932 περὶ
1629 895 1768 923 Οὐάλεντα
1785 893 1837 921 λα-

1046 945 1114 977 σετν,
1134 945 1178 979 ἐφ’
1196 941 1247 979 ᾧτε
1264 943 1431 978 ἀποκομίσαι
1455 943 1495 974 εις
1521 941 1571 976 τὴν
1601 940 1674 968 κατὰ
1696 939 1838 975 ’Δρίμινον

1046 989 1186 1025 σύνοδον),
1209 988 1367 1025 ὑπέγραψεν
1389 987 1492 1020 οὕτως’
1519 985 1662 1018 Βασίλειος
1685 985 1838 1017 ἐπίσκοπος

1052 1035 1188 1071 Ἀγκύρας
1200 1034 1320 1062 πιστεύω
1333 1034 1381 1061 καὶ
1393 1033 1544 1060 συνευδοκῶ
1553 1033 1609 1064 τοῖς
1621 1031 1838 1068 προγεγραμμέ-

1046 1091 1111 1114 νοις,
1119 1082 1211 1116 ὅμοιον
1221 1079 1360 1115 ὁμολογῶν
1371 1079 1416 1106 τὸν
1425 1078 1490 1106 Υίδν
1499 1078 1539 1113 τῷ
1550 1078 1638 1113 Πατρὶ
1649 1077 1722 1104 κατὰ
1734 1077 1837 1103 πάντα.

1047 1127 1126 1155 Κατὰ
1142 1127 1231 1154 πάντα
1246 1126 1285 1157 δὲ,
1302 1125 1334 1152 οὺ
1356 1125 1436 1160 μόνον
1447 1123 1519 1151 κατὰ
1537 1123 1587 1158 τὴν
1610 1122 1736 1157 βούλησιν
1746 1141 1754 1154 ,
1769 1121 1841 1148 ἀλλὰ

1047 1173 1118 1200 κατὰ
1133 1172 1182 1208 τὴν
1208 1171 1374 1202 ὑπόστασιν,
1399 1170 1446 1197 καὶ
1473 1169 1544 1196 κατὰ
1560 1169 1610 1205 τὴν
1628 1167 1764 1204 ὕπαρξιν,
1788 1167 1841 1194 καὶ

1047 1219 1118 1246 κατὰ
1145 1218 1175 1245 τὸ
1189 1215 1276 1249 εἶναι,
1301 1217 1340 1248 ὡς
1361 1216 1424 1243 Υίὸν
1443 1215 1514 1242 κατὰ
1537 1214 1588 1247 τὰς
1613 1212 1840 1249 θείαςλΓραφὰς,

1049 1263 1160 1298 πνεῦμα
1172 1263 1205 1289 ὲκ
1215 1262 1380 1297 πνεύματος,
1392 1260 1465 1296 ζωὴν
1479 1262 1511 1287 ὲκ
1526 1260 1609 1295 ζωῆς,
1620 1260 1678 1294 φῶς
1690 1259 1723 1286 ὲκ
1737 1259 1840 1293 φωτὸς,

1048 1307 1115 1335 Θεὸν
1131 1308 1164 1334 ὲκ
1180 1306 1248 1334 Θεοῦ
1259 1326 1267 1338 ,
1290 1306 1416 1341 ἀληθινὸν
1434 1306 1498 1333 Υἱὸν
1520 1305 1551 1337 ἑξ
1573 1304 1701 1340 ἀληθινοῦ
1713 1324 1722 1337 ,
1743 1303 1843 1338 σοφίαν

1049 1353 1114 1380 Υίὺν
1128 1354 1160 1380 ὲκ
1176 1352 1259 1387 σοφοῦ
1275 1351 1344 1379 Θεοῦ
1361 1352 1408 1379 καὶ
1425 1351 1541 1387 Πατρδς,
1556 1350 1604 1377 καὶ
1625 1349 1755 1382 καθάπαξ
1768 1349 1843 1376 κατὰ

1049 1400 1139 1426 πάντα
1148 1398 1194 1425 τὸν
1205 1398 1269 1425 Υίὺν
1281 1398 1373 1434 ὅμοιον
1387 1397 1427 1433 τῷ
1442 1397 1540 1432 Πατρὶ,
1555 1396 1594 1427 ὡς
1606 1396 1663 1422 υἱὸν
1677 1395 1772 1431 πατρί.
1784 1394 1843 1421 Καὶ

1050 1445 1128 1477 εἴτις
1141 1444 1212 1472 κατά
1225 1453 1253 1470 τι
1267 1443 1343 1478 λέγοι
1358 1443 1461 1478 ὅμοιον,
1475 1442 1513 1474 ὼς
1527 1442 1744 1478 προγέγραπται,
1759 1440 1843 1468 ἁλλό-

1049 1499 1125 1525 τριον
1138 1487 1207 1516 εἶναι
1227 1489 1277 1524 τῆς
1293 1488 1443 1523 καθολικῆς
1463 1487 1637 1523 Ἐκκλησιας,
1654 1486 1692 1518 ὡς
1713 1486 1751 1521 μὴ
1769 1486 1843 1514 κατὰ

1049 1535 1098 1568 τὰς
1108 1536 1185 1567 θείας
1201 1534 1314 1571 Γραφὰς
1330 1535 1423 1569 ὅμοιον
1439 1533 1485 1561 τδν
1502 1533 1567 1560 Υίδν
1579 1533 1619 1568 τῷ
1638 1533 1726 1568 Πατρὶ
1741 1532 1843 1566 λέγων.

1053 1580 1223 1616 ’Δνεγνώσθη
1238 1581 1255 1616 ἡ
1273 1579 1435 1615 ὑπογραφὴ,
1455 1579 1502 1606 καὶ
1517 1578 1595 1614 ἐδόθη
1611 1578 1753 1610 Οὐάλεντι,
1770 1586 1844 1613 παρ-

215 1623 333 1652 similem
347 1630 409 1651 esse
423 1622 507 1655 dicat.
527 1627 558 1650 ιιι
567 1628 631 1651 ante
643 1623 776 1658 scriptum
791 1628 844 1657 est,
862 1624 896 1651 ab
907 1623 998 1652 Eccle-

1051 1627 1123 1659 5Vto¢
1147 1627 1280 1663 Μάρκου,
1306 1626 1462 1661 Γεωργίου,
1488 1625 1657 1661 Οὑρσακιου,
1685 1624 1843 1660 Γερμανοῦ,

211 1669 254 1696 sia
269 1668 405 1696 catholica
420 1668 540 1696 alienum
559 1675 621 1696 esse
635 1676 735 1696 censeo
752 1678 759 1696 :
776 1676 808 1696 eo
825 1669 899 1705 quod
917 1677 933 1697 e
952 1677 999 1697 sa-

212 1721 321 1742 crarum
337 1712 503 1741 Litterarum
524 1714 685 1749 praescripto
709 1714 781 1742 Patri
799 1715 915 1743 similem
938 1724 1000 1744 esse

1053 1672 1218 1700 Ὑπατιανοῦ
1243 1672 1299 1707 (52)
1323 1671 1555 1705 ἑπισκόπων,καὶ
1578 1670 1773 1706 πρεσϐυτέρων
1793 1671 1845 1696 καὶ

1048 1717 1182 1745 διακόνων
1199 1717 1342 1744 πλειόνων.

212 1758 310 1787 Filium
323 1766 378 1786 non
388 1762 529 1794 agnoscat.
545 1758 627 1786 Lecta
640 1763 683 1787 est
697 1759 753 1787 hmc
774 1761 940 1795 subscriptio
977 1767 1004 1788 et
1036 1761 1144 1790 Valenti
1163 1763 1273 1790 tradita.
1290 1761 1420 1794 Adfuere,
1441 1760 1559 1793 Marcus,
1585 1760 1730 1796 Georgius,
1757 1759 1844 1788 Ursa.

211 1805 278 1844 tiys,
295 1803 445 1831 Germanus
459 1807 486 1831 et
509 1803 688 1839 llypatianus.
709 1805 841 1840 episcopi,
862 1812 924 1832 cum
941 1806 1107 1842 presbyteris
1125 1815 1158 1834 ac
1172 1807 1295 1834 diaconis
1310 1807 1444 1842 pluribus.

248 1848 342 1876 XXIII.
371 1848 418 1876 Ila:
444 1856 526 1883 porro
551 1849 673 1883 epistola:
693 1857 708 1876 a
735 1849 815 1877 nobis
832 1850 876 1877 hic
890 1854 1000 1878 attextze

213 1898 288 1926 sunt,
309 1900 338 1921 ut
356 1893 424 1920 illud
437 1894 562 1921 eruditus
584 1894 700 1929 quisque
727 1902 760 1922 ac
781 1903 852 1923 verae
864 1895 925 1923 fidei
942 1900 1000 1923 stu-

214 1939 309 1967 diosus
320 1939 464 1974 intelligat,
478 1946 532 1966 non
545 1939 662 1967 inaniter
685 1947 718 1967 ac
731 1940 791 1968 sine
805 1948 890 1969 causa
907 1949 956 1969 nos
971 1942 999 1969 in

214 1984 332 2020 aliquem
351 1984 453 2018 invehi,
479 1985 527 2013 sed
545 1985 707 2014 certissimis
727 1986 935 2021 probationibus
950 1988 1000 2015 niti

214 2028 292 2056 velle.
308 2027 442 2056 Caeterum
455 2028 526 2056 idem
542 2029 580 2060 illi
590 2037 686 2058 rursus
701 2037 716 2056 a
729 2030 788 2058 suis
801 2030 1000 2065 discesserunt,

214 2083 277 2103 eum
306 2075 342 2103 ob
362 2075 468 2111 privata
491 2075 554 2103 odia
581 2076 767 2112 humanasque
793 2077 946 2106 simultates
968 2083 996 2106 et

214 2121 401 2150 amulationes
409 2129 470 2150 sese
483 2121 598 2150 invicem
611 2122 711 2157 jurgiis
730 2123 908 2157 lacesserent,
926 2129 953 2152 et
967 2124 1001 2152 de

1089 1853 1153 1879 KI".
1175 1850 1259 1880 Αὖται
1282 1853 1311 1879 αἱ
1338 1852 1480 1878 ἐπιστολαὶ
1506 1851 1694 1887 μετετάγησαν
1716 1851 1786 1886 πρὸς
1811 1850 1845 1878 τὸ
1866 1847 1870 1850 ”

1053 1898 1152 1925 εἰδέναι
1176 1899 1291 1925 ἕκαστον
1313 1898 1367 1925 τῶν
1387 1898 1547 1934 φιλολόγων,
1570 1897 1624 1924 τῶν
1639 1897 1674 1924 τὰ
1693 1897 1780 1932 ἀληθῆ
1794 1897 1844 1931 τῆς

1054 1944 1170 1976 πίστεως
1188 1944 1383 1979 ὲκζητούντων,
1397 1944 1439 1970 ὅτι
1461 1944 1492 1970 οὐ
1508 1942 1580 1969 κατὰ
1602 1942 1683 1969 κενοῦ
1704 1942 1844 1978 φερόμεθα

1054 1989 1122 2024 πρός
1131 1997 1209 2020 τινας
1221 1989 1320 2022 λέγειν,
1332 1987 1390 2015 ἀλλ’
1410 1987 1440 2020 ἐξ
1451 1986 1587 2022 ἀληθινῶν
1604 1987 1761 2013 συστάσεων
1773 1985 1845 2020 φιλο-

1052 2034 1207 2070 τιμούμεθα
1223 2035 1371 2070 ὁρμᾶσθαι.
1389 2033 1575 2070 Διηνέχθησαν
1590 2031 1637 2060 οὖν
1653 2033 1679 2059 οἱ
1694 2033 1775 2060 αὐτοὶ
1787 2033 1843 2067 (55)

1052 2080 1132 2107 πάλιν
1148 2080 1217 2116 πρὸς
1229 2081 1292 2112 τοὺς
1307 2080 1356 2107 σὺν
1368 2081 1470 2113 αὐτοῖς,
1487 2079 1533 2106 διὰ
1552 2079 1618 2114 μίση
1631 2079 1714 2106 τινῶν
1729 2079 1777 2106 καὶ
1794 2079 1844 2113 ζῆ-

1051 2124 1096 2152 λον
1110 2124 1279 2161 ἀνθρώπινον
1296 2124 1503 2162 ὲρεσχελοῦντες
1517 2124 1647 2160 ἑκάτερος
1661 2124 1731 2160 πρὸς
1745 2125 1843 2152 ἑκατε-

216 2198 345 2238 Sirmium
362 2196 480 2226 advolat.
499 2197 577 2238 Prior
603 2198 674 2226 enim
696 2199 829 2238 profectio
852 2201 879 2227 in
897 2208 999 2238 annum
1017 2204 1038 2232 ι)
1053 2201 1105 2238 f_i_:|e
1121 2201 1288 2238 disputatio,
1313 2207 1341 2229 et
1364 2202 1398 2230 ad
1420 2207 1523 2238 certam
1549 2204 1669 2238 regulam
1697 2204 1842 2238 perducta,

216 2234 402 2269 superiorem,
416 2237 510 2269 quoet
523 2233 704 2269 Ancyranum’
716 2235 862 2263 cancilium
878 2237 999 2263 celebra-

215 2273 274 2303 tum
293 2272 355 2300 est.
373 2268 507 2303 incurrit.
525 2268 561 2296 Ibi
581 2268 644 2296 eum
666 2268 810 2297 Ursacium
823 2291 830 2302 ,
847 2269 999 2303 Valentem,

216 2301 337 2339 “arcum
365 2302 561 2336 Arethusium,
581 2303 736 2339 gGeorgium
765 2301 1000 2338 Alexandrinum,

215 2338 405 2375 Germinium,
429 2338 552 2375 aliosque
576 2337 702 2366 factionis
726 2339 835 2367 Arianae
864 2341 1001 2375 principes

215 2346 405 2371 herminium,
429 2346 552 2399 anusque
576 2346 702 2366 tacnonls
726 2346 835 2367 Manna:
864 2348 1001 2375 principes

215 2372 392 2410 nll‘endisset,
409 2380 476 2410 cum
496 2373 504 2400 i
517 2373 549 2410 Ii_s
562 2380 728 2410 congressus
740 2380 797 2406 est,
818 2382 850 2402 ac
866 2379 928 2410 post
943 2376 1002 2402 Ion-

235 2414 278 2434 am
294 2407 508 2443 altercationem.
523 2407 631 2443 demum
644 2408 813 2437 allaliorante
828 2407 1000 2443 Constantio,

217 2441 245 2469 in
261 2449 321 2470 eam
341 2441 401 2469 fidei
418 2442 616 2477 professionem
642 2451 805 2472 consensum
829 2445 863 2472 ab
877 2441 1006 2473 omnibus

216 2481 274 2514 est,
295 2476 449 2514 utofaq'laé,
468 2481 495 2505 et
519 2477 786 2514 opoouaiouﬁabolitis
809 2480 922 2508 vocibus
936 2501 944 2514 ,
962 2480 1007 2507 Fi-

217 2512 285 2547 lium
310 2511 384 2539 Patri
411 2520 460 2547 per
484 2511 576 2540 omnia
603 2513 720 2540 similem
746 2514 920 2542 allirmarcnt.
937 2511 1006 2543 'Cui

217 2546 319 2585 Valens
350 2546 451 2585 invitus
479 2548 659 2585 subscripsit;
687 2548 813 2585 Basilius?
829 2557 911 2583 vero,
930 2550 1005 2585 quod

217 2582 363 2620 impetrare
386 2582 721 2620 minimehpotuissct;ut
749 2585 777 2620 in
803 2584 920 2612 formula
938 2582 1004 2620 'ipsa

217 2616 370 2655 substantia
384 2617 478 2655 similis
491 2616 629 2646 diceretur
642 2617 729 2647 Filius
739 2619 788 2655 ,in
802 2616 1004 2655 subscriptione

218 2659 268 2679 sua
286 2652 351 2687 quid
377 2653 506 2684 sentiret,
533 2656 662 2680 testatum
685 2654 790 2687 voluit,
812 2659 841 2681 ut
866 2652 920 2682 hoc'
942 2656 1004 2683 loco

218 2692 313 2723 narrat
330 2687 508 2723 Epiphanius.
529 2687 628 2715 Valens
644 2696 707 2716 cum
731 2690 782 2716 bac
809 2690 925 2717 formula
941 2691 1004 2719 ﬁdei

219 2721 313 2759 statim
334 2721 575 2759 _a’d'Ariminense
603 2724 750 2751 concilium
780 2725 908 2759 perrexit.
932 2725 1014 2754 Inter"

219 2756 315 2796 Ililarii
331 2757 482 2793 fragmenta
502 2763 593 2796 exstat
604 2759 719 2796 epistola
734 2756 865 2787 Germinii
878 2781 885 2793 ,
903 2768 935 2788 ex
951 2768 1005 2796 qua

223 2791 442 2830 illud_pr:eterca
467 2791 661 2830 cognoscitur:
678 2794 746 2821 Cum
774 2791 908 2830 prasente
933 2791 1006 2823 Crin-

221 2826 323 2854 stautio
340 2827 448 2863 longius
474 2826 514 2856 ad
534 2832 640 2856 noctem
657 2836 744 2865 usque
760 2826 864 2866 prolata
885 2835 958 2860 esset
972 2830 1006 2860 dc

1054 2236 1176 2264 Marcum
1199 2237 1376 2273 Arethusium
1401 2237 1435 2264 ab
1455 2242 1570 2273 utraque
1581 2236 1669 2273 'parte
1687 2236 1748 2266 esse
1771 2239 1843 2267 dele—

1053 2275 1141 2304 ctum,
1159 2279 1174 2298 ιι
1200 2279 1255 2306 quo
1278 2271 1437 2300 Sirmiensis
1463 2273 1509 2299 illa
1526 2271 1648 2300 formula
1664 2274 1783 2306 dictata;
1799 2274 1844 2301 cui

1054 2313 1128 2334 coss.
1142 2307 1244 2341 praefixi
1259 2311 1333 2334 sunt.
1353 2306 1391 2334 Ex
1401 2307 1501 2342 quibus
1513 2312 1627 2342 apparet
1638 2329 1645 2341 ,
1661 2308 1842 2340 Germinium,

1054 2348 1122 2377 cunt
1140 2342 1272 2377 hactenus
1292 2342 1487 2370 Anomceorum
1508 2342 1626 2377 perfidiae
1641 2351 1704 2370 cum
1733 2343 1844 2370 Valente

1054 2379 1082 2403 et
1102 2376 1217 2405 Ursacio
1243 2376 1361 2405 fuisset:
1385 2377 1485 2411 quibus
1506 2376 1568 2404 cum
1587 2378 1669 2405 etiam
1692 2377 1788 2406 Osium
1810 2377 1844 2405 ad

1054 2411 1214 2448 ὀμοουσίου,
1229 2417 1257 2439 et
1281 2412 1435 2448 ὀμοιουσίου
1462 2411 1594 2439 tollendas
1608 2421 1624 2448 e
1649 2413 1739 2448 medio
1762 2420 1843 2440 voces

1056 2445 1199 2481 adegerat,
1219 2451 1248 2474 ut
1266 2445 1312 2475 lib.
1335 2455 1378 2479 iv,
1394 2455 1455 2481 cap.
1474 2447 1503 2473 II
1515 2466 1523 2479 ,
1541 2447 1639 2475 scribit
1662 2447 1843 2480 Sozomenus,

1055 2480 1091 2518 ab
1107 2480 1160 2510 illis
1174 2483 1315 2518 paululum
1333 2480 1509 2513 dissensisse.
1527 2485 1555 2509 et
1571 2490 1717 2518 suppressa
1734 2485 1786 2518 τῆς
1800 2483 1844 2509 οῦς

1055 2516 1116 2552 σίας
1132 2518 1281 2549 mentiente,
1295 2516 1356 2544 Filii
1371 2525 1419 2552 per
1434 2518 1527 2544 omnia
1548 2516 1611 2544 cum
1625 2516 1705 2545 Patre
1715 2516 1844 2546 similitu—

1054 2551 1146 2579 dinem
1167 2554 1322 2587 agnovisse.

1090 2586 1146 2624 (5%)
1172 2586 1348 2624 Γερμανοῦ,
1379 2586 1565 2614 Ὑπατιανοῦ.
1591 2587 1645 2615 Alii
1678 2587 1842 2624 Γερμανίουσ

1055 2621 1103 2650 sed
1118 2622 1261 2657 Γερμινίου
1283 2623 1334 2657 leg.

1092 2654 1370 2692 (55)’Ᾰιηνέχθηὶγαν
1383 2654 1441 2684 οὖν
1456 2657 1482 2684 οι
1494 2657 1591 2693 αὐτοιξ
1618 2656 1736 2686 Basilius
1753 2657 1842 2693 Ancy-

1056 2699 1140 2728 ranus
1156 2696 1222 2728 post
1229 2693 1407 2720 Sirmiensem
1421 2692 1570 2727 synodum.
1585 2692 1613 2719 in
1629 2700 1683 2728 qua
1700 2692 1842 2720 strenuam

1057 2727 1189 2755 adversus
1208 2727 1354 2755 Photinum
1369 2735 1480 2762 operam
1491 2731 1655 2759 navaverat,
1674 2728 1747 2762 apud
1759 2729 1842 2762 impe-

1057 2766 1175 2798 ratorem
1200 2763 1288 2798 gratia
1312 2763 1459 2798 plurimum
1473 2782 1480 2794 ,
1498 2763 1714 2798 etauctoritate
1741 2763 1841 2798 valuit;

1057 2804 1121 2823 nam
1139 2797 1173 2833 ab
1186 2795 1330 2833 A'ncyran'o
1353 2797 1470 2833 concilio
1485 2797 1520 2824 ad
1536 2797 1613 2824 illum
1627 2798 1762 2833 allegatus
1777 2795 1842 2833 nihil

1057 2840 1113 2860 non
1123 2832 1258 2868 obtinuit,
1276 2833 1344 2862 adeo
1364 2836 1394 2861 ut
1412 2832 1583 2868 Eudoximn,
1604 2833 1720 2870 ejusque
1743 2832 1841 2861 suifra-
