1931 3041
171 113 221 141 ιιτ
590 121 594 123 ·
867 111 896 139 S.
918 112 933 139 Ε

1033 111 1089 140 tNll
1745 111 1795 140 “8

170 180 233 200 cum
248 178 310 200 aliis
324 173 468 204 sentirent,
494 178 570 199 suam
593 175 683 198 tatnen
699 171 856 206 opinionem
874 171 932 199 diss

1034 171 1148 206 λρειανοί
1158 179 1164 185 ”
1178 171 1391 207 παρεκρύὸησαν
1404 171 1432 198 δὲ
1446 170 1484 206 τῷ
1496 171 1584 207 καιρῷ
1593 171 1700 207 ἐκείνῳ,
1716 171 1796 206 μηδὲν

172 218 321 248 nudabant,
342 225 373 244 ac
397 218 510 251 tempori
539 217 689 244 servientes
709 222 841 244 creaturae
864 223 934 244 nam:

1035 218 1077 244 λλο
1094 218 1255 254 φρονοῦντες
1279 218 1366 253 ἀλλ’ἢ
1395 217 1473 244 τοῦτο
1497 218 1541 245 διὰ
1560 218 1622 249 τοὺς
1639 218 1688 244 σὺν
1709 217 1797 249 αὐτοῖς

173 263 285 291 silentio
310 262 497 297 pra-teribant,
514 270 575 289 cuin
592 262 703 290 interim
718 262 787 289 nihil
801 262 835 289 ab
853 262 935 288 Arian

1037 265 1213 299 εμιγμένους,
1229 263 1308 298 φύσει
1323 263 1491 299 όρθοδόξους,
1504 263 1653 299 ὑποκριτὰς
1666 263 1695 290 δὲ
1713 263 1799 298 ὑπάρ-

172 308 346 337 dissidercnt.
363 307 460 335 Verum
479 316 527 343 per
544 308 610 336 illud
623 313 730 342 tempus
742 308 816 344 quod
832 308 860 335 in
871 308 934 335 aniu

1036 318 1112 340 οντας
1124 330 1132 342 ,
1150 311 1198 336 καὶ
1223 309 1452 345 ὑποκρινομένους
1476 310 1526 345 τὴν
1547 309 1678 345 βασιλέως
1693 308 1798 341 δεξιὰν,

173 355 307 382 habebant
322 356 506 386 occultarum.
525 362 587 382 cum
610 355 677 382 nihil
693 355 767 382 aliud
782 360 880 390 praeter
899 355 935 382 illi

1037 356 1063 382 αὶ
1077 355 1194 386 δεδιότας
1208 356 1228 388 ¹,
1246 356 1293 382 καὶ
1316 355 1427 390 ἔχοντας
1443 355 1511 391 πρὸς
1533 355 1663 390 ἀλλήλους
1679 354 1799 390 ὲχθρίαν,

174 401 201 427 in
216 396 345 434 opinione
364 399 494 427 haberent
507 409 512 426 :
528 400 601 435 quod
614 408 709 427 eorum
725 401 813 435 gratia
829 400 936 428 feceruu

1039 401 1173 436 ὶυλόμενοι
1190 401 1295 436 στῆναι.
1321 401 1450 436 Εὺτόχιος
1476 401 1524 436 μὲν
1543 401 1597 436 γὰρ
1610 401 1624 427 ὸ
1645 400 1801 436 Ἐλευθεροσ

173 447 220 481 qui
232 454 262 474 se
281 446 314 473 ad
333 447 453 481 ipsorutn
469 452 571 474 castum
595 452 819 482 aggregaverant,
840 447 933 474 homin

1040 448 1139 483 ολίτης,
1157 444 1201 474 οἷα
1224 447 1256 482 δὴ
1278 447 1332 474 ἀπὸ
1355 447 1403 473 τοῦ
1423 447 1557 482 μακαρίου
1578 445 1733 481 Μαξιμωνᾶ
1757 445 1802 472 τοῦ

174 493 294 527 alioquin
307 492 462 525 orthodoxi,
489 492 536 520 sed
551 492 736 525 simulatores,
749 497 777 520 et
794 493 936 527 imperator

1043 493 1238 529 εροσολυμίτου
1265 492 1431 527 όμολογητοῦ
1464 491 1614 518 ἐπισκόπου
1641 491 1689 526 τὴν
1713 491 1804 517 πίστιν

175 539 302 574 potestati
317 539 480 571 servientes,
497 538 676 573 eamdemque
687 539 907 571 reformidantes,
920 547 937 574 q

1042 549 1087 575 [ων
1097 540 1171 574 σαφῆ
1184 539 1233 574 τῆς
1244 538 1408 574 ὀρθοδοξίας,
1419 538 1463 565 διὰ
1472 536 1521 573 τὴν
1537 538 1604 573 πρὸς
1616 537 1662 563 τὸν
1672 537 1804 572 Κύριλλον

178 592 272 612 secum
289 585 406 612 invicem
424 585 582 613 inimicitias
606 585 781 613 exercebant.
795 584 862 612 Nam
883 584 940 620 Eutj

1042 585 1129 621 [θριαν
1155 585 1206 611 οὺκ
1223 584 1279 620 (58)
1294 583 1376 619 ὲμίγη
1394 584 1451 615 τοῖς
1463 583 1528 618 περὶ
1547 583 1685 613 Ἀκάκιον,
1697 581 1804 617 6510066-

175 630 254 657 chius
270 630 569 665 Eleutlicropolitanus,
589 635 681 666 utpote
692 640 707 658 a
724 631 803 658 beato
816 630 937 658 Maxime]

1043 640 1071 663 υς
1085 631 1135 666 μὲν
1148 631 1218 666 ἔχων
1233 631 1296 665 ἄχρι
1313 630 1422 665 καιροῦ,
1437 629 1648 664 ὑποκρινόμενος
1661 628 1689 654 δὲ
1705 628 1749 654 διὰ
1762 628 1805 654 τὸν

176 673 425 709 llierosolymitano
439 675 568 710 episcopo
587 683 619 703 ac
643 675 803 703 confessore
825 676 938 704 catholit

1046 686 1085 703 ιον
1100 676 1211 712 θρόνον·
1233 676 1280 702 καὶ
1303 675 1378 702 ἄλλοι
1406 674 1515 706 πλείους
1538 675 1588 708 τῆς
1612 673 1806 708 Παλαιστίνης,

176 718 239 746 ﬁdei
269 719 404 746 institutis
426 719 551 751 edoctus,
569 723 680 754 propter
699 720 793 755 Cyrilli
811 720 915 752 odium,
934 729 938 747 :

1046 722 1052 732 ‘
1064 720 1111 753 οὓς
1129 720 1256 752 Ἀκάκιος
1268 720 1316 747 καὶ
1330 721 1354 746 οἱ
1372 720 1431 755 μετ’
1442 718 1526 746 αὑτοῦ
1538 719 1588 754 τὴν
1602 719 1686 753 αὐτὴν
1701 718 1808 752 ἔχοντες

176 762 307 790 Acacium
322 771 382 790 sese
400 771 453 790 non
478 764 615 798 adiunxit.
633 764 684 797 Qui
701 764 810 799 quidem
826 765 936 799 aliquan

1047 767 1120 794 ieeav
1134 767 1181 794 καὶ
1196 767 1317 802 μανιώδη
1330 765 1519 798 κακοπιπίαν,
1532 765 1601 797 τέως
1614 765 1682 799 πρὸς
1689 764 1736 790 τὸν
1751 772 1809 790 και-

176 812 302 844 tempore
327 809 489 836 catholicam
510 810 589 837 ﬁdem
619 810 803 845 amplectens,
829 810 938 846 dignitat

1045 817 1067 840 tv
1084 813 1149 848 περὶ
1165 813 1267 839 τούτων
1280 812 1357 839 οὐδὲν
1372 813 1489 843 ἐκίνουν,
1504 811 1566 838 οὔτε
1589 811 1637 846 μὲν
1657 809 1807 845 ὁμολογεῖν,

178 861 235 881 sua).
249 854 395 882 retinenda:
414 856 501 890 gratia
517 856 709 887 dissimulavit,
727 860 756 883 ut
778 861 804 883 et
819 856 864 883 alii
881 856 940 884 Pala

1045 869 1079 886 its
1095 859 1254 895 ἀρνεῖσθαι·
1278 859 1346 886 ἀλλὰ
1362 857 1536 887 συνελθόντες
1554 858 1583 883 ὲν
1601 858 1634 892 τῇ
1651 856 1807 891 Σελευκείᾳ,

178 900 258 927 stinaa
283 901 437 935 complures
467 901 600 936 episcopi.
626 900 741 936 Propter
763 909 833 937 quos
850 902 940 930 Acacit

1049 916 1052 941 ι
1066 905 1187 941 Τραχείᾳ
1201 905 1368 940 καλουμένῃ,
1381 904 1453 931 κατὰ
1466 904 1514 938 τὴν
1527 902 1673 938 Ἰσαυρίαν,
1685 902 1718 928 ὲκ
1729 910 1811 936 προσ-

179 951 242 972 cum
256 945 414 972 suiseadem
432 945 507 973 rahic
521 949 548 973 et
563 945 733 974 inlidelitatis
748 946 841 974 furore
858 948 941 982 percit

1049 959 1160 986 ιγματος
1177 951 1365 978 Κωνσταντίου
1379 949 1426 976 τοῦ
1446 949 1588 984 βασιλέως,
1604 948 1695 974 πίστιν
1712 947 1811 982 ἑτέραν

178 991 246 1017 nihil
265 990 299 1017 ad
329 995 435 1025 tempus
462 991 496 1018 de
512 992 589 1019 hisce
603 992 776 1027 dogmatibus
799 1000 906 1021 movere
920 1002 940 1021 v<

1050 997 1100 1032 ιθεν
1126 997 1295 1029 ἐκτίθενται,
1313 997 1343 1022 οὐ
1368 994 1439 1022 κατὰ
1454 995 1503 1029 τὴν
1527 994 1578 1020 ὑπὸ
1604 993 1658 1020 τῶν
1682 992 1812 1027 Πατὲρων

180 1036 299 1068 luerunt,
316 1043 403 1071 neque
412 1041 457 1064 aut
471 1037 640 1071 allirmando,
653 1041 700 1065 aut
713 1038 837 1074 negando
847 1047 942 1074 pronui

1051 1043 1165 1077 ιχθεῖσαν
1179 1044 1208 1069 ὲν
1220 1044 1254 1077 τῇ
1272 1041 1375 1076 Νικαίᾳ
1394 1042 1426 1076 τῇ
1445 1039 1532 1071 πόλει,
1547 1039 1596 1074 τὴν
1611 1037 1752 1074 όρθόδοξον
1768 1038 1813 1062 καὶ

178 1082 291 1111 tiarunt.
308 1082 360 1110 Sed
374 1082 513 1116 Seleuciae,
533 1091 595 1118 quae
606 1083 711 1118 Aspera
721 1083 833 1118 dicitur,
849 1085 876 1112 in
897 1085 938 1113 lsa

1052 1087 1112 1119 ιλῶς
1125 1087 1305 1122 τεταγμένην,
1321 1086 1389 1114 ἀλλὰ
1406 1085 1597 1121 προσποιητῶς
1611 1084 1670 1119 μὲν,
1687 1083 1726 1115 ὡς
1743 1082 1814 1109 κατὰ

179 1127 220 1154 ria
233 1126 387 1155 Constantii
411 1128 678 1164 imperatorisjussu
705 1130 860 1165 congregati
886 1131 938 1158 alia

565 1128 678 1164 isjussu
705 1130 860 1165 congregati
886 1131 968 1158 aliam
1020 1133 1172 1168 ἀφελότητα
1190 1133 1327 1164 εἰπόντες·

180 1175 243 1203 ﬁdei
262 1176 405 1203 formulam
422 1180 587 1212 proponunt.
605 1185 658 1204 non
674 1177 782 1212 qualem
794 1177 891 1206 Patres
920 1178 985 1206 olim
1001 1180 1028 1207 in
1046 1180 1156 1208 Nicaena
1171 1180 1276 1216 synodo
1297 1179 1476 1207 orthodoxam
1501 1185 1533 1205 ac
1551 1178 1708 1213 praeclaram
1736 1177 1816 1204 iusti-

180 1227 300 1255 tuerant,
312 1223 360 1251 sed
375 1223 473 1251 callide
487 1231 519 1252 ac
534 1224 594 1252 ﬁcte
614 1225 742 1252 simulata
763 1229 853 1253 tamen
873 1226 1057 1260 simplicitate,
1073 1228 1145 1255 hunc
1160 1227 1186 1254 in
1203 1227 1311 1254 modum
1325 1226 1566 1261 conscripserunt:

218 1270 312 1298 XXIV.
328 1270 473 1299 Credimus
492 1271 520 1298 itt
534 1279 619 1298 unum
642 1271 738 1304 Deum,
755 1272 863 1300 Patrem
880 1273 970 1300 omni-

1058 1275 1120 1302 KA’.
1140 1275 1307 1310 Πιστεύομεν
1324 1274 1364 1304 εἰς
1379 1273 1426 1300 ἕνα
1442 1273 1519 1304 Θεὸν,
1536 1271 1646 1306 Πατέρα
1658 1271 1815 1307 παντοκρά-

181 1320 333 1352 potentem.
350 1319 417 1349 δια,
437 1321 465 1343 et
485 1316 513 1343 in
535 1315 632 1343 Filium
650 1316 707 1350 Dei,
723 1321 789 1350 etc.,
810 1317 943 1352 simpliciti

1056 1329 1099 1356 ρα,
1114 1320 1162 1348 καὶ
1175 1320 1293 1355 καθεξῆς
1303 1328 1310 1334 '
1327 1320 1373 1346 καὶ
1387 1319 1427 1350 εἰς
1441 1318 1485 1344 τὴν
1499 1318 1563 1344 Υἱὺν
1574 1316 1620 1343 τοῦ
1632 1316 1710 1354 Θεοῦ,
1722 1316 1816 1349 λιτῶς,

183 1369 215 1389 ac
235 1361 301 1388 nihil
317 1361 504 1389 vehementius
519 1362 630 1389 elocuti.
646 1361 746 1390 Postea
760 1370 824 1390 vero
841 1368 925 1390 totam
943 1372 945 1387 I

1054 1366 1107 1401 ’λδὲν
1126 1366 1236 1401 ἰσχυρὸν
1251 1364 1425 1399 λαλήσαντες.
1441 1363 1573 1399 ’Υστερον
1593 1363 1636 1389 ἵνα
1653 1361 1816 1394 ὑποδείξωει

183 1407 304 1435 fabulam
332 1411 452 1442 agerent,
478 1407 642 1434 addiderunt
665 1415 672 1434 :
701 1417 710 1433 ι
732 1407 945 1436 Consubstantia

1055 1421 1073 1447 ιν
1093 1411 1182 1439 αὐτῶν
1203 1409 1436 1446 δραματουργίαν,
1452 1408 1567 1443 ἔφησαν,
1586 1408 1628 1434 ὃτι
1645 1417 1654 1433 ι
1670 1407 1817 1434 Ἐκσάλλο-

183 1452 333 1487 rejicimus,
348 1455 477 1486 tanquam
496 1459 511 1478 a
526 1452 612 1478 sacris
633 1451 744 1479 Litteris
758 1452 886 1478 alienum.
900 1452 945 1479 Isti

1055 1466 1075 1483 :v
1096 1457 1127 1483 τὸ
1146 1456 1298 1492 ὁμοούπιον,
1316 1455 1352 1486 ὼς
1370 1455 1508 1489 ἀλλότριον
1533 1454 1581 1489 τῆς
1598 1453 1672 1484 θείας
1692 1452 1817 1488 Γραφῆς.

184 1505 249 1526 vero
265 1498 428 1525 damnamus
446 1506 452 1524 :
467 1496 632 1524 Dissimilem
650 1504 712 1525 esse
734 1496 823 1524 Patris
837 1496 944 1523 Filium.

1052 1502 1064 1528 δ
1080 1502 1108 1528 δὲ
1122 1501 1248 1536 ἀνόμοιον
1262 1500 1326 1526 Υἱοῦ
1342 1499 1410 1534 πρὸς
1426 1497 1788 1534 Πατέραάναθεματίζομεν.
1805 1506 1814 1523 ι

183 1543 273 1578 Atque
293 1543 350 1571 hinc
366 1543 474 1570 demum
484 1547 542 1570 erat
559 1542 799 1570 callidissimorum
814 1547 945 1570 venatoru

1056 1548 1083 1574 αὶ
1094 1545 1128 1582 ἦν
1142 1547 1222 1574 τοῦτο
1237 1546 1331 1573 δολίων
1343 1544 1482 1581 θηρευτῶν
1499 1544 1604 1579 δέλεαρ.
1617 1543 1671 1570 Καὶ
1684 1543 1739 1577 γὰρ
1753 1542 1818 1576 ἐφα-

186 1589 325 1616 illecebra.
345 1587 390 1615 Sic
409 1588 482 1616 enim
500 1588 571 1615 inter
592 1595 653 1615 sese
666 1587 860 1619 mussitabant,
878 1594 910 1614 ac
927 1587 948 1614 dt

1055 1601 1103 1626 ιον,
1115 1594 1158 1619 ὅτε
1172 1593 1201 1619 ἐν
1217 1592 1308 1623 αὐτοῖς
1323 1591 1454 1625 ἐγίνοντο,
1472 1590 1518 1616 καὶ
1533 1589 1682 1620 ἐδίδασκον,
1697 1589 1739 1614 ὃτι
1751 1587 1817 1614 κτι-

187 1635 286 1662 cebant
302 1643 309 1661 :
322 1634 453 1661 Creatura
470 1633 579 1668 quidem
592 1637 634 1661 est
646 1633 692 1660 Dei
708 1632 804 1666 Filius,
819 1632 867 1660 sed
879 1633 949 1660 simil

1058 1645 1085 1663 ια
1101 1637 1150 1672 μὲν
1169 1636 1242 1663 ἔστιν
1261 1637 1275 1662 ὁ
1290 1636 1353 1667 Υἱὸς
1366 1634 1411 1661 τοῦ
1425 1633 1503 1665 Θεοῦ,
1525 1633 1582 1659 ἀλλ’
1596 1632 1688 1667 ὅμοιός
1704 1632 1762 1657 ἐστι
1781 1631 1820 1666 τῷ

186 1680 272 1712 Patri,
283 1687 315 1707 eo
325 1679 450 1706 videlicet
459 1686 551 1711 sensu,
563 1679 609 1713 qui
624 1679 746 1706 omnium
761 1679 900 1705 hominum
924 1685 948 1705 ut

1057 1682 1126 1718 ιτρὶ,
1139 1682 1176 1714 ὡς
1194 1681 1265 1708 κατὰ
1281 1681 1402 1708 διάνοιαν
1415 1679 1517 1715 ταύτην
1533 1678 1582 1715 τὴν
1597 1679 1625 1705 ὲν
1643 1679 1698 1709 τοῖς
1713 1677 1819 1712 ἀνθρώ-

187 1733 220 1754 ac
235 1726 433 1754 consuetudine
452 1724 597 1752 familiaris
614 1728 666 1752 est.
689 1724 794 1752 Etenim
815 1724 909 1758 plastaa
920 1728 949 1751 st;

1055 1736 1092 1759 at;
1113 1727 1352 1762 νομιστευομένην.
1374 1725 1538 1753 Ἐκτυποῦσι
1560 1725 1614 1760 γὰρ
1631 1724 1676 1750 καὶ
1697 1724 1722 1750 οἱ
1749 1724 1817 1750 πλα-

187 1777 250 1799 tuas
257 1772 397 1807 eﬁitigunt,
407 1779 439 1798 ac
453 1771 601 1799 simulacra
615 1778 648 1797 ex
662 1777 741 1801 auro,
755 1773 878 1804 argento,
890 1769 949 1796 alia‘

1058 1773 1157 1808 τουργοὶ
1171 1772 1343 1808 ἀνδριάντας.
1357 1773 1403 1799 καὶ¹
1413 1769 1626 1806 ὰφομοιάζουσιν
1639 1769 1747 1800 εἰκόνας
1759 1770 1820 1803 ἢτοι

188 1817 313 1849 materia,
330 1821 377 1844 aut
390 1817 530 1844 coloribus
545 1816 572 1843 in
599 1816 673 1850 ligno
686 1815 853 1849 exprimunt,
867 1821 926 1850 quin
941 1821 950 1841 ε

1056 1828 1061 1844 ι
1077 1817 1190 1853 χρυσοῦ,
1208 1818 1253 1844 καὶ
1265 1817 1396 1853 ἀργύρου,
1409 1817 1455 1844 καὶ
1466 1816 1548 1851 ἄλλης
1565 1815 1641 1850 ὕλης,
1655 1815 1671 1850 ἢ
1686 1815 1729 1841 διὰ
1746 1823 1818 1850 χρω-

188 1863 370 1891 militudinem
390 1863 491 1890 habent
506 1863 552 1889 illa
566 1861 898 1897 quidem,exemplaribus
913 1869 950 1887 vei

1057 1864 1123 1890 ituw
1133 1862 1179 1890 ἐπὶ
1191 1863 1333 1895 ξύλου,καὶ
1344 1863 1374 1889 τὸ
1385 1863 1477 1898 ὅμοιον
1492 1862 1609 1897 ἔχουσιν,
1623 1861 1699 1887 οὐδὲν
1712 1860 1741 1886 δὲ
1759 1860 1819 1886 κατ’

190 1909 248 1935 suis
262 1907 337 1934 nullo
363 1907 442 1934 modo
462 1912 526 1934 sunt
552 1906 679 1940 atqualia.
697 1905 743 1933 Sic
757 1906 791 1932 ab
811 1905 865 1932 illis
880 1905 950 1932 callit

1058 1909 1140 1945 ότητα
1156 1909 1210 1935 τῶν
1221 1909 1439 1944 ἐκτυπουμένων.
1449 1907 1542 1938 Οὕτως
1557 1906 1621 1942 παρ’
1632 1906 1724 1936 αὐτοῖς
1735 1905 1765 1931 τὺ
1779 1905 1819 1931 δό-

190 1953 319 1988 quiddam
346 1952 528 1987 excogitatum
560 1956 602 1979 est
628 1951 805 1986 hujusmodi,
834 1955 862 1977 ut
880 1950 948 1977 Filiu

1058 1964 1086 1982 ον
1096 1953 1139 1990 ἦν,
1155 1955 1295 1990 ὁμολογεῖν
1308 1955 1356 1990 μὲν
1364 1955 1454 1989 ὅμοιον
1464 1954 1502 1988 τῷ
1512 1953 1609 1988 Πατρὶ,
1620 1952 1696 1978 οὐδὲν
1706 1951 1734 1978 δὲ
1750 1951 1820 1986 ἔχειν

191 1998 265 2026 Patri
286 1998 401 2026 similem
427 2005 488 2025 esse
517 1997 685 2031 faterentur;
710 1998 772 2024 licet
792 1997 859 2024 nihil
876 1997 902 2023 iu
918 1997 953 2031 ip:

1057 2001 1081 2035 ᾖς
1096 2001 1143 2027 τοῦ
1166 2001 1272 2037 Πατρὸς
1289 2000 1415 2036 θεότητος
1430 1999 1461 2026 τὸ
1482 1999 1622 2035 παράπαν.
1645 1998 1726 2024 Ἀλλά
1748 2006 1819 2028 τινες

191 2048 311 2081 paternae
322 2043 473 2071 divinitatis
494 2043 608 2072 inesset.
624 2045 706 2080 872
729 2043 791 2070 llaec
804 2043 912 2070 illorum
929 2042 953 2070 dt

1058 2046 1084 2072 ὒν
1111 2045 1170 2080 μετ’
1197 2045 1298 2076 αὐτῶν,
1317 2045 1374 2079 ἃμα
1396 2044 1424 2070 δὲ
1450 2043 1494 2070 διὰ
1514 2043 1563 2078 τὴν
1583 2042 1654 2068 οὓτω
1676 2041 1820 2076 συμϐᾶσαν

191 2095 265 2118 creta
278 2090 411 2122 nonnulli,
424 2089 469 2124 qui
487 2096 548 2116 cutn
564 2089 631 2124 ipsis
651 2092 739 2121 erant,
750 2089 849 2123 partim
867 2091 953 2123 propti

1057 2090 1173 2126 ›μφορὰν
1198 2089 1245 2116 τοῦ
1263 2089 1359 2125 καιροῦ
1383 2089 1571 2124 κατεδέχοντο,
1595 2088 1640 2114 καὶ
1661 2086 1727 2122 ὁμοῦ
1751 2084 1819 2121 ἦσαν

192 2138 321 2174 temporis
337 2137 518 2165 calamitatem
530 2138 735 2172 approbarunt;
753 2140 781 2163 et
802 2143 866 2162 vero
882 2142 954 2170 magr

1057 2136 1182 2167 λνειδότες
1196 2137 1220 2162 οἱ
1236 2135 1342 2167 πλείους
1360 2135 1448 2164 αὐτῶν
1459 2143 1466 2149 ³
1485 2134 1556 2165 τινες
1573 2134 1601 2160 δὲ
1623 2133 1670 2160 καὶ
1693 2131 1819 2166 ἀγνοοῦν-

192 2193 226 2212 ex
247 2173 325 2220 parte
341 2184 445 2212 conscii
468 2191 500 2210 ac
514 2182 635 2210 fautores
650 2186 738 2210 erant.
756 2181 872 2214 Quidam
887 2184 954 2208 tame

1056 2191 1086 2214 ες,
1104 2182 1141 2213 ὡς
1163 2181 1276 2217 ὕστερον
1291 2180 1409 2216 ἐδείχθη.
1428 2178 1482 2207 Ἦν
1499 2180 1553 2215 γὰρ
1571 2179 1628 2214 ἅμα
1642 2178 1746 2209 τούτοις
1763 2178 1818 2204 lla-

192 2231 272 2260 inscii
293 2233 320 2257 et
339 2229 524 2264 imprudentes
552 2228 655 2263 abrepti
672 2231 747 2258 sunt.
766 2232 794 2254 ut
811 2227 891 2261 paulo
919 2233 953 2260 po

1057 2228 1155 2262 ὶόφιλος
1168 2229 1182 2254 ό
1198 2227 1411 2262 Σκυθοτοολίτης,
1429 2227 1476 2254 καὶ
1492 2226 1560 2261 μετὰ
1574 2225 1675 2252 τούτων
1688 2224 1819 2254 Φίλιππος

194 2275 327 2311 apparuit.
349 2274 433 2302 Erant
451 2274 523 2302 enim
547 2274 616 2301 inter
637 2273 700 2301 illos
720 2272 894 2307 Patrophilus
914 2271 956 2306 Sc}

1060 2275 1117 2300 ἐκεῖ
1138 2273 1318 2305 κατασταθεὶς
1340 2273 1461 2308 διάδοχος
1483 2272 1529 2299 τοῦ
1547 2270 1757 2307 προειρημένου,
1772 2269 1818 2296 καὶ

193 2322 390 2357 thopolitanus,
416 2325 444 2349 et
468 2320 619 2355 Philippus,
645 2319 692 2355 qui
723 2319 805 2353 hujus
836 2325 955 2346 successi

1056 2320 1104 2346 0m
1121 2319 1239 2351 πλείους,
1253 2319 1278 2346 οἱ
1291 2319 1371 2354 φύσει
1391 2319 1492 2353 ταύτην
1505 2318 1554 2352 τὴν
1570 2318 1675 2353 αἵρεσιν
1693 2315 1818 2350 κατέχον-

194 2368 361 2395 constitutus
387 2367 444 2393 illic
474 2366 573 2397 fuerat,
597 2372 660 2392 cum
680 2364 743 2391 aliis
763 2364 909 2399 plerisque,
934 2371 956 2397 qi

1054 2374 1087 2396 ις.
1101 2364 1158 2391 Νῦν
1174 2365 1203 2391 δὲ
1219 2364 1288 2400 μετὰ
1304 2365 1355 2400 τὴν
1370 2364 1481 2391 ἐκείνων
1494 2363 1633 2398 τελευτὴν,
1643 2362 1687 2388 ὅτε
1699 2361 1738 2392 εἰς
1749 2360 1816 2388 πλά-

195 2413 266 2441 ltanc
290 2411 417 2439 haeresim
445 2410 689 2446 amplectebantur.
718 2408 804 2436 llodie
836 2416 903 2436 vero
922 2416 954 2442 po

1057 2420 1077 2443 ›ς
1095 2411 1226 2446 ἐλήλακεν
1243 2411 1260 2446 ὴ
1281 2409 1370 2437 αὐτῶν
1393 2408 1546 2442 κακοδοξία,
1562 2407 1610 2434 καὶ
1625 2406 1693 2442 μετὰ
1712 2406 1819 2442 παρῤη-

197 2459 305 2485 illomm
316 2458 431 2489 obitum,
445 2457 490 2484 ubi
506 2457 628 2492 ipsorum
644 2455 768 2490 impietas
783 2454 863 2489 longe
878 2454 959 2488 lateqi

1055 2456 1092 2487 ξας
1118 2455 1281 2490 τυγχάνουσι
1307 2455 1351 2482 διὰ
1374 2455 1422 2490 τὴν
1449 2454 1497 2489 τῆς
1527 2453 1628 2488 σαρκὸς
1648 2451 1756 2483 δεξιὰν,
1773 2452 1817 2478 καὶ

195 2507 354 2540 propagata,
370 2502 510 2530 audaciam
535 2509 566 2530 ac
584 2501 720 2529 licentiam
744 2499 834 2533 nacti,
847 2507 878 2526 ac
893 2507 957 2526 carn

1056 2501 1133 2536 ηκέτι
1153 2501 1373 2536 ἐμποδιζόμενοι,
1390 2500 1554 2536 κηρύττουσι
1571 2499 1664 2532 σαφῶς
1678 2498 1709 2524 τὸ
1728 2496 1818 2524 αὐτῶν

195 2549 309 2579 brachio
328 2549 399 2582 freti,
416 2548 489 2576 nulla
512 2556 542 2576 re
552 2548 609 2583 jam
628 2548 764 2578 obstante,
781 2553 898 2582 quorum
920 2553 957 2573 ροι

1056 2545 1200 2581 τιχείρημα
1212 2554 1218 2559 ·
1231 2545 1323 2572 οὐκέτι
1335 2545 1397 2571 οὔτε
1412 2545 1482 2572 αἰδοῖ
1491 2553 1543 2570 τινι
1558 2542 1746 2577 κατεχόμενοι,
1758 2540 1818 2568 οὔτε

196 2596 288 2626 silium
302 2595 419 2623 inierant
441 2598 532 2630 aperte
547 2594 593 2622 illa
611 2593 770 2629 praedicant.
792 2592 888 2620 Nullus
911 2592 954 2620 eui

1059 2591 1215 2628 δαλλόμενοι
1229 2591 1282 2619 ἀπό
1294 2601 1365 2624 τινος
1377 2592 1595 2627 προστάγματος,
1609 2590 1647 2622 εἰς
1663 2588 1693 2615 τδ
1709 2588 1746 2623 μή
1760 2593 1820 2614 τινα

232 2675 242 2691 ⁸
258 2673 288 2701 F.
300 2673 345 2701 καὶ
359 2672 408 2708 τὴν
421 2672 482 2708 βασ.
497 2671 552 2704 δεξ.
564 2671 618 2699 δεδ,

237 2753 290 2787 (58)
303 2752 353 2779 Διὰ
376 2752 432 2785 τὴν
448 2752 523 2785 πρὸς
542 2751 595 2777 τὸν
621 2748 982 2787 ξςύρμλιηᾷογ-ἑχθριιινῇοὐκ.

1055 2746 1166 2787 regavit,
1187 2753 1308 2787 quocum
1331 2745 1460 2781 Cyrillum
1491 2742 1765 2779 llicrosolymitanum
1786 2740 1816 2769 de

201 2781 384 2822 Expiiiigetida
399 2781 640 2822 otnni'noinegandi
661 2781 811 2822 particula;
827 2790 887 2822 nam
902 2781 985 2817 Euty-
1038 2781 1196 2818 epiScopatu
1211 2781 1334 2809 dimovit.

201 2817 279 2854 chi'as
292 2817 341 2857 ιῖιό
358 2830 407 2850 suo
416 2822 443 2849 in
455 2817 585 2857 Cyrillum
599 2817 731 2847 odio’scse
747 2817 780 2845 ad
791 2817 918 2846 Acacium
935 2825 983 2852 ag-
