1931 3041
231 137 245 163 εἰ
251 137 284 164 3ἲί

233 198 295 226 fidei
324 197 510 233 expositiones
538 204 586 224 vos
609 197 710 232 legitis,
738 196 838 232 quibus
870 196 1057 231 prudentiaeA

233 245 303 271 inest
336 252 366 271 ac
388 243 483 278 jmlicii
511 243 648 273 nonnihil,
673 241 891 272 animadvertite,
917 248 1018 276 quaeso,

232 297 313 324 quam
340 288 484 316 subdolqu
512 295 544 314 ac
567 287 733 314 malitiosum
756 287 792 314 sit
816 286 897 314 ttnius
919 294 951 314 ex
976 287 1020 313 illa

233 338 306 361 secta
325 334 408 368 partis
432 333 588 365 consilium,
609 340 640 360 ac
656 332 723 359 nihil
735 336 838 359 rectum
850 331 958 364 habeat,
975 339 1022 358 ne-

232 387 285 415 que
299 380 340 406 vel
355 378 492 406 levissime
513 378 612 405 divina:
632 377 693 405 lidei
711 378 746 405 sit
763 377 942 412 professionis
956 385 1022 405 con—

233 429 401 454 sentaneum.
433 423 540 452 Etenim
568 424 699 451 Dominus
723 423 760 450 ita
789 422 1020 451 commonefecit:

233 471 309 504 Quod
319 471 343 498 in
354 478 443 497 aurem
457 469 568 502 auditis,
581 469 724 504 prwdicate
737 477 813 503 super
822 470 919 496 tecta'.
934 469 1022 504 Atque

233 522 262 544 ιιι
279 516 425 551 Apostolus
451 516 596 542 hortatur:
620 514 763 542 Veritatem
788 515 966 550 unusquisque
983 514 1022 542 ίο-

231 568 329 598 quatur
343 570 401 588 cum
415 562 539 598 proIimo
555 569 602 588 suo
614 561 634 588 '.
651 561 684 588 At
696 560 831 596 Propheta
847 560 957 587 illorum
972 561 1023 587 im-

232 608 397 643 probitatem
411 614 466 634 ttou
491 607 550 634 sine
568 606 778 641 reprehensione
796 604 933 632 declarat:
956 603 1022 632 Cum

231 655 362 688 proximo,
375 654 474 688 inquit.
492 653 608 688 loquitur
623 652 752 686 paciﬁca,
768 651 796 678 in
815 650 893 677 corde
903 659 962 677 vero
975 659 1022 678 suo

232 699 307 725 habet
327 699 495 725 inimicitiam
508 697 529 730 ',
547 697 603 724 sive
624 696 764 723 malitiam.
789 695 864 722 Talis
886 699 928 723 est
953 695 1022 722 Aea-

232 744 295 771 cius
310 745 362 771 iste
384 751 446 771 cum
467 743 534 770 suis.
553 741 620 769 Nam
634 749 696 769 cum
711 749 741 768 sc
765 748 779 768 a
799 740 899 768 Basilio
920 744 946 768 et
964 740 1022 775 ejus

233 790 346 817 asseelis
368 788 578 824 disjunxissent,
596 794 650 822 quo
674 793 743 813 verte
760 785 944 813 confessionis
961 786 1022 812 vin—

233 836 323 862 culum
342 842 373 862 ac
390 842 488 861 nexum
508 834 657 860 dissolvere
671 832 822 867 cupientes,
843 830 1022 858 adulterinum

235 882 329 908 nescio
345 888 439 915 quatit,
455 883 482 906 et
499 879 532 906 ad
546 877 726 906 refellendum
744 876 863 908 facilem,
878 879 906 903 et
923 877 949 902 in
966 883 1024 902 om-
1041 885 1061 914 Β

217 933 282 953 -nes
313 929 403 959 partes
429 923 590 951 versabilem
619 922 680 949 fidei
701 920 899 957 professionem
932 919 1024 947 edide-

233 977 306 1001 runt.
328 975 358 997 ut
380 978 412 997 ex
435 973 567 1004 concepta
593 968 652 1003 ipsa
673 968 818 994 verborum
846 965 972 997 formula,
1000 965 1024 992 si

233 1017 332 1051 quibus
345 1015 484 1050 imponere
496 1014 605 1046 vellent,
621 1013 722 1047 justam
740 1019 772 1039 ac
789 1011 937 1046 legitimam
955 1019 1022 1038 con-

234 1063 380 1089 fessionem
399 1068 453 1096 pra:
466 1068 495 1088 se
513 1059 584 1087 ferre
600 1059 686 1087 videri
702 1063 823 1093 possent.
842 1058 888 1085 Sin
905 1057 1024 1092 perfidia:

235 1098 292 1135 sua:
320 1107 395 1134 virus
419 1105 572 1141 patefacere
597 1108 738 1138 cuperent,
762 1102 897 1138 ejusmodi
918 1103 971 1130 illis
991 1103 1023 1130 ad

234 1159 344 1178 manum
359 1155 431 1178 esset
444 1150 505 1177 lidei
520 1148 666 1185 prolessio,
681 1156 742 1184 qua:
759 1149 886 1183 utrinque
898 1153 1025 1182 spectans

234 1196 267 1222 ad
284 1195 433 1230 quamlibet.
447 1195 554 1222 illorum
571 1194 773 1222 simulationem
787 1199 879 1228 aptum
895 1194 1024 1228 quiddam

234 1241 409 1275 exprimeret.
429 1239 482 1266 Sed
506 1239 634 1273 quoniam
657 1239 685 1266 in
705 1239 756 1265 hoc
774 1239 866 1265 Aeacii
883 1239 1027 1266 conventi-

234 1286 307 1316 culo,
332 1285 403 1319 quod
430 1285 463 1311 ab
489 1285 550 1312 aliis
574 1284 681 1311 duobus
707 1288 748 1311 est
776 1275 949 1318 seiunctum;
969 1283 1025 1319 jam

236 1331 309 1357 enim
325 1330 444 1358 diximus
460 1335 515 1358 tres
530 1331 556 1357 in
570 1335 661 1365 partes
672 1330 835 1356 Arianorum
851 1334 952 1357 sectam
966 1337 1027 1358 esse

236 1375 364 1402 divisam.
397 1375 487 1408 Quare
515 1374 670 1406 Eudoxius,
697 1374 865 1405 Germanus,
894 1373 1027 1409 Georgius

236 1421 447 1452 Alexandrinus,
473 1420 591 1448 Euzoius
614 1420 803 1447 Antiochenus
829 1420 856 1447 in
877 1427 959 1447 unam
986 1419 1026 1447 fa-

235 1468 353 1493 ctionem
380 1467 514 1501 segregati
547 1469 628 1499 sunt;
654 1465 771 1493 Basilius
796 1473 861 1493 vero
888 1465 1025 1498 Eleusius,

238 1513 407 1544 Eustathius,
421 1512 554 1547 Georgius
566 1512 750 1545 Laodiccnus,
764 1512 901 1548 Sylvanus
912 1512 1028 1540 Tarsen—

237 1558 285 1588 sis,
304 1558 476 1586 Macedonius
491 1553 822 1592 Constantinopolitauus,
842 1561 869 1585 et
886 1557 932 1584 alii
952 1565 1026 1585 cotn-
1040 1551 1062 1581 C

237 1603 329 1636 plures
347 1602 495 1636 separatim
517 1610 597 1629 suum
613 1609 714 1636 corpus
729 1601 896 1636 effecerunt;
911 1603 1027 1630 Aeacius

236 1648 364 1682 denique,
386 1653 415 1675 ut
431 1655 514 1683 supra
532 1647 599 1680 dixi,
617 1655 679 1674 cum
703 1647 821 1680 Meletio,
844 1647 978 1684 Eutychio
1000 1653 1027 1676 et

237 1693 300 1721 aliis
313 1693 451 1720 nonnullis
467 1693 563 1720 tertias
580 1693 608 1720 in
623 1697 714 1727 partes
734 1693 921 1721 discesserunt
938 1704 944 1721 :
959 1701 1028 1729 quo-

236 1747 297 1766 rum
315 1739 452 1774 negotium
471 1746 550 1765 omne
566 1739 682 1770 fraudis,
700 1745 732 1765 ac
755 1738 883 1774 nequitia!
897 1739 1026 1774 plenissi-

237 1792 310 1811 mum
333 1784 393 1810 fuit.
416 1784 481 1810 Nam
498 1791 561 1810 cuin
590 1790 605 1810 a
627 1791 658 1810 se
680 1783 795 1810 invicem
821 1784 949 1818 opinione
972 1791 1026 1810 non

237 1830 436 1864 disrreparcnt,
464 1828 643 1855 nihilominus
667 1832 757 1855 certas
779 1827 807 1854 in
830 1827 964 1856 factiones
986 1829 1027 1856 di-

237 1875 308 1901 vulsi
328 1879 403 1906 sunt,
419 1874 483 1900 dum
499 1873 619 1907 privatas
635 1873 705 1900 inter
727 1881 756 1900 se
776 1873 929 1901 simultates
948 1881 1027 1901 exer-

238 1923 311 1949 cent,
326 1919 408 1945 veluti
423 1918 494 1952 quod
510 1918 629 1953 (lyr-illus
645 1917 910 1953 llicrosolymitanus
931 1923 958 1946 et
973 1918 1026 1946 Eu-

239 1964 348 1998 tychius
368 1969 477 1990 mutuas
493 1963 652 1990 inimicitias
666 1962 807 1995 foverent;
828 1962 946 1998 Cyrillus
960 1971 1025 1991 vero

241 2017 254 2035 a
275 2008 366 2036 Basilii
382 2008 494 2039 Galatze.
512 2013 539 2036 et
559 2008 669 2039 Aniani,
690 2008 736 2042 qui
751 2008 901 2035 Antiochiae
919 2008 1025 2036 ordina-

241 2058 286 2080 tus
310 2058 368 2080 crat
384 2053 541 2088 episcopus,
560 2061 591 2080 ac
604 2052 713 2088 Georgii
735 2052 882 2080 Laodiceni
901 2054 1025 2088 partibus

240 2103 338 2126 staret.
355 2098 424 2131 Quid
442 2103 530 2126 autem
553 2099 650 2125 attinet
666 2099 692 2125 in
712 2105 807 2125 eorum
824 2099 942 2127 coetibus
962 2106 1024 2134 par-

240 2143 340 2170 tiendis
363 2150 394 2169 ac
414 2142 660 2170 commemorandis
685 2147 792 2177 templis
810 2143 916 2170 terere?
941 2143 1024 2171 Venio

936 137 963 166 S.
986 135 1156 165 EPIPIIANH

1803 140 1871 168 £56

1073 195 1174 226 οόντες,
1192 193 1278 228 γνῶτε
1293 194 1351 226 πῶς
1375 194 1535 231 ῥᾳδιουργόν
1562 197 1618 222 ἐστι
1641 195 1673 222 τὸ
1693 196 1873 232 ἐπιχεξρημα.

1073 241 1187 276 θατέρου
1212 240 1301 267 αὐτῶν
1327 240 1373 267 τοῦ
1398 241 1579 276 συστήματος,
1601 242 1648 268 καὶ
1673 242 1748 268 οὐδὲν
1770 243 1870 277 ὀρθὸν,

1071 286 1131 312 οὐδὲ
1148 286 1235 322 βραχὺ
1250 286 1361 321 μετέχον
1373 286 1424 322 τῆς
1438 287 1508 313 κατὰ
1519 287 1584 314 Θεὸν
1596 287 1748 322 ὁμολογίας.
1760 289 1872 315 (Mars:

1071 331 1124 367 γὰρ
1137 332 1151 358 ὁ
1168 331 1268 366 Κύριος
1284 331 1369 366 λέγων
1379 340 1386 348 ·
1401 333 1435 358 Ὃ
1455 334 1499 365 εὶς
1511 332 1544 359 τὸ
1561 331 1616 365 οὖς
1635 333 1797 367 ἠκούσατε,
1811 334 1873 360 ἐπὶ

1071 376 1131 403 τῶν
1144 376 1286 411 δοῃιάτων
1307 377 1465 411 κηρύξατε.
1480 378 1535 405 Καὶ
1552 377 1642 410 καθὼς
1659 379 1673 405 ὁ
1687 378 1764 413 ἅγιος
1783 379 1875 406 Ἀπο-

1073 422 1165 454 στολός
1186 430 1284 457 φησιν·
1305 422 1464 455 Ἀλήθειαν
1482 424 1611 450 λαλείτω
1639 423 1770 457 ἕκαστος
1787 426 1873 459 μετὰ

1072 468 1124 495 τοῦ
1135 469 1268 502 πλησίον
1281 468 1445 496 αὐτοῦ’ὀόὲ
1455 467 1601 505 Προφήτης
1609 467 1656 504 τὴν
1662 467 1766 497 τούτων
1782 470 1874 497 κακά-

1072 523 1146 541 νοιαν
1169 514 1313 549 διελέγχων
1335 514 1458 548 ἐκφαίνει
1483 514 1590 548 λέγων·
1613 514 1694 541 Μετὰ
1707 514 1765 542 ’τοῦ
1788 517 1874 547 πλη-

1073 560 1143 587 σίου
1161 559 1254 586 αὑτοῦ
1268 560 1357 586 λαλεῖ
1368 559 1512 594 εἰρηνικὰ,
1535 561 1569 586 ὲν
1583 560 1617 587 δὲ
1634 559 1671 595 τῇ
1693 561 1800 595 καρδίᾳ
1812 565 1873 590 αὐ·-

1072 605 1126 632 τοῦ
1152 606 1213 640 ἔχει
1235 605 1292 639 τὴν
1307 606 1430 640 ἔχθραν,
1456 608 1504 633 εἶτ’
1527 605 1573 633 οὖν
1589 607 1704 634 κακίαν·
1731 607 1875 634 οὕτωκαὶ

1073 649 1146 678 οὗτοι
1173 652 1237 686 περὶ
1261 652 1397 679 Ἂκάκιον.
1415 652 1464 679 Ἐκ
1484 652 1537 679 τῶν
1568 653 1633 688 περὶ
1657 652 1793 688 βασιλέως
1812 655 1820 667 ⁵
1837 653 1873 679 δὲ

1073 697 1243 733 διῃρημένοι,
1260 697 1413 732 βουλόμενοι
1426 697 1505 724 λῦσαι
1517 697 1562 724 τὸν
1578 697 1726 733 σύνδεσμον
1740 698 1790 732 τῆς
1803 698 1872 732 ἀλη-

1073 745 1151 779 θινῆς
1174 744 1330 778 ὁμολογίας,
1348 743 1424 770 νόθον
1446 743 1507 770 τινὰ
1526 744 1573 770 καὶ
1591 743 1726 770 εὐάλωτον
1750 745 1783 770 ὲκ
1800 753 1874 770 παν-

1073 789 1186 824 ταχόθεν
1211 789 1348 824 ἀπολυτὴν
1374 788 1466 815 ἔθεντο
1488 788 1605 821 ἔκθεσιν,
1625 790 1665 820 εἰς
1686 789 1717 815 τὸ
1736 789 1873 815 δύνασθαι

1075 835 1174 866 αὐτοὺς
1194 835 1248 861 ἀπὸ
1268 834 1372 861 τούτων
1395 834 1449 861 τῶν
1468 835 1632 870 εἰρημένων,
1648 835 1672 861 εἰ
1688 834 1738 870 μὲν
1763 834 1872 861 Οέλοιέν

1076 889 1152 913 τινας
1166 881 1284 916 ἁπατᾷν,
1303 880 1432 907 δύνασθαι
1452 881 1593 916 ὁμολογεῖν
1611 880 1641 906 τὸ
1656 880 1761 907 δίκαιον
1773 889 1779 895 ·
1799 881 1825 906 εἰ
1838 881 1872 906 δὲ

1075 925 1217 960 Θελήσαιεν
1232 926 1282 961 τῆς
1304 925 1408 953 ἑαυτῶν
1428 925 1586 958 κακοδοξίας
1603 925 1719 959 ὲκφᾶναι
1736 925 1767 951 τὸ
1786 925 1872 961 δηλη-

1074 972 1179 1007 τήριον,
1195 971 1271 998 ἔσται
1282 972 1373 1003 αὐτοῖς
1383 971 1451 1007 αὕτη
1463 972 1480 1006 ὴ
1490 971 1595 1002 ἕκθεσις
1609 971 1874 1006 ὲπαμφοτερίζουσα.

1074 1017 1124 1048 τὰς
1143 1017 1212 1051 πρὸς
1230 1018 1276 1044 δύο
1292 1018 1407 1053 σχέσεις,
1424 1017 1472 1044 καὶ
1487 1017 1624 1052 δυναμένη
1647 1018 1732 1043 ποιεῖν
1747 1017 1872 1051 ἑκάστης

1075 1061 1163 1089 αὐτῶν
1178 1063 1316 1098 ποιήσεως
1339 1062 1387 1098 ’τὴν
1409 1062 1563 1097 ὁμολογίαν.
1585 1061 1654 1088 Ἀλλ’
1672 1062 1824 1097 ἐπειδήπερ
1839 1062 1874 1088 ἐν

1076 1109 1109 1144 τῇ
1125 1108 1195 1135 κατὰ
1215 1109 1260 1135 τὸν
1283 1108 1409 1135 ’Λκάκιον
1425 1107 1509 1143 ταύτῃ
1524 1109 1556 1143 τῇ
1570 1107 1624 1134 ἀπὸ
1643 1107 1696 1133 τῶν
1718 1107 1806 1133 ἄλλων
1822 1107 1875 1133 δύο

1076 1154 1191 1180 συνόδων
1205 1154 1372 1190 διαιρεθείσῃ
1383 1153 1497 1189 συνόδῳ”
1509 1153 1612 1189 ἔφημεν
1622 1152 1675 1188 γὰρ
1683 1153 1740 1184 πῶς
1753 1153 1794 1184 εὶς
1804 1153 1874 1188 τρία

1075 1200 1200 1235 τάγματα
1216 1200 1233 1235 ἡ
1257 1199 1305 1235 τῆς
1324 1199 1469 1236 Ἀρειανῶν
1484 1198 1596 1235 διῃρέθη
1616 1199 1703 1230 τάξις,
1720 1199 1758 1230 ὡς
1780 1199 1794 1225 ὁ
1817 1198 1871 1233 μὲν

1075 1244 1210 1277 Εὺδόξιος,
1227 1245 1273 1272 καὶ
1288 1245 1435 1280 Γερμανὸς,
1448 1244 1583 1280 Γεὼργιός
1595 1253 1625 1271 τε
1638 1245 1652 1270 ὁ
1663 1242 1872 1280 ’Δλεξανδρεῦς,

1077 1290 1195 1322 Εὑζώϊός
1208 1299 1237 1316 τε
1259 1290 1431 1326 Ἀντιοχείας,
1444 1291 1484 1322 εἰς
1496 1290 1525 1316 ἓν
1541 1289 1632 1324 τάγμα
1648 1289 1871 1325 ἀπεσχίσθησαν’

1077 1335 1216 1366 Βασίλειός
1233 1343 1262 1361 τε
1278 1336 1325 1361 καὶ
1338 1335 1485 1367 Ἑλεύσιος,
1502 1335 1648 1366 Εὑστάοιος
1663 1334 1710 1360 καὶ
1733 1335 1751 1360 Γ
1752 1334 1873 1369 εώργιος

1076 1380 1090 1406 ὁ
1106 1380 1275 1412 Λαοδικείας.
1300 1381 1441 1412 Σιλουανός
1455 1389 1485 1407 τε
1499 1381 1513 1406 ὀ
1528 1380 1645 1416 Ταρσοῦ,
1668 1380 1837 1412 Μακεδόνιος
1858 1381 1874 1406 ὁ

1077 1425 1405 1461 Κωνσταντινουπολίτης,
1430 1426 1477 1452 καὶ
1500 1426 1574 1453 ἄλλοι
1600 1425 1709 1457 πλείους
1734 1425 1872 1456 ὡσαύτως

1077 1471 1116 1502 εἰς
1135 1470 1164 1496 ἓν
1189 1471 1282 1506 τάγμα
1309 1471 1490 1506 διῃρέθησαν
1509 1471 1636 1503 ’Λκὰκιος
1658 1471 1686 1497 δὲ
1712 1471 1803 1502 πάλιν,
1832 1471 1873 1502 ὡς

1079 1518 1219 1552 προεῖπον,
1235 1517 1282 1544 καὶ
1293 1517 1433 1548 Μελέτιος,
1453 1516 1498 1543 καὶ
1514 1517 1655 1552 Εὑτύχιος,
1670 1517 1717 1544 καὶ
1731 1516 1805 1544 ἄλλοι
1826 1525 1873 1544 τι-

1078 1562 1122 1593 νὲς
1137 1562 1201 1589 ἄλλο
1214 1562 1307 1598 τάγμα
1325 1563 1372 1589 καὶ
1392 1560 1465 1590 οὗτοι
1486 1563 1623 1597 γεγόνασι,
1644 1563 1691 1589 καὶ
1709 1560 1744 1599 ἦν
1765 1563 1797 1589 τὸ
1814 1564 1873 1590 πᾶν

1078 1606 1190 1638 κυϐείας
1204 1607 1330 1642 ἔμπλεων
1342 1608 1372 1634 τὸ
1392 1608 1471 1644 ἔργον
1483 1617 1489 1624 ⁸
1505 1608 1523 1636 ἃ.
1540 1608 1594 1644 γὰρ
1617 1608 1731 1639 ἕκαστος
1745 1609 1870 1644 ἐφρόνει,

1077 1652 1164 1679 ταῦτα
1181 1652 1228 1679 καὶ
1245 1653 1258 1678 ὁ
1270 1653 1362 1688 ἕτερος
1381 1653 1454 1689 εἶχεν
1466 1663 1473 1670 ι
1486 1655 1526 1686 εἰς
1547 1655 1684 1690 σχίσματα
1697 1654 1724 1680 δὲ
1739 1653 1871 1690 διῃρέθη-

1079 1705 1127 1723 σαν
1141 1696 1209 1731 πρὸς
1225 1696 1363 1731 ἀλλήλους,
1383 1698 1400 1734 ἢ
1417 1699 1490 1734 μίσει
1509 1699 1562 1726 τινὶ
1580 1699 1619 1734 τῷ
1635 1699 1704 1734 πρὸς
1721 1699 1868 1734 ἀλλήλους,

1077 1741 1121 1768 διὰ
1137 1742 1168 1768 τὸ
1192 1742 1324 1778 Κύριλλον
1342 1744 1388 1770 τὸν
1408 1744 1623 1780 Ἱεροσολυμίτην
1644 1745 1712 1780 πρὸς
1735 1744 1871 1778 Εὐτὺχιον

1077 1786 1151 1822 ἔχειν
1170 1787 1260 1822 μῆνιν,
1281 1789 1328 1815 καὶ
1342 1789 1471 1824 Εὑτύχιον
1489 1790 1558 1825 πρὸς
1581 1790 1729 1825 Κύριλλον·
1746 1787 1816 1816 εἶναι
1840 1790 1870 1816 δὲ

1076 1831 1121 1857 τὸν
1135 1831 1268 1867 Κύριλλον
1284 1833 1343 1868 ἅμα
1357 1834 1489 1869 Βασιλείῳ
1506 1834 1544 1869 τῷ
1557 1834 1674 1870 Γαλάτῃ,
1691 1834 1738 1860 καὶ
1751 1834 1869 1868 ’Δνιανῷ

1075 1875 1115 1911 τῷ
1129 1877 1324 1904 κατασταθέντι
1344 1878 1391 1904 ἐπὶ
1407 1879 1456 1913 τῆς
1474 1879 1648 1914 Ἀντιοχείας,
1673 1878 1719 1905 καὶ
1738 1878 1869 1914 Γεωργίῳ

1076 1921 1115 1956 τῷ
1128 1921 1301 1954 Λαοδικείας·
1317 1923 1344 1950 τί
1357 1923 1385 1950 δὲ
1404 1924 1604 1959 κατατρίὸομαι
1626 1924 1676 1955 τὰς
1689 1923 1782 1956 τάξεις
1798 1924 1869 1950 διαι-

1074 1967 1129 2003 ρῶν
1150 1976 1180 1994 τε
1201 1968 1249 1995 καὶ
1271 1968 1377 2003 λέγων;
1400 1969 1562 2004 Ἐλεύσομαι
1588 1970 1616 1996 δὲ
1639 1970 1679 2001 είς
1697 1970 1748 2001 τὰς
1763 1970 1868 1995 τούτων

1072 2012 1233 2045 ἀντιθέσεις,
1256 2014 1304 2040 καὶ
1317 2014 1473 2050 ἀνατροπὴν
1493 2015 1542 2049 τῆς
1565 2015 1682 2041 ἑκάστου
1704 2015 1809 2042 τούτων
1825 2014 1868 2041 60-

1072 2056 1205 2091 λιότητος.
1221 2059 1267 2085 Δεῖ
1281 2059 1310 2085 δὲ
1331 2067 1364 2094 με
1382 2059 1488 2094 πρῶτον
1503 2061 1567 2095 περὶ
1586 2060 1642 2086 τῶν
1660 2059 1773 2095 ὕστερον
1786 2068 1868 2093 γεγο-

1072 2101 1157 2135 νότων
1180 2102 1280 2137 λέγειν.
1301 2103 1463 2140 Συμόἐὸηκε
1484 2105 1536 2141 γὰρ
1551 2105 1630 2132 τοῦτό
1648 2114 1719 2132 τισιν
1743 2107 1783 2137 εἰς
1799 2106 1868 2139 ἁγα-

1074 2145 1183 2182 ῧότητα,
1198 2149 1253 2175 τισὶ
1265 2149 1293 2175 δὲ
1306 2150 1345 2180 εἰς
1361 2151 1504 2186 πονηρίαν,

241 2189 323 2224 igitur
338 2189 371 2216 ad
391 2189 452 2217 illos
471 2197 566 2217 omnes
585 2189 748 2219 refellendos
774 2193 802 2217 et
823 2191 1040 2226 uniuscujusque
1067 2194 1151 2230 876
1175 2197 1336 2224 calliditatis
1365 2199 1538 2225 evertendam
1565 2199 1726 2234 nequitiam.
1752 2198 1805 2226 Sed
1834 2199 1868 2225 de

241 2236 284 2262 his
318 2237 404 2270 prius,
433 2244 493 2271 quae
519 2241 613 2272 postea
634 2238 818 2272 contigerunt,
836 2238 982 2266 dicendum
1005 2240 1122 2269 videtur.
1145 2243 1219 2271 Istud
1244 2245 1316 2272 enim
1340 2246 1429 2280 ipsum
1464 2247 1603 2274 nonnullis
1629 2247 1663 2274 ad
1690 2247 1866 2281 probitatem.

240 2282 301 2308 aliis
319 2282 351 2308 ad
369 2282 528 2317 pravitatcttt
544 2283 637 2309 cessit.

275 2326 392 2353 XXVIII.
415 2326 518 2354 Etenim
546 2327 669 2355 Meletius
692 2328 728 2355 ab
755 2328 856 2355 Acacio
875 2328 1026 2356 Antiochiae
1042 2330 1064 2358 ι)

240 2372 384 2399 ordinatus
407 2373 563 2408 episcopus.
584 2373 718 2409 Deinceps
737 2374 809 2401 enim
836 2374 888 2401 hoc
910 2375 1026 2402 Aeacius

241 2418 410 2453 propositum
428 2418 531 2451 habuit,
548 2420 688 2454 paululum
705 2423 734 2446 ut
749 2420 784 2446 ab
798 2420 906 2447 illorum
923 2420 1026 2447 nefario

240 2464 365 2497 dogmate
384 2463 550 2496 deflecteret,
567 2469 594 2492 et
611 2472 695 2492 unum
712 2472 741 2491 se
757 2472 790 2491 ex
806 2464 972 2493 Orthodosis
988 2466 1028 2493 la-

241 2511 325 2540 ceret,
347 2509 397 2535 hoc
411 2509 480 2543 ipso,
501 2510 574 2544 quod
589 2509 726 2537 Meletium
749 2509 776 2536 iu
792 2510 837 2536 illa
853 2510 1027 2538 ordinatione

241 2553 430 2582 continuaret:
440 2556 539 2591 quippe
554 2555 677 2583 Meletius
694 2554 738 2581 hic
749 2555 783 2582 ab
796 2554 942 2582 Aeacianis
964 2563 1026 2590 par-

278 2631 287 2647 ³
300 2630 395 2658 Matth.
413 2640 440 2663 x,
456 2632 499 2659 27.
540 2632 551 2646 ²
570 2631 670 2667 Ephes.
686 2639 721 2664 tv,
735 2631 781 2658 25.
821 2631 913 2658 ’l’sal.
934 2640 1019 2664 xxvu,
1039 2633 1065 2661 5.

242 2708 315 2745 illius
330 2713 474 2740 asserunt;
490 2708 602 2745 decima.
616 2708 851 2745 Constantinopoli
865 2710 897 2738 ab
912 2710 1022 2742 Acacio,

243 2743 374 2772 huduxiu.
394 2744 509 2777 aliisque
524 2744 651 2770 conflata.
672 2744 737 2777 Quae
749 2743 841 2776 οὐσίας
861 2749 887 2772 et
903 2745 1023 2772 ὑποστάα

244 2785 312 2808 σεως
329 2778 438 2804 umuina
458 2780 666 2806 commemorari
688 2784 775 2806 vetat:
795 2780 909 2807 similem
930 2785 1020 2806 tamen

243 2811 316 2838 l'atri
343 2811 440 2840 Filium
461 2820 521 2840 esse
547 2814 651 2842 definit.
677 2814 724 2841 llis
753 2815 923 2841 undecimam
950 2815 1025 2842 addit

1113 2331 1181 2357 KH'.
1189 2330 1316 2365 Μελέτιος
1326 2332 1375 2366 μὲν
1391 2333 1445 2368 γὰρ
1455 2334 1469 2360 ὁ
1481 2334 1510 2359 ὲν
1519 2334 1671 2370 Ἀντιοχείᾳ
1682 2337 1865 2369 κατασταθεὶς

1077 2374 1129 2400 ὑπὸ
1138 2374 1192 2402 τῶν
1202 2375 1266 2411 περὶ
1275 2376 1402 2418 ’Δριάκιον
1410 2385 1416 2392 ⁸
1426 2377 1549 2404 ἐντεῦθεν
1555 2378 1608 2414 γὰρ
1617 2379 1711 2413 γέγονε
1726 2381 1773 2407 τοῦ
1786 2380 1866 2408 Ἀκα-

1076 2419 1136 2446 κίου
1150 2420 1284 2454 ἔνστασις,
1302 2422 1370 2457 ὑπὲρ
1387 2422 1433 2449 τοῦ
1449 2423 1500 2450 κᾶν
1522 2423 1612 2457 ὀλίγον
1633 2433 1660 2450 τι
1683 2426 1866 2462 ἀποστρέψειν

1075 2466 1125 2500 τῆς
1140 2467 1285 2499 κακοδόξου
1300 2468 1389 2495 αὐτῶν
1401 2468 1521 2504 γνώμης,
1537 2471 1583 2496 καὶ
1597 2471 1758 2505 ὑποφαίνειν
1770 2473 1866 2500 ἑαυτὸν

1075 2511 1155 2546 δῆθεν
1171 2512 1200 2538 ἐν
1222 2513 1381 2548 ὸρθοδόξοις,
1396 2513 1441 2540 διὰ
1461 2514 1491 2540 τὸ
1510 2515 1656 2549 βεσαιῶσαι
1672 2516 1718 2542 τὸν
1735 2524 1865 2553 προειρη-

1077 2556 1157 2591 μένον
1171 2557 1300 2585 Μελέτιον
1315 2559 1344 2585 ὲν
1360 2560 1393 2594 τῇ
1418 2559 1597 2588 καταστάσει·
1614 2562 1796 2594 κατασταθεὶς
1811 2563 1864 2598 γὰρ

1105 2632 1116 2648 ⁵
1127 2632 1191 2661 Cor.
1206 2635 1353 2663 Βασίλειον.

1077 2712 1244 2752 Athanasius
1261 2714 1463 2752 Antiochize_ab
1483 2716 1579 2744 iisdem
1601 2717 1660 2744 istis
1682 2717 1861 2752 publicatam.

1079 2747 1128 2788 triti
1143 2749 1310 2788 superiorem
1327 2750 1523 2788 emendarem,
1543 2759 1574 2779 ac
1596 2747 1756 2779 dissiuiilem
1773 2747 1862 2781 Patris

1078 2781 1323 2821 liliuntlaudacter
1347 2781 1558 2819 pronuntiarunt
1573 2795 1580 2813 :
1602 2788 1672 2814 unde
1688 2789 1824 2821 Anontazi,
1835 2793 1862 2816 et

1085 2816 1261 2850 Έξουκόντιοι
1279 2816 1407 2854 appellari
1428 2826 1580 2856 cwpcrunt.
