1931 3041
59 190 115 220 489

362 184 545 213 ADVERSUS
564 183 732 213 llellESES
750 185 813 213 LIB.
836 185 855 211 ll

907 184 979 212 [ΟΜ.
993 184 1012 212 l.
1024 199 1056 205 —
1071 183 1207 212 HERES.
1227 183 1271 211 LX
1278 182 1342 211 XIV.

1625 182 1677 210 490

57 243 117 279 γὰρ
134 244 150 270 ὀ
164 242 246 276 Θεός,
276 241 381 277 Θεότης.
402 241 578 277 χαρισμάτων
601 242 658 268 ἐστὶ
671 242 763 278 δοτὴρ,
782 242 849 276 ἁλη-

907 240 1018 275 Spiritus
1033 244 1144 268 sanctus
1158 240 1192 268 ab
1206 239 1338 268 ambobus
1348 238 1444 272 oritur,
1460 239 1577 274 Spiritus
1587 247 1603 268 e
1617 240 1677 275 Spi-

58 288 199 319 Θέστατον.
219 287 396 322 φωτιστικὺν,
420 287 634 322 παρακλητικὸν,
659 287 849 322 βουλευμάτων

57 333 108 361 τοῦ
137 334 242 370 Πατρὸς
265 332 435 367 ἁγγελτικόν.
459 333 503 364 Ὠς
531 333 585 367 γὰρ
607 334 621 359 ὁ
636 333 698 364 Υἱὸς
727 333 850 368 μεγάλης

59 379 162 414 βουλῆς
182 378 317 413 ἄγγελος,
339 377 410 404 οὕτω
434 378 481 404 καὶ
510 377 540 403 τὸ
572 377 683 412 Πνεῦμα
706 377 736 404 τὸ
759 377 846 412 ἅγιον.

65 425 144 452 Ἀλλ’
156 424 312 458 ἐλάϐομεν,
333 424 409 458 φησὶ,
427 423 549 457 Πνεῦμα
565 422 649 454 Θεοῦ,
672 423 721 450 ἵνα
741 423 850 458 ἴδωμεν

58 469 98 496 τὰ
118 468 301 503 χαρισθέντα
317 468 390 503 ἡμῖν
405 468 462 495 ὑπὸ
478 468 562 499 Θεοῦ.
578 468 598 495 d
619 468 666 495 καὶ
683 468 848 503 λαλοῦμεν,

58 515 116 541 οὐκ
128 514 163 540 ἐν
179 513 292 546 πειθοῑς
309 514 316 529 ⁸
334 514 444 548 σοφίας
466 514 577 547 λόγοις,
594 513 661 540 ἀλλ’
679 514 714 540 ἐν
730 513 850 541 ἀποδει-

59 559 106 591 εει
127 560 300 593 Πνεύματος
324 559 409 591 Θεοῦ,
431 559 641 593 πνευματικοῖς
665 559 851 594 πνευματικὰ

58 612 119 640 συγ
124 606 290 639 κρίνοντες.

642 672 660 686 κ

97 704 138 730 ll'.
161 687 230 730 ’Ᾰλϊ
242 703 298 738 ἐ.ρεῖ
310 712 351 736 τις
363 712 371 720 θ
391 703 494 730 Οὐκοῦν
506 712 595 738 φαμεν
608 703 655 730 δύο
670 701 738 730 εἶναι
758 703 847 736 Υἱούς.

59 749 118 776 Καὶ
135 748 193 779 πῶς
205 749 376 784 Μονογενής;
395 749 548 784 Μενοῦνγε⁷
574 749 617 776 Σὺ
629 750 675 783 τις
691 748 748 777 eid
767 751 850 778 ἀντι-

58 794 252 830 λογιζόμενος
265 794 306 827 τῷ
333 794 411 827 Θεῷ;
440 795 471 821 El
493 795 547 830 γὰρ
565 795 610 822 τὸν
631 795 680 831 μὲν
692 796 756 823 Υῑδν
772 797 852 823 καλεῖ

58 840 107 866 τὸν
121 839 150 872 ἐξ
165 839 258 873 αὑτοῦ,
268 840 299 866 τὸ
310 839 337 866 δὲ
349 840 424 874 ἅγιον
434 840 546 875 Πνεῦμα
557 840 587 867 τδ
596 841 661 876 παρ’
675 842 849 878 ἀμφοτέρων,

61 884 144 920 μονον
161 885 252 912 πίστει
267 885 399 920 νοούμενα
413 886 464 912 ὑπὸ
480 886 533 912 τῶν
542 886 636 920 ἁγίων,
656 887 783 921 φωτεινὰ,
798 896 849 922 φω-

60 930 168 962 τοδότα,
186 930 318 966 φωτεινὴν
333 931 381 966 τὴν
403 931 542 967 ἐνέργειαν
559 931 625 966 ἔχει,
646 932 803 967 συμφωνίαν
819 941 848 959 τε

59 977 132 1012 πρὸς
146 976 226 1003 αὐτὸν
233 976 277 1003 τὸν
284 976 393 1012 Πατέρα
408 978 521 1004 ποιεῖται
534 977 622 1012 φωτὸς
632 977 731 1005 πίστει.
739 978 848 1010 Ἄκουε,

57 1019 83 1049 ὦ
98 1019 189 1055 οὗτος,
201 1023 242 1049 ὅτι
259 1024 273 1049 ὁ
286 1022 381 1058 Πατὴρ
396 1023 503 1058 ἀληθῶς
518 1023 583 1050 Υίοῦ
603 1025 661 1050 ἐστι
678 1024 777 1060 πατὴρ,
793 1024 850 1058 φῶς

59 1068 136 1100 ὅλος,
158 1068 204 1094 καὶ
215 1068 278 1100 Υἰὺς
294 1068 400 1104 Πατρδς
414 1068 541 1103 ἀληθοῦς,
560 1068 616 1103 φῶς
637 1069 735 1103 φωτὸς,
751 1069 800 1104 οὑχ
813 1068 851 1100 ὡς

58 1112 97 1141 τὰ
124 1114 223 1150 ποιητὰ
249 1113 266 1149 ἢ
289 1114 324 1141 τὰ
355 1114 468 1145 κτιοτὰ,
497 1115 669 1150 προσηγορίᾳ
692 1114 777 1150 μόνῃ·
804 1115 851 1141 καὶ

59 1159 178 1195 Πνεῦμα
211 1159 286 1192 ἆγιον
306 1157 417 1192 Πνεῦμα
443 1158 572 1194 ἀληθείας
594 1158 662 1190 ἐστὶ,
683 1158 740 1192 φῶς
763 1158 852 1194 τρίτον

60 1204 140 1239 παρὰ
155 1203 260 1238 Ila-:96;
275 1203 322 1230 καὶ
335 1203 401 1229 Υἱοῦ
415 1211 422 1217 ”
445 1203 479 1230 τὰ
495 1203 518 1229 δ’
534 1203 600 1230 ἄλλα
628 1203 716 1230 πάντα
741 1203 815 1229 Θέαει
834 1203 850 1239 ἢ

61 1248 228 1284 παραθέσει,
250 1249 266 1284 ἢ
291 1249 395 1284 κλήσει,
414 1249 463 1285 οὐχ
481 1249 562 1285 ὁμοίᾳ
576 1249 671 1276 τούτου
689 1250 851 1286 ένεργείᾳ,ῆ

62 1294 191 1329 δυνάμει,
209 1294 315 1330 ἢφωτὶ,
328 1294 344 1330 ἢ
364 1295 452 1330 ἐννοίᾳ
462 1303 468 1310 ·
484 1294 548 1330 ἢὼς
562 1295 594 1321 ἂν
607 1295 678 1322 εἴποι
694 1303 749 1328 τις²
767 1295 853 1330 Υίοὺς

63 1339 216 1373 ἐγέννησα
246 1340 295 1366 καὶ
312 1340 421 1374 ὕψωσα
435 1349 441 1356 ·
465 1341 482 1375 ἢ
505 1341 543 1372 ὡς
565 1341 597 1367 ἂν
617 1340 687 1368 εἴποι
703 1350 761 1374 τις·
784 1342 854 1378 Ἐγὼ

64 1383 150 1412 εἶπα·
170 1385 236 1412 Θεοί
252 1385 322 1412 ἐστε
343 1385 393 1412 καὶ
404 1386 462 1412 υιοὶ
480 1386 626 1420 Ὑψίστου
648 1386 774 1421 πάντες·
789 1387 854 1424 ἢὼς

65 1431 99 1458 ἂν
128 1431 202 1458 εἴποι
224 1439 282 1463 τις·
304 1432 330 1458 ’0
349 1431 476 1464 τετοκὼς
491 1431 612 1464 ,βώλους
634 1431 761 1466 δρόσου*
776 1433 793 1468 ἢ
817 1433 854 1465 ὡς

71 1475 105 1503 ἂν
125 1476 197 1502 εἴποι
208 1484 263 1507 τις“
283 1475 333 1509 Ἐξ
348 1474 384 1504 οὗ
396 1475 478 1503 πᾶσα
489 1476 596 1510 ,πατριὰ
605 1476 640 1502 ἐν
654 1477 793 1510 οὐρανοῖς
805 1476 854 1503 καί

67 1522 119 1549 ἐπὶ
137 1522 194 1556 τῆς
205 1521 276 1557 γῆς’
292 1522 309 1557 ἦ
323 1522 362 1553 ὼς
376 1523 410 1549 ἂν
424 1522 495 1548 εῐποι
511 1530 552 1554 τις
563 1531 569 1537 ·
590 1522 661 1558 Ἐγὼ
683 1524 699 1549 ό
726 1521 856 1556 στερεῶν

65 1567 214 1602 βροντὴν,
231 1567 280 1594 καί
299 1567 403 1598 κτίζων
413 1568 544 1603 Πνεῦμα.
563 1568 600 1595 Οὐ
612 1567 666 1603 γὰρ
677 1567 714 1600 ὡς
729 1569 753 1594 οι
768 1567 856 1594 λοιποὶ

899 286 964 313 ritu.
993 285 1108 321 Spiritus
1120 287 1212 321 quippe
1226 285 1296 313 Deus
1310 286 1382 319 est';
1400 285 1470 313 idem
1486 289 1512 313 et
1527 286 1678 313 eadestimn

899 331 1033 358 donorum
1047 330 1160 365 largitor
1174 334 1233 362 est.
1250 329 1420 361 verissimus,
1435 330 1503 357 lucis
1524 329 1679 357 eﬂicacissi-

899 383 972 407 mus,
989 376 1155 408 consolator,
1176 375 1354 403 consiliorum
1374 374 1463 402 Patris
1491 375 1625 410 interpres
1646 382 1679 402 ac

899 420 1098 448 nuntius.Nam
1114 425 1144 447 ut
1166 420 1252 448 Filius
1269 421 1358 456 magni
1370 421 1475 448 consilii
1487 421 1598 456 angelus
1608 425 1649 448 est
1657 420 1678 452 ',

900 465 937 493 ita
955 465 1074 501 Spiritus
1093 471 1215 494 sanctus.
1236 465 1287 493 Sed
1312 467 1467 500 accepimus,
1481 466 1579 501 inquit,
1599 466 1682 500 Spiri-

901 515 955 538 tum
970 511 1030 544 Dei,
1045 511 1128 548 896
1143 516 1171 538 ιιι
1184 511 1318 539 videamus
1330 520 1388 547 qua:
1403 520 1419 538 a
1438 512 1492 539 Deo
1506 512 1605 539 donata
1619 517 1680 539 sunt

900 557 990 589 nobis.
1005 565 1064 593 quae
1084 562 1109 585 et
1125 558 1265 592 loquimur,
1281 566 1333 584 non
1350 557 1454 584 blandis
1469 558 1604 592 sapientia:
1623 566 1680 584 ser—

900 602 1020 630 monibus
1033 623 1041 636 ,
1057 603 1102 630 sed
1126 603 1279 637 probatione
1298 603 1411 638 Spiritus
1429 603 1493 636 Dei,
1518 603 1682 637 spiritalibus

900 648 1035 682 spiritalia
1048 653 1230 683 comparantes
1242 649 1262 676 ⁸.

936 704 1003 731 Vill.
1026 704 1103 732 Dicat
1117 705 1216 740 aliquis
1233 714 1239 733 :
1258 705 1331 733 Duos
1345 713 1410 741 ergo
1429 705 1512 733 Filios
1527 705 1680 734 statuimus.

901 749 977 782 Quod
995 750 1019 778 si
1034 751 1070 777 ita
1091 755 1149 784 est,
1168 752 1213 786 qui
1231 751 1339 779 tandem
1362 759 1424 779 esse
1441 755 1530 786 potest
1553 751 1683 786 Unigeni-

901 795 962 822 tus?
973 794 1028 822 imo
1039 803 1114 828 vero,
1125 801 1152 822 tu
1166 796 1223 831 quis
1238 804 1264 823 es
1277 797 1320 831 qui
1335 796 1502 823 rontradicas
1514 796 1566 823 Deo
1578 797 1605 823 '?
1615 797 1682 824 Cum

901 841 974 869 enim
1000 840 1098 868 Filium
1113 846 1202 873 vocet,
1217 842 1263 876 qui
1281 849 1295 869 a
1312 849 1341 869 se
1353 843 1452 873 oritu'r.
1475 841 1605 877 Spiritum
1618 850 1683 870 vero

901 891 1037 920 sanctum,
1052 887 1098 922 qui
1114 887 1148 914 ab
1158 892 1273 923 utroque
1287 887 1419 922 procedit,
1443 895 1481 915 eae
1494 892 1549 915 tres
1561 895 1684 923 perseuae

903 932 961 960 sola
977 932 1028 960 [ide
1041 940 1056 960 a
1074 933 1178 961 sanctis
1197 933 1262 961 viris
1283 937 1418 968 percepta:
1439 933 1545 967 lucidas,
1566 941 1598 961 ac
1615 934 1683 961 lucis

901 983 1028 1006 auctores
1041 978 1130 1005 lucida
1145 983 1209 1005 sunt
1232 979 1339 1006 actione
1358 979 1486 1014 praeditas,
1504 983 1531 1007 et
1543 987 1604 1007 eum
1626 980 1683 1015 ipso

902 1024 982 1051 Patre
998 1022 1058 1050 ﬁdei
1074 1023 1135 1050 luce
1148 1023 1322 1050 concordiam
1338 1027 1456 1051 servant.
1482 1023 1555 1051 Heus
1569 1025 1612 1051 tu!
1634 1024 1684 1059 igi-

902 1073 947 1096 tur
962 1069 1037 1102 audi,
1053 1068 1280 1104 quemadmodum
1296 1068 1375 1096 Pater
1386 1076 1449 1096 vere
1463 1069 1499 1096 sit
1515 1068 1575 1095 Filii
1609 1074 1685 1102 pater

902 1118 1031 1150 totusque
1057 1115 1118 1148 lux;
1141 1119 1167 1142 et
1189 1113 1275 1142 Filius
1290 1114 1346 1142 veri
1371 1115 1406 1141 sit
1423 1113 1513 1141 Patris
1530 1113 1624 1146 Filius,
1643 1113 1685 1140 lu-

903 1167 964 1187 men
978 1159 1012 1187 de
1024 1159 1136 1191 lumine.
1160 1167 1213 1187 non
1229 1164 1259 1186 ut
1275 1159 1346 1186 laeta
1377 1163 1499 1187 ereatave
1514 1164 1620 1192 caetera,
1636 1166 1683 1194 ap-

903 1204 1050 1240 pellatione
1064 1204 1212 1238 duntaxat;
1241 1203 1359 1238 Spiritus
1377 1203 1493 1238 denique
1513 1208 1624 1232 sanctus
1638 1211 1684 1231 ve-

903 1250 992 1277 ritatis
1011 1249 1046 1276 sit
1061 1248 1178 1284 Spiritus
1210 1256 1241 1276 ac
1255 1249 1364 1276 tertium
1379 1256 1394 1275 a
1414 1248 1493 1276 Patre
1507 1248 1629 1284 Filioque
1642 1249 1685 1276 lu—

903 1303 986 1329 men;
1006 1299 1103 1323 ctetera
1123 1295 1214 1323 omnia
1240 1295 1394 1330 adoptione,
1415 1295 1458 1323 vel
1472 1295 1682 1330 comparatione,

904 1342 946 1369 vel
964 1341 1150 1377 appositione,
1171 1341 1213 1368 vel
1228 1341 1408 1376 appellatione
1420 1361 1427 1373 ,
1452 1348 1505 1368 non
1523 1341 1604 1369 simili
1623 1349 1684 1368 cum

904 1395 937 1415 eo
952 1387 1071 1420 actione,
1096 1386 1138 1414 vel
1156 1386 1269 1418 virtute,
1294 1386 1336 1413 vel
1351 1386 1421 1418 luce,
1437 1386 1479 1413 vel
1495 1387 1605 1413 notione
1624 1393 1687 1413 cen-

906 1437 1011 1460 sentur.
1026 1432 1090 1460 Sive
1108 1431 1170 1467 quis
1184 1431 1249 1458 illud
1270 1431 1370 1459 dixerit
1386 1439 1393 1458 :
1413 1431 1496 1459 Filios
1508 1432 1585 1467 genui
1600 1436 1624 1458 et
1639 1439 1688 1458 e3:-

906 1477 1026 1512 allavi';
1042 1478 1100 1505 sive
1119 1477 1184 1504 illud
1201 1486 1206 1504 :
1227 1476 1281 1512 Ego
1295 1476 1352 1503 diri
1366 1485 1374 1504 :
1390 1476 1435 1503 Dii
1449 1477 1510 1504 estis
1534 1481 1558 1504 et
1574 1477 1624 1510 ﬁlii
1640 1476 1688 1502 Al-

907 1524 1003 1551 tissimi
1018 1532 1106 1551 omnes
1119 1523 1128 1539 "
1143 1533 1150 1556 ;
1173 1523 1231 1551 sive
1247 1522 1318 1551 istud
1335 1530 1342 1548 :
1363 1522 1415 1556 Qui
1433 1522 1521 1557 genuit
1537 1522 1624 1550 stillas
1644 1530 1688 1548 ro-

908 1569 984 1602 ris“;
1000 1569 1058 1597 sive
1071 1570 1123 1597 hoc
1139 1569 1227 1604 ipsum
1246 1577 1252 1594 ι
1273 1569 1293 1595 Α
1323 1577 1372 1602 quo
1393 1569 1477 1596 omnis
1499 1568 1644 1602 paternitas
1661 1569 1688 1594 in

68 1613 198 1649 πατέρες,
218 1614 234 1649 ἢ
254 1613 418 1649 πατριάρχαι
435 1615 449 1640 ὁ
459 1613 584 1650 ἀληθινὸς
596 1613 691 1649 Πατὴρ
705 1613 855 1650 ἀρξάμενος

907 1615 977 1642 εωιὶδ
998 1619 1021 1642 et
1046 1615 1072 1641 in
1091 1615 1198 1648 lerra';
1223 1615 1301 1642 sive:
1324 1614 1380 1650 Ego
1400 1615 1510 1649 ﬁrmans
1528 1614 1644 1644 tonitru,
1664 1620 1689 1639 et

67 1658 118 1686 τοῦ
141 1656 210 1686 εἶναι
231 1659 362 1695 Πατὴρ,ἢ
382 1659 513 1686 ἐλλείπων
537 1659 600 1686 ποτὲ
628 1659 668 1695 τῷ
691 1659 778 1695 χρόνῳ
809 1659 855 1686 τοῦ

69 1703 260 1746 ιῐναιθῐῐατήρ.
277 1705 307 1731 Et
328 1705 382 1741 γὰρ
406 1706 518 1742 ἄρχεται
529 1706 576 1732 τοῦ
591 1703 659 1732 εῖναι
675 1706 780 1740 Πατὴρ,
794 1705 857 1737 Tib;

70 1752 125 1786 ἄρα
133 1749 170 1786 ἦν
185 1759 250 1777 ποτε
264 1751 306 1777 ἑτέ
312 1759 358 1786 ρον
369 1751 482 1787 πατρὸς,
500 1751 553 1786 πρὸ
565 1750 612 1777 τοῦ
625 1748 693 1777 εἶναι
704 1751 785 1777 αὑτὸν
800 1751 856 1777 Πα-

71 1797 140 1832 τέρα
153 1796 332 1830 Μονογενοῦς.
348 1795 418 1822 Καθ’
433 1796 578 1832 ὁμοιότητα
594 1796 624 1823 δὲ
638 1796 756 1832 πατέρες
777 1796 859 1822 πατέ-

72 1851 127 1877 ρων
141 1841 262 1868 νοοῦνται
294 1841 386 1874 τέκνα,
416 1842 464 1869 καὶ
491 1843 531 1873 εἰς
552 1842 664 1878 ἄπειρον
687 1842 732 1868 τὸν
752 1841 859 1877 ἀληθῶς

71 1887 180 1923 πατέρα
200 1887 249 1922 τῆς
272 1887 463 1922 ἀρχαιολογίας
481 1888 570 1922 εὑρεῖν
591 1887 674 1915 ἔστιν.
694 1887 760 1914 οὐδὲ
775 1887 813 1919 ὼς
825 1886 860 1913 τὰ

74 1933 156 1960 λοιπὰ
178 1933 260 1959 τέκνα
289 1933 360 1960 θέσει
374 1934 388 1960 ὁ
403 1933 464 1965 Υἱὸς
479 1934 493 1959 ὸ
513 1933 636 1968 ἀληθινὸς
653 1933 712 1966 νέος
725 1933 771 1960 τοῦ
790 1930 859 1960 εῖναι

74 1979 148 2008 Υἱός.
159 1980 192 2006 Et
208 1980 262 2015 γὰρ
275 1980 334 2011 νέος
347 1979 392 2006 τοῦ
411 1977 480 2006 εἷναι
493 1979 566 2013 Υίὺς,
583 1977 616 2015 ἦν
628 1989 692 2007 ποτε
709 1981 802 2015 χρόνος
815 1981 859 2007 ὅτε

72 2026 123 2052 οὐκ
144 2023 179 2061 ἦν
205 2026 220 2052 ὁ
243 2026 349 2062 Πατὴρ,
376 2025 666 2068 ΠατὴριΜονογενοῠς.
689 2027 755 2054 οὐδὲ
775 2027 812 2058 ὡς
826 2027 860 2054 τὰ

74 2071 156 2098 λοιπὰ
173 2071 315 2107 πνεύματα
334 2072 364 2098 τδ
382 2072 492 2107 Πνεῦμα
508 2071 557 2107 τῆς
578 2072 705 2107 ἀληθείας
719 2073 826 2100 κτιστὸν
842 2072 858 2107 ἢ

75 2118 202 2152 ποιητὸν·
230 2117 291 2144 οὐδὲ
312 2117 350 2150 ὼς
366 2118 390 2145 oi
409 2118 498 2145 λοιποὶ
517 2118 625 2152 ἄγγελοι
643 2119 658 2145 ὁ
673 2118 722 2153 τῆς
739 2118 860 2153 μεγάλης

77 2162 303 2198 βουλῆςἊγγελος
311 2162 443 2190 καλεῖται.
459 2164 490 2189 Ἀ
503 2163 551 2198 μὲν
561 2164 615 2198 γὰρ
628 2163 713 2198 ἀρχὴν
725 2163 770 2190 καὶ
785 2163 859 2194 τέλος

78 2207 145 2242 ἔχει,
157 2207 175 2234 ἃ
185 2207 214 2234 δὲ
228 2207 401 2243 ἀνεπινόητον
415 2207 471 2242 ἔχει
486 2207 516 2233 τὺ
528 2207 626 2243 κράτος
639 2207 686 2233 καὶ
700 2206 750 2242 τὴν
761 2207 857 2241 ἀρχήν.

78 2253 132 2280 Καὶ
148 2252 166 2280 ἃ
175 2253 224 2288 μὲν
237 2253 322 2286 κτίζει
331 2253 366 2280 τὰ
373 2253 461 2280 πάντα
474 2254 513 2285 είς
524 2253 651 2288 ἀπείρους
658 2251 757 2284 αἰῶνας
769 2260 861 2286 συνερ-

77 2298 177 2332 γοῦντα
188 2298 227 2333 τῷ
236 2299 332 2334 Πατρὶ,
345 2298 396 2325 ass
408 2298 586 2330 κτίζεταιύπδ
595 2299 698 2325 τούτων
706 2298 742 2329 ὡς
754 2297 787 2324 ἂν
804 2297 861 2324 ὲθέ-
878 2288 898 2315 D

78 2343 159 2370 λοιεν.
171 2343 224 2370 Καὶ
240 2343 258 2370 ἃ.
273 2343 322 2378 μὲν
333 2343 458 2378 λατρεύει
473 2343 586 2375 τούτοις,
599 2342 652 2370 ἃδε
665 2341 799 2377 λατρευτὰ
812 2342 864 2368 ὑπὸ

78 2389 131 2416 τῶν
145 2390 214 2416 ὅλων
225 2390 389 2424 κτισμάτων.
404 2389 483 2416 Καὶᾶ.
496 2389 543 2424 μὲν
554 2390 624 2415 litat
641 2388 675 2415 τὰ
685 2389 833 2424 ποιήματα,
847 2387 864 2414 ἂ

80 2434 106 2461 δὲ
120 2435 169 2470 τὴν
185 2434 256 2461 iactv
271 2425 402 2470 λαμϐάνει
418 2433 674 2470 παράὑτῶν.Κα“ιᾶ
687 2433 735 2469 μὲν
743 2434 864 2469 κρίνεται

81 2480 139 2507 κατ’
154 2480 246 2513 ἀξίαν,
262 2480 280 2507 ἃ
291 2480 318 2507 δὲ
334 2481 383 2516 τὴν
401 2481 492 2516 κρίσιν
516 2480 572 2515 ἔχει
586 2481 634 2515 τὴν
651 2479 767 2506 δικαίαν.
779 2480 833 2506 Καὶ
848 2480 866 2506 ὃ.

83 2525 131 2560 μὲν
145 2526 233 2562 χρόνῳ
249 2526 333 2557 ἐστὶν,
347 2526 365 2553 ἃ
378 2526 406 2552 δὲ
421 2526 470 2552 οὐκ
494 2527 522 2552 ἐν
542 2526 629 2562 χρόνῳ
655 2526 790 2560 τυγχάνει.
814 2525 866 2552 Καὶ

82 2571 98 2597 ἃ
117 2571 166 2606 μὲν
177 2571 290 2606 φωτίζει
300 2571 333 2598 τὰ
348 2571 446 2600 πάντα.
463 2571 480 2598 Β.
495 2571 523 2597 δὲ
547 2571 702 2606 φωτίζεται.
719 2572 774 2598 Καὶ
784 2572 802 2598 ἃ,
817 2571 866 2606 μὲν

82 2616 157 2642 καλεῖ
172 2615 284 2650 νηπίους
297 2617 335 2647 εἰς
344 2616 419 2651 ὕψος,
427 2616 444 2642 ἂ
455 2616 483 2642 δὲ
494 2616 616 2643 καλεῖται
629 2617 681 2643 ὑπὸ
691 2616 738 2643 τοῦ
752 2616 864 2643 τελείου.

85 2662 136 2688 Καὶ
145 2661 163 2689 ἃ
181 2661 230 2696 μὲν
244 2661 382 2696 χαρίζεται
392 2662 483 2693 πᾶσιν,
497 2661 547 2688 ἃδὲ
556 2661 711 2697 χαρίσματα
722 2662 865 2697 λαμϐάνει.

85 2706 135 2733 Καὶ
152 2706 277 2740 καθάπαξ
295 2708 390 2741 εἰπεῖν,
403 2707 421 2734 ἃ
437 2707 486 2741 μὲν
502 2707 612 2742 ὲξυμνεῖ
624 2707 672 2743 τὴν
690 2708 820 2743 ἁγιότητα
838 2709 866 2734 ὲν

119 2847 126 2862 ¹
147 2857 192 2883 γρ.
212 2849 309 2876 πειθοῖ.
349 2851 358 2865 ¹
377 2849 455 2878 Joan.
472 2851 564 2883 mat.
602 2851 612 2867 ³
632 2851 684 2879 lsa.
699 2860 738 2884 Ix,
753 2852 779 2879 6.

90 2888 175 2917 um,
191 2885 217 2911 6.
256 2885 266 2900 '
283 2883 333 2912 Joh
347 2894 459 2917 uxvm,
473 2886 518 2912 28.
556 2887 567 2903 ’
587 2885 685 2922 Ephcs.
701 2883 742 2920 ιιι,
758 2888 800 2915 15.

185 2931 321 2962 Ριτιιοι.
338 2931 396 2962 Gn.
414 2932 510 2963 XLII.

908 1669 1000 1688 creaus
1016 1660 1147 1695 Spiritum
1175 1660 1208 1687 ¹⁰.
1232 1659 1290 1687 Non
1310 1660 1382 1687 enim
1405 1665 1564 1686 metet-orum
1583 1663 1689 1694 patrum

908 1705 1159 1740 patriarcharumve
1183 1713 1258 1733 more
1283 1712 1364 1732 verus
1389 1705 1433 1731 ille
1460 1703 1541 1731 Pater
1558 1707 1605 1730 aut
1628 1711 1689 1731 esse

907 1750 987 1779 Pater
1002 1751 1147 1786 aliquando
1158 1751 1250 1786 cmpit,
1265 1754 1312 1778 aut
1326 1756 1470 1785 progressu
1487 1749 1616 1784 temporis
1629 1755 1690 1776 esse

908 1796 1070 1832 quandoque
1085 1797 1200 1824 desinet.
1217 1796 1283 1823 Nam
1299 1797 1321 1824 si
1334 1795 1414 1823 Pater
1425 1803 1486 1823 esse
1499 1794 1622 1830 emperit.
1642 1801 1690 1822 ne-

909 1849 986 1870 cesse
1005 1846 1048 1870 est
1062 1846 1091 1869 ut
1103 1842 1188 1870 Filius
1201 1842 1313 1870 alterius
1328 1841 1413 1877 patris
1426 1841 1491 1868 olim
1509 1840 1601 1872 fuerit,
1614 1844 1691 1868 ante-

909 1896 990 1923 quam
1012 1893 1085 1917 esset
1116 1887 1252 1924 Unigeniti
1282 1887 1372 1914 Pater.
1400 1886 1485 1914 Porro
1514 1886 1691 1914 similitudine

910 1934 1027 1969 quadam
1043 1938 1150 1969 patrum
1169 1938 1259 1969 patres
1275 1933 1462 1967 intelliguntur
1473 1939 1535 1960 esse
1552 1931 1609 1963 ﬁlii,
1622 1935 1649 1959 et
1664 1932 1691 1958 in

910 1980 1045 2007 infinitum
1062 1988 1142 2008 verus
1161 1980 1275 2015 originis
1295 1983 1369 2007 sator
1400 1986 1431 2005 ac
1451 1985 1549 2013 parens
1580 1976 1691 2012 perduci

911 2031 1010 2062 potest.
1030 2026 1122 2061 Neque
1137 2033 1202 2053 vero
1216 2030 1374 2053 eaaterorum
1395 2025 1480 2052 instar
1495 2023 1623 2054 ﬁliorum.
1645 2023 1691 2058 qui

911 2073 1055 2108 adoptione
1071 2072 1132 2099 facti
1147 2076 1227 2103 sunt,
1240 2079 1321 2098 verus
1337 2070 1422 2098 Filius
1435 2077 1531 2097 recens
1545 2074 1586 2096 est
1604 2068 1693 2096 factus

910 2117 1007 2146 Filius.
1023 2118 1149 2152 Alioquin:
1172 2117 1243 2144 enim
1260 2122 1366 2151 tempus
1382 2115 1528 2150 aliquando
1551 2114 1618 2146 fuit,
1639 2122 1693 2148 quo

910 2163 990 2191 Pater
1003 2164 1122 2191 nondum
1139 2167 1212 2190 esset
1227 2163 1363 2198 Unigeniti
1380 2162 1468 2189 Pater.
1485 2160 1536 2188 Sed
1549 2168 1637 2195 neque
1655 2161 1692 2186 uti

911 2207 1006 2242 reliqui
1024 2207 1147 2242 spiritus,
1165 2207 1288 2234 veritatis
1303 2207 1414 2241 spiritus
1431 2209 1550 2233 creatum
1565 2204 1693 2240 quiddam

911 2257 953 2281 est
964 2273 971 2285 ,
997 2257 1044 2280 aut
1059 2252 1179 2286 factum;
1203 2260 1290 2287 neque
1307 2256 1466 2279 ca‘tcrorum
1482 2251 1570 2278 instar
1583 2250 1694 2285 angelo-

915 2307 986 2330 rum,
1003 2299 1093 2334 magni
1110 2299 1154 2326 ille
1169 2298 1275 2326 consilii
1290 2298 1407 2332 Angelus
1426 2297 1568 2324 dicitur“.
1585 2296 1613 2322 Si
1633 2296 1694 2330 qui-

913 2345 974 2372 dem
992 2345 1035 2371 iIla
1055 2344 1163 2371 initium
1178 2343 1279 2371 habent
1295 2349 1321 2370 et
1343 2343 1433 2374 linem,
1460 2343 1518 2370 ha-c
1531 2342 1584 2370 duo
1601 2342 1694 2373 robur.

913 2397 944 2417 ac
960 2389 1142 2425 principatum
1159 2389 1267 2420 habent,
1286 2396 1365 2423 quem
1381 2389 1453 2415 nulla
1471 2388 1631 2423 cujusquam
1652 2388 1696 2414 in-

914 2434 1063 2469 telligentia
1089 2434 1175 2469 possit
1195 2434 1316 2468 assequi.
1337 2433 1398 2461 [huc
1421 2433 1548 2460 universa
1569 2440 1697 2468 procrea~

913 2486 988 2514 runt,
1001 2488 1061 2515 quae
1075 2488 1137 2508 eum
1155 2479 1235 2508 Patre
1250 2488 1296 2515 per
1312 2480 1417 2507 inﬁnita
1434 2481 1532 2508 saecula
1544 2480 1698 2508 communi-

914 2530 956 2554 ter
969 2526 1060 2553 omnia
1084 2526 1248 2557 moliuntur;
1274 2530 1371 2553 caztera
1391 2526 1425 2553 ab
1448 2526 1502 2553 illis
1523 2530 1604 2560 prout
1630 2525 1698 2560 ipsis

914 2572 980 2599 libet
1004 2576 1140 2599 creantur.
1166 2571 1211 2598 Illa
1234 2572 1356 2598 serviunt
1383 2573 1427 2603 iis.
1453 2576 1479 2599 et
1494 2573 1604 2605 colunt;
1621 2571 1663 2599 his
1682 2579 1698 2598 ιι

915 2617 1050 2645 creaturis
1077 2617 1205 2644 omnibus
1236 2617 1353 2645 servitus
1379 2618 1524 2652 cultusque
1556 2618 1698 2644 tribuitur.

915 2662 996 2698 897
1014 2662 1075 2690 llaac
1087 2662 1216 2697 operibus
1235 2663 1293 2690 suis
1308 2662 1470 2690 medicinam
1485 2662 1631 2694 adhibent;
1651 2661 1698 2688 illa

921 2707 1083 2735 medicinam
1102 2705 1137 2732 ab
1152 2706 1211 2734 istis
1229 2706 1378 2742 accipiunt.
1392 2705 1455 2735 Haec
1469 2706 1594 2733 universa
1607 2704 1693 2732 collu-

835 2852 867 2879 ⁸1
884 2852 946 2881 Cor.
961 2860 992 2884 ιι,
1007 2851 1050 2881 19..
1067 2851 1110 2878 l3.
1149 2853 1158 2868 '
1174 2851 1250 2879 Rom.
1269 2861 1306 2884 ιι,
1321 2852 1364 2880 20.
1404 2853 1414 2868 ⁸
1430 2852 1480 2880 lsa.
1498 2861 1518 2886 ι,
1530 2853 1558 2880 2.
1595 2854 1605 2870 ’⁵
1623 2854 1698 2883 Psal.

841 2888 862 2904 “
876 2887 960 2915 Amos
985 2895 1022 2920 tv.
1039 2887 1073 2915 15
1088 2895 1121 2915 ex
1138 2886 1218 2914 LXX.
1259 2889 1278 2904 “
1295 2888 1346 2915 lsa.
1360 2895 1396 2921 Ix,
1413 2888 1439 2915 6.

1478 2935 1514 2965 16
