1931 3041
77 190 132 218 «19Ί

430 191 615 221 ADVERSUS
634 192 803 222 HAERESES
822 193 885 222 LIB.

944 215 950 221 .
972 194 1052 222 ΤΟΜ.
1073 194 1135 223 1.-
1147 194 1283 223 ΠίΕΠΕὸ.
1299 192 1413 222 LXXIV.

1657 189 1714 218 £98

78 249 135 276 νῶν
162 248 197 276 τὰ
218 249 288 285 βάθη
303 249 351 276 τοῦ
364 249 433 277 Θεοῦ
444 270 453 283 ,
471 251 636 286 ἀναγγέλλον
650 251 684 279 τὰ
707 252 772 279 Υἱοῦ
790 253 819 279 ἐν
832 253 873 279 κό-

941 258 1037 282 anctus
1052 254 1169 282 exsistit.
1191 253 1283 288 Itaque
1305 253 1436 287 Spiritus.
1459 251 1579 286 Spiritus
1600 254 1714 277 sanctus

80 303 155 330 σμῳ,
170 295 292 329 ἁγιάζον,
315 296 408 330 ἁγίους
430 297 523 323 ποιοῦν
537 297 581 324 διὰ
599 298 649 332 τῆς
666 298 796 333 Τριάδος·
811 298 870 334 τρί-

78 347 127 365 τον
151 341 184 374 τῇ
202 340 350 376 ὀνομασίᾳ,
368 341 461 377 ἐπειδὴ
481 342 497 377 ἡ
517 342 602 377 Τριάς
625 343 683 369 ἐστι
700 343 809 378 Πατὴρ,
825 344 872 370 καὶ

80 384 148 417 Υἱὸς
160 406 166 413 .
188 386 235 412 καὶ
254 385 333 420 ἅγιον
349 386 472 422 Πνεῦμα.
491 388 681 421 Ἀπελθόντες
700 388 755 423 γὰρ
766 409 774 421 ,
796 390 873 425 φησὶ,

79 431 252 462 βαπτίσατε
266 433 310 465 εἰς
329 432 362 459 τὸ
390 432 484 468 ὄνομα
509 434 563 460 τοῦ
589 435 705 469 Πατρὸς
719 454 726 467 ,
754 435 803 462 καὶ
820 435 875 462 τοῦ

86 475 169 507 Υῐοῦ,
184 476 232 502 καὶ
252 477 340 511 ἁγίου
355 479 526 512 Πνεύματος
537 486 544 493 ’
559 479 726 515 ὲπισφραγὶς
756 480 807 516 τῆς
830 481 876 517 χά-

83 528 177 555 ριτος,
202 521 233 547 οὗ
261 522 268 537 ¹
287 522 435 558 σύνδεσμος
451 524 500 559 τῆς
514 525 645 559 Τριάδος,
670 527 719 552 οὐκ
738 526 879 563 ἀλλότριον

81 565 130 592 τοῦ
156 566 294 602 ἁγιασμοῦ
309 589 316 601 ,
336 569 366 595 οὐ
388 569 499 602 διεστὼς
523 571 556 606 τῇ
580 571 735 615 ὀνομασίμ,
755 573 805 599 οὐκ
826 571 874 598 ἀλ-

83 611 193 648 λότριον
211 613 261 648 τῆς
275 613 396 649 δωρεᾶς·
426 615 484 642 ἀλλ’
511 613 551 647 εἷς
570 616 655 648 Θεὸς,
689 611 737 652 μία
768 618 878 651 πίστις,

83 653 126 688 εἷς
142 657 259 693 Κύριος,
293 658 321 685 ἓν
343 660 482 696 χάρισμα,
505 661 555 696 μία
576 661 738 697 Ἐκκλησία,
771 663 800 690 ἓν
829 663 878 699 βά-

84 710 205 738 πτισμα.
839 707 842 710 ’

924 304 977 331 est,
994 305 1021 326 et
1037 298 1132 332 Filius,
1147 298 1250 332 Filius;
1273 297 1393 333 Spiritus
1408 303 1473 324 vero
1490 303 1505 322 a
1520 294 1600 321 Patre
1617 301 1714 329 proce-

925 348 1022 379 dens',
1037 347 1116 382 θοι
1135 351 1162 374 et
1177 355 1191 373 a
1201 346 1268 374 Filio
1283 345 1422 380 accipiens
1432 344 1457 375 ',
1470 351 1502 370 ac
1518 342 1564 370 Dei
1580 341 1714 377 profunda

927 392 1134 427 perscrutans‘,
1159 396 1187 419 et
1205 400 1265 427 quae
1292 391 1326 418 ad
1347 390 1444 418 Filium
1468 392 1592 424 spectant
1613 386 1716 413 mundo

927 439 1075 466 nuntians:
1102 438 1290 469 sanctiﬁcans,
1310 441 1336 464 et
1352 440 1463 464 sanctos
1485 442 1532 469 per
1553 433 1715 460 Trinitatem

927 484 1056 511 ediciens.
1084 484 1136 517 Qui
1152 487 1180 511 et
1202 483 1383 518 appellatione
1398 481 1494 509 tertius
1517 483 1570 511 est.
1586 479 1716 514 quoniam

903 532 909 539 '
932 528 1052 556 Trinitas
1079 533 1122 556 est
1144 528 1224 556 Pater
1242 532 1268 556 et
1285 527 1370 555 Filius
1407 531 1434 554 et
1452 526 1572 561 Spiritus
1593 527 1717 552 sanctus.

932 573 1031 601 Euntes
1045 575 1125 605 enim.
1148 575 1246 609 inquit,
1264 571 1396 609 baptizata
1413 573 1439 600 ἱιι
1456 572 1560 599 nomine
1575 570 1666 598 Patris
1691 572 1718 596 ει

933 619 1000 647 Filii
1023 626 1047 648 et
1063 620 1178 655 Spiritus
1192 621 1279 648 sancti
1290 621 1310 647 ⁸.
1341 619 1414 648 idem
1430 619 1474 646 ille
1489 618 1583 654 gratia:
1599 615 1722 652 sigillum

932 671 974 694 est
1002 674 1034 694 ac
1054 666 1196 694 Trinitatis
1209 667 1358 701 vinculum,
1376 666 1421 701 qui
1441 672 1491 693 nec
1505 671 1521 691 a
1541 661 1720 699 productione

934 712 1088 741 sanctitatis
1105 712 1269 746 excluditur,
1299 719 1350 740 nec
1369 711 1550 747 appellatione
1567 709 1718 744 discrepat,

85 755 138 792 nec
152 755 167 775 a
185 749 329 783 largitione
345 751 467 779 muneris
492 751 596 781 alienus
614 757 667 787 est,
684 754 731 782 sed
761 763 833 783 unus
861 761 903 784 est
925 757 1008 792 Deus,
1032 766 1085 787 ulla
1107 759 1185 792 ﬁdes,
1210 767 1282 787 unus
1308 758 1450 791 Dominus,
1479 764 1533 785 una
1553 756 1651 792 gratia,
1665 761 1723 781 una

84 791 222 825 Ecclesia,
239 793 392 828 haptismus
407 802 495 823 unus.-

122 838 173 865 IB'.
195 839 250 865 Ἀεὶ
262 839 315 875 γὰρ
334 840 457 876 ἠΤριὰς,
477 840 514 873 ὠς
532 841 661 875 πολλάκις
676 843 754 879 ἔφην,
773 845 820 872 καὶ
835 845 880 872 οὒ-

972 846 1029 875 ΧΙΙ.
1051 848 1155 884 Quippe
1170 848 1291 876 Trinitas
1303 855 1410 883 semper
1426 851 1478 880 est,
1495 852 1523 874 ut
1539 846 1638 882 sazpius
1653 847 1723 880 dixi,

85 881 183 909 δὲποτε
195 883 211 918 ή
223 883 307 919 Τριὰς
319 884 477 920 προσθήκην
487 885 628 921 λαμϐάνει,
636 887 673 919 ὡς
685 887 803 923 γλυκέως
812 890 884 917 ἔστιν

941 902 986 921 nec
1008 894 1090 921 ullam
1106 902 1225 929 unquam
1244 895 1428 922 accessionem
1446 893 1540 928 capit:
1563 893 1588 920 id
1609 893 1680 928 quod
1697 898 1723 921 et

87 930 242 964 ὖμολογεῖν,
257 931 303 958 καὶ
317 932 475 967 ἀκορέστως
492 932 593 968 λέγειν.
612 936 732 963 Γλυκέα
745 937 811 972 γὰρ,
830 947 882 973 φη··

89 976 133 1002 σ¹ιν
146 976 161 1002 ὁ
179 977 332 1012 προφήτης,
355 977 396 1011 τῷ
420 978 549 1014 λάρυγγί
564 988 624 1014 μου
642 981 678 1007 τὰ
703 981 790 1017 λόγιά
814 991 882 1010 σου.

88 1021 147 1047 Καὶ
164 1022 188 1047 ει
202 1021 236 1048 τὰ
259 1022 337 1056 λόγια
361 1023 473 1057 γλυκέα,
495 1024 571 1060 πόσῳ
585 1034 616 1059 γε
641 1026 741 1061 μᾶλλον
755 1027 785 1054 τὺ
800 1027 885 1063 ὄνομα

88 1067 120 1110 το
137 1067 242 1103 ἂγιονή
258 1068 351 1103 Τριὰς,
370 1069 386 1105 ἡ
403 1070 478 1105 πηγὴ
493 1070 583 1106 πάσης
596 1071 782 1108 γλυκύτητος;
800 1073 886 1110 Τριάς

89 1109 137 1138 οὖν
154 1111 242 1145 οὕτως
258 1114 458 1150 ἀριθμουμένη.
474 1115 578 1152 Πατὴρ,
593 1117 641 1143 καὶ
657 1117 730 1150 Υἱὸς,
748 1119 795 1146 καὶ
809 1109 885 1154 ἅγιον

91 1157 216 1193 Πνεῦμα.
237 1159 273 1184 Οὺ
296 1159 442 1196 συναλοιφή
454 1160 482 1187 δὲ
500 1161 516 1196 ή
530 1161 624 1195 Τριὰς,
642 1162 672 1189 οὐ
688 1162 820 1191 διεστῶσα
836 1165 886 1200 τῆς

92 1203 194 1239 ἑαυτῆς
208 1204 320 1239 μονάδος
330 1214 336 1220 ·
353 1206 381 1232 ἐν
397 1206 543 1233 ὑποστάσει
556 1207 585 1233 δὲ
600 1207 768 1244 τελειότητος
781 1210 884 1243 τέλειος

92 1249 108 1276 ὁ
126 1249 232 1286 Πατὴρ,
253 1250 354 1284 τέλειος
373 1252 386 1278 ὁ
404 1252 479 1285 Υἱὸς,
494 1252 596 1280 τέλειον
619 1254 649 1280 τὸ
668 1255 746 1289 ἅγιον
762 1256 885 1292 Πνεῦμα,

94 1295 192 1331 Πατὴρ
218 1296 264 1323 καὶ
294 1296 358 1329 Υἱὸς
377 1298 423 1324 καὶ
446 1298 523 1333 ἅγιον
545 1299 665 1337 Πνεῦμα.
683 1302 720 1328 Τὸ
735 1302 764 1329 δὲ
783 1303 888 1330 ἀνάπα-

93 1342 135 1368 λιν
150 1342 264 1378 Πνεῦμα
285 1344 447 1380 ταττόμενον
472 1346 501 1372 ἐν
527 1346 697 1383 χαρίσμασι·
726 1348 887 1383 Διαιρέσεις

93 1388 150 1424 τηειρ
172 1389 365 1424 χαρισμάτων
383 1391 454 1424 εἰσ),
475 1392 508 1419 τὺ
525 1392 558 1419 δὲ
580 1393 654 1421 αὐτὸ
677 1395 814 1430 Πνεῦμα·
837 1396 887 1423 καὶ

92 1434 256 1469 διαιρέσεις
278 1435 437 1463 διακινιῶν
457 1438 546 1472 εἰσιν,
561 1440 579 1466 ὁ
598 1439 632 1466 δὲ
648 1440 739 1474 αὐτὸς
763 1442 886 1475 Κύριος·

93 1481 144 1506 καὶ
173 1480 334 1518 διαιρέσεις
358 1482 566 1518 ἐνεργημάτων
589 1485 679 1518 εἰσιν,
703 1487 720 1513 ό
739 1486 774 1513 δὲ
797 1488 889 1521 αὐτὸς

95 1525 180 1560 Θεὸς.
194 1527 210 1553 ό
227 1527 357 1562 ἐνεργῶν
369 1528 405 1555 τὰ
421 1528 520 1556 πάντα
533 1529 568 1557 ἐν
581 1529 671 1560 πᾶσι.

130 1661 153 1687 Τ
155 1661 242 1688 οὑτων
258 1662 286 1689 δὲ
303 1661 391 1695 οὕτως
410 1663 536 1699 ἐχόντων,
553 1664 767 1701 ἀσφαλισώμεθα
785 1665 824 1702 μὴ
836 1667 890 1693 ἱκ-

95 1707 226 1743 πέσωμεν
243 1709 294 1744 τῆς
304 1709 433 1746 ἀληθείας
444 1719 451 1726 '
467 1710 524 1738 ἀλλ’
539 1711 752 1747 ὁμολογήσωμεν
766 1711 815 1747 τὴν
826 1712 889 1748 ἀλή-

94 1754 185 1786 θειαν,
208 1755 238 1781 οὐ
264 1756 477 1792 συνηγοροῦντες
499 1758 569 1793 ὑπὲρ
584 1757 662 1790 Θεοῦ,
689 1757 749 1784 ἀλλ’
770 1757 890 1790 εὐσεϐῶς

95 1800 231 1832 νοοῦντες,
249 1801 292 1827 ἴνα
309 1801 348 1837 μὴ
368 1801 544 1838 ἀπολώμεθα.
562 1803 732 1830 Ἀνένδεκτον
755 1804 810 1839 γὰρ
830 1812 890 1831 κτι-

97 1846 162 1873 στόν
176 1855 202 1872 τι
216 1848 244 1873 ὲν
259 1847 354 1883 Τριάδι
371 1847 471 1882 λέγειν,
487 1848 502 1884 ῆ
525 1848 698 1881 διανοεῖσθαι,
713 1849 730 1885 ἢ
747 1850 891 1885 ὲπιγεννη-

95 1893 143 1918 τόν
153 1901 160 1907 ·
177 1892 243 1919 ἀλλὰ
257 1891 290 1929 ἦν
305 1893 349 1920 ἀεὶ
361 1894 456 1930 Πατὴρ
470 1895 516 1921 καὶ
530 1895 593 1926 Υἱὸς
618 1895 665 1922 καὶ
679 1895 756 1930 ἇγιον
768 1895 889 1931 Πνεῦμα.

81 1929 170 1965 Ὀὔτε
186 1939 346 1974 συνάδελφος
367 1929 436 1972 mg
453 1940 550 1976 Πατρὶ,
575 1940 636 1967 οὔτε
661 1941 826 1977 συναλοιφή·
843 1929 892 1968 οιαὶ

98 1985 130 2011 τὸ
143 1984 256 2020 Πνεῦμα
280 1985 341 2012 οὔτε
364 1985 522 2022 συναλοιφή,
546 1986 607 2013 οὗτε
624 1987 788 2021 συνάδελφον
804 1987 893 2022 Harp).

99 2031 148 2058 καὶ
163 2031 227 2066 Titi),
243 2032 314 2068 [οὔτε
327 2033 474 2069 συναλοιφή
488 2033 519 2060 τὸ
529 2034 642 2069 Πνεῦμα
655 2035 741 2070 Ila-:91
752 2035 799 2061 καὶ
812 2033 892 2070 rus-1

99 2077 166 2108 Υἱῆς
188 2077 216 2103 δὲ
230 2079 357 2113 γεννητὸς
373 2080 405 2105 ὲκ
427 2079 543 2115 Πατρὺς,
560 2080 606 2106 καὶ
629 2080 740 2115 Πνεῦμα
763 2079 893 2115 προελθὸν

100 2123 132 2148 ἐξ
147 2123 263 2158 Πατρός.
273 2123 486 2160 ’Λνεκδιηγήτως
500 2124 550 2159 τῆς
563 2124 676 2160 Τριάδος
687 2124 769 2160 οὔσης
784 2125 813 2151 ὲν
827 2133 893 2151 ταυ-

99 2168 195 2203 τότητι
208 2168 355 2203 δοξολογία,
382 2170 428 2196 καὶ¹
444 2169 644 2205 ἀκαταλήπτως
666 2169 730 2196 Υὶοῦ
747 2170 821 2202 ὄντος
844 2170 893 2195 σὺν

101 2214 190 2249 Πατρὶ
212 2214 258 2240 καὶ
280 2215 418 2251 Πνεύματι
441 2215 510 2251 ἁγίῳ
530 2215 670 2247 ὡσαύτως,
692 2215 739 2241 καὶ
760 2215 894 2250 μηδέποτε

100 2259 293 2295 διαλειπούσης
309 2262 358 2296 τῆς
375 2261 488 2296 Τριάδος
502 2260 552 2296 τῆς
567 2261 650 2296 αὐτῆς
663 2261 822 2296 ἀϊδιότητος.
836 2261 892 2287 II:—
909 2253 933 2282 ι)

100 2305 154 2341 τὴρ
171 2303 218 2332 οὖν
235 2306 278 2333 ἀεὶ
299 2306 447 2342 ἀγέννητος
473 2307 518 2333 καὶ
535 2306 661 2338 ἄκτιστος
692 2306 738 2334 καὶ
757 2306 894 2342 ἀκατάλη-

101 2360 169 2383 πτος
181 2361 188 2368 ι
208 2352 271 2384 Υἱὸς
286 2353 314 2379 δὲ
341 2354 478 2389 γεννητὸς,
500 2353 557 2381 ἀλλ’
580 2353 706 2386 ἄκτιστος
723 2353 769 2380 καὶ
793 2354 894 2380 ἀκατά-

101 2397 214 2433 ληπτος.
226 2398 337 2434 Πνεῦμα
349 2400 425 2434 ἅγιον
437 2399 489 2433 ἀεὶ,
502 2400 532 2426 οὐ
543 2400 680 2435 γεννητὸν,
689 2400 718 2427 οὐ
733 2400 853 2427 κτιστδν.
864 2401 893 2426 οὺ

103 2444 279 2479 συνάδελφον,
290 2446 320 2472 οὐ
336 2446 519 2481 προπάτορον,
532 2446 581 2472 οὐκ
594 2445 713 2480 ἔγγονον,
727 2445 788 2486 άλλη
798 2446 830 2472 ὲκ
845 2446 895 2480 τῆς

71 2510 80 2514 .
103 2490 189 2525 αὐτῆς
208 2491 300 2522 οὐσίας
321 2491 425 2527 Πατρὶς
439 2492 486 2518 καὶ
505 2492 580 2518 Υξοῦ.
597 2492 709 2527 Πνεῦμα
726 2491 780 2527 γὰρ
791 2493 804 2518 ὁ
818 2491 894 2523 Θεός.

937 940 1059 975 proﬁteri
1074 940 1267 968 suavissimum
1282 943 1334 971 est,
1354 944 1381 966 et
1396 940 1456 967 sine
1475 939 1528 965 ulla
1544 939 1669 966 satietate
1682 939 1724 966 di-

937 985 1017 1013 citur.
1031 984 1098 1011 Nam
1112 984 1250 1020 Propheta
1271 984 1370 1012 cecinit
1384 992 1391 1011 :
1410 984 1507 1011 Dulcia
1527 991 1587 1011 sum
1604 984 1724 1018 faucibus

937 1031 1003 1058 meis
1016 1031 1119 1066 eloquia
1134 1035 1181 1058 tua
1196 1031 1216 1059 ⁸.
1233 1030 1335 1064 Quodsi
1357 1030 1465 1065 eloquia
1477 1031 1535 1065 ipsa
1551 1030 1642 1057 dulcia
1658 1030 1724 1064 sint,

938 1081 1041 1112 quanto
1067 1081 1109 1105 est
1131 1084 1231 1105 nomen
1253 1077 1343 1112 ipsum
1360 1075 1505 1103 Trinitatis
1527 1075 1645 1107 dulcius,
1664 1084 1726 1110 qua:

938 1121 1047 1155 quidem
1068 1120 1128 1148 fons
1143 1124 1170 1148 et
1182 1121 1259 1156 origo
1281 1120 1425 1149 suavitatis
1446 1121 1535 1147 omnis
1554 1121 1614 1148 est?
1635 1121 1725 1153 Quare

939 1165 1061 1193 Trinitas
1087 1167 1176 1195 tribus
1191 1167 1267 1194 hisce
1293 1170 1463 1198 numeratur,
1486 1166 1575 1198 Patre,
1601 1166 1670 1194 Filio
1697 1171 1725 1194 et

940 1211 1044 1247 Spiritu
1061 1218 1173 1244 sancto;
1192 1220 1278 1247 neque
1299 1219 1364 1240 vero
1382 1212 1545 1240 confusione
1561 1212 1679 1248 quadam
1698 1213 1725 1239 in

940 1267 1022 1286 unum
1039 1259 1182 1295 redigitur,
1200 1267 1250 1286 nec
1266 1267 1280 1286 a
1296 1266 1344 1287 sua
1361 1259 1466 1286 unitate
1481 1258 1657 1294 disjungitur,
1677 1259 1725 1286 sed

940 1305 966 1331 in
982 1303 1099 1338 perfecta
1120 1304 1297 1332 subsistentia
1313 1304 1451 1340 perfectus
1468 1310 1509 1333 est
1522 1304 1611 1337 Pater,
1628 1305 1720 1338 peric.

939 1355 1001 1378 ctus
1018 1350 1121 1382 Filius,
1141 1351 1278 1386 perfectus
1296 1351 1414 1386 Spiritus
1437 1355 1566 1382 sanctus.
1592 1351 1672 1378 Pater
1698 1355 1726 1379 et

939 1393 1025 1422 Filius
1049 1398 1075 1421 et
1106 1394 1223 1430 Spiritus
1238 1399 1359 1423 sanctus.
1383 1394 1504 1422 Rursum
1522 1402 1588 1422 vero
1607 1394 1727 1429 Spiritus

940 1439 1088 1475 largiendis
1108 1440 1187 1466 donis
1212 1439 1372 1466 attribuitur
1392 1449 1398 1467 :
1422 1439 1567 1466 Divisiones
1584 1439 1653 1465 enim
1667 1447 1729 1474 gra-

941 1478 1040 1512 tiamin
1055 1490 1114 1512 sunt
1124 1505 1132 1517 ,
1148 1485 1193 1513 sed
1215 1485 1283 1512 idem
1299 1485 1433 1519 Spiritus;
1449 1489 1474 1512 et
1491 1485 1639 1512 divisiones.
1651 1485 1730 1513 mini-

940 1531 1081 1558 steriorum
1104 1535 1175 1563 sunt,
1191 1531 1259 1557 idem
1284 1538 1343 1557 vero
1371 1530 1516 1562 Dominus;
1541 1534 1564 1557 et
1587 1530 1729 1557 divisiones

897 1577 920 1607 C
936 1577 1118 1611 operationum
1149 1582 1221 1606 sunt.
1249 1576 1317 1603 idem
1339 1584 1398 1603 vero
1430 1575 1510 1610 Deus,
1535 1576 1580 1611 qui
1605 1581 1730 1610 operatur

938 1623 1026 1649 omnia
1045 1622 1072 1650 in
1084 1623 1203 1649 omnibus
1219 1623 1240 1648 ⁷.

975 1668 1042 1701 Quae
1054 1676 1116 1696 cum
1129 1668 1165 1695 ita
1181 1676 1211 1696 se
1222 1655 1352 1702 habeant,
1364 1675 1512 1696 caveamus
1523 1667 1678 1703 diligenter.
1695 1675 1732 1696 ne

940 1715 1081 1743 averitate
1102 1715 1278 1747 aberremus;
1304 1715 1352 1742 sed
1377 1714 1518 1742 veritatem
1539 1714 1729 1749 proliteamur.

940 1767 995 1787 non
1011 1759 1065 1787 Deo
1080 1759 1297 1794 patrocinante-5.
1317 1759 1363 1786 sed
1382 1760 1426 1794 pie
1442 1759 1468 1786 id
1486 1759 1680 1795 intelligentes,
1695 1767 1731 1788 ne

941 1804 1088 1840 aliquando
1103 1811 1258 1839 pereamus.
1275 1803 1344 1831 Fieri
1362 1805 1461 1839 quippe
1481 1803 1557 1831 nullo
1576 1803 1659 1831 modo
1677 1812 1728 1839 po-

941 1853 1005 1882 test,
1032 1853 1062 1876 ut
1086 1853 1208 1876 creatum
1234 1848 1363 1884 quiddam
1391 1848 1417 1875 in
1441 1847 1576 1875 Triuitate
1593 1847 1731 1881 dicamus,

942 1895 983 1922 vel
999 1895 1149 1930 cogitemus
1164 1894 1257 1927 etiam,
1273 1899 1320 1921 aut
1331 1893 1410 1928 cujus
1425 1897 1518 1928 postea
1538 1895 1609 1920 facta
1627 1894 1663 1921 sit
1682 1901 1731 1922 ac-

942 1940 1048 1972 cessio;
1068 1939 1258 1974 scdpcrpetuo
1288 1939 1368 1966 Pater
1382 1938 1433 1966 fuit
1449 1943 1476 1966 et
1497 1938 1583 1967 Filius
1599 1942 1626 1966 ct
1647 1937 1732 1975 Spiris

943 1991 987 2014 tus
1007 1991 1129 2014 sanctus.
1145 1985 1239 2021 Neque
1261 1985 1348 2013 Filius
1367 1993 1516 2021 germanus
1531 1984 1624 2014 Patris
1637 1985 1735 2019 frater,

944 2040 1032 2068 neque
1051 2040 1113 2060 cum
1134 2032 1180 2060 illo
1191 2031 1323 2061 confusus
1338 2036 1390 2060 est.
1407 2032 1539 2059 Similiter
1555 2040 1645 2067 neque
1659 2039 1726 2060 con-

945 2080 1022 2107 fusus
1037 2084 1078 2108 est
1107 2079 1241 2114 Spiritus,
1263 2086 1350 2114 neque
1374 2078 1462 2107 Patris
1486 2078 1601 2114 Filiique
1620 2086 1727 2113 germa-

945 2133 997 2153 nus
1017 2129 1059 2153 est
1073 2134 1080 2152 :
1095 2124 1181 2152 Filius
1199 2132 1215 2152 a
1231 2125 1312 2152 Patre
1324 2124 1443 2160 genitus,
1458 2131 1473 2151 a
1493 2131 1548 2158 quo
1563 2124 1685 2159 procedit
1699 2127 1728 2152 et

946 2170 1074 2206 Spiritus.
1087 2170 1162 2198 Adeo
1174 2174 1204 2198 ut
1215 2171 1335 2198 Trinitas
1351 2178 1383 2197 co
1398 2170 1490 2202 modo,
1505 2170 1551 2204 qui
1571 2169 1665 2198 verbis
1683 2177 1732 2197 ex-

945 2216 1041 2251 plicari
1058 2223 1112 2242 non
1130 2220 1231 2250 potest.
1251 2217 1280 2242 in
1298 2216 1393 2243 eadem
1416 2215 1502 2250 gloria
1519 2222 1551 2242 ac
1573 2214 1732 2242 laudatione

946 2261 1095 2294 consistat;
1116 2266 1142 2289 et
1164 2260 1249 2288 Filius
1277 2268 1339 2288 cum
1360 2259 1438 2288 Patre
1460 2259 1620 2295 Spirituque
1636 2264 1733 2288 saneto

947 2307 1216 2342 incomprehensibili
1237 2306 1344 2333 ratione
1372 2306 1408 2334 sit
1430 2306 1612 2341 conjunctus,
1643 2314 1733 2341 neque

945 2353 1067 2381 Trinitas
1086 2353 1121 2380 ab
1137 2360 1186 2380 sua
1205 2360 1324 2387 unquam
1341 2352 1492 2380 mtcrnitate
1513 2352 1638 2379 desistat.
1653 2351 1734 2379 Sem-

946 2408 994 2436 per
1009 2400 1091 2434 igitur
1110 2399 1247 2434 ingenitus
1276 2402 1318 2426 est
1335 2398 1528 2432 increatusque
1544 2397 1624 2425 Pater
1647 2401 1674 2424 et
1691 2397 1734 2424 in-

946 2445 1225 2481 comprehensibilis:
1253 2443 1339 2472 Filius
1364 2444 1473 2479 genitus
1497 2443 1624 2478 quidem,
1649 2443 1731 2478 902

947 2491 993 2519 sed
1016 2492 1154 2518 increatus
1165 2494 1192 2517 et
1208 2489 1513 2525 incomprehensibilis:
1529 2488 1649 2524 Spiritus
1666 2497 1733 2515 san-

104 2540 166 2563 ctus
183 2544 237 2563 non
250 2537 368 2571 genitus.
386 2545 440 2564 non
457 2541 575 2569 creatus,
593 2545 645 2564 nou
663 2544 822 2572 germanus.
836 2544 889 2563 non
909 2544 987 2569 avus,
1007 2545 1060 2564 non
1075 2543 1171 2571 nepos.
1186 2535 1233 2563 sed
1245 2543 1277 2563 ex
1301 2535 1395 2562 eadem
1422 2542 1484 2562 etun
1505 2534 1584 2562 Patre
1612 2533 1734 2569 Filioque

105 2582 271 2610 substantia.
287 2582 427 2617 Ejusmodi
442 2587 484 2610 est
493 2582 623 2618 Spiritus,
637 2583 759 2618 inquam,
771 2586 894 2610 sanctus.
914 2582 1033 2618 Spiritus
1044 2583 1116 2609 enim
1129 2582 1201 2609 Deus
1216 2585 1267 2609 est.

142 2629 190 2657 ll”.
207 2629 263 2664 Τῆς
277 2629 305 2655 δὲ
316 2629 443 2664 τοιαύτης
457 2628 664 2664 ὴσφαλισμένης
680 2628 759 2664 ἡμῶν
778 2627 851 2662 ζωῆς
865 2629 892 2654 αἱ

107 2676 256 2712 μαρτυρίαι
273 2675 302 2701 ὲν
320 2675 393 2711 πάσῃ
413 2675 507 2710 Γραφῇ
525 2674 700 2710 ὲμφέρονται.
719 2674 785 2701 Ἀπο
797 2675 825 2701 δὲ
840 2674 894 2701 τῶν

106 2721 236 2749 πλειόνων
253 2721 333 2755 ὀλίγα
353 2720 545 2756 παραθήσομαι
562 2720 632 2746 κατὰ
647 2720 677 2746 τὸ
699 2720 810 2746 δυνατόν
821 2729 827 2735 ·
852 2720 894 2746 ἵνα

106 2768 144 2803 μὴ
161 2767 319 2803 ἀμάρτυρον
338 2766 402 2803 mp!
423 2766 582 2802 Πνεῦματος
598 2765 643 2792 καὶ
667 2766 696 2792 ὲν
719 2765 756 2800 τῷ
783 2765 895 2801 παρίιντι

142 2858 151 2873 ⁸
173 2857 304 2892 Expuugn
326 2860 417 2891 negat.
435 2855 481 2892 οὐ,
505 2855 526 2892 _'
546 2853 624 2881 Joan.
640 2862 685 2892 xv,
703 2853 748 2881 26.
787 2853 798 2870 ³
817 2853 896 2882 Joan.
912 2861 967 2888 xw,
986 2854 1029 2889 id,
1048 2854 1089 2883 15.

107 2893 118 2909 ⁸
138 2889 323 2925 Ρειιιξειιῖιιι,
346 2889 406 2919 105.
444 2891 454 2907 '
473 2890 482 2918 l
500 2890 562 2919 Cor.
584 2897 633 2924 xu,
655 2889 670 2917 4
690 2897 753 2924 sqq.

984 2627 1052 2655 Xlll.
1070 2628 1159 2662 Atque
1175 2627 1259 2662 hujus
1278 2627 1388 2662 quidem
1405 2626 1478 2654 hunc
1496 2627 1523 2654 in
1542 2626 1650 2654 modum
1668 2633 1733 2652 cou-

949 2673 1050 2700 stituta:
1066 2672 1196 2701 salutaris
1211 2672 1273 2700 ﬁdei
1288 2672 1388 2707 passim
1405 2670 1433 2698 in
1447 2671 1596 2706 Scripturis
1607 2669 1734 2697 omnibus

948 2722 1058 2747 exstant
1072 2717 1233 2754 consignata
1254 2718 1423 2746 testimonia.
1443 2717 1498 2745 Nos
1515 2720 1605 2742 autem
1623 2723 1655 2742 ex
1676 2715 1735 2750 plu-

947 2765 1025 2793 ribus
1045 2772 1130 2799 pauca
1150 2763 1272 2799 quaedam
1292 2772 1341 2799 pro
1357 2764 1426 2791 virili
1445 2763 1614 2797 colligemus,
1637 2769 1673 2789 ne
1689 2768 1735 2788 ca-

1129 2854 1139 2870 ‘
1160 2853 1248 2882 lCor.
1270 2861 1299 2886 ιι,
1318 2853 1358 2880 10.
1398 2853 1408 2868 ⁸
1425 2851 1520 2879 Matth.
1568 2855 1649 2874 xmu
1665 2867 1672 2879 ,
1695 2849 1740 2878 19.
