1931 3041
230 138 279 165 699

926 144 954 172 S.
974 143 1145 172 EPIPHANII

1807 148 1861 177 500

227 197 359 223 tholicum
375 198 440 225 Illud
455 199 489 226 de
511 199 612 235 Spiritu
639 205 735 229 sancto
754 202 851 238 dogma
878 203 938 232 sine
954 204 1008 232 ulli:

1071 205 1336 241 παρελεὺσωμαιτὴν
1347 207 1492 243 ὑφήγησιν.
1506 207 1594 239 Εὐθὺς
1608 207 1656 243 μὲν
1668 207 1723 244 γὰρ
1736 209 1751 234 ὸ
1764 208 1861 244 Πατήρ

227 243 417 271 conﬁrmatqu
430 246 644 275 auctoritatibus
660 249 711 276 hoc
730 248 791 276 loco
810 255 1015 285 pretereamus.

227 290 255 317 In
276 291 373 326 primis
393 291 465 318 enim
483 291 563 319 Pater
579 293 636 328 ipse
655 294 689 322 de
702 295 818 323 adventu
833 295 897 324 Filii
921 298 961 325 sic
977 298 1017 325 lo-

226 336 321 370 quitur
335 345 341 363 :
358 336 477 370 Ponant,
497 337 602 373 inquit,
621 339 751 374 Spiritum
767 350 852 369 meum
868 343 894 370 in
909 344 979 378 ipso.
991 349 1016 371 et

226 381 354 413 iudicium
374 383 494 417 gentibus
514 385 647 412 nuntiabit
665 387 684 414 ¹.
698 386 805 420 Quibus
823 390 914 417 verbis
929 389 1016 425 Spiri—

226 429 282 454 tu‘m
300 434 379 455 suum
397 434 523 456 sanctum
546 431 670 460 ﬁdelibus
693 434 821 462 omnibus
840 435 873 462 ad
890 435 1017 463 obtinen-

223 473 285 499 dam
299 473 413 501 salutem
433 483 528 503 verum
555 485 587 504 ac
598 485 759 513 germanum
777 479 859 508 Deum
878 489 940 510 esse
951 490 1016 517 pne-

224 519 308 546 dicat.
329 520 442 548 Accedit
457 521 490 549 ad
506 522 558 549 hoc
572 524 760 552 testimonium
777 524 915 562 Uuigcniti
928 528 1016 563 ipsius

223 566 374 594 auctoritas
392 576 398 594 :
412 566 539 602 Spiritus.
554 569 654 604 inquit,
670 570 779 599 Domini
793 581 873 608 super
889 581 939 607 me,
950 581 1014 608 pro-

221 614 278 643 pter
293 610 363 645 quad
380 612 456 638 unxit
481 621 521 640 me
538 615 566 647 ';
582 622 638 649 quo
667 615 742 644 illius
770 617 960 646 incarnatione
987 624 1014 647 et

222 656 325 690 Spiritu
360 662 456 685 sancto
486 659 623 692 stabilita,
654 665 683 689 et
714 662 841 691 ﬁdelibus
870 666 1012 698 nuntiata,

221 701 364 736 ipsiusmct
380 703 485 732 Christi
508 707 701 735 testiﬁcatione
720 715 796 738 certo
811 709 878 737 illud
902 718 1012 738 assera-

220 755 281 776 mus
310 749 430 777 alienum
455 758 470 778 ιι
500 751 556 780 Deo
594 761 766 789 nequaquam
789 763 851 784 esse
878 755 1011 792 Spiritqu

219 797 358 822 sanctum.
376 793 496 823 Rursum
519 796 553 824 de
573 797 677 833 Spiritu
700 799 853 829 Dominus:
878 802 1010 836 Spiritus.

220 839 319 874 inquit,
334 839 426 867 Patris
448 842 500 869 mei
510 847 561 875 est,
575 844 620 878 qui
638 844 754 880 loquitur
769 847 796 873 in
814 847 887 874 vobis
904 848 924 875 ³.
938 847 1012 876 Prae-

218 889 294 912 terea
317 889 348 912 ut
367 886 402 914 ab
419 886 478 921 ipsa
501 887 646 917 divinitate
663 898 717 917 non
733 892 933 920 excludendum
950 901 1012 922 esse

219 928 353 965 Spiritum
371 932 537 966 ostenderet,
556 924 644 961 vultui
659 936 845 970 apostolorum
859 937 970 972 aﬁlavit,
984 944 1012 967 et

218 975 288 1003 dixit
315 986 323 1004 :
356 976 474 1011 Accipite
495 977 625 1013 Spiritum
649 983 803 1010 sanctum‘.
841 983 951 1017 Adbtec,
982 989 1012 1012 ut

217 1023 349 1057 aequalem
366 1031 398 1051 ac
412 1026 676 1055 consubstantialem
706 1036 757 1056 suo
772 1029 916 1066 Patrisque
929 1031 1012 1067 Spiri-

218 1069 256 1096 tui
273 1075 368 1098 sancto
379 1078 408 1098 se
419 1078 481 1099 esse
491 1077 667 1106 monstraret,
683 1074 713 1102 Si
722 1076 835 1111 diligitis
848 1085 898 1109 me,
911 1078 1010 1113 inquit,

217 1117 344 1144 mandata
359 1126 417 1145 mea
430 1124 548 1146 seruate:
561 1125 584 1147 et
596 1129 642 1156 ego
655 1121 751 1157 rogabo
763 1121 879 1156 Patrem,
893 1129 917 1151 et
928 1124 1011 1151 alium

217 1161 388 1191 Paracletum
414 1164 490 1192 dabit
517 1166 590 1194 vobis
600 1167 622 1194 ⁵.
642 1167 727 1200 Quasi
755 1172 782 1196 et
806 1168 937 1197 Dominus
953 1171 1011 1206 ipse

218 1208 376 1238 Paracletus
390 1211 436 1243 sit,
451 1216 480 1239 et
495 1211 616 1247 Spiritus
632 1217 745 1242 sanctus
762 1215 859 1243 eodem
877 1215 959 1243 modo
974 1217 1010 1244 sit

215 1254 387 1283 Paracletus.
400 1255 524 1291 Apostoli
541 1265 616 1291 vero,
634 1264 665 1286 ut
681 1259 858 1288 ostenderent
878 1260 1009 1296 Spiritum

216 1306 343 1328 sanctum
375 1310 432 1330 non
452 1311 514 1331 esse
533 1312 657 1338 servum,
672 1305 720 1333 sed
742 1307 838 1334 eadem
863 1307 1009 1336 divinitate

216 1346 376 1382 praeditum,
409 1348 482 1377 illius
512 1351 705 1378 auctoritatem
727 1359 759 1380 ac
793 1354 942 1388 potentiam
965 1354 1008 1382 his

216 1392 306 1420 verbis
329 1393 485 1428 signiﬁcant
506 1403 514 1421 :
533 1394 567 1422 Et
590 1395 658 1422 dixit
677 1396 792 1431 Spiritus
811 1403 942 1426 sanctus:
959 1398 1006 1426 Se-

214 1443 319 1473 gregale
333 1439 397 1465 mihi
412 1439 567 1467 Barnabam
586 1446 612 1468 et
633 1441 746 1469 Saulum
769 1443 796 1470 in
812 1451 875 1478 opus
891 1445 926 1471 ad
938 1445 1007 1479 quod

213 1492 257 1511 eos
285 1485 374 1512 vocavi
391 1486 412 1517 ⁴¹,
437 1489 490 1513 etc.
518 1486 586 1513 Tum
613 1488 762 1522 Apostolus
787 1491 882 1517 eadem
907 1491 1008 1518 diserto

214 1531 345 1558 declarat.
374 1531 501 1560 Dominus
527 1541 597 1566 vero,
624 1534 724 1568 inquit,
751 1536 868 1570 Spiritus
887 1542 936 1564 est.
958 1537 1007 1564 Ubi

215 1582 301 1605 autem
329 1577 446 1612 Spiritus
468 1579 575 1606 Domini
592 1585 647 1613 est,
673 1582 729 1608 illic
747 1582 857 1610 libertas
873 1585 893 1611 ".
918 1583 982 1612 Item
999 1594 1004 1612 ι

220 1623 270 1650 Vos
287 1624 409 1658 templum
432 1624 481 1652 Dei
496 1626 576 1659 estis,
599 1632 624 1654 et
642 1626 758 1662 Spiritus
777 1628 883 1656 Domini
904 1630 1008 1659 habitat

214 1669 240 1695 in
257 1669 328 1696 vobis
345 1669 365 1697 '.
386 1669 446 1697 Jam
469 1678 535 1698 vero
555 1679 617 1699 eum
645 1674 776 1708 templum
798 1674 845 1702 Dei
870 1675 905 1703 ob
932 1676 1006 1703 illam

214 1717 300 1744 sancti
325 1716 446 1752 Spiritus
461 1718 657 1747 habitationem
676 1728 815 1754 vocemur,
839 1723 901 1757 quis
918 1722 1007 1758 Spiri-

212 1765 269 1789 tum
290 1763 434 1798 repudiare
463 1764 563 1792 audeat
579 1769 606 1792 et
621 1773 635 1792 a
647 1765 692 1793 Dei
709 1767 860 1794 substantia
877 1768 1007 1802 rejiccre;

212 1816 274 1835 cum
291 1809 394 1837 diserte
417 1809 468 1837 hoc
487 1810 637 1844 Apostolus
663 1816 785 1845 asserat,
807 1813 938 1848 templum
955 1822 1008 1841 nos

211 1861 273 1881 esse
292 1853 358 1886 Dei,
385 1859 498 1890 propter
512 1856 592 1890 903
617 1856 749 1891 Spiritum
768 1858 844 1885 illum
868 1864 1005 1892 sanctum,

213 1898 259 1932 qui
283 1899 310 1926 in
334 1899 425 1934 dignis
448 1900 599 1928 habitat“!
621 1901 754 1930 Praeterea
783 1911 902 1939 quonam
926 1909 1007 1940 pacto

213 1945 318 1972 alienus
342 1953 357 1972 a
375 1945 431 1973 Deo
457 1951 547 1981 potest
577 1955 639 1975 esse
666 1947 787 1984 Spiritus
814 1949 869 1981 ille.
892 1951 938 1985 qui
960 1951 1006 1979 Dei

212 1990 349 2025 profunda
363 1995 506 2019 scrutatur
521 1993 564 2020 “’1’
577 1993 632 2020 Nec
649 1998 691 2022 est
705 1995 777 2030 quod
793 1995 860 2022 illud
878 1996 1004 2030 obiicias,

212 2039 329 2065 scrutari
351 2039 395 2065 illa
413 2039 539 2074 quidem,
561 2041 677 2068 necdum
698 2044 790 2069 tamen
821 2049 1004 2078 cognoscere,

212 2089 242 2111 ut
264 2085 389 2112 nonnulli
406 2086 606 2114 contumeliose
627 2087 719 2122 jacere
736 2095 798 2115 cum
817 2096 866 2116 sua
885 2091 1006 2125 pernicie

211 2131 270 2158 ausi
290 2135 364 2159 sunt.
378 2130 452 2167 Nihil
468 2131 540 2159 enim
554 2136 638 2166 vetat,
656 2133 722 2169 quin
739 2134 810 2162 idem
825 2135 858 2163 de
870 2134 951 2164 Patre
964 2136 1006 2164 di-

209 2181 284 2209 cant,
300 2177 334 2205 de
349 2185 404 2213 quo
424 2178 558 2213 scriptum
578 2182 640 2212 est,
662 2180 782 2207 scrutari
807 2180 883 2208 illum
899 2182 1004 2210 ventris

209 2270 322 2298 verbum
335 2271 521 2306 cognoscendi
537 2271 610 2299 aliud
623 2279 677 2300 non
688 2277 729 2301 est
744 2272 915 2308 adjunctum,
931 2275 1004 2310 ejus-

210 2317 283 2344 modi
300 2318 431 2352 quiddam
456 2318 540 2354 impie
553 2318 587 2346 de
603 2318 709 2354 Spiritu
734 2324 812 2355 potes
827 2321 919 2348 animo
937 2329 1003 2348 eon-

209 2363 315 2398 cipere,
333 2372 388 2391 non
406 2365 498 2393 minus
519 2366 546 2393 iu
568 2365 676 2394 Patrem
694 2367 794 2402 impius
817 2367 856 2395 sis
878 2372 1001 2402 oportet,

209 2409 243 2437 de
255 2417 309 2444 quo
321 2409 443 2437 eamdem
459 2411 566 2446 cogeris
577 2412 699 2446 proferre
715 2413 888 2441 sententiam.
897 2413 1003 2450 Quippe

209 2463 271 2482 cum
285 2457 389 2484 ventris
402 2456 462 2484 illos
475 2465 602 2485 recessus
614 2459 782 2494 perscrutari
795 2459 875 2487 Pater
887 2461 999 2493 dicitur,

209 2503 284 2530 nulla
308 2503 337 2529 ﬁt
361 2503 527 2538 cognitionis
553 2505 665 2533 mentio.
683 2505 777 2541 Neque
795 2515 862 2534 vero
888 2515 1002 2536 necesse

210 2549 261 2576 luit
275 2549 347 2577 istud
367 2549 477 2582 addere,
495 2557 557 2577 cum
575 2550 621 2578 Dei
644 2551 796 2586 anticipata
812 2553 857 2580 illa
881 2553 1001 2588 cognitio

1069 260 1136 287 φησι
1151 252 1217 288 περὶ
1230 253 1280 288 τῆς
1295 253 1342 279 τοῦ
1361 254 1425 280 Υίοῦ
1448 254 1609 289 παρουσίας,
1621 254 1661 280 ὃτι
1677 253 1810 289 ϐήσομαι
1824 254 1859 281 τὸ

1068 298 1190 333 Πνεῢμά
1204 308 1264 333 μου
1280 299 1327 326 ἐπ’
1346 300 1448 332 αὑτὸν,
1468 300 1515 326 καὶ
1531 301 1632 334 κρίσιν
1647 300 1710 334 τοῖς
1736 301 1859 328 tam-u-

1066 345 1239 380 ἀπαγγελεῖ,
1256 346 1298 372 ἵνα
1311 347 1420 382 γνήσιον
1444 345 1548 383 κηρύξῃ
1561 347 1627 373 Θεὸν
1641 347 1671 373 τὸ
1685 347 1763 380 ἅγιον
1777 347 1858 373 αὑτοῦ

1067 389 1179 425 Πνεῦμα
1191 391 1258 417 πᾶσι
1275 392 1381 423 πιστοῖς
1393 392 1433 423 είς
1458 392 1602 428 σωτηρίαν.
1622 393 1654 418 Et
1667 391 1696 418 δὲ
1712 393 1727 418 ὁ
1741 393 1860 426 Μονογε-

1067 434 1115 469 νὴς
1133 437 1165 471 τῇ
1189 436 1257 472 αὐτῇ
1283 437 1422 473 μαρτυρίᾳ
1442 437 1571 473 προσθεὶς
1592 437 1710 472 φάσκει·
1739 437 1861 471 Πνεῦμα

1066 482 1178 515 Κυρίου
1203 483 1249 509 ἐπ’
1265 483 1327 518 ἐμὲ,
1344 481 1380 511 οὖ
1402 483 1507 510 ἕνεκεν
1523 483 1627 518 ἐχρισέ
1642 492 1681 518 με
1692 493 1698 499 ·
1715 484 1758 511 ῐνα
1781 484 1797 519 ἠ
1817 484 1859 510 ἔν-

1066 535 1167 564 σαρκος
1182 528 1264 555 αὑτοῦ
1288 530 1433 565 παρουσία,
1451 530 1498 557 καὶ
1512 529 1551 566 τῷ
1568 531 1707 566 Πνεύματι
1730 530 1770 565 τῷ
1791 531 1858 566 ἁγίῳ

1064 573 1264 611 ὴσφαλισμένη,
1283 575 1332 602 καὶ
1348 577 1455 608 πιστοῖς
1469 576 1669 612 κηρυττομένη,
1687 576 1782 611 σαφῶς
1794 577 1859 611 ὁμο-

1064 619 1166 656 λογηθῇ
1181 620 1236 648 ἀπὸ
1249 621 1300 657 τῆς
1312 621 1361 648 τοῦ
1378 622 1496 658 Χριστοῦ
1512 621 1674 658 μαρτυρίας,
1687 622 1729 648 ὅτι
1743 621 1794 648 οὐκ
1808 621 1855 647 ἀλ-

1064 665 1168 702 λότριον
1183 667 1213 693 τὸ
1229 667 1342 702 Πνεῦμά
1361 669 1418 695 ἐστι
1430 668 1478 695 τοῦ
1498 667 1575 695 Θεοῦ.
1592 667 1676 695 Πάλιν
1686 667 1716 694 δὲ
1726 668 1740 694 ὁ
1755 667 1859 703 Κύριος

1064 713 1129 748 περὶ
1149 712 1197 739 τοῦ
1214 713 1383 748 Πνεύματος,
1405 715 1445 741 ὅτι
1466 714 1501 742 Τὸ
1527 714 1648 749 Πνεῦμα
1670 714 1724 742 τοῦ
1742 715 1859 748 Πατρός

1060 767 1120 793 μου
1134 758 1200 786 ἐστὶ
1216 759 1250 786 τὸ
1273 760 1392 787 λαλοῦν
1411 760 1446 787 ἐν
1462 760 1543 796 ὑμῖν.
1563 761 1618 787 Καὶ
1642 760 1733 791 πάλιν,
1751 760 1789 791 ὡς
1807 761 1858 787 οὐκ

1063 804 1203 841 ἀλλοτρίου
1220 805 1267 832 τοῦ
1284 806 1443 842 Πνεύματος
1465 807 1643 842 τυγχάνοντος
1663 807 1712 842 τῆς
1728 806 1776 833 τοῦ
1789 806 1857 833 Θεοῦ

1063 851 1199 888 θεότητος,
1211 852 1378 888 ἐνεφύσησεν
1395 854 1434 885 είς
1443 854 1474 880 τὸ
1488 853 1633 889 πρόσωπον
1647 853 1701 881 τῶν
1714 853 1856 889 μαθητῶν,

1064 898 1109 925 καὶ
1135 896 1212 926 εἷπε·
1230 897 1340 925 Λάϐετε
1365 899 1487 933 Πνεῦμα
1503 899 1599 934 ἅγιον.
1622 899 1677 926 Καὶ
1697 899 1790 929 πάλιν.
1813 900 1857 925 ἵνα

1060 943 1134 980 δείξῃ
1145 943 1194 979 τὴν
1210 943 1306 971 ἑαυτοῦ
1325 944 1436 981 ἰσότητα
1452 945 1498 972 καὶ
1528 945 1724 981 ὀμοουσιότητα
1741 944 1810 981 πρὸς
1827 945 1857 971 τὺ

1061 988 1173 1024 Πνεῦμα
1195 989 1279 1017 αὐτοῦ
1294 999 1323 1017 τε
1346 990 1393 1017 καὶ
1407 989 1454 1016 τοῦ
1475 990 1581 1026 nugs;
1607 990 1689 1017 αὑτοῦ
1711 990 1742 1017 τὸ
1765 990 1856 1024 ἅγιον,

1060 1033 1160 1068 φησίν·
1185 1035 1253 1062 Ἐὰν
1271 1034 1407 1070 ἀγαπᾶτέ
1429 1043 1478 1070 με,
1498 1035 1551 1068 τὰς
1567 1035 1696 1068 ἐντολάς
1717 1044 1778 1070 μου
1803 1044 1856 1066 τη-

1057 1078 1179 1112 ρήσετε.
1207 1079 1280 1115 Ἐγὼ
1307 1080 1446 1115 ἐρωτήσω
1472 1080 1525 1107 τὸν
1541 1082 1666 1114 Πατέρα,
1688 1080 1738 1107 καί
1757 1080 1857 1107 ἄλλον

1061 1124 1260 1159 Πίφάκλητον
1282 1126 1371 1153 δώσει
1396 1126 1483 1161 ’ὑμῖνι
1509 1127 1547 1158 ὡς
1573 1126 1654 1153 αὐτοῦ
1680 1126 1728 1153 τοῦ
1750 1126 1855 1162 Κυρίου

1061 1172 1239 1208 Παρακλήτου
1267 1173 1358 1205 ὄντος,
1383 1174 1430 1200 καὶ
1449 1172 1496 1200 τοῦ
1521 1173 1678 1208 Πνεύματος
1703 1172 1751 1199 τοῦ
1777 1173 1855 1207 ἁγίου

1061 1219 1295 1255 συμπαρακλήτου
1317 1219 1392 1252 δντος
1411 1219 1521 1255 ὁμοίως.
1535 1221 1566 1246 0!
1582 1220 1610 1246 δὲ
1635 1220 1791 1248 ἀπόστολοι,
1803 1220 1857 1247 δει-

1060 1267 1198 1299 κνύοντες,
1216 1267 1256 1294 ὅτι
1277 1267 1307 1293 οὑ
1323 1266 1415 1293 δοῦλον
1436 1267 1564 1302 τυγχάνει
1584 1267 1614 1294 τὺ
1636 1266 1762 1302 Πνεῦμα.
1788 1265 1856 1294 ἀλλὰ

1059 1312 1108 1347 τῆς
1123 1312 1208 1347 αὐτῆς
1220 1312 1356 1347 θεότητος,
1370 1312 1419 1347 τὴν
1430 1312 1513 1338 αὐτοῦ
1524 1312 1666 1339 αὑθεντίαν
1683 1312 1857 1339 ὑποδεικνύν-

1060 1366 1106 1389 τες
1121 1358 1204 1392 φασίο
1222 1358 1277 1385 Καὶ
1300 1355 1366 1384 εἷπε
1381 1357 1415 1384 τὸ
1432 1357 1553 1393 Πνεῦμα
1570 1357 1603 1384 τὸ
1623 1357 1721 1391 ἅγιον·
1743 1356 1856 1391 Ἀφορί-

1059 1403 1134 1430 card
1150 1411 1198 1438 μοι
1224 1402 1381 1437 Βαρνάϐαν
1404 1403 1453 1430 καὶ
1477 1402 1596 1430 Σαῦλον
1616 1403 1659 1435 είς
1673 1402 1707 1428 τὸ
1724 1401 1816 1436 ἔργον
1839 1401 1855 1428 ὃ

1060 1451 1287 1486 προσκέκλημαι
1299 1450 1419 1483 αὐτοὺς,
1441 1450 1535 1477 καὶτὰ
1556 1449 1629 1485 ἑξῆς.
1652 1450 1682 1476 '0
1693 1449 1727 1476 δὲ
1744 1449 1856 1483 Κύριός

1059 1496 1125 1523 ἐστι
1143 1496 1177 1523 τὸ
1196 1497 1327 1531 Πνεῦμα.
1341 1494 1382 1524 οὗ
1397 1496 1432 1523 δὲ
1451 1496 1485 1523 τὸ
1509 1496 1630 1531 Πνεῦμα
1653 1496 1775 1530 Κυρίου,
1790 1495 1855 1522 ἐκεῖ

1059 1543 1232 1577 ἐλευθερία-
1260 1543 1317 1575 καὶ,
1341 1543 1440 1578 Ὑμεῖς
1455 1543 1528 1575 ναὸς
1548 1542 1623 1570 Θεοῦ
1647 1543 1729 1572 ἐστε.
1753 1542 1854 1569 καὶτὸ

1059 1588 1181 1623 Πνεῦμα
1197 1589 1309 1623 Κυρίου
1321 1589 1399 1616 elusi
1407 1589 1442 1616 ἐν
1454 1588 1535 1624 ὑμῖν.
1553 1590 1584 1616 Et
1604 1589 1692 1615 τοίνυν
1706 1588 1772 1620 ναὸς
1784 1588 1853 1615 θεοῦ

1059 1635 1214 1671 καλούμεθα
1227 1635 1271 1662 διὰ
1288 1635 1394 1671 οίκησιν
1414 1636 1493 1669 ἁγίου
1510 1635 1580 1662 Πνεύ
1584 1644 1680 1671 ματος,
1693 1635 1736 1667 τίς
1749 1635 1853 1670 τολμή-

1060 1690 1116 1708 σειε
1134 1681 1355 1717 παραιτήσασθαι
1371 1681 1400 1708 τὸ
1419 1680 1540 1718 Πνεῦμα,
1559 1682 1605 1708 καὶ
1629 1681 1852 1717 ἀπαλλοτριῶσαι

1058 1729 1106 1763 τῆς
1121 1727 1168 1754 τοῦ
1184 1726 1251 1754 Θεοῦ
1272 1727 1376 1760 οὐσίας,
1399 1727 1492 1763 σαφῶς
1511 1727 1558 1754 τοῦ
1577 1727 1737 1754 ’Δποστόλου
1761 1727 1853 1761 λέγον-

1058 1781 1103 1804 τος
1126 1774 1200 1809 ἡμᾶς
1233 1773 1314 1804 ναοὺς
1340 1773 1408 1799 Θεοῦ
1445 1772 1584 1806 γίνεσθαι,
1609 1772 1651 1799 διὰ
1674 1772 1705 1798 τὸ
1728 1772 1854 1799 ἐνοικοῦν

1059 1818 1172 1854 Πνεῦμα
1188 1819 1264 1852 ἆγιον
1282 1819 1311 1844 ἐν
1323 1819 1380 1851 τοῖς
1395 1819 1496 1852 ἀξίοις;
1514 1819 1576 1851 Πῶς
1586 1819 1615 1845 δὲ
1631 1818 1771 1855 ἀλλότριον
1783 1818 1852 1846 Θεοῧ

1058 1864 1134 1891 ἔσται
1151 1864 1181 1891 τὸ
1203 1864 1315 1900 Πνεῦμα
1334 1864 1365 1891 τὸ
1390 1865 1458 1901 βάθη
1478 1865 1525 1892 τοῦ
1548 1864 1615 1892 Θεοῦ
1632 1864 1771 1901 ὲρευνῶν;
1796 1865 1854 1891 Καὶ

1059 1910 1097 1946 μὴ
1111 1910 1174 1944 λέγε
1189 1919 1250 1945 μοι·
1271 1911 1393 1947 Ἐρευνᾷ,
1415 1912 1461 1938 καὶ
1477 1911 1553 1939 οὗπω
1567 1911 1707 1946 γινώσκει,
1729 1912 1767 1943 ὥς
1779 1920 1861 1943 τινες*

1056 1956 1178 1992 τολμῶσι
1201 1956 1382 1993 βλασφημεῖν,
1404 1958 1451 1984 καὶ
1474 1958 1586 1990 ἑαυτοὺς
1608 1957 1747 1984 ἀπολύειν.
1774 1957 1853 1984 Ἐπεὶ

1057 2001 1089 2030 ἃν
1104 2003 1152 2030 καὶ
1167 2003 1233 2030 αὐτὸ
1248 2003 1345 2035 λέεωσι
1360 2004 1424 2038 περὶ
1446 2003 1493 2030 τοῦ
1521 2004 1637 2039 Πατρὸς,
1655 2003 1696 2030 ὅτι
1718 2003 1766 2030 καὶ
1787 2003 1853 2040 mp!

1057 2048 1140 2075 αὐτοῦ
1155 2048 1321 2084 γέγραπται,
1333 2048 1374 2075 ὅτι
1397 2049 1522 2083 Ἐρευι-ςῖ
1537 2049 1641 2084 ταμεῖα
1654 2049 1781 2082 κοιλίας.
1798 2050 1853 2076 Καὶ

1056 2095 1081 2121 εί
1098 2094 1204 2125 ἀσεϐῶς
1214 2095 1331 2130 νοήσεις,
1345 2094 1388 2121 διὰ
1405 2094 1435 2121 rb
1460 2095 1497 2130 μὴ
1512 2095 1664 2122 ἐπικεῖσθαι
1683 2094 1723 2130 τῷ
1738 2096 1852 2130 ὲρευνᾷν

1056 2141 1086 2167 τὸ
1100 2139 1245 2174 γινώσκειν
1264 2140 1311 2167 ἐπὶ
1331 2140 1377 2167 τοῦ
1400 2140 1566 2176 Πνεύματος,
1582 2141 1732 2177 ἀσεδήσαις
1752 2141 1785 2168 ἂν
1804 2142 1852 2168 καὶ

1058 2187 1120 2223 περὶ
1132 2187 1178 2213 τοῦ
1194 2187 1300 2222 Πατρδς
1313 2186 1361 2222 τὴν
1373 2187 1458 2223 αὐτὴν
1473 2187 1695 2223 ἀναγκαζόμενος
1712 2189 1852 2224 παρεκφέ-

155 2245 159 2248 .
210 2232 337 2252 recessus
350 2224 381 2250 “.
397 2223 489 2258 Quare
514 2224 537 2252 si
559 2229 702 2260 propterea
723 2226 796 2261 quod
813 2226 845 2254 ad
863 2229 1003 2255 scrutandi

1061 2241 1115 2267 ρειν
1131 2233 1269 2260 ὑπόνοιαν.
1286 2232 1355 2259 Οὔτε
1370 2233 1425 2269 γὰρ
1443 2233 1489 2259 ἐπὶ
1505 2234 1610 2269 Πατρὸς
1628 2234 1794 2269 ὲρευνῶντος
1804 2243 1852 2261 τα-

1059 2279 1121 2313 μεῖα
1132 2277 1236 2310 κοιλίας
1248 2278 1408 2313 πρόσκειται
1421 2279 1451 2305 τὸ
1461 2278 1620 2313 γινώσκειν·
1635 2278 1696 2306 οὔτε
1706 2280 1761 2315 γὰρ
1772 2280 1851 2316 χρεία

1057 2322 1089 2359 ἦν
1107 2325 1205 2356 είπεῖν,
1223 2324 1316 2359 σαφῶς
1332 2324 1500 2362 δηλουμένης
1512 2326 1563 2361 τῆς
1582 2325 1629 2352 τοῦ
1642 2325 1710 2352 Θεοῦ
1726 2335 1851 2361 προγνω-

1058 2369 1130 2401 σίας,
1143 2369 1197 2396 ἀπὸ
1216 2369 1265 2396 τοῦ
1291 2370 1404 2406 ἐρευνᾷν
1431 2370 1460 2396 τὸ
1485 2370 1586 2397 τέλειον
1609 2370 1659 2405 τῆς
1686 2370 1851 2405 ἀποφάσεως

1057 2415 1181 2450 ἐχούσης.
1206 2414 1284 2441 Οὕτω
1304 2425 1349 2452 μοι
1371 2416 1418 2443 καὶ
1441 2417 1504 2452 περὶ
1518 2416 1678 2451 Πνεύματος
1703 2416 1751 2443 καὶ
1785 2416 1850 2442 Υίοῦ

1056 2462 1103 2488 καὶ
1122 2461 1228 2497 Πατρδς
1246 2461 1294 2497 τὴν
1320 2462 1383 2497 μίαν
1398 2462 1499 2496 γνῶσιν
1516 2463 1563 2489 καὶ
1590 2463 1640 2498 τὴν
1663 2463 1848 2498 προγνωσίαν,

1056 2507 1150 2542 σαφῶς
1165 2507 1280 2543 ἐχούσης
1294 2508 1343 2543 τῆς
1358 2508 1438 2543 ἁγίας
1455 2508 1568 2544 Τριάδος
1584 2508 1632 2544 τὴν
1647 2508 1804 2544 τελειότητα
1819 2518 1849 2535 τε

1055 2554 1101 2581 καὶ
1118 2554 1280 2590 ταυτότητα.

210 2597 352 2632 perspicue
362 2597 543 2631 signiﬁcetur.
557 2601 584 2625 et
595 2606 628 2625 ex
651 2599 712 2634 ipso
737 2600 878 2628 scrutandi
904 2601 1039 2629 vocabulo
1063 2601 1182 2637 perfecta
1205 2603 1342 2630 sententia
1368 2601 1509 2630 reddatur.
1535 2602 1575 2630 Ad
1605 2602 1730 2630 eumdem
1758 2603 1847 2637 itaque

209 2643 319 2670 modum
338 2643 372 2671 dc
389 2641 491 2678 Spiritu
513 2648 540 2671 et
568 2643 637 2671 Filio
669 2649 695 2673 et
720 2644 800 2673 Patre
835 2647 1016 2681 pronuntiare
1033 2647 1172 2681 convenit,
1184 2653 1211 2675 et
1235 2655 1317 2674 unam
1329 2647 1363 2675 iis
1392 2647 1576 2683 cognitionem
1596 2655 1628 2676 ac
1648 2647 1846 2683 praescieutiam

208 2689 331 2717 tribuere
342 2692 355 2722 ,'
366 2698 400 2718 eo
430 2691 503 2725 quod
525 2696 701 2719 sacrosancta
723 2691 845 2721 Trinitas
866 2701 916 2720 sua
934 2694 1006 2721 haud
1021 2693 1104 2722 dubie
1118 2694 1286 2729 perfectione
1301 2698 1328 2721 ct
1341 2693 1484 2722 identitate
1497 2697 1614 2722 constet.

245 2737 316 2765 XIV.
337 2737 390 2766 Sed
403 2738 438 2766 de
451 2739 495 2768 his
509 2740 638 2768 omnibus
652 2741 756 2769 inﬁnita
772 2742 896 2777 quaedam
908 2741 1001 2777 dispu-

245 2828 251 2843 '
274 2827 325 2854 lsu.
343 2837 408 2860 xui,
428 2829 454 2856 i.

1089 2743 1138 2770 IA’.
1156 2743 1210 2769 Καὶ
1232 2742 1360 2779 ἀμύθητα
1386 2740 1444 2769 ἐστι
1471 2742 1538 2778 περὶ
1561 2741 1663 2768 τούτων
1678 2741 1779 2776 λέγειν,
1802 2740 1847 2768 καὶ

505 2831 515 2845 ¹
537 2829 587 2857 lsn.
603 2839 663 2861 m,
680 2831 705 2857 Ι.
745 2831 754 2846 ³
775 2831 870 2858 Matth.
889 2840 915 2862 ιι.
930 2831 976 2858 20.
1015 2831 1027 2847 ⁵
1044 2831 1123 2859 Joan.
1140 2839 1185 2863 xx,
1199 2831 1243 2858 22.
1285 2832 1294 2848 '
1314 2831 1392 2859 Joan.
1410 2839 1465 2863 xw,
1489 2831 1581 2863 15,16.
1621 2831 1632 2847 ⁸
1647 2831 1708 2859 Act.
1733 2839 1799 2864 xm,
1816 2829 1844 2858 2.

208 2861 218 2878 ⁷
232 2862 256 2890 ιι
268 2864 331 2890 Cor.
349 2872 389 2898 ut,
403 2858 445 2892 Π.
483 2858 521 2892 ΤΙ
537 2866 598 2893 Cor.
618 2858 662 2899 ιιι,
679 2866 719 2892 16.
757 2867 790 2893 'l
809 2867 870 2893 Cor.
889 2858 938 2899 xit,
951 2867 968 2894 9
987 2875 1008 2895 St

1065 2858 1070 2859 ⁷
1090 2867 1112 2882 ¹⁰
1128 2867 1138 2894 I
1154 2858 1251 2901 (lout,
1270 2866 1312 2894 10.
1336 2858 1372 2883 ⁷¹¹
1389 2858 1471 2895 Prov:
1487 2858 1589 2900 1:,27.
