1931 3041
96 127 136 156 ευ
141 127 151 153 l

472 127 652 156 ADVERSUS
670 126 838 155 llAEl'tESES
857 127 918 155 LIB.
942 128 984 156 Ill.
1005 129 1086 157 TOM.
1107 127 1306 161 L—HﬁRES,
1326 127 1443 155 LXXIV.

1668 130 1719 159 502

97 186 158 213 ἀπὸ
173 185 248 216 θείας
264 185 374 222 Γραφῆς
396 185 476 221 Βγκον
493 186 649 222 μαρτυριῶν
666 186 768 222 φέρειν,
784 185 830 212 καὶ
849 186 888 217 είς

954 188 990 214 ari
1009 192 1133 224 possunt,
1149 189 1333 216 etinnumera:
1346 189 1434 217 sacris
1449 196 1465 216 e
1478 186 1588 215 Litteris
1602 188 1720 214 auctori-

99 231 205 262 πλάτος
220 231 410 266 ὲπιμηκύνειν,
425 232 472 258 καὶ
494 232 615 267 κάματον
633 232 755 267 ἐμποιεῖν
769 232 825 262 τοῖς
846 231 890 257 ὲν-

99 275 293 309 τυγχάνουσιν.
315 275 450 311 Ἀρκετῶς
466 275 522 311 γὰρ
536 277 565 302 ἐν
587 276 662 312 πάσῃ
677 276 780 310 αἱρέσει
807 275 893 302 πολλὰ

100 319 238 352 εἰπόντες,
254 320 304 352 τὰς
317 320 405 352 πάσας
422 322 450 347 ὲν
465 321 532 347 Θεοῦ
550 321 662 356 δυνάμει
681 321 761 356 ἡμεῖς
775 321 798 347 οἱ
813 319 894 347 ἀσθε-

102 366 162 396 νεῖς
178 365 377 401 ἀνετρέψαμεν,
393 366 441 393 καὶ
461 365 642 402 ἀπεδείξαμεν
654 366 797 402 ἀλλοτρίας
811 365 894 397 οὔσας

105 411 157 445 τῆς
170 410 308 446 ἀληθείας,
321 411 367 438 καὶ
377 411 496 447 ἑκάστην
509 412 598 439 αὐτῶν
613 411 835 447 βλασφημοῦσαν,
848 411 895 438 καὶ

106 455 278 491 ἀρνουμένην
291 457 340 492 τὴν
357 456 496 492 ἀλήθειαν,
513 457 564 484 κάν
579 465 608 484 τε
623 458 652 484 ὲν
674 456 779 492 βραχεῖ,
797 457 848 484 κᾶν
863 465 893 482 τε

105 502 137 527 ὲν
155 502 244 538 πολλῷ
256 510 263 517 ·
277 502 316 534 ὡς
331 503 378 530 καὶ
399 500 471 530 οὗτοι
488 503 576 538 μάτην
592 503 633 535 είς
648 502 694 529 τὸν
713 502 812 538 Κύριον
830 501 895 537 βλα-

105 547 279 583 σφημοῦντες
310 548 358 575 καὶ
373 548 413 580 είς
426 548 457 575 τὸ
472 549 548 582 ἀγιον
569 548 689 583 Πνεῦμα,
704 548 751 574 καὶ
772 548 809 583 μὴ
823 547 897 583 ἕχον-

105 602 152 625 τες
169 594 237 629 μήτε
251 593 377 626 ἐνταῦθα,
396 594 463 629 μήτε
482 595 511 620 ὲν
524 593 562 629 τῷ
583 593 705 629 μέλλοντι
721 593 812 625 αἰῶνι,
827 592 897 620 κατὰ

106 639 142 666 τά
169 640 222 666 ὑπὸ
252 640 354 674 Κυρίου
387 640 534 675 είρημένα,
564 639 660 674 ἄφεσιν
688 638 828 674 ἁμαρτιῶν
854 637 897 665 διὰ

106 684 158 719 τὴν
171 685 211 716 είς
224 684 254 711 τὸ
269 685 346 718 ἀγιον
363 684 475 719 Πνεῦμα
489 684 671 719 βλασφημίαν,
688 683 893 718 καταπατηθέν-

106 738 153 762 τες
171 730 218 756 ὑπ’
241 730 326 765 αὐτῆς
340 730 389 766 τῆς
405 730 533 766 ἀληθείας
556 730 633 766 δίκην
655 730 788 766 κεράστου
810 728 897 756 δεινοῦ

109 775 306 810 μονοκέριινιος,
332 774 379 802 τοῦ
399 774 445 802 νοῦ
467 775 518 810 τῆς
543 774 717 811 βλασφημίας
748 774 897 810 δυναμένου

107 819 170 847 ὅλον
191 820 222 847 τὸ
241 820 320 856 σῶμα
341 820 481 857 φθείρειν·
500 820 657 852 πεισθέντες
681 820 720 855 τῷ
747 819 795 846 τοῦ
819 819 898 854 ξύλου

109 865 192 900 λόγῳ,
212 866 258 892 καὶ
270 867 303 901 τῇ
318 865 365 892 τοῦ
381 866 550 901 Μονογενοῦς
570 865 683 902 ἀληθινῇ
704 865 844 901 ὁμολογίᾳ,
857 865 898 891 ὅτι

109 909 148 944 τῷ
166 909 370 945 βλασφημοῦντι
387 911 427 942 εἰς
447 910 478 937 τὺ
495 909 607 945 Πνεῦμα
630 909 692 937 οὗτε
714 910 742 937 ὲν
761 910 799 945 τῷ
820 909 898 936 αἰῶνι
914 903 934 929 Β

109 955 208 990 τούτῳ,
231 955 292 982 οὔτε
311 956 340 983 ἐν
360 955 400 991 τῷ
422 956 543 991 μέλλοντι
558 956 733 992 ἀφεθήσεται,
755 956 794 988 ὼς
813 955 898 990 ἔφην·

110 1001 350 1036 καταπατηθέντες
362 1002 409 1029 καὶ
420 1001 617 1038 συντριϐέντες,
633 1001 670 1038 μὴ
685 1001 820 1037 ίσχύοντες
830 1000 900 1027 κατά

111 1046 161 1081 τῆς
172 1046 310 1081 ἀληθείας.
324 1047 409 1075 Πύλαι
420 1048 474 1084 γὰρ
489 1047 552 1083 ᾅδου
564 1047 672 1083 ἀληθῶς
687 1048 773 1074 πᾶσαι
787 1047 815 1074 αἱ
827 1046 901 1082 αίρέ-

111 1099 170 1123 σεις
180 1099 188 1108 ι
203 1091 271 1119 ἀλλά
290 1092 362 1119 κατά
376 1094 424 1128 τῆς
441 1093 544 1129 πέτρας
555 1093 586 1120 οὺ
606 1093 810 1128 κατισχύσουσι,
823 1099 901 1118 τουτ-

112 1134 172 1161 έστι
191 1135 262 1163 κατὰ
280 1136 329 1171 τῆς
348 1135 485 1171 ἀληθείας.
501 1138 559 1164 Κάν
574 1146 604 1164 τε
615 1137 670 1173 γὰρ
687 1136 716 1169 ἐξ
726 1136 815 1163 αὐτῶν
827 1143 900 1166 τινες

113 1177 257 1217 θελήσειαν
271 1179 370 1214 λέγειν,
383 1181 424 1207 ὅτι
438 1181 493 1217 Τὴν
508 1182 556 1217 μὲν
574 1182 664 1209 πίστιν
681 1182 730 1216 τὴν
744 1179 900 1207 ἐκτεθείσαν

114 1216 185 1251 πατὰ
197 1223 314 1252 Νίκαιαν
328 1227 374 1253 καὶ
389 1216 670 1262 αὑτοὶνόμολογοῦμεν.

114 1272 228 1299 omnino
252 1272 348 1300 viritim
369 1273 468 1300 habere
489 1277 615 1308 possunt.
638 1273 750 1302 Eliamsi

945 236 1014 260 tates
1026 233 1127 265 aﬂerri,
1145 239 1174 261 ut
1191 234 1217 261 iu
1230 233 1339 270 longum
1355 233 1490 269 producta
1505 232 1651 260 lectoribus
1664 239 1722 259 mo-

942 278 1009 305 lesta
1024 279 1060 305 sit
1075 280 1171 306 oratio.
1198 279 1251 307 Sed
1273 287 1322 307 nos
1337 279 1364 306 in
1383 286 1544 314 unaquaque
1557 277 1722 305 corifutanda

943 322 1038 350 haeresi
1054 324 1121 351 satis
1144 325 1227 351 multa
1244 325 1300 358 jam
1317 324 1447 355 diximus.
1466 328 1493 350 et
1517 330 1613 349 omnes
1629 322 1725 348 divino

944 368 1069 403 praesidio
1087 369 1147 397 freti
1164 378 1212 398 nos
1228 370 1291 398 licet
1306 369 1454 397 imbecilles
1469 368 1627 398 evertimus.
1643 371 1725 403 atque

945 421 960 440 a
973 414 1087 442 veritate
1101 422 1162 442 esse
1176 416 1278 443 alienas
1304 416 1485 449 ostendimus;
1506 421 1612 442 necnon
1624 418 1651 440 et
1667 413 1726 440 sitt-

944 460 1022 495 guias
1035 460 1092 488 sive
1106 461 1133 488 in
1149 461 1246 496 exigua
1262 461 1353 496 aliqua
1369 469 1396 488 re
1407 481 1415 494 ,
1431 460 1488 489 sive
1502 460 1528 487 in
1546 458 1642 493 majori
1657 457 1726 485 veri-

945 504 993 531 tati
1011 505 1207 533 contumeliose
1224 505 1365 533 detrahere
1396 508 1477 540 atque
1499 504 1625 538 ablegare
1639 501 1727 529 fundi-

945 553 1000 577 tus.
1015 550 1093 583 Quod
1107 551 1215 585 quidem
1231 554 1258 578 et
1272 550 1317 578 isti
1334 550 1424 578 facere
1438 549 1596 578 instituunt.
1614 549 1660 583 qui
1672 547 1726 574 Do-

945 595 1049 623 minum
1074 603 1106 623 ac
1136 596 1267 631 Spiritum
1291 599 1415 624 sanctum
1434 595 1533 623 frustra
1554 593 1726 622 contumeliis

945 645 1077 673 onerant,
1101 649 1189 676 neque
1210 646 1257 669 aut
1271 642 1314 669 hie
1332 646 1379 669 aut
1401 641 1427 668 in
1454 640 1546 668 futuro
1564 639 1678 670 saeculo,
1697 642 1728 665 ut

947 685 1053 713 Dontinl
1067 687 1158 714 verbis
1173 692 1233 714 utar
1246 688 1269 719 ‘,
1282 691 1457 723 peccatorum
1476 685 1668 714 relaxationem
1693 683 1728 710 ob

947 736 1024 757 suam
1049 729 1122 757 illam
1149 731 1176 758 in
1215 730 1346 766 Spiritum
1381 735 1505 759 sanctum
1533 729 1728 766 blasphemiam

947 774 1069 802 obtinere
1090 780 1228 811 possunt:
1247 778 1294 813 qui
1319 777 1354 805 ab
1370 777 1428 811 ipsa
1444 776 1558 804 veritate
1579 774 1729 811 proculcati

947 823 1021 851 sunt.
1051 825 1165 848 cerastae
1188 822 1330 855 cujusdam
1358 821 1444 850 instar
1459 822 1571 854 atrocis,
1596 824 1623 848 et
1648 819 1730 847 unico

949 871 1034 891 cornu
1048 866 1195 893 metuendi.
1205 866 1280 895 Talis
1295 867 1367 894 enim
1381 870 1422 894 est
1433 866 1608 902 blasphemiae
1621 872 1730 897 sensus,

948 910 993 944 qui
1012 917 1111 945 corpus
1136 912 1294 940 universum
1312 920 1491 947 corrumpere
1510 915 1609 948 potest.
1632 910 1665 937 Et
1681 917 1731 937 nos

949 955 1059 990 quidem
1083 954 1189 983 Domini
1210 964 1335 984 sermone
1351 961 1378 985 et
1394 957 1532 993 Unigeniti
1548 963 1612 983 vera
1628 954 1733 990 profes-

949 1000 1026 1027 sione
1038 1001 1161 1035 persuasi
1173 1001 1309 1030 credimus
1318 1002 1353 1033 ei,
1363 1001 1410 1036 qui
1423 1001 1617 1037 blasphemarit
1628 1000 1656 1033 in_
1668 999 1730 1034 Spi-

949 1045 1031 1072 ritum
1052 1049 1187 1083 sanctum,
1206 1055 1293 1082 neque
1311 1047 1338 1074 in
1351 1048 1403 1075 hoc
1420 1047 1520 1074 saeculo
1535 1054 1585 1073 nec
1600 1046 1626 1073 in
1638 1045 1729 1072 futuro

951 1089 1160 1118 condonandum
1178 1099 1239 1119 esse
1261 1097 1418 1127 peccatum,
1443 1096 1473 1119 ut
1495 1091 1625 1118 diximus.
1641 1090 1732 1122 Quare

952 1135 1102 1169 proculcati
1136 1136 1175 1163 illi
1202 1141 1229 1164 et
1247 1137 1339 1179 obtriti
1358 1142 1438 1170 sunt;
1464 1144 1514 1164 nec
1534 1136 1640 1164 veritati
1663 1135 1734 1162 resi-

952 1183 1024 1206 stere
1037 1183 1191 1213 potuerunt.
1204 1179 1270 1208 Nam
1287 1181 1404 1209 hasreses
1418 1188 1513 1209 omnes
1539 1188 1632 1208 revera
1648 1183 1734 1214 portae

952 1227 1017 1251 sunt
1029 1223 1178 1252 inferorum
1192 1227 1214 1258 ',
1230 1234 1290 1261 quae
1301 1226 1383 1263 904
1398 1227 1529 1255 adversus
1549 1230 1650 1262 pctrain
1662 1224 1730 1252 nihil

810 1279 843 1299 ex
876 1269 930 1298 illis
963 1271 1084 1298 nonnulli
1106 1271 1179 1299 istud
1201 1273 1320 1308 objiccre
1343 1273 1476 1301 voluerint
1493 1271 1565 1301 :Nos
1591 1278 1651 1300 eam
1672 1270 1734 1298 fidei
1762 1273 1766 1276 ‘

115 1317 281 1350 formulam,
301 1326 361 1354 quae
374 1320 401 1346 in
417 1319 524 1346 Nicaena
544 1319 649 1355 synodo
661 1318 786 1354 exposita
806 1321 858 1349 est,
873 1320 901 1343 et
914 1315 965 1351 ipsi
982 1317 1151 1351 profitemur.

151 1377 242 1409 Δεῖξον
256 1377 285 1404 δέ
302 1387 347 1414 μοι
361 1378 408 1406 ἀπ’
429 1379 524 1414 αὐτῆς,
541 1379 582 1405 ὅτι
599 1378 629 1406 τὸ
649 1378 725 1413 ἆγιον
747 1376 859 1412 Πνεῦμα
875 1375 904 1402 ὲν

991 1376 1062 1404 Doce
1078 1377 1160 1412 igitur
1175 1386 1207 1406 ex
1227 1377 1272 1406 illa
1292 1378 1421 1413 Spiritum
1441 1381 1564 1406 sanctum
1587 1377 1614 1404 in
1635 1374 1736 1403 divini-

115 1424 149 1458 τῇ
169 1423 276 1459 θεότητι
293 1423 515 1460 συναριθμεῖταισ
529 1424 720 1461 εὑρεθήσονται
739 1423 786 1450 καὶ
798 1423 846 1449 ἀπ’
858 1423 902 1450 αὑ-

954 1425 1010 1449 tate
1019 1423 1158 1450 numerari
1170 1432 1176 1450 :
1188 1423 1270 1451 etiam
1288 1424 1332 1450 illa
1352 1423 1412 1458 ipsa
1425 1422 1596 1450 confessione
1608 1419 1736 1448 refellen-

116 1469 166 1504 τῆς
181 1469 362 1505 ἐλεγχόμενοι.
375 1471 412 1497 Οὺ
424 1470 518 1505 γέγονε
532 1471 560 1497 δὲ
575 1471 635 1497 τότε
647 1470 710 1506 περὶ
723 1469 769 1496 τοῦ
785 1468 905 1503 Πνεύμα-

116 1516 190 1551 τοςὴ
204 1514 325 1551 ζήτησις.
341 1516 412 1552 Πρδς
424 1516 478 1552 γὰρ
498 1516 528 1543 τὸ
543 1515 694 1543 ὑποπίπτον
713 1517 741 1543 ὲν
755 1514 843 1549 καιρῷ
856 1515 903 1541 καὶ

117 1561 208 1597 καιρῷ
220 1563 248 1588 αἱ
263 1561 365 1589 σύνοδοι
379 1562 427 1597 τὴν
439 1562 588 1597 ἀσφάλειαν
601 1562 750 1590 ποιοῦνται.
769 1561 844 1587 Ἐπεὶ
857 1559 904 1587 οὖν
918 1577 939 1605 C

116 1609 132 1635 ὸ
146 1609 255 1644 Ἄρειος
267 1609 306 1640 είς
316 1609 361 1636 τὸν
372 1609 436 1636 Υίὺν
446 1608 496 1645 τὴν
507 1609 660 1645 δυσφημίαν
671 1608 836 1640 ἀπετείνετο,
845 1606 905 1633 τού-

118 1661 165 1679 του
180 1653 260 1680 ἕνεκα
275 1654 344 1688 μετὰ
357 1655 490 1690 περισσῆς
507 1654 633 1690 διαλογῆς
647 1653 775 1689 ἀκρίϐεια
795 1649 848 1679 τῶν
861 1652 905 1679 λό-

119 1705 177 1732 γων
197 1698 353 1734 γεγένηται.
372 1699 443 1735 Ὅρα
464 1699 492 1726 δὲ
513 1700 560 1726 ἀπ’
574 1699 659 1734 αὐτῆς
677 1698 726 1734 τῆς
752 1697 905 1735 ὁμολογίας,

121 1743 163 1770 ὅτι
175 1742 236 1770 οὔτε
250 1733 379 1780 ἐντούτῳ
394 1733 586 1781 εῦρεθήσονταί
599 1753 625 1771 τι
639 1733 768 1778 λέγοντες
784 1743 809 1769 οἱ
824 1733 863 1774 et;
878 1742 908 1769 τὸ

122 1788 236 1824 Πνεῦμα
258 1789 489 1825 βλασφημοῦντες,
513 1791 537 1817 οἱ
559 1789 782 1825 Πνευματομάχοι
798 1787 845 1815 καὶ
862 1787 909 1814 ἀλ-

120 1834 220 1870 λθτριοι
233 1836 282 1870 τῆς
291 1835 372 1862 αὑτοῦ
383 1835 485 1871 δωρεᾶς
498 1835 544 1861 καὶ
558 1835 711 1870 ἀγιαστίας.
727 1833 815 1866 Εὐθὺς
824 1833 878 1869 γὰρ
891 1833 908 1868 ἡ

122 1879 229 1911 ἔκθεσις
243 1880 378 1914 ὁμολογεῖ,
394 1881 440 1907 καὶ
451 1881 501 1907 οὐκ
511 1881 642 1917 ἀρνεῖται.
659 1880 841 1914 Πιστεύομεν
854 1878 908 1913 γὰρ

121 1927 166 1960 εις
181 1926 236 1953 ἕνα
253 1927 328 1954 Θεὸν
352 1927 468 1961 Πατέρα
486 1927 720 1962 παντοκράτορα.
745 1926 782 1953 Τὸ
803 1926 843 1959 δὲ,
857 1926 909 1952 Πι-

122 1973 282 2007 στεύομεν,
298 1973 346 2008 οὐχ
359 1973 451 2005 ἁπλῶς
466 1974 584 2009 εἴρηται,
600 1973 694 2009 ἀλλὰή
709 1972 797 2004 πίστις
814 1972 853 2003 είς
865 1971 910 1998 τὸν

123 2018 201 2045 Θεόν.
215 2018 270 2046 Καὶ
295 2020 338 2052 είς
358 2019 411 2046 ἕνα
428 2020 538 2053 Κύριον
558 2019 680 2053 Ἰησοῦν
701 2019 838 2053 Χριστόν.
854 2017 910 2052 Οὐχ

123 2063 218 2096 ἁπλῶς
236 2063 353 2100 εἴρηται,
379 2063 435 2090 ἀλλ’
447 2065 487 2097 είς
502 2064 568 2090 Θεὸν
588 2064 604 2099 ἡ
629 2063 728 2094 πίστις.
754 2061 808 2089 Καὶ
822 2063 865 2095 εις
878 2061 910 2089 τὸ

124 2109 210 2144 ἅγιον
229 2110 363 2144 Πνεῦμα·
391 2111 438 2137 καὶ
461 2110 510 2145 οὐχ
535 2109 628 2140 ἁπλῶς
655 2108 772 2144 εἴρηται,
792 2107 849 2134 ἀλλ’
871 2107 910 2138 είς

126 2155 191 2189 μίαν
219 2154 372 2189 δοξολογίαν
391 2155 439 2182 καὶ
453 2156 492 2186 είς
516 2154 579 2190 μίαν
605 2153 701 2180 ἕνωσιν
725 2153 849 2188 θεότητος
864 2151 911 2178 καὶ¹

127 2201 191 2236 μίαν
202 2201 406 2236 δμοουσιὸτητα,
419 2202 457 2232 είς
470 2201 534 2236 τρία
544 2199 645 2231 τέλεια,
663 2199 726 2234 μίαν
741 2198 769 2224 δὲ
784 2197 909 2232 θεότητα,

954 1471 1008 1495 tur.
1022 1467 1182 1503 Quanquam
1199 1468 1272 1496 nulla
1286 1473 1342 1496 turn
1361 1469 1396 1496 de
1411 1468 1512 1503 Spiritu
1531 1470 1627 1495 sancto
1648 1465 1737 1492 fuerat

955 1512 1078 1539 instituta
1095 1512 1219 1547 qumstio.
1237 1512 1343 1548 Quippe
1362 1512 1450 1540 dehis
1462 1519 1522 1546 quas
1536 1510 1651 1546 singulis
1667 1513 1736 1537 tem-

956 1558 1068 1592 poribus
1082 1562 1247 1593 occurrunt,
1263 1566 1359 1587 cavere
1372 1558 1468 1594 synodi
1487 1565 1519 1586 ac
1531 1557 1678 1585 decernere
1692 1561 1738 1583 so-

957 1604 1021 1631 le-nt.
1036 1603 1126 1637 Quare
1146 1611 1207 1632 cum
1222 1604 1304 1632 Arius
1319 1604 1346 1631 in
1366 1603 1466 1631 Filium
1488 1602 1632 1630 maledicta
1649 1600 1738 1635 conji-

956 1652 1046 1681 ceret.
1063 1654 1205 1685 propterea
1225 1649 1342 1678 uberiori
1356 1649 1473 1685 quadam
1494 1647 1679 1682 disputatione
1694 1653 1739 1672 ar-

956 1699 1112 1729 gumentum
1133 1695 1198 1723 illud
1221 1699 1263 1723 est
1281 1694 1486 1723 accuratissime
1511 1696 1667 1720 tractatum.
1687 1690 1740 1718 Ve-

957 1747 1017 1766 rum
1045 1747 1076 1767 ex
1106 1740 1199 1768 eadem
1231 1739 1291 1767 fidei
1320 1739 1489 1774 professione
1519 1736 1738 1764 animadvertere

958 1786 1036 1818 licet,
1053 1793 1089 1814 ne
1112 1786 1162 1813 hac
1183 1786 1212 1814 in
1232 1789 1308 1820 parte
1325 1784 1433 1821 quidem
1449 1783 1661 1811 contumeliasos
1677 1781 1740 1808 illos

958 1832 985 1860 in
1003 1831 1133 1868 Spiritum
1160 1831 1302 1859 haereticos
1320 1838 1351 1868 ac
1377 1829 1496 1865 Spiritus
1520 1830 1738 1864 oppugnatores.
1762 1823 1768 1827 ’

958 1882 985 1905 et
1007 1877 1040 1905 ab
1055 1878 1115 1913 ejus
1131 1877 1275 1905 sanctitate
1293 1884 1325 1904 ac
1352 1875 1432 1904 donis
1453 1875 1566 1905 alienos,
1589 1871 1738 1915 quidquam

958 1923 1070 1950 omnino
1085 1923 1186 1950 dicere.
1206 1922 1345 1956 Siquidem
1360 1919 1495 1956 exp0sitio
1513 1919 1572 1954 ipsa
1596 1917 1739 1944 veritatem

959 1968 1076 1996 subinde
1093 1967 1244 2002 profitetur,
1260 1974 1311 1994 nec
1327 1969 1415 2001 negat.
1429 1964 1578 1994 Credimus,
1595 1961 1694 1997 inquit.
1713 1959 1741 1986 in

959 2021 1040 2040 unum
1061 2012 1142 2039 Drum
1164 2012 1270 2039 Patrem
1297 2011 1508 2045 omnipotentem.
1526 2007 1579 2035 Ubi
1602 2015 1653 2034 vox
1670 2006 1740 2037 ista,

960 2059 1110 2092 Credimus,
1127 2066 1182 2086 non
1205 2057 1365 2092 simpliciter
1382 2055 1538 2090 accipienda
1551 2073 1559 2087 ,
1575 2053 1622 2081 sed
1640 2053 1673 2079 de
1691 2050 1743 2078 fide

960 2105 988 2132 in
1010 2104 1093 2132 Deum
1111 2104 1284 2139 intelligenda
1299 2103 1382 2130 vertit.
1402 2101 1436 2128 Et
1454 2102 1483 2127 in
1503 2107 1583 2126 unum
1599 2097 1741 2124 Dominum

960 2149 1051 2177 Iesum
1069 2150 1211 2177 Christum.
1233 2149 1324 2184 Neque
1344 2149 1396 2175 hoc
1411 2152 1549 2181 utcunque
1564 2144 1677 2174 dictum,
1693 2141 1742 2169 sed

962 2195 994 2222 ad
1008 2195 1085 2222 fidem
1099 2196 1126 2222 in
1144 2195 1227 2222 Deum
1243 2194 1425 2222 referendum.
1443 2192 1476 2218 Et
1491 2192 1518 2218 in
1532 2190 1660 2224 Spiritum
1677 2196 1737 2214 san-

127 2232 193 2281 μίαν
208 2232 311 2276 οὐσίαν,
338 2232 403 2280 μίαν
419 2232 581 2278 δοξολογίαν,
602 2232 669 2278 μίαν
681 2241 838 2277 κυριότητα,
856 2240 902 2267 ἀπὶ

960 2247 1041 2268 ctum.
1053 2241 1129 2275 Quod
1145 2249 1232 2276 neque
1255 2240 1414 2275 simpliciter
1430 2240 1590 2271 usurpatum
1609 2238 1651 2262 cst
1668 2253 1675 2264 ,
1693 2232 1742 2260 sed

125 2291 172 2318 τοῦ
187 2291 380 2325 Πιστεύομεν,
393 2290 438 2318 καὶ
451 2290 642 2324 Πιστεύομενν,
656 2288 703 2315 καὶ
716 2287 908 2320 Πιστεύομεν.

125 2336 182 2365 Καὶ
192 2336 309 2364 ἐνταῦθα
323 2336 446 2362 διέπεσεν
457 2336 471 2361 ὁ
485 2335 538 2363 τῶν
549 2334 675 2361 τοιούτων
686 2333 773 2367 λόγος.
789 2332 843 2359 Καὶ
858 2332 910 2364 ἕως

128 2382 181 2408 ποῦ
194 2381 306 2417 μηκύνω
318 2382 363 2408 τὸν
376 2381 463 2414 λόγον,
479 2380 601 2416 ἀρκετῶς
614 2379 785 2415 ἡγησάμενος
794 2380 849 2410 τοῖς
862 2378 910 2414 τὴν

129 2427 257 2463 ἀλήθειαν
273 2427 400 2462 ἀγαπῶσι
428 2427 463 2453 τὰ
491 2426 561 2453 κατὰ
581 2425 681 2452 τούτων
700 2424 847 2460 εἰρημένα;
866 2424 911 2450 Διὸ

130 2473 319 2509 ὑπερδήσομαι
333 2473 380 2499 καὶ
387 2472 497 2508 ταύτην,
509 2472 632 2507 δεόμενος
638 2471 705 2497 Θεοῦ
717 2471 780 2506 ὑμῖν
792 2470 912 2506 συνήθως

131 2518 320 2546 ἀντιλαϐέσθαι
335 2519 402 2554 πρὸς
425 2517 472 2553 τὴν
484 2517 585 2544 τούτων
598 2516 751 2553 ἀνατροπὴν
764 2516 890 2543 ἁπάντων
904 2525 911 2532 ·

130 2564 214 2595 ὅπως,
228 2565 257 2590 ὲν
271 2565 303 2599 τῇ
318 2563 398 2590 αὐτοῦ
416 2563 528 2598 δυνάμει
540 2562 569 2589 τὺ
583 2561 742 2596 ἐπάγγελμα
757 2561 914 2588 τελειώσαν-

130 2618 186 2642 τες,
203 2608 273 2636 κατὰ
283 2609 371 2636 πάντα
385 2608 458 2644 αὑτῷ
473 2608 720 2644 εὐχαριστήσωμεν.

963 2288 990 2314 in
1008 2295 1088 2314 unam
1107 2286 1325 2322 praedicationem
1344 2292 1374 2312 ac
1389 2283 1502 2320 gloriam
1513 2302 1520 2314 ,
1534 2282 1561 2308 in
1578 2287 1658 2307 unatn
1671 2278 1743 2305 divi-

964 2333 1057 2360 nitltis
1074 2331 1310 2366 coniunctionem,
1328 2330 1355 2356 in
1371 2336 1453 2356 unam
1472 2323 1744 2354 consubstantialita-

964 2383 1035 2411 tem;
1051 2377 1078 2405 in
1098 2376 1217 2412 perfecta
1235 2376 1297 2407 tria,
1312 2374 1358 2402 sed
1372 2381 1453 2401 unam
1465 2372 1645 2403 divinitatem,
1661 2376 1743 2396 unam

964 2423 1163 2456 substantiam;
1179 2429 1262 2449 unam
1275 2420 1398 2456 gloriam.
1411 2418 1623 2446 dominationem
1639 2422 1721 2441 unam
1735 2421 1742 2438 :

965 2471 1037 2507 quod
1048 2478 1086 2498 ea
1100 2477 1190 2501 voces,
1205 2467 1352 2496 Credimus.
1368 2468 1395 2493 et
1407 2464 1553 2495 Credimus,
1569 2468 1595 2490 et
1607 2460 1744 2507 Credimus

965 2504 1115 2544 declarant.
1140 2514 1178 2541 Ex
1195 2520 1249 2549 quo
1265 2513 1373 2540 illorum
1389 2510 1547 2538 confutatur
1560 2508 1658 2536 oratio.
1674 2504 1745 2539 Quid

967 2566 1056 2589 autem
1078 2561 1104 2588 in
1125 2568 1157 2588 ea
1176 2567 1235 2588 sum
1259 2559 1442 2594 disputatione
1466 2556 1583 2591 longior,
1604 2561 1664 2581 cum
1685 2558 1746 2586 quae

967 2607 1100 2634 adversus
1110 2607 1177 2634 istos
1188 2606 1331 2640 hucusque
1342 2604 1414 2631 dicta
1427 2606 1491 2631 sunt
1503 2599 1626 2629 veritatis
1642 2597 1747 2625 studio-

131 2657 171 2684 sis
195 2657 262 2684 satis
289 2664 350 2684 esse
368 2664 422 2683 non
447 2655 587 2683 dubitem?
602 2655 738 2688 Quocirca
758 2654 869 2682 misst
889 2658 916 2682 et
937 2655 1007 2682 hanc
1032 2654 1157 2682 haeresim
1183 2653 1299 2687 faciam,
1325 2657 1352 2680 et
1375 2652 1458 2679 Denm
1488 2649 1631 2686 precabor,
1660 2649 1691 2672 ut
1711 2643 1744 2671 ad

129 2709 226 2730 omnes
243 2701 375 2736 ejusmodi
395 2701 576 2737 proﬂigandas
597 2708 676 2736 opem
695 2700 774 2728 nobis
800 2699 905 2734 afferat,
925 2705 955 2728 ut
971 2701 1043 2729 illius
1059 2701 1160 2729 virtute
1186 2699 1248 2728 freti
1274 2699 1346 2736 quod
1376 2695 1549 2733 suscepimus
1581 2691 1695 2727 exsequi
1717 2692 1746 2718 εἰ

131 2747 160 2776 in
176 2747 306 2775 omnibus
327 2748 430 2783 gratias
444 2747 544 2775 habere
559 2746 707 2781 possimus.

171 2806 180 2822 ⁸
197 2806 293 2834 Matth.
332 2814 382 2839 xu,
399 2806 442 2834 52.
481 2806 492 2822 ’
509 2805 601 2833 Matth.
617 2812 673 2839 tm,
693 2803 735 2832 l8.
