  <div class='ocr_page' id='page_1' title='image "/cluster/home/n/w/nwhite01/storage/ocr_20150623/42/njp.32101077772588/265.png"; bbox 0 0 1931 3041; ppageno 0'>
   <div class='ocr_carea' id='block_1_1' title="bbox 402 177 741 211">
    <p class='ocr_par' dir='ltr' id='par_1_1' title="bbox 402 177 741 211">
     <span class='ocr_line' id='line_1_1' title="bbox 402 177 741 211; baseline 0.003 -7"><span class='ocrx_word' id='word_1_1' title='bbox 402 177 584 206; x_wconf 72' lang='lat' dir='ltr'><strong>ADVERSUS</strong></span> <span class='ocrx_word' id='word_1_2' title='bbox 598 177 741 211; x_wconf 77' lang='lat' dir='ltr'><strong>AERIUM,</strong></span> 
     </span>
    </p>
   </div>
   <div class='ocr_carea' id='block_1_2' title="bbox 379 234 771 269">
    <p class='ocr_par' dir='ltr' id='par_1_2' title="bbox 379 234 771 269">
     <span class='ocr_line' id='line_1_2' title="bbox 379 234 771 269; baseline 0.01 -9"><span class='ocrx_word' id='word_1_3' title='bbox 379 234 495 263; x_wconf 64' lang='lat' dir='ltr'><strong>[heresis</strong></span> <span class='ocrx_word' id='word_1_4' title='bbox 516 235 576 269; x_wconf 82' lang='lat' dir='ltr'><strong>LV,</strong></span> <span class='ocrx_word' id='word_1_5' title='bbox 596 237 647 264; x_wconf 77' lang='lat' dir='ltr'><strong>sive</strong></span> <span class='ocrx_word' id='word_1_6' title='bbox 659 236 771 264; x_wconf 81' lang='lat' dir='ltr'><strong><em>LXXV.</em></strong></span> 
     </span>
    </p>
   </div>
   <div class='ocr_carea' id='block_1_3' title="bbox 220 287 971 325">
    <p class='ocr_par' dir='ltr' id='par_1_3' title="bbox 220 287 971 325">
     <span class='ocr_line' id='line_1_3' title="bbox 220 287 971 325; baseline 0.008 -12"><span class='ocrx_word' id='word_1_7' title='bbox 220 288 240 314; x_wconf 93' lang='grc' dir='ltr'><strong>Ι.</strong></span> <span class='ocrx_word' id='word_1_8' title='bbox 260 287 357 316; x_wconf 87' lang='lat' dir='ltr'><strong>Acrius</strong></span> <span class='ocrx_word' id='word_1_9' title='bbox 369 289 480 323; x_wconf 80' lang='lat' dir='ltr'><strong>quidam</strong></span> <span class='ocrx_word' id='word_1_10' title='bbox 500 289 601 325; x_wconf 79' lang='lat' dir='ltr'><strong>ingenti</strong></span> <span class='ocrx_word' id='word_1_11' title='bbox 616 291 729 325; x_wconf 77' lang='lat' dir='ltr'><strong>perinde</strong></span> <span class='ocrx_word' id='word_1_12' title='bbox 738 291 837 319; x_wconf 89' lang='lat' dir='ltr'><strong>damno</strong></span> <span class='ocrx_word' id='word_1_13' title='bbox 850 292 877 319; x_wconf 94' lang='lat' dir='ltr'><strong>in</strong></span> <span class='ocrx_word' id='word_1_14' title='bbox 893 300 971 319; x_wconf 91' lang='lat' dir='ltr'><strong>mun-</strong></span> 
     </span>
    </p>
   </div>
   <div class='ocr_carea' id='block_1_4' title="bbox 185 332 972 373">
    <p class='ocr_par' dir='ltr' id='par_1_4' title="bbox 185 332 972 373">
     <span class='ocr_line' id='line_1_4' title="bbox 185 332 972 373; baseline 0.009 -14"><span class='ocrx_word' id='word_1_15' title='bbox 185 332 251 360; x_wconf 95' lang='lat' dir='ltr'><strong>dum</strong></span> <span class='ocrx_word' id='word_1_16' title='bbox 279 333 450 362; x_wconf 75' lang='lat' dir='ltr'><strong>introductus</strong></span> <span class='ocrx_word' id='word_1_17' title='bbox 479 339 531 368; x_wconf 90' lang='lat' dir='ltr'><strong>est,</strong></span> <span class='ocrx_word' id='word_1_18' title='bbox 552 336 631 364; x_wconf 82' lang='lat' dir='ltr'><strong>furiis</strong></span> <span class='ocrx_word' id='word_1_19' title='bbox 654 337 817 371; x_wconf 85' lang='lat' dir='ltr'><strong>quibusdam</strong></span> <span class='ocrx_word' id='word_1_20' title='bbox 841 339 972 373; x_wconf 80' lang='lat' dir='ltr'><strong>percitus,</strong></span> 
     </span>
    </p>
   </div>
   <div class='ocr_carea' id='block_1_5' title="bbox 185 379 971 416">
    <p class='ocr_par' dir='ltr' id='par_1_5' title="bbox 185 379 971 416">
     <span class='ocr_line' id='line_1_5' title="bbox 185 379 971 416; baseline 0.009 -11"><span class='ocrx_word' id='word_1_21' title='bbox 185 383 212 405; x_wconf 72' lang='lat' dir='ltr'><strong>vt</strong></span> <span class='ocrx_word' id='word_1_22' title='bbox 239 379 381 408; x_wconf 88' lang='lat' dir='ltr'><strong>insolentia</strong></span> <span class='ocrx_word' id='word_1_23' title='bbox 399 382 529 416; x_wconf 83' lang='lat' dir='ltr'><strong>majorem</strong></span> <span class='ocrx_word' id='word_1_24' title='bbox 553 382 581 410; x_wconf 91' lang='lat' dir='ltr'><strong>iu</strong></span> <span class='ocrx_word' id='word_1_25' title='bbox 607 383 718 410; x_wconf 90' lang='lat' dir='ltr'><strong>modum</strong></span> <span class='ocrx_word' id='word_1_26' title='bbox 743 384 840 412; x_wconf 89' lang='lat' dir='ltr'><strong>elatus.</strong></span> <span class='ocrx_word' id='word_1_27' title='bbox 867 384 971 412; x_wconf 77' lang='lat' dir='ltr'><strong>Etenim</strong></span> 
     </span>
    </p>
   </div>
   <div class='ocr_carea' id='block_1_6' title="bbox 186 425 973 465">
    <p class='ocr_par' dir='ltr' id='par_1_6' title="bbox 186 425 973 465">
     <span class='ocr_line' id='line_1_6' title="bbox 186 425 973 465; baseline 0.008 -14"><span class='ocrx_word' id='word_1_28' title='bbox 186 425 296 453; x_wconf 65' lang='lat' dir='ltr'><strong>haeresis</strong></span> <span class='ocrx_word' id='word_1_29' title='bbox 324 427 413 454; x_wconf 91' lang='lat' dir='ltr'><strong>omnis</strong></span> <span class='ocrx_word' id='word_1_30' title='bbox 439 428 559 462; x_wconf 91' lang='lat' dir='ltr'><strong>pessimo</strong></span> <span class='ocrx_word' id='word_1_31' title='bbox 591 436 623 456; x_wconf 78' lang='lat' dir='ltr'><strong>ex</strong></span> <span class='ocrx_word' id='word_1_32' title='bbox 652 437 758 463; x_wconf 88' lang='lat' dir='ltr'><strong>eorum,</strong></span> <span class='ocrx_word' id='word_1_33' title='bbox 778 431 824 465; x_wconf 89' lang='lat' dir='ltr'><strong>qui</strong></span> <span class='ocrx_word' id='word_1_34' title='bbox 840 431 874 458; x_wconf 88' lang='lat' dir='ltr'><strong>ab</strong></span> <span class='ocrx_word' id='word_1_35' title='bbox 895 431 973 458; x_wconf 90' lang='lat' dir='ltr'><strong>initio</strong></span> 
     </span>
    </p>
   </div>
   <div class='ocr_carea' id='block_1_7' title="bbox 186 470 974 510">
    <p class='ocr_par' dir='ltr' id='par_1_7' title="bbox 186 470 974 510">
     <span class='ocr_line' id='line_1_7' title="bbox 186 470 974 510; baseline 0.009 -14"><span class='ocrx_word' id='word_1_36' title='bbox 186 478 271 505; x_wconf 89' lang='lat' dir='ltr'><strong>usque</strong></span> <span class='ocrx_word' id='word_1_37' title='bbox 284 470 316 498; x_wconf 93' lang='lat' dir='ltr'><strong>ad</strong></span> <span class='ocrx_word' id='word_1_38' title='bbox 339 472 418 499; x_wconf 87' lang='lat' dir='ltr'><strong>iinetn</strong></span> <span class='ocrx_word' id='word_1_39' title='bbox 435 473 610 505; x_wconf 81' lang='lat' dir='ltr'><strong>exstiterunt,</strong></span> <span class='ocrx_word' id='word_1_40' title='bbox 620 474 736 501; x_wconf 89' lang='lat' dir='ltr'><strong>consilio</strong></span> <span class='ocrx_word' id='word_1_41' title='bbox 750 474 831 510; x_wconf 82' lang='lat'><strong>905</strong></span> <span class='ocrx_word' id='word_1_42' title='bbox 844 475 974 510; x_wconf 77' lang='lat' dir='ltr'><strong>profecta:</strong></span> 
     </span>
    </p>
   </div>
   <div class='ocr_carea' id='block_1_8' title="bbox 184 516 971 555">
    <p class='ocr_par' dir='ltr' id='par_1_8' title="bbox 184 516 971 555">
     <span class='ocr_line' id='line_1_8' title="bbox 184 516 971 555; baseline 0.008 -13"><span class='ocrx_word' id='word_1_43' title='bbox 184 519 259 548; x_wconf 85' lang='lat' dir='ltr'><strong>sunt,</strong></span> <span class='ocrx_word' id='word_1_44' title='bbox 287 516 344 543; x_wconf 84' lang='lat' dir='ltr'><strong>sive</strong></span> <span class='ocrx_word' id='word_1_45' title='bbox 363 517 424 545; x_wconf 89' lang='lat' dir='ltr'><strong>illos</strong></span> <span class='ocrx_word' id='word_1_46' title='bbox 446 517 539 552; x_wconf 67' lang='lat' dir='ltr'><strong>gloriae</strong></span> <span class='ocrx_word' id='word_1_47' title='bbox 566 519 712 553; x_wconf 86' lang='lat' dir='ltr'><strong>cupiditas.</strong></span> <span class='ocrx_word' id='word_1_48' title='bbox 743 524 790 546; x_wconf 83' lang='lat' dir='ltr'><strong>aut</strong></span> <span class='ocrx_word' id='word_1_49' title='bbox 803 521 971 555; x_wconf 78' lang='lat' dir='ltr'><strong>arrogantia,</strong></span> 
     </span>
    </p>
   </div>
   <div class='ocr_carea' id='block_1_9' title="bbox 185 561 975 598">
    <p class='ocr_par' dir='ltr' id='par_1_9' title="bbox 185 561 975 598">
     <span class='ocr_line' id='line_1_9' title="bbox 185 561 975 598; baseline 0.008 -11"><span class='ocrx_word' id='word_1_50' title='bbox 185 562 242 587; x_wconf 86' lang='lat' dir='ltr'><strong>sive</strong></span> <span class='ocrx_word' id='word_1_51' title='bbox 261 561 432 596; x_wconf 83' lang='lat' dir='ltr'><strong>voluptatum</strong></span> <span class='ocrx_word' id='word_1_52' title='bbox 447 562 541 594; x_wconf 81' lang='lat' dir='ltr'><strong>libido.</strong></span> <span class='ocrx_word' id='word_1_53' title='bbox 554 563 612 591; x_wconf 84' lang='lat' dir='ltr'><strong>sive</strong></span> <span class='ocrx_word' id='word_1_54' title='bbox 627 564 743 591; x_wconf 88' lang='lat' dir='ltr'><strong>aliorum</strong></span> <span class='ocrx_word' id='word_1_55' title='bbox 755 565 902 598; x_wconf 65' lang='lat' dir='ltr'><strong>aemulatio,</strong></span> <span class='ocrx_word' id='word_1_56' title='bbox 918 566 975 593; x_wconf 84' lang='lat' dir='ltr'><strong>sive</strong></span> 
     </span>
    </p>
   </div>
   <div class='ocr_carea' id='block_1_10' title="bbox 185 607 973 647">
    <p class='ocr_par' dir='ltr' id='par_1_10' title="bbox 185 607 973 647">
     <span class='ocr_line' id='line_1_10' title="bbox 185 607 973 647; baseline 0.01 -15"><span class='ocrx_word' id='word_1_57' title='bbox 185 607 332 634; x_wconf 84' lang='lat' dir='ltr'><strong>commotio</strong></span> <span class='ocrx_word' id='word_1_58' title='bbox 353 609 475 643; x_wconf 65' lang='lat' dir='ltr'><strong>quaedam</strong></span> <span class='ocrx_word' id='word_1_59' title='bbox 497 609 592 641; x_wconf 90' lang='lat' dir='ltr'><strong>animi,</strong></span> <span class='ocrx_word' id='word_1_60' title='bbox 613 614 660 637; x_wconf 86' lang='lat' dir='ltr'><strong>aut</strong></span> <span class='ocrx_word' id='word_1_61' title='bbox 676 611 973 647; x_wconf 85' lang='lat' dir='ltr'><strong>temeritasimpulerit.</strong></span> 
     </span>
    </p>
   </div>
   <div class='ocr_carea' id='block_1_11' title="bbox 185 651 975 691">
    <p class='ocr_par' dir='ltr' id='par_1_11' title="bbox 185 651 975 691">
     <span class='ocr_line' id='line_1_11' title="bbox 185 651 975 691; baseline 0.01 -14"><span class='ocrx_word' id='word_1_62' title='bbox 185 652 204 677; x_wconf 86' lang='lat' dir='ltr'><strong>A</strong></span> <span class='ocrx_word' id='word_1_63' title='bbox 218 651 326 679; x_wconf 83' lang='lat' dir='ltr'><strong>diabolo</strong></span> <span class='ocrx_word' id='word_1_64' title='bbox 338 661 419 688; x_wconf 87' lang='lat' dir='ltr'><strong>porro</strong></span> <span class='ocrx_word' id='word_1_65' title='bbox 434 655 524 683; x_wconf 91' lang='lat' dir='ltr'><strong>omnis</strong></span> <span class='ocrx_word' id='word_1_66' title='bbox 541 656 586 682; x_wconf 92' lang='lat' dir='ltr'><strong>illa</strong></span> <span class='ocrx_word' id='word_1_67' title='bbox 609 659 651 684; x_wconf 90' lang='lat' dir='ltr'><strong>est</strong></span> <span class='ocrx_word' id='word_1_68' title='bbox 666 655 768 684; x_wconf 87' lang='lat' dir='ltr'><strong>inﬂicta</strong></span> <span class='ocrx_word' id='word_1_69' title='bbox 789 658 907 691; x_wconf 61' lang='lat' dir='ltr'><strong>caecitas,</strong></span> <span class='ocrx_word' id='word_1_70' title='bbox 920 665 975 685; x_wconf 89' lang='lat' dir='ltr'><strong>nou</strong></span> 
     </span>
    </p>
   </div>
   <div class='ocr_carea' id='block_1_12' title="bbox 184 696 973 738">
    <p class='ocr_par' dir='ltr' id='par_1_12' title="bbox 184 696 973 738">
     <span class='ocr_line' id='line_1_12' title="bbox 184 696 973 738; baseline 0.01 -17"><span class='ocrx_word' id='word_1_71' title='bbox 184 696 256 729; x_wconf 91' lang='lat' dir='ltr'><strong>quod</strong></span> <span class='ocrx_word' id='word_1_72' title='bbox 273 696 318 723; x_wconf 87' lang='lat' dir='ltr'><strong>hic</strong></span> <span class='ocrx_word' id='word_1_73' title='bbox 333 697 446 725; x_wconf 89' lang='lat' dir='ltr'><strong>invitum</strong></span> <span class='ocrx_word' id='word_1_74' title='bbox 475 706 507 726; x_wconf 87' lang='lat' dir='ltr'><strong>ac</strong></span> <span class='ocrx_word' id='word_1_75' title='bbox 524 700 662 728; x_wconf 88' lang='lat' dir='ltr'><strong>nolentem</strong></span> <span class='ocrx_word' id='word_1_76' title='bbox 677 700 804 736; x_wconf 88' lang='lat' dir='ltr'><strong>decipere</strong></span> <span class='ocrx_word' id='word_1_77' title='bbox 818 703 973 738; x_wconf 84' lang='lat' dir='ltr'><strong>quempiam</strong></span> 
     </span>
    </p>
   </div>
   <div class='ocr_carea' id='block_1_13' title="bbox 185 742 975 783">
    <p class='ocr_par' dir='ltr' id='par_1_13' title="bbox 185 742 975 783">
     <span class='ocr_line' id='line_1_13' title="bbox 185 742 975 783; baseline 0.01 -15"><span class='ocrx_word' id='word_1_78' title='bbox 185 742 290 775; x_wconf 84' lang='lat' dir='ltr'><strong>possit,</strong></span> <span class='ocrx_word' id='word_1_79' title='bbox 311 743 359 771; x_wconf 88' lang='lat' dir='ltr'><strong>sed</strong></span> <span class='ocrx_word' id='word_1_80' title='bbox 377 744 450 779; x_wconf 91' lang='lat' dir='ltr'><strong>quod</strong></span> <span class='ocrx_word' id='word_1_81' title='bbox 475 747 665 782; x_wconf 86' lang='lat' dir='ltr'><strong>unusquisque</strong></span> <span class='ocrx_word' id='word_1_82' title='bbox 689 749 793 783; x_wconf 82' lang='lat' dir='ltr'><strong>peccati</strong></span> <span class='ocrx_word' id='word_1_83' title='bbox 816 749 868 776; x_wconf 86' lang='lat' dir='ltr'><strong>sibi</strong></span> <span class='ocrx_word' id='word_1_84' title='bbox 892 756 975 776; x_wconf 88' lang='lat' dir='ltr'><strong>causa</strong></span> 
     </span>
    </p>
   </div>
   <div class='ocr_carea' id='block_1_14' title="bbox 185 790 976 829">
    <p class='ocr_par' dir='ltr' id='par_1_14' title="bbox 185 790 976 829">
     <span class='ocr_line' id='line_1_14' title="bbox 185 790 976 829; baseline 0.011 -16"><span class='ocrx_word' id='word_1_85' title='bbox 185 790 267 822; x_wconf 88' lang='lat' dir='ltr'><strong>atque</strong></span> <span class='ocrx_word' id='word_1_86' title='bbox 282 793 377 816; x_wconf 83' lang='lat' dir='ltr'><strong>auctor</strong></span> <span class='ocrx_word' id='word_1_87' title='bbox 401 791 448 823; x_wconf 86' lang='lat' dir='ltr'><strong>sit,</strong></span> <span class='ocrx_word' id='word_1_88' title='bbox 466 790 499 818; x_wconf 88' lang='lat' dir='ltr'><strong>Ut</strong></span> <span class='ocrx_word' id='word_1_89' title='bbox 515 793 559 827; x_wconf 84' lang='lat' dir='ltr'><strong>qui</strong></span> <span class='ocrx_word' id='word_1_90' title='bbox 578 793 683 827; x_wconf 79' lang='lat' dir='ltr'><strong>probati</strong></span> <span class='ocrx_word' id='word_1_91' title='bbox 695 798 765 826; x_wconf 72' lang='lat' dir='ltr'><strong>sunt,</strong></span> <span class='ocrx_word' id='word_1_92' title='bbox 779 794 876 829; x_wconf 87' lang='lat' dir='ltr'><strong>inquit,</strong></span> <span class='ocrx_word' id='word_1_93' title='bbox 891 795 976 821; x_wconf 80' lang='lat' dir='ltr'><strong>mani-</strong></span> 
     </span>
    </p>
   </div>
   <div class='ocr_carea' id='block_1_15' title="bbox 186 833 976 874">
    <p class='ocr_par' dir='ltr' id='par_1_15' title="bbox 186 833 976 874">
     <span class='ocr_line' id='line_1_15' title="bbox 186 833 976 874; baseline 0.01 -15"><span class='ocrx_word' id='word_1_94' title='bbox 186 833 246 867; x_wconf 78' lang='lat' dir='ltr'><strong>fein</strong></span> <span class='ocrx_word' id='word_1_95' title='bbox 257 835 425 862; x_wconf 78' lang='lat' dir='ltr'><strong>reddantur‘.</strong></span> <span class='ocrx_word' id='word_1_96' title='bbox 436 837 532 865; x_wconf 86' lang='lat' dir='ltr'><strong>Aerius</strong></span> <span class='ocrx_word' id='word_1_97' title='bbox 542 838 592 865; x_wconf 88' lang='lat' dir='ltr'><strong>iste</strong></span> <span class='ocrx_word' id='word_1_98' title='bbox 601 846 665 866; x_wconf 89' lang='lat' dir='ltr'><strong>vero</strong></span> <span class='ocrx_word' id='word_1_99' title='bbox 673 839 707 866; x_wconf 89' lang='lat' dir='ltr'><strong>ad</strong></span> <span class='ocrx_word' id='word_1_100' title='bbox 719 839 879 867; x_wconf 88' lang='lat' dir='ltr'><strong>hodiernum</strong></span> <span class='ocrx_word' id='word_1_101' title='bbox 890 847 976 874; x_wconf 87' lang='lat' dir='ltr'><strong>usque</strong></span> 
     </span>
    </p>
   </div>
   <div class='ocr_carea' id='block_1_16' title="bbox 186 881 973 918">
    <p class='ocr_par' dir='ltr' id='par_1_16' title="bbox 186 881 973 918">
     <span class='ocr_line' id='line_1_16' title="bbox 186 881 973 918; baseline 0.009 -15"><span class='ocrx_word' id='word_1_102' title='bbox 186 881 294 912; x_wconf 85' lang='lat' dir='ltr'><strong>tempus</strong></span> <span class='ocrx_word' id='word_1_103' title='bbox 324 885 458 914; x_wconf 84' lang='lat' dir='ltr'><strong>superest,</strong></span> <span class='ocrx_word' id='word_1_104' title='bbox 487 885 584 916; x_wconf 84' lang='lat' dir='ltr'><strong>estque</strong></span> <span class='ocrx_word' id='word_1_105' title='bbox 608 887 683 910; x_wconf 81' lang='lat' dir='ltr'><strong>secta</strong></span> <span class='ocrx_word' id='word_1_106' title='bbox 710 883 820 918; x_wconf 88' lang='lat' dir='ltr'><strong>penitus</strong></span> <span class='ocrx_word' id='word_1_107' title='bbox 845 883 973 911; x_wconf 83' lang='lat' dir='ltr'><strong>Arianus.</strong></span> 
     </span>
    </p>
   </div>
   <div class='ocr_carea' id='block_1_17' title="bbox 185 920 1012 962">
    <p class='ocr_par' dir='ltr' id='par_1_17' title="bbox 185 920 1012 962">
     <span class='ocr_line' id='line_1_17' title="bbox 185 920 1012 962; baseline 0.01 -13"><span class='ocrx_word' id='word_1_108' title='bbox 185 921 280 957; x_wconf 85' lang='lat' dir='ltr'><strong>Neque</strong></span> <span class='ocrx_word' id='word_1_109' title='bbox 308 924 381 951; x_wconf 88' lang='lat' dir='ltr'><strong>enim</strong></span> <span class='ocrx_word' id='word_1_110' title='bbox 403 926 483 954; x_wconf 88' lang='lat' dir='ltr'><strong>aliter</strong></span> <span class='ocrx_word' id='word_1_111' title='bbox 509 931 591 962; x_wconf 86' lang='lat' dir='ltr'><strong>atque</strong></span> <span class='ocrx_word' id='word_1_112' title='bbox 616 928 667 956; x_wconf 89' lang='lat' dir='ltr'><strong>iste</strong></span> <span class='ocrx_word' id='word_1_113' title='bbox 691 929 795 956; x_wconf 88' lang='lat' dir='ltr'><strong>sentit:</strong></span> <span class='ocrx_word' id='word_1_114' title='bbox 815 929 869 956; x_wconf 84' lang='lat' dir='ltr'><strong>inlu</strong></span> <span class='ocrx_word' id='word_1_115' title='bbox 893 929 974 957; x_wconf 89' lang='lat' dir='ltr'><strong>etiam</strong></span> <span class='ocrx_word' id='word_1_116' title='bbox 992 920 1012 949; x_wconf 68' lang='grc' dir='ltr'><strong>Β</strong></span> 
     </span>
    </p>
   </div>
   <div class='ocr_carea' id='block_1_18' title="bbox 187 968 975 1010">
    <p class='ocr_par' dir='ltr' id='par_1_18' title="bbox 187 968 975 1010">
     <span class='ocr_line' id='line_1_18' title="bbox 187 968 975 1010; baseline 0.011 -16"><span class='ocrx_word' id='word_1_117' title='bbox 187 968 282 996; x_wconf 82' lang='lat' dir='ltr'><strong>Arium</strong></span> <span class='ocrx_word' id='word_1_118' title='bbox 303 970 392 1004; x_wconf 91' lang='lat' dir='ltr'><strong>ipsum</strong></span> <span class='ocrx_word' id='word_1_119' title='bbox 417 971 572 1007; x_wconf 82' lang='lat' dir='ltr'><strong>dogntatum</strong></span> <span class='ocrx_word' id='word_1_120' title='bbox 598 974 719 1002; x_wconf 84' lang='lat' dir='ltr'><strong>novitate</strong></span> <span class='ocrx_word' id='word_1_121' title='bbox 734 975 881 1010; x_wconf 78' lang='lat' dir='ltr'><strong>superavit.</strong></span> <span class='ocrx_word' id='word_1_122' title='bbox 903 975 975 1008; x_wconf 78' lang='lat' dir='ltr'><strong>Quin</strong></span> 
     </span>
    </p>
   </div>
   <div class='ocr_carea' id='block_1_19' title="bbox 188 1014 977 1055">
    <p class='ocr_par' dir='ltr' id='par_1_19' title="bbox 188 1014 977 1055">
     <span class='ocr_line' id='line_1_19' title="bbox 188 1014 977 1055; baseline 0.011 -15"><span class='ocrx_word' id='word_1_123' title='bbox 188 1014 278 1041; x_wconf 85' lang='lat' dir='ltr'><strong>hacin</strong></span> <span class='ocrx_word' id='word_1_124' title='bbox 304 1021 379 1050; x_wconf 83' lang='lat' dir='ltr'><strong>parte</strong></span> <span class='ocrx_word' id='word_1_125' title='bbox 398 1017 518 1053; x_wconf 73' lang='lat' dir='ltr'><strong>tinguant</strong></span> <span class='ocrx_word' id='word_1_126' title='bbox 533 1026 611 1046; x_wconf 86' lang='lat' dir='ltr'><strong>suam</strong></span> <span class='ocrx_word' id='word_1_127' title='bbox 641 1020 801 1055; x_wconf 90' lang='lat' dir='ltr'><strong>procudissc</strong></span> <span class='ocrx_word' id='word_1_128' title='bbox 835 1025 863 1048; x_wconf 90' lang='lat' dir='ltr'><strong>et</strong></span> <span class='ocrx_word' id='word_1_129' title='bbox 887 1021 920 1048; x_wconf 86' lang='lat' dir='ltr'><strong>ad</strong></span> <span class='ocrx_word' id='word_1_130' title='bbox 935 1021 977 1049; x_wconf 88' lang='lat' dir='ltr'><strong>di—</strong></span> 
     </span>
    </p>
   </div>
   <div class='ocr_carea' id='block_1_20' title="bbox 187 1062 977 1102">
    <p class='ocr_par' dir='ltr' id='par_1_20' title="bbox 187 1062 977 1102">
     <span class='ocr_line' id='line_1_20' title="bbox 187 1062 977 1102; baseline 0.009 -14"><span class='ocrx_word' id='word_1_131' title='bbox 187 1062 304 1090; x_wconf 85' lang='lat' dir='ltr'><strong>cendum</strong></span> <span class='ocrx_word' id='word_1_132' title='bbox 328 1069 470 1099; x_wconf 88' lang='lat' dir='ltr'><strong>promptus</strong></span> <span class='ocrx_word' id='word_1_133' title='bbox 488 1072 550 1093; x_wconf 88' lang='lat' dir='ltr'><strong>esse</strong></span> <span class='ocrx_word' id='word_1_134' title='bbox 564 1065 681 1099; x_wconf 85' lang='lat' dir='ltr'><strong>videtur,</strong></span> <span class='ocrx_word' id='word_1_135' title='bbox 698 1071 727 1094; x_wconf 91' lang='lat' dir='ltr'><strong>ut</strong></span> <span class='ocrx_word' id='word_1_136' title='bbox 739 1067 912 1102; x_wconf 81' lang='lat' dir='ltr'><strong>deceptorum</strong></span> <span class='ocrx_word' id='word_1_137' title='bbox 927 1067 977 1095; x_wconf 87' lang='lat' dir='ltr'><strong>bo-</strong></span> 
     </span>
    </p>
   </div>
   <div class='ocr_carea' id='block_1_21' title="bbox 187 1109 976 1147">
    <p class='ocr_par' dir='ltr' id='par_1_21' title="bbox 187 1109 976 1147">
     <span class='ocr_line' id='line_1_21' title="bbox 187 1109 976 1147; baseline 0.005 -11"><span class='ocrx_word' id='word_1_138' title='bbox 187 1109 292 1136; x_wconf 84' lang='lat' dir='ltr'><strong>tninum</strong></span> <span class='ocrx_word' id='word_1_139' title='bbox 306 1110 457 1137; x_wconf 84' lang='lat' dir='ltr'><strong>exercitum</strong></span> <span class='ocrx_word' id='word_1_140' title='bbox 481 1118 641 1146; x_wconf 88' lang='lat' dir='ltr'><strong>eorumque,</strong></span> <span class='ocrx_word' id='word_1_141' title='bbox 655 1111 755 1146; x_wconf 87' lang='lat' dir='ltr'><strong>quibus</strong></span> <span class='ocrx_word' id='word_1_142' title='bbox 772 1117 798 1139; x_wconf 84' lang='lat' dir='ltr'><strong>et</strong></span> <span class='ocrx_word' id='word_1_143' title='bbox 817 1119 898 1140; x_wconf 81' lang='lat' dir='ltr'><strong>aures</strong></span> <span class='ocrx_word' id='word_1_144' title='bbox 912 1119 976 1147; x_wconf 89' lang='lat' dir='ltr'><strong>pru-</strong></span> 
     </span>
    </p>
   </div>
   <div class='ocr_carea' id='block_1_22' title="bbox 188 1154 977 1194">
    <p class='ocr_par' dir='ltr' id='par_1_22' title="bbox 188 1154 977 1194">
     <span class='ocr_line' id='line_1_22' title="bbox 188 1154 977 1194; baseline 0.005 -12"><span class='ocrx_word' id='word_1_145' title='bbox 188 1154 263 1182; x_wconf 92' lang='lat' dir='ltr'><strong>riunt</strong></span> <span class='ocrx_word' id='word_1_146' title='bbox 280 1155 302 1187; x_wconf 82' lang='lat'><strong>&#39;,</strong></span> <span class='ocrx_word' id='word_1_147' title='bbox 314 1159 340 1183; x_wconf 91' lang='lat' dir='ltr'><strong>et</strong></span> <span class='ocrx_word' id='word_1_148' title='bbox 354 1156 462 1183; x_wconf 87' lang='lat' dir='ltr'><strong>animus</strong></span> <span class='ocrx_word' id='word_1_149' title='bbox 477 1157 600 1184; x_wconf 87' lang='lat' dir='ltr'><strong>vanitate</strong></span> <span class='ocrx_word' id='word_1_150' title='bbox 615 1158 825 1194; x_wconf 83' lang='lat' dir='ltr'><strong>arrogantiaque</strong></span> <span class='ocrx_word' id='word_1_151' title='bbox 841 1158 977 1186; x_wconf 88' lang='lat' dir='ltr'><strong>distentus</strong></span> 
     </span>
    </p>
   </div>
   <div class='ocr_carea' id='block_1_23' title="bbox 187 1201 976 1240">
    <p class='ocr_par' dir='ltr' id='par_1_23' title="bbox 187 1201 976 1240">
     <span class='ocr_line' id='line_1_23' title="bbox 187 1201 976 1240; baseline 0.005 -13"><span class='ocrx_word' id='word_1_152' title='bbox 187 1205 239 1233; x_wconf 90' lang='lat' dir='ltr'><strong>est,</strong></span> <span class='ocrx_word' id='word_1_153' title='bbox 253 1201 453 1230; x_wconf 87' lang='lat' dir='ltr'><strong>multitudinem</strong></span> <span class='ocrx_word' id='word_1_154' title='bbox 464 1202 498 1230; x_wconf 88' lang='lat' dir='ltr'><strong>ad</strong></span> <span class='ocrx_word' id='word_1_155' title='bbox 513 1210 575 1230; x_wconf 87' lang='lat' dir='ltr'><strong>sese</strong></span> <span class='ocrx_word' id='word_1_156' title='bbox 588 1203 717 1238; x_wconf 78' lang='lat' dir='ltr'><strong>pelliciat.</strong></span> <span class='ocrx_word' id='word_1_157' title='bbox 733 1204 837 1231; x_wconf 83' lang='lat' dir='ltr'><strong>Etenim</strong></span> <span class='ocrx_word' id='word_1_158' title='bbox 851 1211 976 1240; x_wconf 80' lang='lat' dir='ltr'><strong>magnam</strong></span> 
     </span>
    </p>
   </div>
   <div class='ocr_carea' id='block_1_24' title="bbox 187 1247 977 1285">
    <p class='ocr_par' dir='ltr' id='par_1_24' title="bbox 187 1247 977 1285">
     <span class='ocr_line' id='line_1_24' title="bbox 187 1247 977 1285; baseline 0.008 -13"><span class='ocrx_word' id='word_1_159' title='bbox 187 1250 215 1273; x_wconf 85' lang='lat' dir='ltr'><strong>et</strong></span> <span class='ocrx_word' id='word_1_160' title='bbox 241 1247 286 1275; x_wconf 87' lang='lat' dir='ltr'><strong>ille</strong></span> <span class='ocrx_word' id='word_1_161' title='bbox 312 1255 421 1282; x_wconf 88' lang='lat' dir='ltr'><strong>quoque</strong></span> <span class='ocrx_word' id='word_1_162' title='bbox 448 1256 582 1283; x_wconf 79' lang='lat' dir='ltr'><strong>nugarum</strong></span> <span class='ocrx_word' id='word_1_163' title='bbox 598 1256 630 1277; x_wconf 88' lang='lat' dir='ltr'><strong>ac</strong></span> <span class='ocrx_word' id='word_1_164' title='bbox 647 1249 802 1277; x_wconf 81' lang='lat' dir='ltr'><strong>fabularum</strong></span> <span class='ocrx_word' id='word_1_165' title='bbox 825 1250 931 1285; x_wconf 89' lang='lat' dir='ltr'><strong>copiam</strong></span> <span class='ocrx_word' id='word_1_166' title='bbox 948 1250 977 1277; x_wconf 90' lang='lat' dir='ltr'><strong>in</strong></span> 
     </span>
    </p>
   </div>
   <div class='ocr_carea' id='block_1_25' title="bbox 190 1292 979 1330">
    <p class='ocr_par' dir='ltr' id='par_1_25' title="bbox 190 1292 979 1330">
     <span class='ocr_line' id='line_1_25' title="bbox 190 1292 979 1330; baseline 0.005 -12"><span class='ocrx_word' id='word_1_167' title='bbox 190 1292 339 1319; x_wconf 82' lang='lat' dir='ltr'><strong>humanum</strong></span> <span class='ocrx_word' id='word_1_168' title='bbox 358 1301 445 1328; x_wconf 74' lang='lat' dir='ltr'><strong>genus</strong></span> <span class='ocrx_word' id='word_1_169' title='bbox 461 1294 572 1322; x_wconf 78' lang='lat' dir='ltr'><strong>invexit.</strong></span> <span class='ocrx_word' id='word_1_170' title='bbox 591 1294 656 1327; x_wconf 74' lang='lat' dir='ltr'><strong>Qua:</strong></span> <span class='ocrx_word' id='word_1_171' title='bbox 674 1296 781 1322; x_wconf 85' lang='lat' dir='ltr'><strong>tametsi</strong></span> <span class='ocrx_word' id='word_1_172' title='bbox 797 1295 979 1330; x_wconf 85' lang='lat' dir='ltr'><strong>prudentiori-</strong></span> 
     </span>
    </p>
   </div>
   <div class='ocr_carea' id='block_1_26' title="bbox 190 1337 979 1375">
    <p class='ocr_par' dir='ltr' id='par_1_26' title="bbox 190 1337 979 1375">
     <span class='ocr_line' id='line_1_26' title="bbox 190 1337 979 1375; baseline 0.005 -12"><span class='ocrx_word' id='word_1_173' title='bbox 190 1337 242 1364; x_wconf 87' lang='lat' dir='ltr'><strong>bus</strong></span> <span class='ocrx_word' id='word_1_174' title='bbox 267 1338 383 1365; x_wconf 84' lang='lat' dir='ltr'><strong>ridicula</strong></span> <span class='ocrx_word' id='word_1_175' title='bbox 408 1339 543 1372; x_wconf 88' lang='lat' dir='ltr'><strong>videatur,</strong></span> <span class='ocrx_word' id='word_1_176' title='bbox 574 1340 753 1368; x_wconf 88' lang='lat' dir='ltr'><strong>nihilominus</strong></span> <span class='ocrx_word' id='word_1_177' title='bbox 775 1340 912 1375; x_wconf 86' lang='lat' dir='ltr'><strong>plerisque</strong></span> <span class='ocrx_word' id='word_1_178' title='bbox 931 1347 979 1375; x_wconf 87' lang='lat' dir='ltr'><strong>per</strong></span> 
     </span>
    </p>
   </div>
   <div class='ocr_carea' id='block_1_27' title="bbox 189 1381 979 1417">
    <p class='ocr_par' dir='ltr' id='par_1_27' title="bbox 189 1381 979 1417">
     <span class='ocr_line' id='line_1_27' title="bbox 189 1381 979 1417; baseline 0.006 -10"><span class='ocrx_word' id='word_1_179' title='bbox 189 1381 264 1408; x_wconf 83' lang='lat' dir='ltr'><strong>illam</strong></span> <span class='ocrx_word' id='word_1_180' title='bbox 295 1382 425 1417; x_wconf 86' lang='lat' dir='ltr'><strong>imposuit</strong></span> <span class='ocrx_word' id='word_1_181' title='bbox 450 1387 477 1411; x_wconf 86' lang='lat' dir='ltr'><strong>et</strong></span> <span class='ocrx_word' id='word_1_182' title='bbox 510 1385 537 1411; x_wconf 91' lang='lat' dir='ltr'><strong>in</strong></span> <span class='ocrx_word' id='word_1_183' title='bbox 567 1392 687 1412; x_wconf 85' lang='lat' dir='ltr'><strong>errorem</strong></span> <span class='ocrx_word' id='word_1_184' title='bbox 709 1385 833 1412; x_wconf 81' lang='lat' dir='ltr'><strong>abduxit.</strong></span> <span class='ocrx_word' id='word_1_185' title='bbox 856 1383 919 1411; x_wconf 86' lang='lat' dir='ltr'><strong>Fuit</strong></span> <span class='ocrx_word' id='word_1_186' title='bbox 934 1384 979 1412; x_wconf 87' lang='lat' dir='ltr'><strong>hic</strong></span> 
     </span>
    </p>
   </div>
   <div class='ocr_carea' id='block_1_28' title="bbox 189 1425 979 1464">
    <p class='ocr_par' dir='ltr' id='par_1_28' title="bbox 189 1425 979 1464">
     <span class='ocr_line' id='line_1_28' title="bbox 189 1425 979 1464; baseline 0.006 -12"><span class='ocrx_word' id='word_1_187' title='bbox 189 1425 325 1453; x_wconf 81' lang='lat' dir='ltr'><strong>Eustatbii</strong></span> <span class='ocrx_word' id='word_1_188' title='bbox 359 1426 489 1455; x_wconf 72' lang='lat' dir='ltr'><strong>Sebastiae</strong></span> <span class='ocrx_word' id='word_1_189' title='bbox 504 1429 624 1464; x_wconf 80' lang='lat' dir='ltr'><strong>episcopi</strong></span> <span class='ocrx_word' id='word_1_190' title='bbox 637 1430 707 1464; x_wconf 66' lang='lat' dir='ltr'><strong>(qua:</strong></span> <span class='ocrx_word' id='word_1_191' title='bbox 725 1433 768 1456; x_wconf 89' lang='lat' dir='ltr'><strong>est</strong></span> <span class='ocrx_word' id='word_1_192' title='bbox 786 1429 814 1456; x_wconf 88' lang='lat' dir='ltr'><strong>in</strong></span> <span class='ocrx_word' id='word_1_193' title='bbox 827 1429 906 1457; x_wconf 81' lang='lat' dir='ltr'><strong>Ponti</strong></span> <span class='ocrx_word' id='word_1_194' title='bbox 934 1437 979 1457; x_wconf 87' lang='lat' dir='ltr'><strong>re-</strong></span> 
     </span>
    </p>
   </div>
   <div class='ocr_carea' id='block_1_29' title="bbox 190 1473 977 1510">
    <p class='ocr_par' dir='ltr' id='par_1_29' title="bbox 190 1473 977 1510">
     <span class='ocr_line' id='line_1_29' title="bbox 190 1473 977 1510; baseline 0.004 -11"><span class='ocrx_word' id='word_1_195' title='bbox 190 1473 271 1507; x_wconf 79' lang='lat' dir='ltr'><strong>gione</strong></span> <span class='ocrx_word' id='word_1_196' title='bbox 293 1473 351 1501; x_wconf 91' lang='lat' dir='ltr'><strong>sive</strong></span> <span class='ocrx_word' id='word_1_197' title='bbox 375 1474 491 1502; x_wconf 90' lang='lat' dir='ltr'><strong>minoris</strong></span> <span class='ocrx_word' id='word_1_198' title='bbox 512 1474 658 1510; x_wconf 75' lang='lat' dir='ltr'><strong>Armeniae)</strong></span> <span class='ocrx_word' id='word_1_199' title='bbox 672 1474 784 1502; x_wconf 85' lang='lat' dir='ltr'><strong>sodalis.</strong></span> <span class='ocrx_word' id='word_1_200' title='bbox 804 1474 894 1502; x_wconf 80' lang='lat' dir='ltr'><strong>Ambo</strong></span> <span class='ocrx_word' id='word_1_201' title='bbox 905 1475 977 1502; x_wconf 89' lang='lat' dir='ltr'><strong>enim</strong></span> 
     </span>
    </p>
   </div>
   <div class='ocr_carea' id='block_1_30' title="bbox 190 1519 976 1555">
    <p class='ocr_par' dir='ltr' id='par_1_30' title="bbox 190 1519 976 1555">
     <span class='ocr_line' id='line_1_30' title="bbox 190 1519 976 1555; baseline 0.004 -10"><span class='ocrx_word' id='word_1_202' title='bbox 190 1520 373 1546; x_wconf 86' lang='lat' dir='ltr'><strong>monasticum</strong></span> <span class='ocrx_word' id='word_1_203' title='bbox 396 1519 460 1547; x_wconf 80' lang='lat' dir='ltr'><strong>vitae</strong></span> <span class='ocrx_word' id='word_1_204' title='bbox 475 1527 562 1555; x_wconf 78' lang='lat' dir='ltr'><strong>genus</strong></span> <span class='ocrx_word' id='word_1_205' title='bbox 578 1520 695 1555; x_wconf 83' lang='lat' dir='ltr'><strong>amplexi</strong></span> <span class='ocrx_word' id='word_1_206' title='bbox 712 1524 786 1548; x_wconf 84' lang='lat' dir='ltr'><strong>sunt.</strong></span> <span class='ocrx_word' id='word_1_207' title='bbox 800 1519 869 1548; x_wconf 90' lang='lat' dir='ltr'><strong>Cum</strong></span> <span class='ocrx_word' id='word_1_208' title='bbox 886 1524 976 1549; x_wconf 87' lang='lat' dir='ltr'><strong>autem</strong></span> 
     </span>
    </p>
   </div>
   <div class='ocr_carea' id='block_1_31' title="bbox 191 1563 978 1600">
    <p class='ocr_par' dir='ltr' id='par_1_31' title="bbox 191 1563 978 1600">
     <span class='ocr_line' id='line_1_31' title="bbox 191 1563 978 1600; baseline 0.003 -10"><span class='ocrx_word' id='word_1_209' title='bbox 191 1563 350 1592; x_wconf 85' lang='lat' dir='ltr'><strong>Eustathius</strong></span> <span class='ocrx_word' id='word_1_210' title='bbox 378 1564 412 1591; x_wconf 85' lang='lat' dir='ltr'><strong>ad</strong></span> <span class='ocrx_word' id='word_1_211' title='bbox 428 1564 615 1600; x_wconf 82' lang='lat' dir='ltr'><strong>episcopatum</strong></span> <span class='ocrx_word' id='word_1_212' title='bbox 636 1569 708 1593; x_wconf 88' lang='lat' dir='ltr'><strong>esset</strong></span> <span class='ocrx_word' id='word_1_213' title='bbox 723 1569 846 1597; x_wconf 90' lang='lat' dir='ltr'><strong>evectus,</strong></span> <span class='ocrx_word' id='word_1_214' title='bbox 869 1565 978 1598; x_wconf 81' lang='lat' dir='ltr'><strong>Acrius,</strong></span> 
     </span>
    </p>
   </div>
   <div class='ocr_carea' id='block_1_32' title="bbox 190 1595 1015 1649">
    <p class='ocr_par' dir='ltr' id='par_1_32' title="bbox 190 1595 1015 1649">
     <span class='ocr_line' id='line_1_32' title="bbox 190 1595 1015 1649; baseline 0.004 -14"><span class='ocrx_word' id='word_1_215' title='bbox 190 1608 241 1636; x_wconf 86' lang='lat' dir='ltr'><strong>etsi</strong></span> <span class='ocrx_word' id='word_1_216' title='bbox 256 1609 284 1636; x_wconf 93' lang='lat' dir='ltr'><strong>id</strong></span> <span class='ocrx_word' id='word_1_217' title='bbox 299 1616 465 1645; x_wconf 78' lang='lat' dir='ltr'><strong>magnopere</strong></span> <span class='ocrx_word' id='word_1_218' title='bbox 479 1615 601 1646; x_wconf 88' lang='lat' dir='ltr'><strong>cuperet,</strong></span> <span class='ocrx_word' id='word_1_219' title='bbox 614 1618 647 1638; x_wconf 91' lang='lat' dir='ltr'><strong>eo</strong></span> <span class='ocrx_word' id='word_1_220' title='bbox 661 1614 757 1649; x_wconf 87' lang='lat' dir='ltr'><strong>tamen</strong></span> <span class='ocrx_word' id='word_1_221' title='bbox 767 1610 910 1646; x_wconf 85' lang='lat' dir='ltr'><strong>pervenire</strong></span> <span class='ocrx_word' id='word_1_222' title='bbox 921 1617 978 1638; x_wconf 92' lang='lat' dir='ltr'><strong>non</strong></span> <span class='ocrx_word' id='word_1_223' title='bbox 992 1595 1015 1627; x_wconf 59' lang='grc' dir='ltr'><strong>(ἶ</strong></span> 
     </span>
    </p>
   </div>
   <div class='ocr_carea' id='block_1_33' title="bbox 920 121 1133 150">
    <p class='ocr_par' dir='ltr' id='par_1_33' title="bbox 920 121 1133 150">
     <span class='ocr_line' id='line_1_33' title="bbox 920 121 1133 150; baseline 0 0"><span class='ocrx_word' id='word_1_224' title='bbox 920 123 948 150; x_wconf 87' lang='lat' dir='ltr'><strong>S.</strong></span> <span class='ocrx_word' id='word_1_225' title='bbox 964 121 1133 150; x_wconf 77' lang='lat' dir='ltr'><strong>EPIPHANH</strong></span> 
     </span>
    </p>
   </div>
   <div class='ocr_carea' id='block_1_34' title="bbox 1292 181 1541 215">
    <p class='ocr_par' dir='ltr' id='par_1_34' title="bbox 1292 181 1541 215">
     <span class='ocr_line' id='line_1_34' title="bbox 1292 181 1541 215; baseline 0.004 -5"><span class='ocrx_word' id='word_1_226' title='bbox 1292 181 1386 210; x_wconf 73' lang='grc' dir='ltr'><strong>ΚΑΤΑ</strong></span> <span class='ocrx_word' id='word_1_227' title='bbox 1404 183 1541 215; x_wconf 79' lang='grc' dir='ltr'><strong>ΑΕΡΙΟΥ,</strong></span> 
     </span>
    </p>
   </div>
   <div class='ocr_carea' id='block_1_35' title="bbox 1285 239 1552 273">
    <p class='ocr_par' dir='ltr' id='par_1_35' title="bbox 1285 239 1552 273">
     <span class='ocr_line' id='line_1_35' title="bbox 1285 239 1552 273; baseline 0 -8"><span class='ocrx_word' id='word_1_228' title='bbox 1285 239 1341 265; x_wconf 79' lang='grc' dir='ltr'><strong>ΛῈ¹</strong></span> <span class='ocrx_word' id='word_1_229' title='bbox 1369 240 1388 273; x_wconf 70' lang='grc' dir='ltr'><strong>τ’,</strong></span> <span class='ocrx_word' id='word_1_230' title='bbox 1416 239 1464 265; x_wconf 79' lang='grc' dir='ltr'><strong>και</strong></span> <span class='ocrx_word' id='word_1_231' title='bbox 1487 241 1552 266; x_wconf 79' lang='grc' dir='ltr'>οει.</span> 
     </span>
    </p>
   </div>
   <div class='ocr_carea' id='block_1_36' title="bbox 1057 292 1828 330">
    <p class='ocr_par' dir='ltr' id='par_1_36' title="bbox 1057 292 1828 330">
     <span class='ocr_line' id='line_1_36' title="bbox 1057 292 1828 330; baseline 0.004 -12"><span class='ocrx_word' id='word_1_232' title='bbox 1057 293 1095 319; x_wconf 81' lang='lat' dir='ltr'><strong>A&#39;.</strong></span> <span class='ocrx_word' id='word_1_233' title='bbox 1106 292 1147 318; x_wconf 75' lang='lat' dir='ltr'><strong>’Aé</strong></span> <span class='ocrx_word' id='word_1_234' title='bbox 1153 293 1208 327; x_wconf 79' lang='lat' dir='ltr'><strong>pto’;</strong></span> <span class='ocrx_word' id='word_1_235' title='bbox 1218 301 1260 324; x_wconf 84' lang='grc' dir='ltr'><strong>τις</strong></span> <span class='ocrx_word' id='word_1_236' title='bbox 1275 293 1354 321; x_wconf 84' lang='grc' dir='ltr'>πάλιν</span> <span class='ocrx_word' id='word_1_237' title='bbox 1367 294 1498 327; x_wconf 75' lang='grc' dir='ltr'>ὡσαύτως</span> <span class='ocrx_word' id='word_1_238' title='bbox 1510 293 1548 329; x_wconf 78' lang='grc' dir='ltr'>τῷ</span> <span class='ocrx_word' id='word_1_239' title='bbox 1560 293 1654 329; x_wconf 79' lang='grc' dir='ltr'>κόσμῳ</span> <span class='ocrx_word' id='word_1_240' title='bbox 1667 295 1828 330; x_wconf 73' lang='grc' dir='ltr'>γεγένηται</span> 
     </span>
    </p>
   </div>
   <div class='ocr_carea' id='block_1_37' title="bbox 1026 337 1827 376">
    <p class='ocr_par' dir='ltr' id='par_1_37' title="bbox 1026 337 1827 376">
     <span class='ocr_line' id='line_1_37' title="bbox 1026 337 1827 376; baseline 0.002 -13"><span class='ocrx_word' id='word_1_241' title='bbox 1026 337 1097 372; x_wconf 81' lang='grc' dir='ltr'>μέγα</span> <span class='ocrx_word' id='word_1_242' title='bbox 1111 338 1205 370; x_wconf 84' lang='grc' dir='ltr'>κακὸν,</span> <span class='ocrx_word' id='word_1_243' title='bbox 1222 338 1416 373; x_wconf 72' lang='grc' dir='ltr'>ὲμῦροντηθεὶς</span> <span class='ocrx_word' id='word_1_244' title='bbox 1430 339 1480 374; x_wconf 78' lang='grc' dir='ltr'>τὴν</span> <span class='ocrx_word' id='word_1_245' title='bbox 1504 339 1618 371; x_wconf 79' lang='grc' dir='ltr'>ἔννοιαν,</span> <span class='ocrx_word' id='word_1_246' title='bbox 1635 340 1764 376; x_wconf 69' lang='grc' dir='ltr'>ἐπαρθεὶς</span> <span class='ocrx_word' id='word_1_247' title='bbox 1781 340 1827 366; x_wconf 77' lang='grc' dir='ltr'><strong>τὸ</strong></span> 
     </span>
    </p>
   </div>
   <div class='ocr_carea' id='block_1_38' title="bbox 1025 383 1827 420">
    <p class='ocr_par' dir='ltr' id='par_1_38' title="bbox 1025 383 1827 420">
     <span class='ocr_line' id='line_1_38' title="bbox 1025 383 1827 420; baseline 0.004 -11"><span class='ocrx_word' id='word_1_248' title='bbox 1025 383 1161 418; x_wconf 74' lang='grc' dir='ltr'>φρόνημα.</span> <span class='ocrx_word' id='word_1_249' title='bbox 1185 384 1263 410; x_wconf 76' lang='grc' dir='ltr'>Πᾶσα</span> <span class='ocrx_word' id='word_1_250' title='bbox 1293 383 1347 419; x_wconf 85' lang='grc' dir='ltr'><strong>γὰρ</strong></span> <span class='ocrx_word' id='word_1_251' title='bbox 1369 384 1478 419; x_wconf 79' lang='grc' dir='ltr'>αἵρεσις</span> <span class='ocrx_word' id='word_1_252' title='bbox 1491 385 1656 412; x_wconf 80' lang='grc' dir='ltr'>κακοὸουλία</span> <span class='ocrx_word' id='word_1_253' title='bbox 1671 386 1726 412; x_wconf 82' lang='grc' dir='ltr'>τῶν</span> <span class='ocrx_word' id='word_1_254' title='bbox 1740 394 1827 420; x_wconf 73' lang='grc' dir='ltr'>γενο-</span> 
     </span>
    </p>
   </div>
   <div class='ocr_carea' id='block_1_39' title="bbox 1026 428 1827 466">
    <p class='ocr_par' dir='ltr' id='par_1_39' title="bbox 1026 428 1827 466">
     <span class='ocr_line' id='line_1_39' title="bbox 1026 428 1827 466; baseline 0.005 -12"><span class='ocrx_word' id='word_1_255' title='bbox 1026 428 1114 463; x_wconf 83' lang='grc' dir='ltr'>μένων</span> <span class='ocrx_word' id='word_1_256' title='bbox 1134 430 1182 456; x_wconf 71' lang='grc' dir='ltr'>άπ⁹</span> <span class='ocrx_word' id='word_1_257' title='bbox 1197 429 1285 464; x_wconf 77' lang='grc' dir='ltr'><strong>ἀρχῆς</strong></span> <span class='ocrx_word' id='word_1_258' title='bbox 1299 429 1362 465; x_wconf 81' lang='grc' dir='ltr'>ἄχρι</span> <span class='ocrx_word' id='word_1_259' title='bbox 1381 430 1504 465; x_wconf 83' lang='grc' dir='ltr'>τέλους·ῆ</span> <span class='ocrx_word' id='word_1_260' title='bbox 1529 430 1712 466; x_wconf 81' lang='grc' dir='ltr'>κενοδοξίας,ῆ</span> <span class='ocrx_word' id='word_1_261' title='bbox 1728 432 1827 466; x_wconf 73' lang='grc' dir='ltr'>ἐπάρ-</span> 
     </span>
    </p>
   </div>
   <div class='ocr_carea' id='block_1_40' title="bbox 1027 474 1827 511">
    <p class='ocr_par' dir='ltr' id='par_1_40' title="bbox 1027 474 1827 511">
     <span class='ocr_line' id='line_1_40' title="bbox 1027 474 1827 511; baseline 0.004 -12"><span class='ocrx_word' id='word_1_262' title='bbox 1027 482 1094 505; x_wconf 79' lang='grc' dir='ltr'>σεως</span> <span class='ocrx_word' id='word_1_263' title='bbox 1107 474 1193 500; x_wconf 81' lang='grc' dir='ltr'>ταῦτα</span> <span class='ocrx_word' id='word_1_264' title='bbox 1217 474 1375 509; x_wconf 76' lang='grc' dir='ltr'><strong>εἰργάσατο,</strong></span> <span class='ocrx_word' id='word_1_265' title='bbox 1390 475 1406 509; x_wconf 78' lang='grc' dir='ltr'>ἦ</span> <span class='ocrx_word' id='word_1_266' title='bbox 1424 474 1571 510; x_wconf 73' lang='grc' dir='ltr'><strong>ἐπιθυμίας</strong></span> <span class='ocrx_word' id='word_1_267' title='bbox 1587 475 1684 511; x_wconf 74' lang='grc' dir='ltr'>ὖρεεις,</span> <span class='ocrx_word' id='word_1_268' title='bbox 1701 477 1718 511; x_wconf 85' lang='grc' dir='ltr'>ἢ</span> <span class='ocrx_word' id='word_1_269' title='bbox 1735 476 1827 511; x_wconf 80' lang='grc' dir='ltr'>ζῆλος</span> 
     </span>
    </p>
   </div>
   <div class='ocr_carea' id='block_1_41' title="bbox 1025 518 1829 557">
    <p class='ocr_par' dir='ltr' id='par_1_41' title="bbox 1025 518 1829 557">
     <span class='ocr_line' id='line_1_41' title="bbox 1025 518 1829 557; baseline 0.004 -12"><span class='ocrx_word' id='word_1_270' title='bbox 1025 518 1093 554; x_wconf 78' lang='grc' dir='ltr'>πρὸς</span> <span class='ocrx_word' id='word_1_271' title='bbox 1110 520 1172 552; x_wconf 74' lang='grc' dir='ltr'>τοὺς</span> <span class='ocrx_word' id='word_1_272' title='bbox 1187 520 1279 552; x_wconf 84' lang='grc' dir='ltr'>πέλας,</span> <span class='ocrx_word' id='word_1_273' title='bbox 1296 520 1313 555; x_wconf 83' lang='grc' dir='ltr'>ἢ</span> <span class='ocrx_word' id='word_1_274' title='bbox 1328 519 1512 556; x_wconf 78' lang='grc' dir='ltr'><strong>παροξυσμὸς,</strong></span> <span class='ocrx_word' id='word_1_275' title='bbox 1528 521 1546 556; x_wconf 78' lang='grc' dir='ltr'>ἦ</span> <span class='ocrx_word' id='word_1_276' title='bbox 1561 522 1723 557; x_wconf 81' lang='grc' dir='ltr'>προπέτεια.</span> <span class='ocrx_word' id='word_1_277' title='bbox 1739 522 1776 548; x_wconf 80' lang='grc' dir='ltr'>Τὺ</span> <span class='ocrx_word' id='word_1_278' title='bbox 1787 522 1829 548; x_wconf 75' lang='grc' dir='ltr'>δὲ</span> 
     </span>
    </p>
   </div>
   <div class='ocr_carea' id='block_1_42' title="bbox 1025 564 1828 602">
    <p class='ocr_par' dir='ltr' id='par_1_42' title="bbox 1025 564 1828 602">
     <span class='ocr_line' id='line_1_42' title="bbox 1025 564 1828 602; baseline 0.005 -12"><span class='ocrx_word' id='word_1_279' title='bbox 1025 565 1079 591; x_wconf 80' lang='grc' dir='ltr'><strong>πᾶν</strong></span> <span class='ocrx_word' id='word_1_280' title='bbox 1091 565 1122 591; x_wconf 86' lang='grc' dir='ltr'>ὲκ</span> <span class='ocrx_word' id='word_1_281' title='bbox 1137 564 1259 592; x_wconf 77' lang='grc' dir='ltr'>διαϐόλου</span> <span class='ocrx_word' id='word_1_282' title='bbox 1271 566 1288 600; x_wconf 84' lang='grc' dir='ltr'>ἡ</span> <span class='ocrx_word' id='word_1_283' title='bbox 1302 565 1447 600; x_wconf 78' lang='grc' dir='ltr'>τύφλωσις,</span> <span class='ocrx_word' id='word_1_284' title='bbox 1462 566 1492 592; x_wconf 83' lang='grc' dir='ltr'>οὐ</span> <span class='ocrx_word' id='word_1_285' title='bbox 1507 566 1554 592; x_wconf 75' lang='grc' dir='ltr'>τοῦ</span> <span class='ocrx_word' id='word_1_286' title='bbox 1570 566 1694 593; x_wconf 73' lang='grc' dir='ltr'>διαϐόλου</span> <span class='ocrx_word' id='word_1_287' title='bbox 1711 566 1828 602; x_wconf 81' lang='grc' dir='ltr'>ἰσχύον-</span> 
     </span>
    </p>
   </div>
   <div class='ocr_carea' id='block_1_43' title="bbox 1024 610 1827 647">
    <p class='ocr_par' dir='ltr' id='par_1_43' title="bbox 1024 610 1827 647">
     <span class='ocr_line' id='line_1_43' title="bbox 1024 610 1827 647; baseline 0.002 -11"><span class='ocrx_word' id='word_1_288' title='bbox 1024 619 1071 642; x_wconf 81' lang='grc' dir='ltr'>τος</span> <span class='ocrx_word' id='word_1_289' title='bbox 1083 610 1190 646; x_wconf 80' lang='grc' dir='ltr'>άπατᾷν</span> <span class='ocrx_word' id='word_1_290' title='bbox 1200 610 1246 637; x_wconf 78' lang='grc' dir='ltr'>τὸν</span> <span class='ocrx_word' id='word_1_291' title='bbox 1264 611 1301 646; x_wconf 87' lang='grc' dir='ltr'>μὴ</span> <span class='ocrx_word' id='word_1_292' title='bbox 1321 610 1491 646; x_wconf 84' lang='grc' dir='ltr'>βουλόμενον,</span> <span class='ocrx_word' id='word_1_293' title='bbox 1510 611 1577 638; x_wconf 77' lang='grc' dir='ltr'>ἀλλὰ</span> <span class='ocrx_word' id='word_1_294' title='bbox 1589 611 1706 638; x_wconf 81' lang='grc' dir='ltr'><strong>ἑκάστου</strong></span> <span class='ocrx_word' id='word_1_295' title='bbox 1727 612 1827 647; x_wconf 80' lang='grc' dir='ltr'>ἑαυτῷ</span> 
     </span>
    </p>
   </div>
   <div class='ocr_carea' id='block_1_44' title="bbox 1025 651 1828 694">
    <p class='ocr_par' dir='ltr' id='par_1_44' title="bbox 1025 651 1828 694">
     <span class='ocr_line' id='line_1_44' title="bbox 1025 651 1828 694; baseline -0.001 -10"><span class='ocrx_word' id='word_1_296' title='bbox 1025 656 1170 692; x_wconf 84' lang='grc' dir='ltr'>παραιτίου</span> <span class='ocrx_word' id='word_1_297' title='bbox 1188 657 1332 692; x_wconf 81' lang='grc' dir='ltr'><strong>γινομένου</strong></span> <span class='ocrx_word' id='word_1_298' title='bbox 1355 657 1405 692; x_wconf 82' lang='grc' dir='ltr'>τῆς</span> <span class='ocrx_word' id='word_1_299' title='bbox 1422 657 1486 692; x_wconf 73' lang='grc' dir='ltr'>περὶ</span> <span class='ocrx_word' id='word_1_300' title='bbox 1506 657 1556 692; x_wconf 77' lang='grc' dir='ltr'>τὴν</span> <span class='ocrx_word' id='word_1_301' title='bbox 1573 651 1711 692; x_wconf 67' lang='grc' dir='ltr'>ἁμαρτίαν</span> <span class='ocrx_word' id='word_1_302' title='bbox 1734 658 1828 694; x_wconf 75' lang='grc' dir='ltr'>ἐργα-</span> 
     </span>
    </p>
   </div>
   <div class='ocr_carea' id='block_1_45' title="bbox 1027 700 1827 737">
    <p class='ocr_par' dir='ltr' id='par_1_45' title="bbox 1027 700 1827 737">
     <span class='ocr_line' id='line_1_45' title="bbox 1027 700 1827 737; baseline 0 -8"><span class='ocrx_word' id='word_1_303' title='bbox 1027 702 1177 734; x_wconf 82' lang='grc' dir='ltr'>σίας,”Ινα,</span> <span class='ocrx_word' id='word_1_304' title='bbox 1193 702 1285 737; x_wconf 73' lang='grc' dir='ltr'>φησὶν,</span> <span class='ocrx_word' id='word_1_305' title='bbox 1295 703 1322 729; x_wconf 88' lang='lat' dir='ltr'><strong>ol</strong></span> <span class='ocrx_word' id='word_1_306' title='bbox 1336 701 1450 736; x_wconf 79' lang='grc' dir='ltr'><strong>δόκιμοι</strong></span> <span class='ocrx_word' id='word_1_307' title='bbox 1463 702 1584 736; x_wconf 72' lang='grc' dir='ltr'>φανεροὶ</span> <span class='ocrx_word' id='word_1_308' title='bbox 1594 703 1746 737; x_wconf 79' lang='grc' dir='ltr'>γένωνται.</span> <span class='ocrx_word' id='word_1_309' title='bbox 1764 700 1827 729; x_wconf 65' lang='lat' dir='ltr'><strong>Oi:-</strong></span> 
     </span>
    </p>
   </div>
   <div class='ocr_carea' id='block_1_46' title="bbox 1024 746 1826 783">
    <p class='ocr_par' dir='ltr' id='par_1_46' title="bbox 1024 746 1826 783">
     <span class='ocr_line' id='line_1_46' title="bbox 1024 746 1826 783; baseline 0.001 -10"><span class='ocrx_word' id='word_1_310' title='bbox 1024 755 1071 778; x_wconf 80' lang='grc' dir='ltr'><strong>τος</strong></span> <span class='ocrx_word' id='word_1_311' title='bbox 1080 748 1095 773; x_wconf 99' lang='lat'><strong>6</strong></span> <span class='ocrx_word' id='word_1_312' title='bbox 1117 747 1220 782; x_wconf 77' lang='grc' dir='ltr'>’Λέριος</span> <span class='ocrx_word' id='word_1_313' title='bbox 1237 746 1276 773; x_wconf 76' lang='grc' dir='ltr'>ἔτι</span> <span class='ocrx_word' id='word_1_314' title='bbox 1288 747 1334 773; x_wconf 76' lang='grc' dir='ltr'>καὶ</span> <span class='ocrx_word' id='word_1_315' title='bbox 1347 747 1427 782; x_wconf 84' lang='grc' dir='ltr'>δεῦρο</span> <span class='ocrx_word' id='word_1_316' title='bbox 1440 746 1474 783; x_wconf 81' lang='grc' dir='ltr'>ζῇ</span> <span class='ocrx_word' id='word_1_317' title='bbox 1488 748 1517 773; x_wconf 81' lang='grc' dir='ltr'>ὲν</span> <span class='ocrx_word' id='word_1_318' title='bbox 1531 748 1622 782; x_wconf 82' lang='grc' dir='ltr'>σαρκὶ,</span> <span class='ocrx_word' id='word_1_319' title='bbox 1635 748 1683 775; x_wconf 75' lang='grc' dir='ltr'>καὶ</span> <span class='ocrx_word' id='word_1_320' title='bbox 1693 748 1826 783; x_wconf 80' lang='grc' dir='ltr'>περίεστι</span> 
     </span>
    </p>
   </div>
   <div class='ocr_carea' id='block_1_47' title="bbox 1025 791 1828 828">
    <p class='ocr_par' dir='ltr' id='par_1_47' title="bbox 1025 791 1828 828">
     <span class='ocr_line' id='line_1_47' title="bbox 1025 791 1828 828; baseline 0.002 -10"><span class='ocrx_word' id='word_1_321' title='bbox 1025 791 1064 827; x_wconf 81' lang='grc' dir='ltr'>τῷ</span> <span class='ocrx_word' id='word_1_322' title='bbox 1077 792 1136 827; x_wconf 81' lang='grc' dir='ltr'>βίῳ,</span> <span class='ocrx_word' id='word_1_323' title='bbox 1157 792 1293 826; x_wconf 80' lang='grc' dir='ltr'>Ἀρειανδς</span> <span class='ocrx_word' id='word_1_324' title='bbox 1305 792 1353 827; x_wconf 80' lang='grc' dir='ltr'>μὲν</span> <span class='ocrx_word' id='word_1_325' title='bbox 1369 791 1400 818; x_wconf 83' lang='grc' dir='ltr'>τὸ</span> <span class='ocrx_word' id='word_1_326' title='bbox 1410 793 1475 819; x_wconf 77' lang='grc' dir='ltr'>πᾶν.</span> <span class='ocrx_word' id='word_1_327' title='bbox 1489 792 1593 824; x_wconf 73' lang='grc' dir='ltr'>Ἄλλως</span> <span class='ocrx_word' id='word_1_328' title='bbox 1610 792 1664 827; x_wconf 78' lang='grc' dir='ltr'><strong>γάρ</strong></span> <span class='ocrx_word' id='word_1_329' title='bbox 1676 794 1706 819; x_wconf 82' lang='grc' dir='ltr'>οὺ</span> <span class='ocrx_word' id='word_1_330' title='bbox 1724 795 1828 828; x_wconf 77' lang='grc' dir='ltr'>φρονεῖ</span> 
     </span>
    </p>
   </div>
   <div class='ocr_carea' id='block_1_48' title="bbox 1026 837 1826 874">
    <p class='ocr_par' dir='ltr' id='par_1_48' title="bbox 1026 837 1826 874">
     <span class='ocr_line' id='line_1_48' title="bbox 1026 837 1826 874; baseline 0.003 -11"><span class='ocrx_word' id='word_1_331' title='bbox 1026 837 1082 864; x_wconf 82' lang='grc' dir='ltr'>ἀλλ’</span> <span class='ocrx_word' id='word_1_332' title='bbox 1094 837 1131 869; x_wconf 81' lang='grc' dir='ltr'><strong>ὡς</strong></span> <span class='ocrx_word' id='word_1_333' title='bbox 1141 838 1259 873; x_wconf 75' lang='grc' dir='ltr'>Ἄρειος,</span> <span class='ocrx_word' id='word_1_334' title='bbox 1274 838 1320 863; x_wconf 78' lang='grc' dir='ltr'>καὶ</span> <span class='ocrx_word' id='word_1_335' title='bbox 1331 837 1371 863; x_wconf 82' lang='grc' dir='ltr'>ἔτι</span> <span class='ocrx_word' id='word_1_336' title='bbox 1386 837 1513 864; x_wconf 79' lang='grc' dir='ltr'>ὲπέχεινα</span> <span class='ocrx_word' id='word_1_337' title='bbox 1526 837 1657 872; x_wconf 72' lang='grc' dir='ltr'><strong>μειζόνως</strong></span> <span class='ocrx_word' id='word_1_338' title='bbox 1666 838 1701 864; x_wconf 79' lang='grc' dir='ltr'>τὰ</span> <span class='ocrx_word' id='word_1_339' title='bbox 1712 839 1826 874; x_wconf 75' lang='grc' dir='ltr'>Ἀρείου</span> 
     </span>
    </p>
   </div>
   <div class='ocr_carea' id='block_1_49' title="bbox 1027 882 1827 918">
    <p class='ocr_par' dir='ltr' id='par_1_49' title="bbox 1027 882 1827 918">
     <span class='ocr_line' id='line_1_49' title="bbox 1027 882 1827 918; baseline 0 -9"><span class='ocrx_word' id='word_1_340' title='bbox 1027 883 1206 918; x_wconf 74' lang='grc' dir='ltr'>ἐπιζητήσας,</span> <span class='ocrx_word' id='word_1_341' title='bbox 1232 883 1393 918; x_wconf 77' lang='grc' dir='ltr'>ὠξυμμένος</span> <span class='ocrx_word' id='word_1_342' title='bbox 1419 891 1449 909; x_wconf 85' lang='grc' dir='ltr'><strong>τε</strong></span> <span class='ocrx_word' id='word_1_343' title='bbox 1469 883 1519 918; x_wconf 81' lang='grc' dir='ltr'>τὴν</span> <span class='ocrx_word' id='word_1_344' title='bbox 1540 882 1672 917; x_wconf 81' lang='grc' dir='ltr'>γλῶτταν,</span> <span class='ocrx_word' id='word_1_345' title='bbox 1697 883 1746 909; x_wconf 79' lang='grc' dir='ltr'>καὶ</span> <span class='ocrx_word' id='word_1_346' title='bbox 1778 883 1827 916; x_wconf 79' lang='grc' dir='ltr'><strong>ἐξ-</strong></span> 
     </span>
    </p>
   </div>
   <div class='ocr_carea' id='block_1_50' title="bbox 1028 928 1828 964">
    <p class='ocr_par' dir='ltr' id='par_1_50' title="bbox 1028 928 1828 964">
     <span class='ocr_line' id='line_1_50' title="bbox 1028 928 1828 964; baseline -0.001 -9"><span class='ocrx_word' id='word_1_347' title='bbox 1028 929 1197 964; x_wconf 81' lang='grc' dir='ltr'>ωπλισμένος</span> <span class='ocrx_word' id='word_1_348' title='bbox 1207 929 1234 955; x_wconf 78' lang='grc' dir='ltr'>ἐν</span> <span class='ocrx_word' id='word_1_349' title='bbox 1248 929 1364 963; x_wconf 86' lang='grc' dir='ltr'>χείλεσιν</span> <span class='ocrx_word' id='word_1_350' title='bbox 1373 929 1402 956; x_wconf 82' lang='grc' dir='ltr'>ὲν</span> <span class='ocrx_word' id='word_1_351' title='bbox 1412 928 1498 964; x_wconf 83' lang='grc' dir='ltr'>τούτῳ</span> <span class='ocrx_word' id='word_1_352' title='bbox 1507 928 1546 963; x_wconf 84' lang='grc' dir='ltr'>τῷ</span> <span class='ocrx_word' id='word_1_353' title='bbox 1559 928 1591 963; x_wconf 86' lang='grc' dir='ltr'><strong>μέ</strong></span> <span class='ocrx_word' id='word_1_354' title='bbox 1597 937 1648 964; x_wconf 83' lang='grc' dir='ltr'>ρει,</span> <span class='ocrx_word' id='word_1_355' title='bbox 1660 928 1736 960; x_wconf 82' lang='grc' dir='ltr'>ὅπως</span> <span class='ocrx_word' id='word_1_356' title='bbox 1751 928 1828 961; x_wconf 77' lang='grc' dir='ltr'>ἐξελ-</span> 
     </span>
    </p>
   </div>
   <div class='ocr_carea' id='block_1_51' title="bbox 1029 974 1828 1010">
    <p class='ocr_par' dir='ltr' id='par_1_51' title="bbox 1029 974 1828 1010">
     <span class='ocr_line' id='line_1_51' title="bbox 1029 974 1828 1010; baseline 0 -10"><span class='ocrx_word' id='word_1_357' title='bbox 1029 975 1099 1010; x_wconf 83' lang='grc' dir='ltr'>κύσῃ</span> <span class='ocrx_word' id='word_1_358' title='bbox 1112 976 1150 1005; x_wconf 79' lang='grc' dir='ltr'><strong>εὶς</strong></span> <span class='ocrx_word' id='word_1_359' title='bbox 1166 974 1260 1001; x_wconf 76' lang='grc' dir='ltr'>ἑαυτὸν</span> <span class='ocrx_word' id='word_1_360' title='bbox 1276 974 1450 1010; x_wconf 75' lang='grc' dir='ltr'>ἠπατημένον</span> <span class='ocrx_word' id='word_1_361' title='bbox 1465 974 1578 1009; x_wconf 86' lang='grc' dir='ltr'>στρατὸν</span> <span class='ocrx_word' id='word_1_362' title='bbox 1589 974 1635 1001; x_wconf 74' lang='grc' dir='ltr'>καὶ</span> <span class='ocrx_word' id='word_1_363' title='bbox 1647 974 1753 1009; x_wconf 78' lang='grc' dir='ltr'>πληθὺν</span> <span class='ocrx_word' id='word_1_364' title='bbox 1767 974 1828 1000; x_wconf 77' lang='grc' dir='ltr'>τῶν</span> 
     </span>
    </p>
   </div>
   <div class='ocr_carea' id='block_1_52' title="bbox 1028 1019 1828 1056">
    <p class='ocr_par' dir='ltr' id='par_1_52' title="bbox 1028 1019 1828 1056">
     <span class='ocr_line' id='line_1_52' title="bbox 1028 1019 1828 1056; baseline 0 -10"><span class='ocrx_word' id='word_1_365' title='bbox 1028 1020 1072 1046; x_wconf 84' lang='grc' dir='ltr'><strong>ἀεὶ</strong></span> <span class='ocrx_word' id='word_1_366' title='bbox 1086 1020 1137 1052; x_wconf 81' lang='grc' dir='ltr'><strong>τὰς</strong></span> <span class='ocrx_word' id='word_1_367' title='bbox 1150 1020 1234 1052; x_wconf 82' lang='grc' dir='ltr'>ἀκοὰς</span> <span class='ocrx_word' id='word_1_368' title='bbox 1246 1020 1497 1056; x_wconf 78' lang='grc' dir='ltr'>γαργαλιζομένων,</span> <span class='ocrx_word' id='word_1_369' title='bbox 1509 1020 1556 1046; x_wconf 78' lang='grc' dir='ltr'>καὶ</span> <span class='ocrx_word' id='word_1_370' title='bbox 1567 1019 1617 1055; x_wconf 77' lang='grc' dir='ltr'>τὴν</span> <span class='ocrx_word' id='word_1_371' title='bbox 1627 1019 1748 1046; x_wconf 85' lang='grc' dir='ltr'>διάνοιαν</span> <span class='ocrx_word' id='word_1_372' title='bbox 1759 1020 1828 1046; x_wconf 84' lang='grc' dir='ltr'>ὐπο-</span> 
     </span>
    </p>
   </div>
   <div class='ocr_carea' id='block_1_53' title="bbox 1029 1064 1827 1100">
    <p class='ocr_par' dir='ltr' id='par_1_53' title="bbox 1029 1064 1827 1100">
     <span class='ocr_line' id='line_1_53' title="bbox 1029 1064 1827 1100; baseline -0.001 -9"><span class='ocrx_word' id='word_1_373' title='bbox 1029 1064 1204 1100; x_wconf 80' lang='grc' dir='ltr'>χαλωμένων.</span> <span class='ocrx_word' id='word_1_374' title='bbox 1216 1065 1271 1091; x_wconf 79' lang='grc' dir='ltr'><strong>Καὶ</strong></span> <span class='ocrx_word' id='word_1_375' title='bbox 1280 1065 1333 1100; x_wconf 83' lang='grc' dir='ltr'>γὰρ</span> <span class='ocrx_word' id='word_1_376' title='bbox 1345 1065 1393 1091; x_wconf 75' lang='grc' dir='ltr'>καὶ</span> <span class='ocrx_word' id='word_1_377' title='bbox 1403 1064 1484 1096; x_wconf 79' lang='grc' dir='ltr'><strong>αὐτὸς</strong></span> <span class='ocrx_word' id='word_1_378' title='bbox 1496 1064 1536 1100; x_wconf 83' lang='grc' dir='ltr'>τῷ</span> <span class='ocrx_word' id='word_1_379' title='bbox 1549 1064 1598 1099; x_wconf 84' lang='grc' dir='ltr'><strong>βίῳ</strong></span> <span class='ocrx_word' id='word_1_380' title='bbox 1609 1064 1747 1100; x_wconf 77' lang='grc' dir='ltr'>ὲφεύρατό</span> <span class='ocrx_word' id='word_1_381' title='bbox 1761 1072 1827 1090; x_wconf 76' lang='grc' dir='ltr'>τινα</span> 
     </span>
    </p>
   </div>
   <div class='ocr_carea' id='block_1_54' title="bbox 1032 1109 1827 1147">
    <p class='ocr_par' dir='ltr' id='par_1_54' title="bbox 1032 1109 1827 1147">
     <span class='ocr_line' id='line_1_54' title="bbox 1032 1109 1827 1147; baseline -0.003 -9"><span class='ocrx_word' id='word_1_382' title='bbox 1032 1112 1152 1147; x_wconf 85' lang='grc' dir='ltr'><strong>μεγάλην</strong></span> <span class='ocrx_word' id='word_1_383' title='bbox 1165 1110 1275 1147; x_wconf 84' lang='grc' dir='ltr'><strong>μυθώδη</strong></span> <span class='ocrx_word' id='word_1_384' title='bbox 1291 1110 1454 1143; x_wconf 76' lang='grc' dir='ltr'><strong>κενοδοξίαν,</strong></span> <span class='ocrx_word' id='word_1_385' title='bbox 1470 1110 1574 1144; x_wconf 87' lang='grc' dir='ltr'>γελοῖον</span> <span class='ocrx_word' id='word_1_386' title='bbox 1590 1110 1639 1145; x_wconf 86' lang='grc' dir='ltr'>μὲν</span> <span class='ocrx_word' id='word_1_387' title='bbox 1655 1109 1827 1145; x_wconf 76' lang='grc' dir='ltr'>ἐμποιοῦσαν</span> 
     </span>
    </p>
   </div>
   <div class='ocr_carea' id='block_1_55' title="bbox 1029 1155 1828 1193">
    <p class='ocr_par' dir='ltr' id='par_1_55' title="bbox 1029 1155 1828 1193">
     <span class='ocr_line' id='line_1_55' title="bbox 1029 1155 1828 1193; baseline -0.003 -9"><span class='ocrx_word' id='word_1_388' title='bbox 1029 1159 1086 1189; x_wconf 85' lang='grc' dir='ltr'>τοῖς</span> <span class='ocrx_word' id='word_1_389' title='bbox 1098 1157 1241 1193; x_wconf 67' lang='grc' dir='ltr'>ἔμφροσιν,</span> <span class='ocrx_word' id='word_1_390' title='bbox 1258 1157 1332 1192; x_wconf 81' lang='grc' dir='ltr'><strong>ὅμως</strong></span> <span class='ocrx_word' id='word_1_391' title='bbox 1344 1156 1388 1183; x_wconf 86' lang='grc' dir='ltr'>διὰ</span> <span class='ocrx_word' id='word_1_392' title='bbox 1399 1157 1494 1183; x_wconf 81' lang='grc' dir='ltr'>τούτου</span> <span class='ocrx_word' id='word_1_393' title='bbox 1507 1155 1623 1188; x_wconf 82' lang='grc' dir='ltr'>πολλοὺς</span> <span class='ocrx_word' id='word_1_394' title='bbox 1638 1156 1764 1191; x_wconf 79' lang='grc' dir='ltr'>ἡπάτησε</span> <span class='ocrx_word' id='word_1_395' title='bbox 1777 1157 1828 1182; x_wconf 78' lang='grc' dir='ltr'><strong>καὶ</strong></span> 
     </span>
    </p>
   </div>
   <div class='ocr_carea' id='block_1_56' title="bbox 1031 1197 1826 1237">
    <p class='ocr_par' dir='ltr' id='par_1_56' title="bbox 1031 1197 1826 1237">
     <span class='ocr_line' id='line_1_56' title="bbox 1031 1197 1826 1237; baseline -0.003 -8"><span class='ocrx_word' id='word_1_396' title='bbox 1031 1202 1223 1237; x_wconf 83' lang='grc' dir='ltr'>παρείλκυσεν.</span> <span class='ocrx_word' id='word_1_397' title='bbox 1242 1199 1325 1234; x_wconf 77' lang='grc' dir='ltr'>οὗτος</span> <span class='ocrx_word' id='word_1_398' title='bbox 1347 1201 1452 1236; x_wconf 87' lang='grc' dir='ltr'>γίνεται</span> <span class='ocrx_word' id='word_1_399' title='bbox 1473 1201 1657 1236; x_wconf 78' lang='grc' dir='ltr'>συσχολαστὴς</span> <span class='ocrx_word' id='word_1_400' title='bbox 1672 1197 1826 1228; x_wconf 71' lang='grc' dir='ltr'>Εὐσταθίὼ</span> 
     </span>
    </p>
   </div>
   <div class='ocr_carea' id='block_1_57' title="bbox 1031 1246 1828 1283">
    <p class='ocr_par' dir='ltr' id='par_1_57' title="bbox 1031 1246 1828 1283">
     <span class='ocr_line' id='line_1_57' title="bbox 1031 1246 1828 1283; baseline -0.006 -7"><span class='ocrx_word' id='word_1_401' title='bbox 1031 1249 1177 1276; x_wconf 78' lang='grc' dir='ltr'>Σεϐαστίου</span> <span class='ocrx_word' id='word_1_402' title='bbox 1189 1247 1236 1275; x_wconf 78' lang='grc' dir='ltr'>τοῦ</span> <span class='ocrx_word' id='word_1_403' title='bbox 1253 1248 1302 1283; x_wconf 80' lang='grc' dir='ltr'><strong>τῆς</strong></span> <span class='ocrx_word' id='word_1_404' title='bbox 1314 1247 1479 1278; x_wconf 76' lang='grc' dir='ltr'>Σεϐαστείας</span> <span class='ocrx_word' id='word_1_405' title='bbox 1492 1247 1593 1273; x_wconf 83' lang='grc' dir='ltr'><strong>Πόντου</strong></span> <span class='ocrx_word' id='word_1_406' title='bbox 1607 1255 1637 1272; x_wconf 85' lang='grc' dir='ltr'><strong>τε</strong></span> <span class='ocrx_word' id='word_1_407' title='bbox 1652 1246 1828 1282; x_wconf 65' lang='grc' dir='ltr'>καλουμένης</span> 
     </span>
    </p>
   </div>
   <div class='ocr_carea' id='block_1_58' title="bbox 1031 1289 1828 1330">
    <p class='ocr_par' dir='ltr' id='par_1_58' title="bbox 1031 1289 1828 1330">
     <span class='ocr_line' id='line_1_58' title="bbox 1031 1289 1828 1330; baseline -0.003 -10"><span class='ocrx_word' id='word_1_408' title='bbox 1031 1295 1133 1330; x_wconf 71' lang='grc' dir='ltr'>χώρας,</span> <span class='ocrx_word' id='word_1_409' title='bbox 1153 1295 1213 1330; x_wconf 81' lang='grc' dir='ltr'>ἦτοι</span> <span class='ocrx_word' id='word_1_410' title='bbox 1242 1294 1343 1330; x_wconf 80' lang='grc' dir='ltr'>μικρᾶς</span> <span class='ocrx_word' id='word_1_411' title='bbox 1371 1293 1525 1329; x_wconf 79' lang='grc' dir='ltr'>Ἀρμενίας.</span> <span class='ocrx_word' id='word_1_412' title='bbox 1555 1292 1639 1327; x_wconf 76' lang='grc' dir='ltr'>Ὁμοῦ</span> <span class='ocrx_word' id='word_1_413' title='bbox 1667 1291 1721 1327; x_wconf 70' lang='grc' dir='ltr'><strong>γὰρ</strong></span> <span class='ocrx_word' id='word_1_414' title='bbox 1753 1289 1828 1327; x_wconf 80' lang='grc' dir='ltr'>ἦσαν</span> 
     </span>
    </p>
   </div>
   <div class='ocr_carea' id='block_1_59' title="bbox 1031 1337 1825 1374">
    <p class='ocr_par' dir='ltr' id='par_1_59' title="bbox 1031 1337 1825 1374">
     <span class='ocr_line' id='line_1_59' title="bbox 1031 1337 1825 1374; baseline -0.005 -7"><span class='ocrx_word' id='word_1_415' title='bbox 1031 1340 1178 1372; x_wconf 80' lang='grc' dir='ltr'>ἀσκοῦντες</span> <span class='ocrx_word' id='word_1_416' title='bbox 1192 1340 1206 1366; x_wconf 86' lang='grc' dir='ltr'><strong>ὅ</strong></span> <span class='ocrx_word' id='word_1_417' title='bbox 1216 1348 1245 1366; x_wconf 86' lang='grc' dir='ltr'><strong>τε</strong></span> <span class='ocrx_word' id='word_1_418' title='bbox 1258 1339 1456 1374; x_wconf 86' lang='grc' dir='ltr'>προειρημένος</span> <span class='ocrx_word' id='word_1_419' title='bbox 1466 1338 1571 1365; x_wconf 84' lang='grc' dir='ltr'>Εὐστάο</span> <span class='ocrx_word' id='word_1_420' title='bbox 1577 1346 1614 1370; x_wconf 79' lang='lat' dir='ltr'><strong>to;</strong></span> <span class='ocrx_word' id='word_1_421' title='bbox 1624 1338 1671 1364; x_wconf 75' lang='grc' dir='ltr'>καὶ</span> <span class='ocrx_word' id='word_1_422' title='bbox 1681 1338 1695 1364; x_wconf 86' lang='lat'><strong>6</strong></span> <span class='ocrx_word' id='word_1_423' title='bbox 1708 1337 1825 1374; x_wconf 82' lang='grc' dir='ltr'>Ἀέριος.</span> 
     </span>
    </p>
   </div>
   <div class='ocr_carea' id='block_1_60' title="bbox 1032 1381 1828 1419">
    <p class='ocr_par' dir='ltr' id='par_1_60' title="bbox 1032 1381 1828 1419">
     <span class='ocr_line' id='line_1_60' title="bbox 1032 1381 1828 1419; baseline -0.005 -8"><span class='ocrx_word' id='word_1_424' title='bbox 1032 1385 1096 1411; x_wconf 86' lang='grc' dir='ltr'><strong>Ὅτε</strong></span> <span class='ocrx_word' id='word_1_425' title='bbox 1110 1384 1138 1411; x_wconf 80' lang='grc' dir='ltr'>δὲ</span> <span class='ocrx_word' id='word_1_426' title='bbox 1150 1386 1163 1411; x_wconf 90' lang='lat'><strong>6</strong></span> <span class='ocrx_word' id='word_1_427' title='bbox 1178 1383 1325 1415; x_wconf 80' lang='grc' dir='ltr'>Εὑστάθιος</span> <span class='ocrx_word' id='word_1_428' title='bbox 1335 1382 1416 1419; x_wconf 82' lang='grc' dir='ltr'>ἦλθεν</span> <span class='ocrx_word' id='word_1_429' title='bbox 1428 1383 1468 1414; x_wconf 90' lang='grc' dir='ltr'>είς</span> <span class='ocrx_word' id='word_1_430' title='bbox 1481 1382 1530 1418; x_wconf 84' lang='grc' dir='ltr'>τὴν</span> <span class='ocrx_word' id='word_1_431' title='bbox 1541 1381 1703 1417; x_wconf 78' lang='grc' dir='ltr'>ἐπισκοπὴν,</span> <span class='ocrx_word' id='word_1_432' title='bbox 1721 1383 1828 1413; x_wconf 76' lang='grc' dir='ltr'>ἐκεῖνος</span> 
     </span>
    </p>
   </div>
   <div class='ocr_carea' id='block_1_61' title="bbox 1034 1427 1828 1466">
    <p class='ocr_par' dir='ltr' id='par_1_61' title="bbox 1034 1427 1828 1466">
     <span class='ocr_line' id='line_1_61' title="bbox 1034 1427 1828 1466; baseline -0.005 -9"><span class='ocrx_word' id='word_1_433' title='bbox 1034 1430 1133 1466; x_wconf 85' lang='grc' dir='ltr'>μᾶλλον</span> <span class='ocrx_word' id='word_1_434' title='bbox 1150 1429 1294 1465; x_wconf 75' lang='grc' dir='ltr'>ἐπεθύμει,</span> <span class='ocrx_word' id='word_1_435' title='bbox 1312 1429 1370 1456; x_wconf 78' lang='grc' dir='ltr'>ἀλλ’</span> <span class='ocrx_word' id='word_1_436' title='bbox 1385 1429 1435 1455; x_wconf 84' lang='grc' dir='ltr'>οὐκ</span> <span class='ocrx_word' id='word_1_437' title='bbox 1459 1428 1576 1462; x_wconf 72' lang='grc' dir='ltr'>ἔφθασεν</span> <span class='ocrx_word' id='word_1_438' title='bbox 1595 1427 1635 1458; x_wconf 83' lang='grc' dir='ltr'><strong>είς</strong></span> <span class='ocrx_word' id='word_1_439' title='bbox 1656 1427 1744 1454; x_wconf 80' lang='grc' dir='ltr'>τοῦτο.</span> <span class='ocrx_word' id='word_1_440' title='bbox 1767 1427 1828 1453; x_wconf 83' lang='grc' dir='ltr'><strong>Ἐν-</strong></span> 
     </span>
    </p>
   </div>
   <div class='ocr_carea' id='block_1_62' title="bbox 1032 1472 1829 1511">
    <p class='ocr_par' dir='ltr' id='par_1_62' title="bbox 1032 1472 1829 1511">
     <span class='ocr_line' id='line_1_62' title="bbox 1032 1472 1829 1511; baseline -0.006 -9"><span class='ocrx_word' id='word_1_441' title='bbox 1032 1476 1127 1503; x_wconf 75' lang='grc' dir='ltr'>τεῦθεν</span> <span class='ocrx_word' id='word_1_442' title='bbox 1140 1475 1220 1511; x_wconf 80' lang='grc' dir='ltr'>ζῆλος</span> <span class='ocrx_word' id='word_1_443' title='bbox 1235 1475 1350 1510; x_wconf 74' lang='grc' dir='ltr'>γίνεται.</span> <span class='ocrx_word' id='word_1_444' title='bbox 1371 1474 1472 1500; x_wconf 83' lang='grc' dir='ltr'>Ἐδόκει</span> <span class='ocrx_word' id='word_1_445' title='bbox 1486 1473 1515 1500; x_wconf 80' lang='grc' dir='ltr'>δὲ</span> <span class='ocrx_word' id='word_1_446' title='bbox 1531 1473 1728 1508; x_wconf 78' lang='grc' dir='ltr'>προσλιπαρεῖν</span> <span class='ocrx_word' id='word_1_447' title='bbox 1746 1473 1761 1498; x_wconf 91' lang='lat'><strong>6</strong></span> <span class='ocrx_word' id='word_1_448' title='bbox 1774 1472 1829 1498; x_wconf 82' lang='grc' dir='ltr'><strong>Εὐ-</strong></span> 
     </span>
    </p>
   </div>
   <div class='ocr_carea' id='block_1_63' title="bbox 1034 1517 1828 1556">
    <p class='ocr_par' dir='ltr' id='par_1_63' title="bbox 1034 1517 1828 1556">
     <span class='ocr_line' id='line_1_63' title="bbox 1034 1517 1828 1556; baseline -0.005 -8"><span class='ocrx_word' id='word_1_449' title='bbox 1034 1521 1143 1553; x_wconf 76' lang='grc' dir='ltr'>στάθιος</span> <span class='ocrx_word' id='word_1_450' title='bbox 1158 1522 1203 1548; x_wconf 80' lang='grc' dir='ltr'>τὸν</span> <span class='ocrx_word' id='word_1_451' title='bbox 1217 1521 1333 1556; x_wconf 81' lang='grc' dir='ltr'>Ἀέριον.</span> <span class='ocrx_word' id='word_1_452' title='bbox 1350 1520 1454 1546; x_wconf 80' lang='grc' dir='ltr'>Αὐτίκα</span> <span class='ocrx_word' id='word_1_453' title='bbox 1468 1519 1581 1554; x_wconf 79' lang='grc' dir='ltr'>ὕστερον</span> <span class='ocrx_word' id='word_1_454' title='bbox 1597 1518 1713 1554; x_wconf 75' lang='grc' dir='ltr'>καθιστᾷ</span> <span class='ocrx_word' id='word_1_455' title='bbox 1730 1517 1828 1545; x_wconf 84' lang='grc' dir='ltr'>τοῦτον</span> 
     </span>
    </p>
   </div>
   <div class='ocr_carea' id='block_1_64' title="bbox 1034 1563 1825 1604">
    <p class='ocr_par' dir='ltr' id='par_1_64' title="bbox 1034 1563 1825 1604">
     <span class='ocr_line' id='line_1_64' title="bbox 1034 1563 1825 1604; baseline -0.006 -10"><span class='ocrx_word' id='word_1_456' title='bbox 1034 1567 1233 1604; x_wconf 71' lang='grc' dir='ltr'>πρεσϐύτερον,</span> <span class='ocrx_word' id='word_1_457' title='bbox 1256 1565 1287 1593; x_wconf 86' lang='grc' dir='ltr'><strong>τό</strong></span> <span class='ocrx_word' id='word_1_458' title='bbox 1310 1574 1340 1592; x_wconf 83' lang='grc' dir='ltr'><strong>τε</strong></span> <span class='ocrx_word' id='word_1_459' title='bbox 1367 1565 1530 1600; x_wconf 81' lang='grc' dir='ltr'>ξενοδοχεῖον</span> <span class='ocrx_word' id='word_1_460' title='bbox 1551 1563 1626 1599; x_wconf 85' lang='grc' dir='ltr'><strong>αὺτῷ</strong></span> <span class='ocrx_word' id='word_1_461' title='bbox 1650 1563 1825 1599; x_wconf 79' lang='grc' dir='ltr'>ὲμπιστεύει,</span> 
     </span>
    </p>
   </div>
   <div class='ocr_carea' id='block_1_65' title="bbox 1031 1609 1830 1648">
    <p class='ocr_par' dir='ltr' id='par_1_65' title="bbox 1031 1609 1830 1648">
     <span class='ocr_line' id='line_1_65' title="bbox 1031 1609 1830 1648; baseline -0.006 -8"><span class='ocrx_word' id='word_1_462' title='bbox 1031 1613 1098 1648; x_wconf 77' lang='grc' dir='ltr'>ὅπερ</span> <span class='ocrx_word' id='word_1_463' title='bbox 1108 1613 1137 1639; x_wconf 83' lang='grc' dir='ltr'>ἐν</span> <span class='ocrx_word' id='word_1_464' title='bbox 1148 1612 1186 1647; x_wconf 81' lang='grc' dir='ltr'>τῷ</span> <span class='ocrx_word' id='word_1_465' title='bbox 1194 1612 1288 1647; x_wconf 80' lang='grc' dir='ltr'>Πόντῳ</span> <span class='ocrx_word' id='word_1_466' title='bbox 1296 1611 1418 1638; x_wconf 84' lang='grc' dir='ltr'>καλεῖται</span> <span class='ocrx_word' id='word_1_467' title='bbox 1429 1610 1484 1646; x_wconf 71' lang='grc'><strong>(72)</strong></span> <span class='ocrx_word' id='word_1_468' title='bbox 1494 1611 1720 1645; x_wconf 82' lang='grc' dir='ltr'>πτωχοτροφεῖον.</span> <span class='ocrx_word' id='word_1_469' title='bbox 1729 1609 1830 1636; x_wconf 69' lang='grc' dir='ltr'>Τοιαῦ-</span> 
     </span>
    </p>
   </div>
   <div class='ocr_carea' id='block_1_66' title="bbox 189 1654 977 1693">
    <p class='ocr_par' dir='ltr' id='par_1_66' title="bbox 189 1654 977 1689">
     <span class='ocr_line' id='line_1_66' title="bbox 189 1654 977 1689; baseline 0.003 -8"><span class='ocrx_word' id='word_1_470' title='bbox 189 1655 287 1689; x_wconf 89' lang='lat' dir='ltr'><strong>potuit.</strong></span> <span class='ocrx_word' id='word_1_471' title='bbox 317 1654 388 1682; x_wconf 87' lang='lat' dir='ltr'><strong>Hinc</strong></span> <span class='ocrx_word' id='word_1_472' title='bbox 413 1655 540 1683; x_wconf 87' lang='lat' dir='ltr'><strong>simultas</strong></span> <span class='ocrx_word' id='word_1_473' title='bbox 561 1663 595 1683; x_wconf 85' lang='lat' dir='ltr'><strong>ex</strong></span> <span class='ocrx_word' id='word_1_474' title='bbox 614 1655 788 1684; x_wconf 68' lang='lat' dir='ltr'><strong>aemulatione</strong></span> <span class='ocrx_word' id='word_1_475' title='bbox 805 1654 977 1683; x_wconf 84' lang='lat' dir='ltr'><strong>conﬂata.Et</strong></span> 
     </span>
    </p>
   </div>
   <div class='ocr_carea' id='block_1_67' title="bbox 1033 1654 1828 1693">
    <p class='ocr_par' dir='ltr' id='par_1_67' title="bbox 1033 1655 1828 1693">
     <span class='ocr_line' id='line_1_67' title="bbox 1033 1655 1828 1693; baseline -0.003 -9"><span class='ocrx_word' id='word_1_476' title='bbox 1033 1664 1066 1685; x_wconf 75' lang='grc' dir='ltr'>ια’</span> <span class='ocrx_word' id='word_1_477' title='bbox 1078 1657 1132 1693; x_wconf 84' lang='grc' dir='ltr'><strong>γάρ</strong></span> <span class='ocrx_word' id='word_1_478' title='bbox 1155 1666 1216 1684; x_wconf 89' lang='grc' dir='ltr'>τινα</span> <span class='ocrx_word' id='word_1_479' title='bbox 1230 1657 1465 1687; x_wconf 76' lang='grc' dir='ltr'>κατασκευάζουσι</span> <span class='ocrx_word' id='word_1_480' title='bbox 1489 1656 1559 1683; x_wconf 74' lang='grc' dir='ltr'>κατὰ</span> <span class='ocrx_word' id='word_1_481' title='bbox 1585 1655 1755 1691; x_wconf 74' lang='grc' dir='ltr'>φιλοξενίαν·</span> <span class='ocrx_word' id='word_1_482' title='bbox 1779 1657 1828 1683; x_wconf 74' lang='grc' dir='ltr'><strong>καὶ</strong></span> 
     </span>
    </p>
   </div>
   <div class='ocr_carea' id='block_1_68' title="bbox 190 1700 977 1738">
    <p class='ocr_par' dir='ltr' id='par_1_68' title="bbox 190 1700 977 1737">
     <span class='ocr_line' id='line_1_68' title="bbox 190 1700 977 1737; baseline 0.003 -10"><span class='ocrx_word' id='word_1_483' title='bbox 190 1700 299 1735; x_wconf 87' lang='lat' dir='ltr'><strong>quidem</strong></span> <span class='ocrx_word' id='word_1_484' title='bbox 328 1700 487 1729; x_wconf 85' lang='lat' dir='ltr'><strong>Eustathius</strong></span> <span class='ocrx_word' id='word_1_485' title='bbox 513 1701 596 1729; x_wconf 80' lang='lat' dir='ltr'><strong>Aerio</strong></span> <span class='ocrx_word' id='word_1_486' title='bbox 623 1701 772 1737; x_wconf 91' lang='lat' dir='ltr'><strong>plurimum</strong></span> <span class='ocrx_word' id='word_1_487' title='bbox 798 1701 939 1737; x_wconf 73' lang='lat' dir='ltr'><strong>indulgere</strong></span> <span class='ocrx_word' id='word_1_488' title='bbox 953 1706 977 1729; x_wconf 84' lang='lat' dir='ltr'><strong>el</strong></span> 
     </span>
    </p>
   </div>
   <div class='ocr_carea' id='block_1_69' title="bbox 1033 1700 1830 1738">
    <p class='ocr_par' dir='ltr' id='par_1_69' title="bbox 1033 1701 1830 1738">
     <span class='ocr_line' id='line_1_69' title="bbox 1033 1701 1830 1738; baseline -0.001 -9"><span class='ocrx_word' id='word_1_489' title='bbox 1033 1704 1091 1735; x_wconf 75' lang='grc' dir='ltr'>τοὺς</span> <span class='ocrx_word' id='word_1_490' title='bbox 1103 1702 1311 1738; x_wconf 80' lang='grc' dir='ltr'>-λελωὸημένους</span> <span class='ocrx_word' id='word_1_491' title='bbox 1326 1702 1373 1730; x_wconf 78' lang='grc' dir='ltr'>καὶ</span> <span class='ocrx_word' id='word_1_492' title='bbox 1390 1701 1536 1733; x_wconf 81' lang='grc' dir='ltr'>ἀδυνάτους</span> <span class='ocrx_word' id='word_1_493' title='bbox 1548 1701 1602 1737; x_wconf 82' lang='grc'><strong>(75)</strong></span> <span class='ocrx_word' id='word_1_494' title='bbox 1618 1703 1706 1728; x_wconf 79' lang='grc' dir='ltr'>ἐκεῖσε</span> <span class='ocrx_word' id='word_1_495' title='bbox 1719 1701 1830 1728; x_wconf 80' lang='grc' dir='ltr'>ποιοῦν-</span> 
     </span>
    </p>
   </div>
   <div class='ocr_carea' id='block_1_70' title="bbox 190 1747 977 1785">
    <p class='ocr_par' dir='ltr' id='par_1_70' title="bbox 190 1747 977 1783">
     <span class='ocr_line' id='line_1_70' title="bbox 190 1747 977 1783; baseline 0.003 -10"><span class='ocrx_word' id='word_1_496' title='bbox 190 1747 317 1776; x_wconf 85' lang='lat' dir='ltr'><strong>addictus</strong></span> <span class='ocrx_word' id='word_1_497' title='bbox 330 1755 391 1776; x_wconf 88' lang='lat' dir='ltr'><strong>esse</strong></span> <span class='ocrx_word' id='word_1_498' title='bbox 405 1749 481 1776; x_wconf 92' lang='lat' dir='ltr'><strong>visus</strong></span> <span class='ocrx_word' id='word_1_499' title='bbox 500 1753 551 1776; x_wconf 88' lang='lat' dir='ltr'><strong>est.</strong></span> <span class='ocrx_word' id='word_1_500' title='bbox 564 1747 632 1775; x_wconf 87' lang='lat' dir='ltr'><strong>Nam</strong></span> <span class='ocrx_word' id='word_1_501' title='bbox 649 1752 676 1776; x_wconf 88' lang='lat' dir='ltr'><strong>et</strong></span> <span class='ocrx_word' id='word_1_502' title='bbox 703 1748 894 1783; x_wconf 83' lang='lat' dir='ltr'><strong>presbyterum</strong></span> <span class='ocrx_word' id='word_1_503' title='bbox 909 1748 977 1775; x_wconf 76' lang='lat' dir='ltr'><strong>hunc</strong></span> 
     </span>
    </p>
   </div>
   <div class='ocr_carea' id='block_1_71' title="bbox 1033 1747 1828 1785">
    <p class='ocr_par' dir='ltr' id='par_1_71' title="bbox 1034 1747 1828 1785">
     <span class='ocr_line' id='line_1_71' title="bbox 1034 1747 1828 1785; baseline -0.004 -9"><span class='ocrx_word' id='word_1_504' title='bbox 1034 1758 1080 1781; x_wconf 83' lang='grc' dir='ltr'>τες</span> <span class='ocrx_word' id='word_1_505' title='bbox 1095 1749 1270 1785; x_wconf 79' lang='grc' dir='ltr'>καταμένειν,</span> <span class='ocrx_word' id='word_1_506' title='bbox 1288 1747 1484 1784; x_wconf 84' lang='grc' dir='ltr'>ὲπιχορηγοῦσι</span> <span class='ocrx_word' id='word_1_507' title='bbox 1507 1748 1578 1775; x_wconf 85' lang='grc' dir='ltr'>κατὰ</span> <span class='ocrx_word' id='word_1_508' title='bbox 1595 1747 1710 1783; x_wconf 80' lang='grc' dir='ltr'>δύναμιν</span> <span class='ocrx_word' id='word_1_509' title='bbox 1733 1748 1757 1774; x_wconf 69' lang='grc' dir='ltr'>οἱ</span> <span class='ocrx_word' id='word_1_510' title='bbox 1772 1747 1828 1774; x_wconf 77' lang='grc' dir='ltr'>τῶν</span> 
     </span>
    </p>
   </div>
   <div class='ocr_carea' id='block_1_72' title="bbox 190 1793 982 1829">
    <p class='ocr_par' dir='ltr' id='par_1_72' title="bbox 190 1793 982 1829">
     <span class='ocr_line' id='line_1_72' title="bbox 190 1793 982 1829; baseline 0.003 -11"><span class='ocrx_word' id='word_1_511' title='bbox 190 1796 286 1826; x_wconf 75' lang='lat' dir='ltr'><strong>postea</strong></span> <span class='ocrx_word' id='word_1_512' title='bbox 304 1793 416 1825; x_wconf 88' lang='lat' dir='ltr'><strong>creavit,</strong></span> <span class='ocrx_word' id='word_1_513' title='bbox 433 1793 639 1825; x_wconf 75' lang='lat' dir='ltr'><strong>etxenodocbii,</strong></span> <span class='ocrx_word' id='word_1_514' title='bbox 657 1793 730 1829; x_wconf 90' lang='lat' dir='ltr'><strong>quod</strong></span> <span class='ocrx_word' id='word_1_515' title='bbox 746 1793 982 1828; x_wconf 89' lang='lat' dir='ltr'><strong>ptochotropltium</strong></span> 
     </span>
    </p>
   </div>
   <div class='ocr_carea' id='block_1_73' title="bbox 1040 1795 1388 1831">
    <p class='ocr_par' dir='ltr' id='par_1_73' title="bbox 1040 1795 1388 1831">
     <span class='ocr_line' id='line_1_73' title="bbox 1040 1795 1388 1831; baseline -0.003 -9"><span class='ocrx_word' id='word_1_516' title='bbox 1040 1795 1209 1831; x_wconf 80' lang='grc' dir='ltr'>Ἐκκλησιῶν</span> <span class='ocrx_word' id='word_1_517' title='bbox 1226 1795 1388 1831; x_wconf 85' lang='grc' dir='ltr'>προστάται.</span> 
     </span>
    </p>
   </div>
   <div class='ocr_carea' id='block_1_74' title="bbox 189 1838 1828 1878">
    <p class='ocr_par' dir='ltr' id='par_1_74' title="bbox 189 1838 1828 1878">
     <span class='ocr_line' id='line_1_74' title="bbox 189 1838 1828 1878; baseline 0.001 -12"><span class='ocrx_word' id='word_1_518' title='bbox 189 1838 221 1867; x_wconf 87' lang='lat' dir='ltr'><strong>in</strong></span> <span class='ocrx_word' id='word_1_519' title='bbox 240 1840 327 1867; x_wconf 84' lang='lat' dir='ltr'><strong>Ponto</strong></span> <span class='ocrx_word' id='word_1_520' title='bbox 349 1845 472 1873; x_wconf 82' lang='lat' dir='ltr'><strong>vocatur,</strong></span> <span class='ocrx_word' id='word_1_521' title='bbox 496 1848 589 1868; x_wconf 89' lang='lat' dir='ltr'><strong>curam</strong></span> <span class='ocrx_word' id='word_1_522' title='bbox 615 1841 640 1868; x_wconf 89' lang='lat' dir='ltr'><strong>ei</strong></span> <span class='ocrx_word' id='word_1_523' title='bbox 660 1841 806 1869; x_wconf 84' lang='lat' dir='ltr'><strong>commisit.</strong></span> <span class='ocrx_word' id='word_1_524' title='bbox 833 1840 975 1876; x_wconf 85' lang='lat' dir='ltr'><strong>Ejusmodi</strong></span> <span class='ocrx_word' id='word_1_525' title='bbox 997 1843 1097 1878; x_wconf 89' lang='lat' dir='ltr'><strong>quippe</strong></span> <span class='ocrx_word' id='word_1_526' title='bbox 1123 1843 1263 1871; x_wconf 87' lang='lat' dir='ltr'><strong>domicilia</strong></span> <span class='ocrx_word' id='word_1_527' title='bbox 1290 1851 1346 1878; x_wconf 66' lang='lat' dir='ltr'><strong>prae</strong></span> <span class='ocrx_word' id='word_1_528' title='bbox 1370 1850 1463 1871; x_wconf 88' lang='lat' dir='ltr'><strong>amore</strong></span> <span class='ocrx_word' id='word_1_529' title='bbox 1493 1849 1556 1878; x_wconf 76' lang='lat' dir='ltr'><strong>erga</strong></span> <span class='ocrx_word' id='word_1_530' title='bbox 1584 1841 1706 1877; x_wconf 88' lang='lat' dir='ltr'><strong>hospites</strong></span> <span class='ocrx_word' id='word_1_531' title='bbox 1727 1841 1761 1868; x_wconf 88' lang='lat' dir='ltr'><strong>ab</strong></span> <span class='ocrx_word' id='word_1_532' title='bbox 1776 1840 1828 1868; x_wconf 85' lang='lat' dir='ltr'><strong>Ec-</strong></span> 
     </span>
    </p>
   </div>
   <div class='ocr_carea' id='block_1_75' title="bbox 192 1885 1827 1922">
    <p class='ocr_par' dir='ltr' id='par_1_75' title="bbox 192 1885 1827 1922">
     <span class='ocr_line' id='line_1_75' title="bbox 192 1885 1827 1922; baseline -0.002 -8"><span class='ocrx_word' id='word_1_533' title='bbox 192 1887 339 1914; x_wconf 83' lang='lat' dir='ltr'><strong>clesiarum</strong></span> <span class='ocrx_word' id='word_1_534' title='bbox 357 1885 526 1914; x_wconf 86' lang='lat' dir='ltr'><strong>antistitibus</strong></span> <span class='ocrx_word' id='word_1_535' title='bbox 545 1886 658 1913; x_wconf 83' lang='lat' dir='ltr'><strong>excitari</strong></span> <span class='ocrx_word' id='word_1_536' title='bbox 685 1886 790 1919; x_wconf 83' lang='lat' dir='ltr'><strong>solent;</strong></span> <span class='ocrx_word' id='word_1_537' title='bbox 812 1886 840 1912; x_wconf 92' lang='lat' dir='ltr'><strong>in</strong></span> <span class='ocrx_word' id='word_1_538' title='bbox 865 1886 967 1921; x_wconf 91' lang='lat' dir='ltr'><strong>quibus</strong></span> <span class='ocrx_word' id='word_1_539' title='bbox 987 1889 1126 1916; x_wconf 84' lang='lat' dir='ltr'><strong>mutilatos</strong></span> <span class='ocrx_word' id='word_1_540' title='bbox 1153 1893 1181 1916; x_wconf 89' lang='lat' dir='ltr'><strong>et</strong></span> <span class='ocrx_word' id='word_1_541' title='bbox 1201 1888 1352 1916; x_wconf 86' lang='lat' dir='ltr'><strong>imbecillos</strong></span> <span class='ocrx_word' id='word_1_542' title='bbox 1379 1887 1526 1919; x_wconf 81' lang='lat' dir='ltr'><strong>collocant,</strong></span> <span class='ocrx_word' id='word_1_543' title='bbox 1553 1887 1642 1922; x_wconf 82' lang='lat' dir='ltr'><strong>iisque</strong></span> <span class='ocrx_word' id='word_1_544' title='bbox 1669 1886 1704 1913; x_wconf 88' lang='lat' dir='ltr'><strong>ad</strong></span> <span class='ocrx_word' id='word_1_545' title='bbox 1724 1885 1827 1913; x_wconf 88' lang='lat' dir='ltr'><strong>victum</strong></span> 
     </span>
    </p>
   </div>
   <div class='ocr_carea' id='block_1_76' title="bbox 193 1931 706 1966">
    <p class='ocr_par' dir='ltr' id='par_1_76' title="bbox 193 1931 706 1966">
     <span class='ocr_line' id='line_1_76' title="bbox 193 1931 706 1966; baseline -0.002 -7"><span class='ocrx_word' id='word_1_546' title='bbox 193 1932 348 1959; x_wconf 81' lang='lat' dir='ltr'><strong>necessaria</strong></span> <span class='ocrx_word' id='word_1_547' title='bbox 362 1939 410 1966; x_wconf 84' lang='lat' dir='ltr'><strong>pro</strong></span> <span class='ocrx_word' id='word_1_548' title='bbox 428 1931 500 1958; x_wconf 81' lang='lat' dir='ltr'><strong>virili</strong></span> <span class='ocrx_word' id='word_1_549' title='bbox 520 1931 706 1966; x_wconf 88' lang='lat' dir='ltr'><strong>suppeditant.</strong></span> 
     </span>
    </p>
   </div>
   <div class='ocr_carea' id='block_1_77' title="bbox 229 1977 984 2006">
    <p class='ocr_par' dir='ltr' id='par_1_77' title="bbox 229 1977 984 2006">
     <span class='ocr_line' id='line_1_77' title="bbox 229 1977 984 2006; baseline 0.001 -2"><span class='ocrx_word' id='word_1_550' title='bbox 229 1978 261 2005; x_wconf 88' lang='lat' dir='ltr'><strong>ll.</strong></span> <span class='ocrx_word' id='word_1_551' title='bbox 277 1977 329 2005; x_wconf 87' lang='lat' dir='ltr'><strong>Sed</strong></span> <span class='ocrx_word' id='word_1_552' title='bbox 348 1986 410 2004; x_wconf 79' lang='lat' dir='ltr'><strong>cum</strong></span> <span class='ocrx_word' id='word_1_553' title='bbox 429 1977 533 2004; x_wconf 91' lang='lat' dir='ltr'><strong>nullum</strong></span> <span class='ocrx_word' id='word_1_554' title='bbox 551 1977 730 2005; x_wconf 82' lang='lat' dir='ltr'><strong>succensendi</strong></span> <span class='ocrx_word' id='word_1_555' title='bbox 747 1977 856 2005; x_wconf 92' lang='lat' dir='ltr'><strong>modum</strong></span> <span class='ocrx_word' id='word_1_556' title='bbox 883 1977 984 2006; x_wconf 82' lang='lat' dir='ltr'><strong>faceret</strong></span> 
     </span>
    </p>
   </div>
   <div class='ocr_carea' id='block_1_78' title="bbox 192 2023 979 2059">
    <p class='ocr_par' dir='ltr' id='par_1_78' title="bbox 192 2023 979 2059">
     <span class='ocr_line' id='line_1_78' title="bbox 192 2023 979 2059; baseline 0.001 -8"><span class='ocrx_word' id='word_1_557' title='bbox 192 2024 300 2055; x_wconf 80' lang='lat' dir='ltr'><strong>Acrius,</strong></span> <span class='ocrx_word' id='word_1_558' title='bbox 327 2023 391 2050; x_wconf 74' lang='lat' dir='ltr'><strong>rixae</strong></span> <span class='ocrx_word' id='word_1_559' title='bbox 421 2030 452 2050; x_wconf 89' lang='lat' dir='ltr'><strong>ac</strong></span> <span class='ocrx_word' id='word_1_560' title='bbox 469 2023 559 2059; x_wconf 80' lang='lat' dir='ltr'><strong>jurgia</strong></span> <span class='ocrx_word' id='word_1_561' title='bbox 582 2024 609 2051; x_wconf 88' lang='lat' dir='ltr'><strong>in</strong></span> <span class='ocrx_word' id='word_1_562' title='bbox 639 2023 698 2051; x_wconf 85' lang='lat' dir='ltr'><strong>dies</strong></span> <span class='ocrx_word' id='word_1_563' title='bbox 725 2024 926 2059; x_wconf 75' lang='lat' dir='ltr'><strong>ingravescere,</strong></span> <span class='ocrx_word' id='word_1_564' title='bbox 946 2035 979 2056; x_wconf 81' lang='lat' dir='ltr'><strong>ac</strong></span> 
     </span>
    </p>
   </div>
   <div class='ocr_carea' id='block_1_79' title="bbox 192 2068 983 2106">
    <p class='ocr_par' dir='ltr' id='par_1_79' title="bbox 192 2068 983 2106">
     <span class='ocr_line' id='line_1_79' title="bbox 192 2068 983 2106; baseline 0 -10"><span class='ocrx_word' id='word_1_565' title='bbox 192 2073 294 2106; x_wconf 64' lang='lat' dir='ltr'><strong>mutuae</strong></span> <span class='ocrx_word' id='word_1_566' title='bbox 313 2068 466 2096; x_wconf 80' lang='lat' dir='ltr'><strong>simultates</strong></span> <span class='ocrx_word' id='word_1_567' title='bbox 482 2069 585 2103; x_wconf 84' lang='lat' dir='ltr'><strong>augeri.</strong></span> <span class='ocrx_word' id='word_1_568' title='bbox 606 2068 645 2096; x_wconf 80' lang='lat' dir='ltr'><strong>Ad</strong></span> <span class='ocrx_word' id='word_1_569' title='bbox 673 2069 730 2095; x_wconf 68' lang='lat' dir='ltr'><strong>haec</strong></span> <span class='ocrx_word' id='word_1_570' title='bbox 748 2069 859 2104; x_wconf 87' lang='lat' dir='ltr'><strong>pessimi</strong></span> <span class='ocrx_word' id='word_1_571' title='bbox 874 2069 983 2104; x_wconf 85' lang='lat' dir='ltr'><strong>quidam</strong></span> 
     </span>
    </p>
   </div>
   <div class='ocr_carea' id='block_1_80' title="bbox 193 2114 984 2145">
    <p class='ocr_par' dir='ltr' id='par_1_80' title="bbox 193 2114 984 2145">
     <span class='ocr_line' id='line_1_80' title="bbox 193 2114 984 2145; baseline 0 -3"><span class='ocrx_word' id='word_1_572' title='bbox 193 2123 317 2143; x_wconf 89' lang='lat' dir='ltr'><strong>rumores</strong></span> <span class='ocrx_word' id='word_1_573' title='bbox 331 2120 354 2143; x_wconf 87' lang='lat' dir='ltr'><strong>et</strong></span> <span class='ocrx_word' id='word_1_574' title='bbox 369 2114 512 2142; x_wconf 74' lang='lat' dir='ltr'><strong>calumnia:</strong></span> <span class='ocrx_word' id='word_1_575' title='bbox 527 2114 658 2142; x_wconf 82' lang='lat' dir='ltr'><strong>adversus</strong></span> <span class='ocrx_word' id='word_1_576' title='bbox 672 2114 844 2142; x_wconf 87' lang='lat' dir='ltr'><strong>Eustathiqu</strong></span> <span class='ocrx_word' id='word_1_577' title='bbox 860 2115 894 2145; x_wconf 81' lang='lat' dir='ltr'><strong>ab</strong></span> <span class='ocrx_word' id='word_1_578' title='bbox 904 2115 984 2142; x_wconf 85' lang='lat' dir='ltr'><strong>Aerio</strong></span> 
     </span>
    </p>
   </div>
   <div class='ocr_carea' id='block_1_81' title="bbox 193 2158 983 2196">
    <p class='ocr_par' dir='ltr' id='par_1_81' title="bbox 193 2158 983 2196">
     <span class='ocr_line' id='line_1_81' title="bbox 193 2158 983 2196; baseline 0 -8"><span class='ocrx_word' id='word_1_579' title='bbox 193 2161 294 2196; x_wconf 82' lang='lat' dir='ltr'><strong>spargi.</strong></span> <span class='ocrx_word' id='word_1_580' title='bbox 318 2159 428 2187; x_wconf 82' lang='lat' dir='ltr'><strong>interim</strong></span> <span class='ocrx_word' id='word_1_581' title='bbox 453 2158 613 2186; x_wconf 75' lang='lat' dir='ltr'><strong>Eustathius</strong></span> <span class='ocrx_word' id='word_1_582' title='bbox 628 2160 775 2195; x_wconf 86' lang='lat' dir='ltr'><strong>episcopus</strong></span> <span class='ocrx_word' id='word_1_583' title='bbox 789 2163 933 2187; x_wconf 85' lang='lat' dir='ltr'><strong>evocatum</strong></span> <span class='ocrx_word' id='word_1_584' title='bbox 948 2160 983 2188; x_wconf 88' lang='lat' dir='ltr'><strong>ad</strong></span> 
     </span>
    </p>
   </div>
   <div class='ocr_carea' id='block_1_82' title="bbox 1069 1974 1826 2012">
    <p class='ocr_par' dir='ltr' id='par_1_82' title="bbox 1069 1974 1826 2012">
     <span class='ocr_line' id='line_1_82' title="bbox 1069 1974 1826 2012; baseline -0.001 -9"><span class='ocrx_word' id='word_1_585' title='bbox 1069 1977 1105 2004; x_wconf 93' lang='lat' dir='ltr'><strong>B&#39;.</strong></span> <span class='ocrx_word' id='word_1_586' title='bbox 1132 1977 1208 2003; x_wconf 80' lang='grc' dir='ltr'>Ἐπεὶ</span> <span class='ocrx_word' id='word_1_587' title='bbox 1223 1975 1270 2004; x_wconf 71' lang='grc' dir='ltr'>οὖν</span> <span class='ocrx_word' id='word_1_588' title='bbox 1285 1978 1301 2012; x_wconf 84' lang='grc' dir='ltr'>ἡ</span> <span class='ocrx_word' id='word_1_589' title='bbox 1320 1977 1401 2012; x_wconf 78' lang='grc' dir='ltr'>μῆνις</span> <span class='ocrx_word' id='word_1_590' title='bbox 1415 1976 1462 2003; x_wconf 75' lang='grc' dir='ltr'><strong>ἀπ’</strong></span> <span class='ocrx_word' id='word_1_591' title='bbox 1475 1974 1556 2003; x_wconf 83' lang='grc' dir='ltr'>αὐτοῦ</span> <span class='ocrx_word' id='word_1_592' title='bbox 1566 1975 1606 2001; x_wconf 74' lang='grc' dir='ltr'>οὐ</span> <span class='ocrx_word' id='word_1_593' title='bbox 1623 1975 1752 2007; x_wconf 84' lang='grc' dir='ltr'>διέΑειπε,</span> <span class='ocrx_word' id='word_1_594' title='bbox 1765 1975 1826 2002; x_wconf 80' lang='grc' dir='ltr'>καθ’</span> 
     </span>
    </p>
   </div>
   <div class='ocr_carea' id='block_1_83' title="bbox 1033 2020 1826 2058">
    <p class='ocr_par' dir='ltr' id='par_1_83' title="bbox 1033 2020 1826 2058">
     <span class='ocr_line' id='line_1_83' title="bbox 1033 2020 1826 2058; baseline -0.004 -9"><span class='ocrx_word' id='word_1_595' title='bbox 1033 2023 1153 2058; x_wconf 82' lang='grc' dir='ltr'>ἑκάστην</span> <span class='ocrx_word' id='word_1_596' title='bbox 1175 2023 1282 2058; x_wconf 79' lang='grc' dir='ltr'>ἡμέραν</span> <span class='ocrx_word' id='word_1_597' title='bbox 1302 2022 1419 2057; x_wconf 74' lang='grc' dir='ltr'>ηΰξανον</span> <span class='ocrx_word' id='word_1_598' title='bbox 1442 2022 1466 2048; x_wconf 88' lang='grc' dir='ltr'>οἱ</span> <span class='ocrx_word' id='word_1_599' title='bbox 1487 2021 1573 2054; x_wconf 81' lang='grc' dir='ltr'>λόγοι,</span> <span class='ocrx_word' id='word_1_600' title='bbox 1596 2021 1644 2047; x_wconf 77' lang='grc' dir='ltr'>καὶ</span> <span class='ocrx_word' id='word_1_601' title='bbox 1663 2020 1826 2056; x_wconf 80' lang='grc' dir='ltr'>προέϐαινεν</span> 
     </span>
    </p>
   </div>
   <div class='ocr_carea' id='block_1_84' title="bbox 1032 2065 1827 2104">
    <p class='ocr_par' dir='ltr' id='par_1_84' title="bbox 1032 2065 1827 2104">
     <span class='ocr_line' id='line_1_84' title="bbox 1032 2065 1827 2104; baseline -0.003 -9"><span class='ocrx_word' id='word_1_602' title='bbox 1032 2069 1168 2104; x_wconf 80' lang='grc' dir='ltr'>ἀναμέσον</span> <span class='ocrx_word' id='word_1_603' title='bbox 1186 2067 1276 2094; x_wconf 76' lang='grc' dir='ltr'>αὐτῶν</span> <span class='ocrx_word' id='word_1_604' title='bbox 1293 2068 1306 2093; x_wconf 86' lang='grc' dir='ltr'>ὁ</span> <span class='ocrx_word' id='word_1_605' title='bbox 1327 2067 1417 2102; x_wconf 80' lang='grc' dir='ltr'>ζῆλος,</span> <span class='ocrx_word' id='word_1_606' title='bbox 1439 2067 1512 2101; x_wconf 84' lang='grc' dir='ltr'>λόγοι</span> <span class='ocrx_word' id='word_1_607' title='bbox 1534 2075 1564 2092; x_wconf 87' lang='grc' dir='ltr'><strong>τε</strong></span> <span class='ocrx_word' id='word_1_608' title='bbox 1582 2066 1633 2092; x_wconf 80' lang='grc' dir='ltr'>οὐκ</span> <span class='ocrx_word' id='word_1_609' title='bbox 1654 2065 1753 2100; x_wconf 76' lang='grc' dir='ltr'>ἀγαθοὶ</span> <span class='ocrx_word' id='word_1_610' title='bbox 1780 2066 1827 2093; x_wconf 77' lang='grc' dir='ltr'>καὶ</span> 
     </span>
    </p>
   </div>
   <div class='ocr_carea' id='block_1_85' title="bbox 1032 2111 1824 2148">
    <p class='ocr_par' dir='ltr' id='par_1_85' title="bbox 1032 2111 1824 2148">
     <span class='ocr_line' id='line_1_85' title="bbox 1032 2111 1824 2148; baseline -0.006 -6"><span class='ocrx_word' id='word_1_611' title='bbox 1032 2114 1154 2142; x_wconf 74' lang='grc' dir='ltr'>διαὸολαὶ</span> <span class='ocrx_word' id='word_1_612' title='bbox 1174 2114 1226 2141; x_wconf 81' lang='grc' dir='ltr'><strong>ὑπὸ</strong></span> <span class='ocrx_word' id='word_1_613' title='bbox 1242 2113 1288 2140; x_wconf 76' lang='grc' dir='ltr'>τοῦ</span> <span class='ocrx_word' id='word_1_614' title='bbox 1304 2114 1409 2148; x_wconf 81' lang='grc' dir='ltr'>Ἀερίου</span> <span class='ocrx_word' id='word_1_615' title='bbox 1431 2113 1502 2140; x_wconf 81' lang='grc' dir='ltr'>κατὰ</span> <span class='ocrx_word' id='word_1_616' title='bbox 1521 2111 1672 2139; x_wconf 82' lang='grc' dir='ltr'>Εὑσταθίου</span> <span class='ocrx_word' id='word_1_617' title='bbox 1695 2112 1824 2146; x_wconf 75' lang='grc' dir='ltr'>ἐγίνοντο.</span> 
     </span>
    </p>
   </div>
   <div class='ocr_carea' id='block_1_86' title="bbox 1038 2157 1828 2194">
    <p class='ocr_par' dir='ltr' id='par_1_86' title="bbox 1038 2157 1828 2194">
     <span class='ocr_line' id='line_1_86' title="bbox 1038 2157 1828 2194; baseline -0.005 -7"><span class='ocrx_word' id='word_1_618' title='bbox 1038 2160 1067 2188; x_wconf 80' lang='grc'><strong>’0</strong></span> <span class='ocrx_word' id='word_1_619' title='bbox 1077 2160 1105 2187; x_wconf 79' lang='grc' dir='ltr'>δὲ</span> <span class='ocrx_word' id='word_1_620' title='bbox 1117 2160 1265 2191; x_wconf 79' lang='grc' dir='ltr'>ἐπίσκοπος</span> <span class='ocrx_word' id='word_1_621' title='bbox 1281 2159 1441 2191; x_wconf 77' lang='grc' dir='ltr'>Εὐστάθιος,</span> <span class='ocrx_word' id='word_1_622' title='bbox 1459 2157 1696 2194; x_wconf 79' lang='grc' dir='ltr'>μετακαλούμενος</span> <span class='ocrx_word' id='word_1_623' title='bbox 1708 2157 1755 2183; x_wconf 71' lang='grc' dir='ltr'>τὸν</span> <span class='ocrx_word' id='word_1_624' title='bbox 1770 2157 1828 2184; x_wconf 79' lang='grc' dir='ltr'><strong>Ἀέ-</strong></span> 
     </span>
    </p>
   </div>
   <div class='ocr_carea' id='block_1_87' title="bbox 195 2197 977 2241">
    <p class='ocr_par' dir='ltr' id='par_1_87' title="bbox 195 2204 977 2237">
     <span class='ocr_line' id='line_1_87' title="bbox 195 2204 977 2237; baseline -0.003 -4"><span class='ocrx_word' id='word_1_625' title='bbox 195 2213 256 2233; x_wconf 86' lang='lat' dir='ltr'><strong>sese</strong></span> <span class='ocrx_word' id='word_1_626' title='bbox 271 2205 382 2233; x_wconf 86' lang='lat' dir='ltr'><strong>Aerium</strong></span> <span class='ocrx_word' id='word_1_627' title='bbox 396 2205 526 2237; x_wconf 87' lang='lat' dir='ltr'><strong>mulcere,</strong></span> <span class='ocrx_word' id='word_1_628' title='bbox 541 2204 693 2236; x_wconf 84' lang='lat' dir='ltr'><strong>adhortari,</strong></span> <span class='ocrx_word' id='word_1_629' title='bbox 708 2204 977 2237; x_wconf 83' lang='lat' dir='ltr'><strong>comminari,irasei,</strong></span> 
     </span>
    </p>
   </div>
   <div class='ocr_carea' id='block_1_88' title="bbox 1033 2197 1828 2241">
    <p class='ocr_par' dir='ltr' id='par_1_88' title="bbox 1037 2203 1828 2241">
     <span class='ocr_line' id='line_1_88' title="bbox 1037 2203 1828 2241; baseline -0.004 -9"><span class='ocrx_word' id='word_1_630' title='bbox 1037 2214 1102 2241; x_wconf 85' lang='grc' dir='ltr'>ριον,</span> <span class='ocrx_word' id='word_1_631' title='bbox 1121 2204 1254 2237; x_wconf 77' lang='grc' dir='ltr'>ἐθώπευε,</span> <span class='ocrx_word' id='word_1_632' title='bbox 1272 2205 1399 2240; x_wconf 77' lang='grc' dir='ltr'>παρῄνει.</span> <span class='ocrx_word' id='word_1_633' title='bbox 1416 2204 1523 2239; x_wconf 77' lang='grc' dir='ltr'>ἠπείλει</span> <span class='ocrx_word' id='word_1_634' title='bbox 1535 2224 1542 2236; x_wconf 87' lang='grc'><strong>,</strong></span> <span class='ocrx_word' id='word_1_635' title='bbox 1566 2203 1742 2238; x_wconf 76' lang='grc' dir='ltr'>ἐνεῦριμᾶτο,</span> <span class='ocrx_word' id='word_1_636' title='bbox 1759 2211 1828 2239; x_wconf 86' lang='grc' dir='ltr'>παρ-</span> 
     </span>
    </p>
   </div>
   <div class='ocr_carea' id='block_1_89' title="bbox 195 2249 981 2286">
    <p class='ocr_par' dir='ltr' id='par_1_89' title="bbox 195 2249 981 2286">
     <span class='ocr_line' id='line_1_89' title="bbox 195 2249 981 2286; baseline -0.003 -8"><span class='ocrx_word' id='word_1_637' title='bbox 195 2251 360 2286; x_wconf 88' lang='lat' dir='ltr'><strong>supplicare,</strong></span> <span class='ocrx_word' id='word_1_638' title='bbox 386 2258 473 2284; x_wconf 84' lang='lat' dir='ltr'><strong>neque</strong></span> <span class='ocrx_word' id='word_1_639' title='bbox 489 2250 637 2285; x_wconf 85' lang='lat' dir='ltr'><strong>quidquam</strong></span> <span class='ocrx_word' id='word_1_640' title='bbox 651 2255 743 2277; x_wconf 88' lang='lat' dir='ltr'><strong>tamen</strong></span> <span class='ocrx_word' id='word_1_641' title='bbox 764 2249 808 2276; x_wconf 85' lang='lat' dir='ltr'><strong>bis</strong></span> <span class='ocrx_word' id='word_1_642' title='bbox 825 2250 907 2277; x_wconf 89' lang='lat' dir='ltr'><strong>rebus</strong></span> <span class='ocrx_word' id='word_1_643' title='bbox 924 2249 981 2277; x_wconf 79' lang='lat' dir='ltr'><strong>efﬁ-</strong></span> 
     </span>
    </p>
   </div>
   <div class='ocr_carea' id='block_1_90' title="bbox 194 2295 981 2330">
    <p class='ocr_par' dir='ltr' id='par_1_90' title="bbox 194 2295 981 2330">
     <span class='ocr_line' id='line_1_90' title="bbox 194 2295 981 2330; baseline -0.001 -7"><span class='ocrx_word' id='word_1_644' title='bbox 194 2304 266 2324; x_wconf 89' lang='lat' dir='ltr'><strong>cere.</strong></span> <span class='ocrx_word' id='word_1_645' title='bbox 285 2295 351 2322; x_wconf 84' lang='lat' dir='ltr'><strong>Nam</strong></span> <span class='ocrx_word' id='word_1_646' title='bbox 377 2296 449 2330; x_wconf 87' lang='lat' dir='ltr'><strong>quod</strong></span> <span class='ocrx_word' id='word_1_647' title='bbox 469 2296 504 2322; x_wconf 85' lang='lat' dir='ltr'><strong>ab</strong></span> <span class='ocrx_word' id='word_1_648' title='bbox 518 2296 596 2323; x_wconf 86' lang='lat' dir='ltr'><strong>initio</strong></span> <span class='ocrx_word' id='word_1_649' title='bbox 609 2296 789 2323; x_wconf 88' lang='lat' dir='ltr'><strong>constitutum</strong></span> <span class='ocrx_word' id='word_1_650' title='bbox 807 2296 981 2323; x_wconf 88' lang='lat' dir='ltr'><strong>inchoatum-</strong></span> 
     </span>
    </p>
   </div>
   <div class='ocr_carea' id='block_1_91' title="bbox 193 2340 983 2378">
    <p class='ocr_par' dir='ltr' id='par_1_91' title="bbox 193 2340 983 2378">
     <span class='ocr_line' id='line_1_91' title="bbox 193 2340 983 2378; baseline -0.003 -8"><span class='ocrx_word' id='word_1_651' title='bbox 193 2350 246 2378; x_wconf 89' lang='lat' dir='ltr'><strong>que</strong></span> <span class='ocrx_word' id='word_1_652' title='bbox 265 2342 364 2374; x_wconf 77' lang='lat' dir='ltr'><strong>fuerat,</strong></span> <span class='ocrx_word' id='word_1_653' title='bbox 380 2341 517 2377; x_wconf 81' lang='lat' dir='ltr'><strong>ingentem</strong></span> <span class='ocrx_word' id='word_1_654' title='bbox 536 2343 564 2370; x_wconf 82' lang='lat' dir='ltr'><strong>in</strong></span> <span class='ocrx_word' id='word_1_655' title='bbox 581 2341 644 2368; x_wconf 87' lang='lat' dir='ltr'><strong>mali</strong></span> <span class='ocrx_word' id='word_1_656' title='bbox 662 2341 716 2368; x_wconf 91' lang='lat' dir='ltr'><strong>vim</strong></span> <span class='ocrx_word' id='word_1_657' title='bbox 728 2341 828 2376; x_wconf 85' lang='lat' dir='ltr'><strong>erupit.</strong></span> <span class='ocrx_word' id='word_1_658' title='bbox 843 2340 983 2369; x_wconf 87' lang='lat' dir='ltr'><strong>Postremo</strong></span> 
     </span>
    </p>
   </div>
   <div class='ocr_carea' id='block_1_92' title="bbox 193 2386 982 2422">
    <p class='ocr_par' dir='ltr' id='par_1_92' title="bbox 193 2386 982 2422">
     <span class='ocr_line' id='line_1_92' title="bbox 193 2386 982 2422; baseline -0.004 -6"><span class='ocrx_word' id='word_1_659' title='bbox 193 2389 289 2416; x_wconf 77' lang='lat' dir='ltr'><strong>reiieto</strong></span> <span class='ocrx_word' id='word_1_660' title='bbox 302 2388 487 2415; x_wconf 89' lang='lat' dir='ltr'><strong>meudicoruut</strong></span> <span class='ocrx_word' id='word_1_661' title='bbox 503 2387 621 2422; x_wconf 86' lang='lat' dir='ltr'><strong>hospitio</strong></span> <span class='ocrx_word' id='word_1_662' title='bbox 633 2387 748 2414; x_wconf 84' lang='lat' dir='ltr'><strong>discedit</strong></span> <span class='ocrx_word' id='word_1_663' title='bbox 760 2388 867 2414; x_wconf 80' lang='lat' dir='ltr'><strong>Acrius.</strong></span> <span class='ocrx_word' id='word_1_664' title='bbox 880 2386 940 2420; x_wconf 83' lang='lat' dir='ltr'><strong>Quo</strong></span> <span class='ocrx_word' id='word_1_665' title='bbox 950 2395 982 2413; x_wconf 80' lang='lat' dir='ltr'><strong>ex</strong></span> 
     </span>
    </p>
   </div>
   <div class='ocr_carea' id='block_1_93' title="bbox 194 2429 984 2468">
    <p class='ocr_par' dir='ltr' id='par_1_93' title="bbox 194 2429 984 2468">
     <span class='ocr_line' id='line_1_93' title="bbox 194 2429 984 2468; baseline -0.004 -7"><span class='ocrx_word' id='word_1_666' title='bbox 194 2438 316 2468; x_wconf 88' lang='lat' dir='ltr'><strong>tempore</strong></span> <span class='ocrx_word' id='word_1_667' title='bbox 330 2433 357 2460; x_wconf 90' lang='lat' dir='ltr'><strong>in</strong></span> <span class='ocrx_word' id='word_1_668' title='bbox 370 2441 476 2460; x_wconf 88' lang='lat' dir='ltr'><strong>omnem</strong></span> <span class='ocrx_word' id='word_1_669' title='bbox 488 2429 660 2459; x_wconf 55' lang='lat' dir='ltr'><strong>occaﬁonem</strong></span> <span class='ocrx_word' id='word_1_670' title='bbox 676 2432 797 2459; x_wconf 89' lang='lat' dir='ltr'><strong>intentus</strong></span> <span class='ocrx_word' id='word_1_671' title='bbox 810 2431 893 2467; x_wconf 75' lang='lat'><strong>906</strong></span> <span class='ocrx_word' id='word_1_672' title='bbox 910 2431 984 2459; x_wconf 90' lang='lat' dir='ltr'><strong>velut</strong></span> 
     </span>
    </p>
   </div>
   <div class='ocr_carea' id='block_1_94' title="bbox 193 2478 982 2515">
    <p class='ocr_par' dir='ltr' id='par_1_94' title="bbox 193 2478 982 2515">
     <span class='ocr_line' id='line_1_94' title="bbox 193 2478 982 2515; baseline -0.005 -8"><span class='ocrx_word' id='word_1_673' title='bbox 193 2480 241 2515; x_wconf 87' lang='lat' dir='ltr'><strong>qui</strong></span> <span class='ocrx_word' id='word_1_674' title='bbox 262 2479 369 2507; x_wconf 85' lang='lat' dir='ltr'><strong>hostem</strong></span> <span class='ocrx_word' id='word_1_675' title='bbox 396 2478 550 2514; x_wconf 84' lang='lat' dir='ltr'><strong>opprimere</strong></span> <span class='ocrx_word' id='word_1_676' title='bbox 575 2485 607 2505; x_wconf 90' lang='lat' dir='ltr'><strong>ac</strong></span> <span class='ocrx_word' id='word_1_677' title='bbox 639 2478 702 2506; x_wconf 88' lang='lat' dir='ltr'><strong>telis</strong></span> <span class='ocrx_word' id='word_1_678' title='bbox 728 2483 855 2512; x_wconf 85' lang='lat' dir='ltr'><strong>appetere</strong></span> <span class='ocrx_word' id='word_1_679' title='bbox 879 2478 982 2508; x_wconf 78' lang='lat' dir='ltr'><strong>studet,</strong></span> 
     </span>
    </p>
   </div>
   <div class='ocr_carea' id='block_1_95' title="bbox 194 2523 986 2559">
    <p class='ocr_par' dir='ltr' id='par_1_95' title="bbox 194 2523 986 2559">
     <span class='ocr_line' id='line_1_95' title="bbox 194 2523 986 2559; baseline -0.005 -6"><span class='ocrx_word' id='word_1_680' title='bbox 194 2525 323 2554; x_wconf 85' lang='lat' dir='ltr'><strong>versabat</strong></span> <span class='ocrx_word' id='word_1_681' title='bbox 339 2533 369 2553; x_wconf 87' lang='lat' dir='ltr'><strong>se</strong></span> <span class='ocrx_word' id='word_1_682' title='bbox 385 2525 412 2552; x_wconf 91' lang='lat' dir='ltr'><strong>in</strong></span> <span class='ocrx_word' id='word_1_683' title='bbox 430 2532 525 2552; x_wconf 90' lang='lat' dir='ltr'><strong>omnes</strong></span> <span class='ocrx_word' id='word_1_684' title='bbox 540 2528 630 2559; x_wconf 84' lang='lat' dir='ltr'><strong>partes</strong></span> <span class='ocrx_word' id='word_1_685' title='bbox 647 2530 674 2552; x_wconf 89' lang='lat' dir='ltr'><strong>et</strong></span> <span class='ocrx_word' id='word_1_686' title='bbox 686 2524 757 2559; x_wconf 87' lang='lat' dir='ltr'><strong>apud</strong></span> <span class='ocrx_word' id='word_1_687' title='bbox 773 2531 868 2551; x_wconf 83' lang='lat' dir='ltr'><strong>omnes</strong></span> <span class='ocrx_word' id='word_1_688' title='bbox 878 2523 986 2550; x_wconf 86' lang='lat' dir='ltr'><strong>calqu-</strong></span> 
     </span>
    </p>
   </div>
   <div class='ocr_carea' id='block_1_96' title="bbox 193 2568 985 2606">
    <p class='ocr_par' dir='ltr' id='par_1_96' title="bbox 193 2568 985 2606">
     <span class='ocr_line' id='line_1_96' title="bbox 193 2568 985 2606; baseline -0.009 -5"><span class='ocrx_word' id='word_1_689' title='bbox 193 2575 270 2601; x_wconf 76' lang='lat' dir='ltr'><strong>niose</strong></span> <span class='ocrx_word' id='word_1_690' title='bbox 295 2572 424 2606; x_wconf 86' lang='lat' dir='ltr'><strong>deinceps</strong></span> <span class='ocrx_word' id='word_1_691' title='bbox 451 2570 595 2599; x_wconf 84' lang='lat' dir='ltr'><strong>Eustatltio</strong></span> <span class='ocrx_word' id='word_1_692' title='bbox 620 2569 768 2597; x_wconf 85' lang='lat' dir='ltr'><strong>detrahens</strong></span> <span class='ocrx_word' id='word_1_693' title='bbox 787 2568 863 2597; x_wconf 89' lang='lat' dir='ltr'><strong>:Nou</strong></span> <span class='ocrx_word' id='word_1_694' title='bbox 888 2569 911 2596; x_wconf 89' lang='lat' dir='ltr'><strong>is</strong></span> <span class='ocrx_word' id='word_1_695' title='bbox 930 2574 985 2601; x_wconf 70' lang='lat' dir='ltr'><strong>est,</strong></span> 
     </span>
    </p>
   </div>
   <div class='ocr_carea' id='block_1_97' title="bbox 228 2647 896 2683">
    <p class='ocr_par' dir='ltr' id='par_1_97' title="bbox 228 2647 896 2683">
     <span class='ocr_line' id='line_1_97' title="bbox 228 2647 896 2683; baseline -0.009 -4"><span class='ocrx_word' id='word_1_696' title='bbox 228 2652 238 2668; x_wconf 82' lang='grc'>¹</span> <span class='ocrx_word' id='word_1_697' title='bbox 253 2651 262 2679; x_wconf 92' lang='lat' dir='ltr'><strong>l</strong></span> <span class='ocrx_word' id='word_1_698' title='bbox 278 2651 342 2679; x_wconf 75' lang='lat' dir='ltr'><strong>Cor.</strong></span> <span class='ocrx_word' id='word_1_699' title='bbox 363 2659 400 2683; x_wconf 62' lang='grc' dir='ltr'>χι,</span> <span class='ocrx_word' id='word_1_700' title='bbox 415 2651 454 2677; x_wconf 71' lang='grc' dir='ltr'><strong>ις).</strong></span> <span class='ocrx_word' id='word_1_701' title='bbox 493 2649 615 2676; x_wconf 75' lang='lat' dir='ltr'><strong>’llTim.</strong></span> <span class='ocrx_word' id='word_1_702' title='bbox 635 2657 670 2680; x_wconf 89' lang='lat' dir='ltr'><strong>tv,</strong></span> <span class='ocrx_word' id='word_1_703' title='bbox 686 2650 711 2676; x_wconf 83' lang='grc'>5.</span> <span class='ocrx_word' id='word_1_704' title='bbox 751 2648 762 2664; x_wconf 87' lang='grc'>³</span> <span class='ocrx_word' id='word_1_705' title='bbox 780 2647 808 2674; x_wconf 70' lang='grc' dir='ltr'><strong>[θ’.</strong></span> <span class='ocrx_word' id='word_1_706' title='bbox 824 2648 896 2674; x_wconf 69' lang='grc' dir='ltr'>τινα.</span> 
     </span>
    </p>
   </div>
   <div class='ocr_carea' id='block_1_98' title="bbox 227 2723 978 2767">
    <p class='ocr_par' dir='ltr' id='par_1_98' title="bbox 227 2723 978 2767">
     <span class='ocr_line' id='line_1_98' title="bbox 227 2723 978 2767; baseline -0.012 -9"><span class='ocrx_word' id='word_1_707' title='bbox 227 2731 283 2767; x_wconf 77' lang='lat'><strong>(7&#39;2)</strong></span> <span class='ocrx_word' id='word_1_708' title='bbox 302 2731 394 2764; x_wconf 72' lang='grc' dir='ltr'>Ὅπερ</span> <span class='ocrx_word' id='word_1_709' title='bbox 408 2729 496 2767; x_wconf 30' lang='grc' dir='ltr'><strong>’τῷ</strong></span> <span class='ocrx_word' id='word_1_710' title='bbox 511 2729 613 2760; x_wconf 84' lang='grc' dir='ltr'>Πόντῳ</span> <span class='ocrx_word' id='word_1_711' title='bbox 629 2726 772 2767; x_wconf 47' lang='grc' dir='ltr'><strong>πειιςλῑεῖταιΣ</strong></span> <span class='ocrx_word' id='word_1_712' title='bbox 781 2725 847 2752; x_wconf 87' lang='lat' dir='ltr'><strong>Vide</strong></span> <span class='ocrx_word' id='word_1_713' title='bbox 860 2723 978 2767; x_wconf 55' lang='grc' dir='ltr'>Νξηίιιιιτ</span> 
     </span>
    </p>
   </div>
   <div class='ocr_carea' id='block_1_99' title="bbox 194 2759 978 2801">
    <p class='ocr_par' dir='ltr' id='par_1_99' title="bbox 194 2759 978 2801">
     <span class='ocr_line' id='line_1_99' title="bbox 194 2759 978 2801; baseline -0.01 -8"><span class='ocrx_word' id='word_1_714' title='bbox 194 2759 253 2801; x_wconf 59' lang='lat' dir='ltr'><strong>aeui</strong></span> <span class='ocrx_word' id='word_1_715' title='bbox 269 2759 418 2801; x_wconf 53' lang='lat' dir='ltr'><strong>elegantem</strong></span> <span class='ocrx_word' id='word_1_716' title='bbox 440 2759 512 2801; x_wconf 78' lang='lat' dir='ltr'><strong>illam</strong></span> <span class='ocrx_word' id='word_1_717' title='bbox 530 2759 602 2790; x_wconf 47' lang='lat' dir='ltr'><strong>orat;</strong></span> <span class='ocrx_word' id='word_1_718' title='bbox 627 2761 697 2795; x_wconf 79' lang='grc' dir='ltr'>Περὶ</span> <span class='ocrx_word' id='word_1_719' title='bbox 719 2759 935 2795; x_wconf 70' lang='grc' dir='ltr'>φιλοπτωχίας,</span> <span class='ocrx_word' id='word_1_720' title='bbox 950 2763 978 2786; x_wconf 90' lang='lat' dir='ltr'><strong>et</strong></span> 
     </span>
    </p>
   </div>
   <div class='ocr_carea' id='block_1_100' title="bbox 192 2799 555 2828">
    <p class='ocr_par' dir='ltr' id='par_1_100' title="bbox 192 2799 555 2828">
     <span class='ocr_line' id='line_1_100' title="bbox 192 2799 555 2828; baseline -0.011 0"><span class='ocrx_word' id='word_1_721' title='bbox 192 2800 292 2828; x_wconf 58' lang='lat' dir='ltr'><strong>Nireus</strong></span> <span class='ocrx_word' id='word_1_722' title='bbox 303 2799 335 2827; x_wconf 35' lang='lat' dir='ltr'><strong>a‘d</strong></span> <span class='ocrx_word' id='word_1_723' title='bbox 349 2807 408 2827; x_wconf 90' lang='lat' dir='ltr'><strong>eam</strong></span> <span class='ocrx_word' id='word_1_724' title='bbox 421 2799 555 2827; x_wconf 83' lang='lat' dir='ltr'><strong>scholion.</strong></span> 
     </span>
    </p>
   </div>
   <div class='ocr_carea' id='block_1_101' title="bbox 229 2829 960 2870">
    <p class='ocr_par' dir='ltr' id='par_1_101' title="bbox 229 2829 960 2870">
     <span class='ocr_line' id='line_1_101' title="bbox 229 2829 960 2870; baseline -0.011 -7"><span class='ocrx_word' id='word_1_725' title='bbox 229 2836 285 2870; x_wconf 78' lang='lat'><strong>(75)</strong></span> <span class='ocrx_word' id='word_1_726' title='bbox 304 2835 357 2862; x_wconf 76' lang='grc' dir='ltr'><strong>Καὶ</strong></span> <span class='ocrx_word' id='word_1_727' title='bbox 377 2836 447 2868; x_wconf 82' lang='grc' dir='ltr'>τοὺς</span> <span class='ocrx_word' id='word_1_728' title='bbox 469 2832 696 2867; x_wconf 70' lang='grc' dir='ltr'>λελωὸιιμένους</span> <span class='ocrx_word' id='word_1_729' title='bbox 713 2830 762 2858; x_wconf 81' lang='grc' dir='ltr'><strong>καί</strong></span> <span class='ocrx_word' id='word_1_730' title='bbox 783 2829 960 2862; x_wconf 74' lang='grc' dir='ltr'>ἀδυνάτους.</span> 
     </span>
    </p>
   </div>
   <div class='ocr_carea' id='block_1_102' title="bbox 1035 2248 1828 2285">
    <p class='ocr_par' dir='ltr' id='par_1_102' title="bbox 1035 2248 1828 2285">
     <span class='ocr_line' id='line_1_102' title="bbox 1035 2248 1828 2285; baseline -0.003 -9"><span class='ocrx_word' id='word_1_731' title='bbox 1035 2249 1136 2282; x_wconf 83' lang='grc' dir='ltr'>εκάλει,</span> <span class='ocrx_word' id='word_1_732' title='bbox 1149 2250 1195 2277; x_wconf 81' lang='grc' dir='ltr'>καὶ</span> <span class='ocrx_word' id='word_1_733' title='bbox 1209 2250 1283 2276; x_wconf 70' lang='grc' dir='ltr'>οὐδὲν</span> <span class='ocrx_word' id='word_1_734' title='bbox 1302 2248 1377 2283; x_wconf 73' lang='grc' dir='ltr'>ἤνυε.</span> <span class='ocrx_word' id='word_1_735' title='bbox 1389 2249 1425 2276; x_wconf 85' lang='grc' dir='ltr'><strong>Τὸ</strong></span> <span class='ocrx_word' id='word_1_736' title='bbox 1440 2249 1494 2285; x_wconf 82' lang='grc' dir='ltr'><strong>γὰρ</strong></span> <span class='ocrx_word' id='word_1_737' title='bbox 1510 2248 1542 2281; x_wconf 78' lang='grc' dir='ltr'><strong>ἐξ</strong></span> <span class='ocrx_word' id='word_1_738' title='bbox 1553 2248 1641 2284; x_wconf 73' lang='grc' dir='ltr'><strong>ἀρχῆς</strong></span> <span class='ocrx_word' id='word_1_739' title='bbox 1658 2248 1828 2284; x_wconf 75' lang='grc' dir='ltr'>καταϐληθὲν</span> 
     </span>
    </p>
   </div>
   <div class='ocr_carea' id='block_1_103' title="bbox 1035 2293 1829 2330">
    <p class='ocr_par' dir='ltr' id='par_1_103' title="bbox 1035 2293 1829 2330">
     <span class='ocr_line' id='line_1_103' title="bbox 1035 2293 1829 2330; baseline -0.004 -8"><span class='ocrx_word' id='word_1_740' title='bbox 1035 2296 1075 2327; x_wconf 86' lang='grc' dir='ltr'>είς</span> <span class='ocrx_word' id='word_1_741' title='bbox 1090 2295 1161 2330; x_wconf 83' lang='grc' dir='ltr'>μέγα</span> <span class='ocrx_word' id='word_1_742' title='bbox 1175 2295 1259 2322; x_wconf 76' lang='grc' dir='ltr'>κακὸν</span> <span class='ocrx_word' id='word_1_743' title='bbox 1276 2295 1306 2322; x_wconf 79' lang='grc' dir='ltr'>τὸ</span> <span class='ocrx_word' id='word_1_744' title='bbox 1322 2295 1402 2330; x_wconf 75' lang='grc' dir='ltr'>ἔργον</span> <span class='ocrx_word' id='word_1_745' title='bbox 1421 2295 1532 2330; x_wconf 79' lang='grc' dir='ltr'>ἡλαυνε.</span> <span class='ocrx_word' id='word_1_746' title='bbox 1557 2294 1648 2329; x_wconf 79' lang='grc' dir='ltr'>Πέρας</span> <span class='ocrx_word' id='word_1_747' title='bbox 1664 2293 1730 2327; x_wconf 79' lang='grc' dir='ltr'>γοῦν</span> <span class='ocrx_word' id='word_1_748' title='bbox 1745 2302 1829 2319; x_wconf 68' lang='grc' dir='ltr'><strong>κατα⁶</strong></span> 
     </span>
    </p>
   </div>
   <div class='ocr_carea' id='block_1_104' title="bbox 1035 2339 1828 2376">
    <p class='ocr_par' dir='ltr' id='par_1_104' title="bbox 1035 2339 1828 2376">
     <span class='ocr_line' id='line_1_104' title="bbox 1035 2339 1828 2376; baseline -0.004 -9"><span class='ocrx_word' id='word_1_749' title='bbox 1035 2341 1122 2368; x_wconf 86' lang='grc' dir='ltr'>λιπὼν</span> <span class='ocrx_word' id='word_1_750' title='bbox 1138 2341 1169 2367; x_wconf 81' lang='grc' dir='ltr'>τὸ</span> <span class='ocrx_word' id='word_1_751' title='bbox 1182 2342 1400 2376; x_wconf 73' lang='grc' dir='ltr'>πτωχοτροῳεῐον</span> <span class='ocrx_word' id='word_1_752' title='bbox 1413 2341 1428 2366; x_wconf 88' lang='grc' dir='ltr'><strong>ό</strong></span> <span class='ocrx_word' id='word_1_753' title='bbox 1448 2340 1552 2376; x_wconf 74' lang='grc' dir='ltr'>’Λέριος</span> <span class='ocrx_word' id='word_1_754' title='bbox 1569 2339 1755 2374; x_wconf 75' lang='grc' dir='ltr'>ἀνεχώρησεν.</span> <span class='ocrx_word' id='word_1_755' title='bbox 1769 2339 1828 2365; x_wconf 87' lang='grc' dir='ltr'><strong>Ἐν-</strong></span> 
     </span>
    </p>
   </div>
   <div class='ocr_carea' id='block_1_105' title="bbox 1036 2384 1828 2423">
    <p class='ocr_par' dir='ltr' id='par_1_105' title="bbox 1036 2384 1828 2423">
     <span class='ocr_line' id='line_1_105' title="bbox 1036 2384 1828 2423; baseline -0.004 -10"><span class='ocrx_word' id='word_1_756' title='bbox 1036 2386 1131 2413; x_wconf 78' lang='grc' dir='ltr'>τεῦθεν</span> <span class='ocrx_word' id='word_1_757' title='bbox 1143 2388 1192 2422; x_wconf 73' lang='grc' dir='ltr'>τὴν</span> <span class='ocrx_word' id='word_1_758' title='bbox 1208 2387 1354 2423; x_wconf 67' lang='grc' dir='ltr'>πρόφασιν,</span> <span class='ocrx_word' id='word_1_759' title='bbox 1367 2386 1462 2422; x_wconf 84' lang='grc' dir='ltr'>ὥσπερ</span> <span class='ocrx_word' id='word_1_760' title='bbox 1473 2385 1543 2412; x_wconf 83' lang='grc' dir='ltr'>κατὰ</span> <span class='ocrx_word' id='word_1_761' title='bbox 1557 2384 1654 2420; x_wconf 78' lang='grc' dir='ltr'>ἐχθροῦ</span> <span class='ocrx_word' id='word_1_762' title='bbox 1670 2384 1828 2420; x_wconf 78' lang='grc' dir='ltr'>βουλόμενός</span> 
     </span>
    </p>
   </div>
   <div class='ocr_carea' id='block_1_106' title="bbox 1037 2430 1829 2467">
    <p class='ocr_par' dir='ltr' id='par_1_106' title="bbox 1037 2430 1829 2467">
     <span class='ocr_line' id='line_1_106' title="bbox 1037 2430 1829 2467; baseline -0.003 -9"><span class='ocrx_word' id='word_1_763' title='bbox 1037 2441 1079 2464; x_wconf 84' lang='grc' dir='ltr'>τις</span> <span class='ocrx_word' id='word_1_764' title='bbox 1094 2432 1104 2447; x_wconf 96' lang='grc'><em>³</em></span> <span class='ocrx_word' id='word_1_765' title='bbox 1119 2432 1219 2467; x_wconf 79' lang='grc' dir='ltr'>εὑρεῖν,</span> <span class='ocrx_word' id='word_1_766' title='bbox 1238 2432 1254 2466; x_wconf 84' lang='grc' dir='ltr'>ἢ</span> <span class='ocrx_word' id='word_1_767' title='bbox 1272 2432 1344 2459; x_wconf 77' lang='grc' dir='ltr'>κατὰ</span> <span class='ocrx_word' id='word_1_768' title='bbox 1368 2431 1498 2467; x_wconf 81' lang='grc' dir='ltr'>πολεμίου</span> <span class='ocrx_word' id='word_1_769' title='bbox 1523 2432 1668 2465; x_wconf 77' lang='grc' dir='ltr'>ἐπαφεῖναι</span> <span class='ocrx_word' id='word_1_770' title='bbox 1681 2430 1768 2465; x_wconf 81' lang='grc' dir='ltr'>βέλος,</span> <span class='ocrx_word' id='word_1_771' title='bbox 1785 2431 1829 2456; x_wconf 63' lang='grc' dir='ltr'><strong>ἀντ</strong></span> 
     </span>
    </p>
   </div>
   <div class='ocr_carea' id='block_1_107' title="bbox 1037 2475 1828 2513">
    <p class='ocr_par' dir='ltr' id='par_1_107' title="bbox 1037 2475 1828 2513">
     <span class='ocr_line' id='line_1_107' title="bbox 1037 2475 1828 2513; baseline -0.003 -10"><span class='ocrx_word' id='word_1_772' title='bbox 1037 2477 1154 2513; x_wconf 82' lang='grc' dir='ltr'>ηρεὺνα·</span> <span class='ocrx_word' id='word_1_773' title='bbox 1182 2477 1229 2504; x_wconf 74' lang='grc' dir='ltr'>καὶ</span> <span class='ocrx_word' id='word_1_774' title='bbox 1243 2477 1335 2504; x_wconf 82' lang='grc' dir='ltr'>λοιπὸν</span> <span class='ocrx_word' id='word_1_775' title='bbox 1358 2478 1426 2504; x_wconf 81' lang='grc' dir='ltr'>πᾶσι</span> <span class='ocrx_word' id='word_1_776' title='bbox 1446 2476 1597 2504; x_wconf 75' lang='grc' dir='ltr'>διαϐάλλων</span> <span class='ocrx_word' id='word_1_777' title='bbox 1618 2476 1664 2503; x_wconf 82' lang='grc' dir='ltr'>τὸν</span> <span class='ocrx_word' id='word_1_778' title='bbox 1682 2475 1828 2502; x_wconf 75' lang='grc' dir='ltr'>Εὐστάθιον</span> 
     </span>
    </p>
   </div>
   <div class='ocr_carea' id='block_1_108' title="bbox 1039 2521 1828 2558">
    <p class='ocr_par' dir='ltr' id='par_1_108' title="bbox 1039 2521 1828 2558">
     <span class='ocr_line' id='line_1_108' title="bbox 1039 2521 1828 2558; baseline -0.005 -8"><span class='ocrx_word' id='word_1_779' title='bbox 1039 2523 1147 2558; x_wconf 79' lang='grc' dir='ltr'>ἔλεγεν·</span> <span class='ocrx_word' id='word_1_780' title='bbox 1175 2524 1272 2550; x_wconf 76' lang='grc' dir='ltr'>Οὐκέτι</span> <span class='ocrx_word' id='word_1_781' title='bbox 1301 2522 1421 2554; x_wconf 83' lang='grc' dir='ltr'>τοιοῦτος</span> <span class='ocrx_word' id='word_1_782' title='bbox 1438 2523 1571 2558; x_wconf 79' lang='grc' dir='ltr'>ὑπάρχει·</span> <span class='ocrx_word' id='word_1_783' title='bbox 1590 2521 1648 2548; x_wconf 74' lang='grc' dir='ltr'>ἀλλ’</span> <span class='ocrx_word' id='word_1_784' title='bbox 1670 2521 1775 2548; x_wconf 70' lang='grc' dir='ltr'>ἔκλινεν</span> <span class='ocrx_word' id='word_1_785' title='bbox 1791 2521 1828 2552; x_wconf 75' lang='grc' dir='ltr'>εἰς</span> 
     </span>
    </p>
   </div>
   <div class='ocr_carea' id='block_1_109' title="bbox 1040 2566 1825 2604">
    <p class='ocr_par' dir='ltr' id='par_1_109' title="bbox 1040 2566 1825 2604">
     <span class='ocr_line' id='line_1_109' title="bbox 1040 2566 1825 2604; baseline -0.004 -9"><span class='ocrx_word' id='word_1_786' title='bbox 1040 2569 1189 2604; x_wconf 82' lang='grc' dir='ltr'>χρημάτων</span> <span class='ocrx_word' id='word_1_787' title='bbox 1214 2567 1375 2604; x_wconf 78' lang='grc' dir='ltr'>συναγωγὴν</span> <span class='ocrx_word' id='word_1_788' title='bbox 1412 2568 1458 2594; x_wconf 78' lang='grc' dir='ltr'>καὶ</span> <span class='ocrx_word' id='word_1_789' title='bbox 1493 2568 1534 2599; x_wconf 81' lang='grc' dir='ltr'><strong>εὶς</strong></span> <span class='ocrx_word' id='word_1_790' title='bbox 1561 2567 1657 2601; x_wconf 76' lang='grc' dir='ltr'>κτῆσιν</span> <span class='ocrx_word' id='word_1_791' title='bbox 1688 2566 1825 2592; x_wconf 77' lang='grc' dir='ltr'>παντοίαν.</span> 
     </span>
    </p>
   </div>
   <div class='ocr_carea' id='block_1_110' title="bbox 1032 2716 1827 2758">
    <p class='ocr_par' dir='ltr' id='par_1_110' title="bbox 1032 2716 1827 2758">
     <span class='ocr_line' id='line_1_110' title="bbox 1032 2716 1827 2758; baseline -0.008 -9"><span class='ocrx_word' id='word_1_792' title='bbox 1032 2722 1145 2758; x_wconf 85' lang='lat' dir='ltr'><strong>Proprie</strong></span> <span class='ocrx_word' id='word_1_793' title='bbox 1161 2723 1309 2758; x_wconf 70' lang='grc' dir='ltr'>ἀδυνάτους</span> <span class='ocrx_word' id='word_1_794' title='bbox 1331 2721 1470 2756; x_wconf 83' lang='lat' dir='ltr'><strong>appellant</strong></span> <span class='ocrx_word' id='word_1_795' title='bbox 1491 2719 1645 2758; x_wconf 59' lang='lat' dir='ltr'><strong>causariqs.</strong></span> <span class='ocrx_word' id='word_1_796' title='bbox 1661 2717 1734 2758; x_wconf 68' lang='lat' dir='ltr'><strong>Vide</strong></span> <span class='ocrx_word' id='word_1_797' title='bbox 1745 2716 1827 2758; x_wconf 34' lang='lat' dir='ltr'><strong>“Hal:-</strong></span> 
     </span>
    </p>
   </div>
   <div class='ocr_carea' id='block_1_111' title="bbox 1031 2751 1827 2793">
    <p class='ocr_par' dir='ltr' id='par_1_111' title="bbox 1031 2751 1827 2793">
     <span class='ocr_line' id='line_1_111' title="bbox 1031 2751 1827 2793; baseline -0.008 -8"><span class='ocrx_word' id='word_1_798' title='bbox 1031 2751 1216 2793; x_wconf 67' lang='lat' dir='ltr'><strong>pociationcm</strong></span> <span class='ocrx_word' id='word_1_799' title='bbox 1249 2763 1276 2786; x_wconf 86' lang='lat' dir='ltr'><strong>ct</strong></span> <span class='ocrx_word' id='word_1_800' title='bbox 1300 2751 1410 2792; x_wconf 71' lang='lat' dir='ltr'><strong>Lysiam</strong></span> <span class='ocrx_word' id='word_1_801' title='bbox 1445 2759 1515 2782; x_wconf 88' lang='lat' dir='ltr'><strong>orat.</strong></span> <span class='ocrx_word' id='word_1_802' title='bbox 1556 2753 1624 2788; x_wconf 70' lang='grc' dir='ltr'>περὶ</span> <span class='ocrx_word' id='word_1_803' title='bbox 1646 2753 1699 2780; x_wconf 76' lang='grc' dir='ltr'>τοῦ</span> <span class='ocrx_word' id='word_1_804' title='bbox 1717 2751 1827 2780; x_wconf 67' lang='grc' dir='ltr'>ἀδυνά-</span> 
     </span>
    </p>
   </div>
   <div class='ocr_carea' id='block_1_112' title="bbox 1032 2800 1095 2821">
    <p class='ocr_par' dir='ltr' id='par_1_112' title="bbox 1032 2800 1095 2821">
     <span class='ocr_line' id='line_1_112' title="bbox 1032 2800 1095 2821; baseline -0.032 0"><span class='ocrx_word' id='word_1_805' title='bbox 1032 2800 1095 2821; x_wconf 86' lang='grc' dir='ltr'>του.</span> 
     </span>
    </p>
   </div>
  </div>
