1931 3041
82 171 143 201 505

439 177 626 207 ADVERSUS
645 179 817 209 HERESES
835 181 900 211 LIB.
920 182 964 212 ill.
986 183 1066 212 T031.
1088 185 1147 212 l.——
1162 185 1298 216 ll/EIKES.
1312 186 1429 216 LXXIV.

1660 191 1713 220 δυσ

82 229 190 257 Ἀτινα
206 229 241 267 ἧν
261 232 347 260 ταῦτα
370 235 534 269 συκοφαντία
556 237 605 272 μὲν
629 240 692 274 παρ’
713 240 829 272 ἐκείνου,
848 242 869 276 τῇ

933 241 1083 277 inquiebat,
1096 244 1223 278 amplius,
1249 244 1294 279 qui
1322 244 1454 272 hactenus
1473 244 1534 278 fuit,
1552 245 1598 274 sed
1608 247 1642 273 ad
1656 255 1713 275 rem

83 276 114 302 δὲ
131 277 249 314 ἀληθείᾳ
270 278 319 310 τὰς
345 280 574 316 ἐκκλησιαστικὰς
597 284 691 318 χρείας
717 285 785 320 ἔχων
811 287 901 327 μετὰ,

83 323 184 366 χεῖρας
203 324 216 349 6
234 323 393 356 Εὑστάθιος,
417 325 505 358 ἄλλως
530 327 578 354 οὐκ
602 328 718 363 ἠδύνατο
739 331 877 366 πράττειν.

83 366 144 392 Καὶ
161 364 195 401 ἦν
209 368 309 395 πιθανὰ
324 369 357 395 τὰ
377 370 429 396 ὑπὸ
448 370 495 398 τοῦ
515 373 621 409 ’Δερίου
636 364 778 411 λεγόμενα.

123 500 256 535 Νομῐσειε
273 501 296 528 δ’
312 502 344 529 ἂν
365 511 406 535 τις
421 504 488 538 (7i).
504 505 662 542 ἐπειδήπερ,
681 507 751 534 κατὰ
773 508 878 544 Ἀερίου

84 545 224 579 λέγοντες,
240 547 387 575 Εὑστάθιον
399 552 606 587 παρηγάγομεν,
626 553 690 587 μήτι
707 551 761 588 ἆρα
777 554 878 581 καὶτὸν

85 591 237 619 Εὐστάοιον
251 593 280 619 ἐν
296 593 413 626 ἐπαίνοις
427 595 542 630 ἐχομενς
566 597 611 623 τὸν
629 597 678 632 μὲν
692 598 745 634 γὰρ
763 599 819 633 βίον
834 600 878 626 αὑ-

84 636 133 662 τοῦ
150 637 198 663 καὶ
218 638 266 673 τὴν
283 639 420 666 πολιτείαν
434 641 484 667 οὐκ
506 641 590 675 ὀλίγοι
607 643 702 678 ἄνδρες
724 643 877 679 θαυμάζου-

85 689 144 707 an"
164 681 219 707 εἴθε
237 682 266 708 δὲ
282 683 329 709 καὶ
341 685 374 719 τῇ
389 684 477 711 πίστει
500 685 587 719 ὀρθῶς
602 688 798 723 ἐφρόνησεΞΤὸ
822 691 875 728 γὰρ

85 727 195 763 ’Δερίου
209 728 216 743 ¹
233 728 279 754 καὶ
292 729 370 761 αὐτὸς
387 730 513 766 ἀπαρχῆς
523 731 576 763 ἓως
589 732 681 764 τέλους
692 734 818 770 κατέσχε,
828 735 876 762 καὶ

83 772 148 799 οὗτε
175 774 204 799 αἱ
219 773 323 808 θλίψεις
345 774 400 814 τῷν
421 775 550 811 διωγμῶν
575 777 656 804 αὑτὸν
675 779 873 814 διωρθώσαντο,

84 817 218 854 Ἐδιὼχθη
237 819 290 855 γὰρ
307 820 375 854 μετὰ
393 821 447 847 τῶν
464 822 529 857 περὶ
546 822 686 850 Βασίλειον
719 825 766 852 καὶ
783 825 875 852 Ἐλεύ-

85 872 143 890 σιον
163 864 211 891 καὶ
237 865 357 897 λοιπούς.
372 866 464 900 Ἔδοξε
478 867 506 893 δὲ
528 868 575 894 καὶ
590 869 658 905 πρὸς
678 870 804 906 Λιϐἑριον
818 871 873 905 (75)

932 292 1052 317 attentus
1064 293 1115 320 est,
1136 295 1162 317 et
1180 290 1353 318 cumulandis
1372 291 1469 326 opibus
1485 295 1557 320 totus
1571 292 1712 320 incumbit.

931 333 996 366 Quae
1024 335 1134 369 quidem
1163 342 1210 369 per
1232 343 1365 363 summam
1393 336 1556 364 calumniam
1578 337 1611 364 ab
1632 337 1714 365 Aerio

928 379 1112 413 jactabantur.
1134 380 1291 408 Eustathius
1307 390 1381 414 vero,
1400 382 1445 417 qui
1464 381 1593 410 Ecclesia:
1607 383 1713 418 negotia

930 424 1073 456 tractabat,
1089 425 1178 453 facere
1196 426 1273 452 aliter
1284 434 1337 452 non
1358 430 1472 461 poterat,
1486 427 1600 462 ideoque
1613 428 1713 463 proba-

929 469 1020 496 biliter
1033 470 1090 497 haec
1101 471 1135 497 ab
1149 471 1230 497 Aerio
1241 471 1409 498 dicebantur.

963 515 1094 543 Caeterum
1132 516 1267 544 dubitabit
1295 517 1408 544 forsitan
1436 517 1549 552 aliquis,
1585 518 1712 552 quoniam

928 560 1000 588 Aet-ii
1013 561 1093 589 istius
1104 561 1248 588 Occasione
1262 562 1428 588 mentionem
1441 561 1575 589 Eustathii
1589 561 1713 595 fecimus,

927 613 992 632 num
1012 606 1099 640 ipsum
1128 606 1235 634 tandem
1257 606 1426 633 Eustathium
1451 606 1615 634 laudandum
1640 607 1714 634 arbi-

927 655 1031 676 trcmur
1045 650 1056 676 ’ί
1069 658 1129 677 nam
1152 650 1222 685 quod
1237 651 1270 677 ad
1286 650 1345 685 ejus
1358 651 1418 678 vita:
1438 651 1589 678 institutum
1606 652 1713 683 attinet,

926 702 980 721 non
996 695 1091 730 paucis
1116 695 1324 723 admirationem
1349 696 1462 731 peperit.
1482 696 1534 729 Qui
1555 696 1657 724 utinam
1680 697 1714 724 ad

928 744 1027 768 rectam
1042 748 1074 768 ac
1091 741 1226 768 sinceram
1243 741 1320 768 fidem
1351 741 1529 770 adhaasissetl
1546 741 1645 769 Verum
1668 742 1714 769 hic

926 786 952 812 in
962 786 1018 812 Arii
1034 786 1160 820 dogmate
1175 794 1188 813 a
1205 787 1338 822 principio
1352 787 1385 814 ad
1400 787 1477 814 linem
1490 795 1576 822 usque
1590 795 1714 823 perseve-

925 831 1005 863 rarit,
1020 832 1159 867 nihiloque
1172 833 1389 868 persecutionum
1405 833 1604 861 calamitatibus
1615 834 1712 861 melior

925 875 1013 904 factus
1022 882 1073 904 est.
1085 876 1223 912 Siquidem
1232 885 1293 905 cum
1308 877 1407 906 Basilio
1417 882 1443 906 et
1457 878 1565 906 Eleusio
1589 886 1620 906 ac
1634 883 1714 906 caete-

90 909 202 945 Ῥὼμης
215 910 260 937 τὸν
276 911 430 947 μακαρίτην
454 913 615 947 πρεσόεύειν
629 915 686 949 ἅμα
703 915 793 948 ἄλλοις
814 917 869 943 ἐπι-

927 922 963 949 ris
974 909 1162 957 persecutione
1174 923 1293 958 jactatus
1305 928 1363 958 est;
1381 931 1412 951 ac
1425 924 1532 952 videtur
1547 928 1572 952 et
1585 925 1618 952 ad
1635 924 1714 952 Libe-

85 955 209 987 σκόποις,
226 956 272 982 καὶ
284 957 314 991 τῇ
329 956 435 983 ἐκθέσει
450 957 500 992 τῆς
511 958 582 985 κατὰ
593 959 712 986 Νίκαιαν
725 961 874 997 γενομένης

84 1000 207 1031 συνόδου.
225 1002 272 1027 καὶ
286 1003 318 1037 τῇ
340 1002 470 1039 ὁμολογίᾳ
489 1004 538 1040 τῆς
555 1005 708 1040 ὀρθοδοξίας
723 1007 875 1042 ὑπογεγρα-

84 1045 175 1079 φέναι.
191 1047 239 1078 Εἰς
260 1046 373 1083 ὕστερον
389 1049 417 1075 δὲ
436 1049 529 1086 ὥσπερ
546 1050 687 1086 μνησθεὶς,
701 1053 748 1079 καὶ
765 1052 795 1085 ἐξ
806 1053 875 1080 ὀνεί-

84 1099 140 1125 ρων
167 1091 296 1123 ἁναστὰς,
321 1093 357 1119 τὰ
381 1094 476 1120 ἑαυτοῦ
507 1094 587 1122 πάλιν
618 1096 714 1131 πρῶτα
742 1097 791 1133 τῆς
818 1098 873 1125 τῶν

83 1136 232 1171 ’Δρειανῶν
249 1137 407 1171 κακοδοξίας
429 1140 661 1176 ἐπισκεπτόμενος
677 1143 707 1169 οὗ
728 1143 871 1172 διέλειπεν.

83 1181 179 1216 Ὅμως
190 1183 253 1218 περὶ
263 1183 369 1219 Ἀερίου
383 1185 448 1220 ἡμίν
461 1187 475 1212 6
487 1185 564 1220 λόγος
579 1187 647 1215 ἐστί.
656 1187 703 1214 Διὸ
715 1186 793 1221 αὖθις
804 1189 872 1226 πρὸς

83 1227 165 1256 αὑτὸν
179 1229 384 1264 ὲπιστρεπτέον.

119 1361 155 1389 l".
173 1358 258 1394 Οὗτος
272 1363 286 1389 ό
299 1362 404 1399 ’Λέριος
416 1363 460 1391 διὰ
474 1364 537 1396 τοὺς
557 1365 696 1397 τοιούτους
717 1366 813 1401 λόγους
825 1375 870 1394 σε-

84 1409 214 1443 μνύνεται
236 1408 285 1444 μὲν
305 1409 453 1443 ἀπθταξίαν
467 1411 495 1437 ἐν
512 1411 601 1447 ἀρχῇ·
626 1412 783 1440 καταλιπὼν
796 1413 824 1440 δέ
841 1413 872 1440 τδ

83 1455 309 1490 πτωχοτροφεῖον,
332 1455 498 1491 παρείλκυσε
516 1457 602 1484 πολὺν
618 1458 699 1494 χορὸν
718 1458 822 1495 ἀνδρῶν
842 1468 871 1486 τε

83 1499 285 1531 καὶγυναικῶν.
300 1500 484 1535 Ἀπηλαύνετο
499 1501 526 1528 δὲ
541 1501 623 1533 αὐτὸς
637 1503 707 1537 μετὰ
724 1504 774 1539 τῆς
787 1504 870 1531 αὑτοῦ

83 1545 136 1572 ἀπὺ
149 1545 203 1571 τῶν
222 1545 374 1581 ἐκκλησιῶν
393 1547 440 1573 καὶ
462 1547 555 1583 ἀγρῶν
579 1549 626 1574 καὶ
641 1549 745 1584 κωμῶν
759 1549 871 1577 καὶτῶν

82 1590 168 1616 ἄλλων
185 1579 305 1618 πόλεων..
324 1591 458 1624 Πολλάκις
520 1593 590 1628 μετὰ
609 1579 707 1622 πολλόῦ
724 1594 802 1630 όχλου
823 1595 870 1622 τοῦ
882 1579 906 1610 c

83 1636 147 1662 [δίου
166 1637 305 1671 νιφόμενοι
325 1638 441 1673 ἀγρόθεν
461 1638 604 1673 διετέλουν,
621 1639 749 1677 ὕπαιθροι
770 1649 800 1669 τε
824 1641 870 1668 καὶ

82 1682 134 1708 ὑπὸ
145 1682 247 1717 πέτρας
254 1683 434 1718 αὐλιζόμενοι,
448 1685 476 1711 ἐν
485 1685 561 1717 ὕλαις
575 1686 802 1721 καταφεύγοντες.
816 1686 870 1714 Ἦν

81 1728 109 1755 δὲ
120 1728 201 1756 αὐτοῦ
214 1730 228 1756 6
239 1729 318 1764 λόγος
332 1729 468 1766 μανιώδης
481 1731 579 1767 μᾶλλον
590 1732 662 1768 ἢπερ
677 1734 870 1766 καταστάσεως

82 1774 271 1818 ἀνθρωπίνης·
303 1776 350 1802 καί
383 1785 467 1812 φησι·
488 1777 521 1804 Τί
544 1779 618 1806 ἐστιν
641 1779 790 1818 ἐπίσκοπος
812 1780 868 1815 (76)

82 1813 150 1856 πρὸς
167 1821 370 1857 πρεσὸύτερονς
391 1823 472 1850 Οὐδὲν
486 1823 638 1851 διαλλάττει
657 1814 736 1857 οὗτος
754 1813 866 1852 τούτουλ

83 1867 131 1902 μία
153 1867 206 1903 γάρ
235 1867 293 1894 ἐστι
323 1867 400 1900 τάξις
430 1869 477 1895 καὶ
502 1870 561 1905 μία,
588 1872 665 1906 φησι,
689 1872 869 1908 numerati-1v

82 1911 200 1947 ἀξίωμα.
237 1913 406 1949 Χειροθετεῖ,
436 1915 528 1949 φησὶν,
557 1916 714 1949 ἐπίσκοπος,
734 1918 801 1945 ἀλλὰ
821 1919 868 1946 καὶ

81 1959 95 1985 6
108 1958 301 1994 πρεσϐύτερος.
319 1960 438 1995 Λουτρὺν
451 1961 557 1989 δίδωσιν
571 1963 585 1989 6
597 1963 755 1997 ἐπίσκοπος,
767 1965 867 2000 ὁμοίως

81 2005 127 2032 καὶ
141 2005 156 2031 6
168 2005 360 2041 πρεσὸύτερος.
377 2007 433 2042 Τὴν
443 2007 599 2043 οἰκονομίαν
609 2010 658 2045 τῆς
671 2010 798 2046 λατρείας
811 2011 867 2047 (7T)

82 2052 151 2078 πηιεῖ
163 2052 177 2077 6
188 2051 345 2084 ἐπίσκοπος,
358 2052 403 2078 καὶ
415 2054 429 2079 6
444 2054 629 2089 πρεσϐύτερος
639 2055 779 2086 ὡσαύτως.
794 2056 868 2082 Καθ-

81 2097 170 2129 ἐζεται
185 2097 199 2123 6
217 2097 366 2130 ἐπίσκοπος
378 2099 424 2125 ἐπὶ
441 2099 488 2125 τοῦ
508 2099 614 2135 θρόνου,
629 2100 774 2133 καθέζεται
791 2102 839 2128 καὶ
852 2103 867 2129 6

81 2142 273 2178 πρεσϐύτερος.
299 2144 346 2171 Ἐν
372 2144 459 2180 τούτῳ
477 2145 591 2177 πολλοὺς
604 2147 739 2182 ὴπάτησε,
757 2147 803 2174 καὶ
818 2148 867 2182 dp.-

80 2188 162 2223 χηγὺν
184 2188 277 2215 τοῦτον
299 2189 456 2225 ἐσχήκασιν.
479 2189 546 2218 Εἶτά
585 2200 672 2228 φησι·
697 2193 729 2219 Τί
753 2194 811 2220 ἐστι
835 2195 866 2221 τὸ

925 968 994 995 rium
1005 969 1089 996 beata:
1104 970 1240 997 memoria:
1252 969 1402 997 Romanum
1417 971 1573 1006 episcopum
1585 979 1646 998 cum
1654 971 1714 998 aliis

923 1014 1058 1049 episcopis
1085 1015 1244 1050 legationem
1261 1015 1372 1048 obiisse,
1397 1019 1423 1043 et
1444 1017 1613 1051 expositione
1633 1016 1710 1048 ﬁdei,

926 1067 987 1093 quas
1001 1061 1028 1086 in
1043 1059 1153 1087 Nicasna
1173 1061 1277 1096 synodo
1294 1061 1432 1096 proposita
1447 1060 1545 1094 fuerat,
1562 1069 1593 1088 ac
1611 1061 1712 1089 sinceri

924 1105 1061 1141 dogmatis
1089 1106 1253 1141 professioni
1284 1106 1492 1141 subscripsisse.
1515 1105 1612 1134 Postea
1636 1114 1710 1139 vero,

923 1151 995 1178 velut
1010 1159 1024 1177 a
1041 1159 1138 1178 somno
1153 1159 1182 1179 se
1199 1159 1331 1179 revocans
1346 1159 1378 1178 ac
1395 1151 1517 1187 priorum
1536 1151 1709 1183 recordatus,

922 1196 956 1223 ad
984 1196 1113 1223 Arianatn
1145 1196 1296 1232 perfidiam,
1320 1205 1402 1232 quam
1429 1197 1507 1225 initio
1536 1203 1709 1232 susceperat,

922 1241 1087 1276 respiciendi
1103 1241 1182 1269 linem
1194 1241 1298 1268 nullum
1312 1241 1415 1269 habuit.
1427 1240 1527 1268 Verum
1540 1241 1574 1268 ad
1587 1242 1709 1273 Acrium,

921 1286 955 1314 de
970 1294 1024 1322 quo
1039 1286 1180 1315 institutus
1196 1294 1212 1314 a
1226 1287 1305 1315 nobis
1318 1295 1408 1315 sermo
1425 1286 1487 1321 fuit,
1501 1287 1653 1315 revocanda
1668 1291 1711 1314 est

923 1335 1024 1361 oratio.

957 1378 1000 1406 lll.
1014 1379 1063 1406 Hic
1079 1379 1162 1414 igitur
1176 1382 1287 1414 propter
1300 1379 1434 1414 ejusmodi
1450 1380 1571 1408 rationes
1588 1379 1710 1406 omnium

921 1433 1012 1452 rerum
1041 1424 1240 1453 abdicationem
1271 1424 1350 1452 initio
1373 1433 1428 1459 prae
1453 1433 1483 1453 se
1505 1425 1586 1458 tulit;
1612 1425 1710 1452 deinde

922 1470 1133 1506 ptochotrophio
1156 1470 1264 1500 relicto.
1282 1477 1406 1505 maguum
1427 1470 1481 1497 vim
1498 1477 1591 1498 secum
1607 1470 1705 1498 utrius-

922 1523 975 1550 que
995 1523 1077 1544 sexus
1090 1515 1229 1543 hominum
1253 1514 1376 1546 abduxit,
1395 1515 1440 1550 qui
1462 1522 1560 1542 omnes
1571 1515 1605 1542 ab
1620 1515 1709 1542 eccle-

922 1562 982 1594 siis,
1000 1562 1084 1597 agris,
1110 1562 1187 1597 pagis
1200 1565 1227 1589 et
1247 1561 1355 1596 oppidis
1377 1562 1549 1590 arcebantur.
1566 1562 1607 1588 Ac
1622 1569 1710 1596 sa’pe-

921 1614 1035 1634 numero
1049 1610 1123 1634 totus
1150 1607 1194 1634 illc
1207 1611 1295 1634 coitus
1317 1607 1379 1634 nive
1395 1606 1523 1641 perfusus
1538 1607 1641 1641 passim
1660 1614 1710 1642 per

920 1658 1031 1686 campos
1046 1650 1097 1678 sub
1114 1650 1158 1678 dio
1167 1651 1289 1685 degebat,
1304 1653 1351 1677 aut
1368 1650 1402 1677 ad
1416 1655 1552 1685 praerupta
1568 1658 1708 1683 saxorum.

920 1698 1058 1731 silvasque
1069 1696 1253 1731 confugiebat.
1277 1695 1324 1723 Est
1341 1700 1430 1723 autem
1458 1696 1531 1723 illius
1549 1696 1646 1730 dogma
1662 1704 1709 1724 su-

919 1749 968 1777 pra
986 1741 1104 1769 hominis
1121 1746 1229 1776 captum
1248 1741 1380 1769 furiosum
1397 1746 1424 1769 et
1441 1742 1568 1768 immane.
1595 1741 1623 1768 ln
1652 1743 1708 1776 pri-

919 1788 972 1815 mis
988 1787 1076 1818 enim,
1097 1787 1231 1820 Quanam,
1246 1787 1343 1822 inquit,
1361 1787 1388 1814 in
1415 1795 1444 1814 re
1464 1787 1623 1822 presbytero
1634 1787 1708 1822 epis-

918 1841 1003 1868 copus
1032 1832 1193 1860 antecellit?
1228 1832 1338 1860 Nullum
1366 1832 1437 1860 inter
1469 1837 1614 1867 utrumque
1646 1833 1706 1859 ἀιδ-

919 1881 1023 1908 crimen
1039 1883 1092 1907 est.
1108 1879 1157 1906 Est
1174 1879 1246 1907 enim
1265 1879 1407 1907 amborum
1431 1887 1502 1907 unus
1516 1879 1595 1911 ordo.
1616 1886 1664 1913 par
1679 1882 1707 1906 et

918 1926 989 1954 idem
1002 1926 1091 1953 honor
1115 1933 1148 1953 ac
1163 1922 1293 1961 dignitas.
1309 1925 1405 1953 Manus
1421 1925 1535 1960 impertit
1549 1924 1706 1960 episcopus,

918 1971 1034 2006 imponit
1049 1976 1076 1998 et
1087 1971 1246 2006 presbyter;
1260 1970 1381 2005 baptizat
1397 1970 1553 2005 episcopus,
1573 1969 1645 1997 idem
1665 1969 1707 1996 fa-

917 2017 954 2044 cit
974 2021 1002 2044 et
1024 2017 1183 2053 presbyter;
1201 2017 1323 2044 divinum
1339 2024 1446 2044 omnem
1469 2016 1571 2043 cultum
1589 2015 1707 2043 admini-

917 2067 986 2090 strat
1002 2063 1158 2098 epismpns,
1180 2070 1235 2090 non
1260 2062 1352 2090 minus
1367 2061 1393 2089 id
1412 2062 1478 2088 facit
1501 2065 1528 2088 et
1552 2061 1704 2096 presbyter;

916 2107 1062 2142 episcopus
1080 2107 1108 2134 in
1123 2107 1223 2134 throno
1242 2107 1328 2138 sedet,
1353 2106 1428 2134 sedet
1451 2105 1531 2140 907
1542 2109 1568 2133 et
1590 2105 1706 2141 presby-

917 2157 968 2180 ter.
997 2152 1045 2180 llis
1072 2153 1099 2180 in
1132 2153 1231 2188 vulgus
1245 2151 1356 2186 iactatis
1372 2151 1515 2186 plerosque
1535 2151 1561 2178 in
1581 2158 1703 2178 errorem

917 2197 1040 2230 abduxit,
1079 2205 1196 2232 quorum
1221 2201 1302 2225 sectae
1336 2196 1464 2231 princeps
1499 2196 1614 2223 exstitit.
1636 2195 1706 2222 Prai-

81 2233 186 2268 Πάσχα,
204 2234 272 2270 ὅπερ
287 2236 349 2271 παρ’
363 2236 427 2271 ὑμῖν
439 2237 618 2270 ἐπιτελεῖται;
638 2239 794 2272 Ἰουδαϊκοῖς
815 2240 864 2266 πάι-

923 2251 1001 2275 .crea,
1032 2242 1101 2276 Quid
1127 2246 1180 2275 est,
1210 2242 1312 2277 inquit"
1341 2241 1463 2273 Pascha,
1494 2241 1566 2276 quod
1590 2248 1606 2267 a
1627 2241 1705 2268 vobis

79 2279 120 2306 λιν
150 2279 245 2314 μύθοις
264 2281 456 2316 προσανέχετε.
481 2283 518 2309 Οὺ
556 2283 611 2319 γὰρ
634 2284 697 2320 χρὴ,
727 2286 804 2320 φησὶ,
835 2287 866 2313 τὸ

79 2326 173 2361 Πάσχα
187 2326 331 2354 ἐπιτελεῖν.
351 2326 385 2354 Τὸ
399 2327 454 2363 γὰρ
467 2328 576 2364 Πάσχα
595 2330 680 2365 ἡμῶν
694 2331 783 2366 ἐτύθη
797 2333 865 2366 Χρι-

115 2404 121 2419 ¹
137 2404 201 2432 Cor.
221 2405 335 2440 Ἀρείου.

113 2480 168 2521 (76)
189 2481 327 2521 Νομίσειε
379 2481 419 2521 ἄεν·
429 2491 484 2515 τις.
499 2482 536 2511 De
549 2483 693 2521 Eustathio
713 2484 864 2521 Sebasteno

80 2515 123 2554 adi
142 2521 241 2554 przeter
257 2517 508 2554 ecclesiasticarum
530 2527 621 2546 rerum
640 2520 799 2554 scriptores.
813 2520 865 2547 Ba-

80 2550 169 2589 sili-im
184 2551 269 2589 epist.
290 2552 343 2589 74,
361 2557 397 2589 et_
410 2552 471 2581 aliis
490 2554 654 2588 quihusdam
674 2550 863 2589 sequentibus.

80 2584 153 2625 blunc
166 2584 306 2625 ab'altero
320 2587 443 2625 ejusdem
465 2584 586 2616 no‘minis
602 2584 754 2625 Eustathio,
774 2591 820 2625 qui
836 2591 864 2618 in

79 2619 229 2657 Gangrcnsi
246 2619 350 2657 synodo
367 2622 567 2651 condemnatus
583 2628 635 2654 est,
653 2619 792 2652 diversum
803 2633 865 2653 esse

79 2656 173 2695 prohat
182 2656 314 2695 adversus
326 2657 478 2695 Socratem,
495 2658 686 2695 §ozomeuum,
712 2663 739 2687 et
751 2664 864 2688 cmteros

79 2691 107 2717 in
121 2691 217 2717 Annal.
236 2691 379 2723 Barouius,
396 2693 430 2719 ad
444 2700 489 2720 an.
501 2694 563 2721 3H).

183 2726 292 2763 ξΕόοξε
306 2726 340 2753 δὲ
360 2727 409 2753 καὶ
424 2728 498 2761 πρὸς
518 2727 660 2763 Λιϐἐριον.
675 2727 863 2757 Macedoniani

78 2761 255 2799 sub‘t’alente
270 2762 432 2799 imperatore
447 2763 481 2799 ab
493 2761 600 2799 Ariani}
610 2765 745 2798 oppressi.
761 2765 864 2799 legatos

78 2795 108 2821 ad
128 2795 266 2823 Liberium
294 2795 389 2831 papam
411 2797 558 2830 destinant.
579 2795 750 2826 Eustathiqu
773 2795 859 2826 Seba-

79 2836 194 2869 stenum,
209 2832 348 2858 Silvanum
361 2831 523 2869 Tarsensem
544 2838 571 2859 et
589 2834 668 2865 alios,
680 2842 731 2869 per,
741 2842 810 2869 quos
822 2835 862 2866 ιίς

80 2865 106 2892 τὸ
115 2867 256 2903 ὁμοοὺσιον
275 2867 474 2896 consentientes
487 2869 585 2904 recepti
599 2868 734 2897 sunt.Sed
750 2865 780 2897 'ea
793 2865 861 2897 con?

918 2286 1092 2313 celebratur?
1110 2286 1244 2313 Nimirum
1260 2287 1294 2313 ad
1315 2285 1470 2314 Judzeorum
1488 2286 1576 2313 adhuc
1598 2285 1704 2313 fabulas

919 2332 1123 2366 adhaerescitis;
1154 2339 1243 2368 neque
1276 2333 1349 2360 enim
1376 2331 1520 2360 Paschalis
1543 2332 1704 2360 solemnitas

913 2485 974 2514 silia
991 2485 1025 2513 ab
1046 2483 1170 2511 Eudoxio
1190 2487 1283 2519 postea
1305 2483 1459 2519 disturbata
1478 2487 1552 2510 sunt.
1567 2482 1633 2519 Vide
1653 2483 1704 2510 So-

914 2526 1016 2548 cratem
1032 2521 1080 2548 lib.
1106 2528 1148 2551 Ill,
1173 2518 1234 2554 cap.
1257 2519 1301 2546 Η.
1327 2518 1485 2554 Eustathius
1500 2526 1581 2553 porro
1601 2518 1703 2547 Liberii

914 2555 1053 2591 pontificis
1075 2553 1283 2591 litterisufrctus
1301 2554 1334 2591 in?
1350 2553 1508 2591 Tyrancnsi
1522 2555 1640 2581 concilio
1659 2563 1702 2582 re—

914 2589 1027 2618 stitutus
1046 2594 1099 2618 est.
1116 2589 1234 2617 Basilius
1250 2589 1276 2616 in
1293 2590 1375 2623 epist.
1389 2589 1423 2616 72
1434 2593 1459 2616 et
1478 2589 1522 2616 84.

950 2626 1005 2660 (76)
1027 2625 1082 2651 Καί
1100 2633 1186 2658 φησι·
1208 2625 1238 2651 Τί
1252 2625 1342 2660 νὲοζτιν
1363 2624 1539 2660 ἐπίσκοπος.
1561 2623 1650 2651 Habes
1675 2625 1701 2650 in

913 2659 1040 2688 Aei-ianis
1063 2667 1221 2693 expressam
1250 2659 1333 2694 hujus
1355 2659 1485 2694 temporis
1511 2659 1701 2694 haereticorum

914 2695 1072 2729 imaginem.
1098 2694 1189 2727 Quare
1211 2701 1273 2721 cum
1289 2693 1575 2728 'illoruin’dogmata,
1601 2693 1702 2729 quibus

914 2728 1082 2757 recentiores
1101 2729 1147 2756 isti
1165 2729 1381 2764 patrocinantur,
1403 2728 1513 2764 damnat.
1540 2735 1572 2764 ac
1601 2728 1701 2764 refellit

913 2764 1097 2799 Epiphanius,
1115 2762 1224 2799 plenum
1242 2763 1384 2799 gravitatis
1406 2762 1634 2799 auctoritatisque
1656 2762 1700 2797 ju-

911 2798 1014 2834 dicium
1033 2799 1058 2834 in
1074 2798 1185 2826 eosdem
1202 2799 1276 2832 ipsos
1293 2798 1463 2834 pronuntiat.

946 2833 1003 2867 (77)
1026 2833 1084 2865 Τὴν
1099 2831 1271 2867 οἰκονομίαν
1294 2831 1357 2866 ’τῆς
1388 2832 1536 2868 λατρείας.
1564 2831 1634 2865 Quid
1665 2832 1700 2859 sit

909 2869 1015 2897 dicetur
1029 2868 1062 2895 ad
1082 2868 1284 2903 Expositioncm
1300 2868 1372 2895 iidci.
