1931 3041
204 146 258 176 507

202 204 328 234 obeunda
357 213 364 233 :
397 204 530 239 Quoniam
565 204 668 233 Pascha
690 212 808 234 nostrum
839 207 992 237 immolatus
1007 215 1028 242 Α

201 257 241 279 est
264 250 418 279 Christus‘.
449 250 538 286 Pergit
563 251 681 280 deinde:
708 252 739 280 Et
759 261 820 288 qua:
841 255 910 282 ratio
940 261 993 288 est,

203 298 302 334 inquit,
344 302 405 332 post
429 298 532 324 obitum
560 302 730 326 mortuorum
774 301 913 336 appellare
944 310 995 329 no-

203 343 297 370 mina?
311 343 377 370 Nam
395 348 424 370 ut
449 343 526 371 vivus
556 348 625 376 oret,
650 349 697 371 aut
719 345 745 372 in
761 353 895 381 pauperes
923 347 994 374 bona

203 397 253 416 sua
281 389 429 423 dispenset,
442 389 506 424 quid
523 397 555 416 ex
576 397 608 417 ea
618 398 646 416 re
660 391 769 418 tandem
797 392 830 419 ad
856 397 993 420 mortuum

204 434 290 462 redit?
317 434 420 468 Quodsi
447 436 626 470 superstitum
645 444 741 471 preces
763 437 797 465 iis
813 437 860 472 qui
891 445 924 465 ex
944 438 994 465 hac

203 481 258 509 vita
276 481 456 508 discesserint
467 481 597 516 opitulari
611 486 726 516 possunt
739 491 746 515 ;
763 491 841 510 nemo
858 483 900 518 pic
915 483 994 511 dein-

203 535 268 562 ceps
284 533 345 562 agat
362 527 474 562 aliquid,
491 536 578 562 neque
590 527 652 555 boni
673 528 822 563 quidquam
836 529 930 561 faciat,
946 529 993 556 scd

203 574 308 601 amicos
321 574 372 601 sibi
391 574 499 608 aliquos
512 581 676 609 quacunque
699 575 803 602 ratione
818 575 881 602 velit
898 575 993 610 adjun-

203 623 264 656 ειη,
280 619 338 647 sive
353 620 530 655 pecuniarum
556 619 710 655 largitione.
726 620 783 648 sive
798 620 924 655 precibus
941 621 994 648 hoc

204 667 238 693 ah
264 666 317 693 illis
337 666 389 693 sub
406 665 469 692 vitae
493 665 572 692 tinem
597 666 733 700 impetret,
749 669 779 693 ut
793 674 842 700 pro
862 674 891 694 se
909 665 993 694 Deum

203 716 328 746 exorent,
359 715 389 739 ut
414 719 449 738 ne
474 711 529 738 illic
552 710 655 746 aliquid
674 711 838 739 incommodi
861 712 992 747 patiatur,

203 766 254 786 nec
276 758 436 785 immanium
463 765 477 784 a
493 765 522 785 se
542 757 694 784 facinorum
716 764 803 793 paenae
825 763 993 793 repetantur.

202 803 259 832 Sed
283 811 370 838 neque
397 802 505 838 jejunii,
537 803 636 837 inquit,
659 802 820 830 instituendi
853 803 907 830 ulla
923 803 994 831 ratio

203 854 257 877 est.
276 848 337 876 [hec
351 849 423 876 enim
439 849 531 874 omnia
560 847 715 876 Iudaeorum
735 848 847 884 propria
871 854 946 883 sunt,
967 853 994 877 et

208 895 318 923 cuidam
332 895 472 922 servitutis
484 894 550 929 jugo
563 894 696 929 subjecm.
711 893 818 929 Quippe
828 895 905 930 justo
922 894 995 922 nulla
1011 884 1032 912 Β

207 940 251 968 lex
279 940 367 975 posita
395 942 448 971 est,
472 938 519 966 sed
541 938 685 974 parricidis
704 946 736 966 ac
756 939 907 966 matricidis
925 939 996 967 dun-

207 991 284 1014 taxat
300 992 326 1014 et
342 986 369 1014 id
386 994 471 1021 genus
497 985 561 1013 aliis
576 985 597 1013 '.
614 984 682 1012 Nam
697 984 721 1013 si
739 985 864 1020 jejunare
883 985 996 1013 omnino

204 1032 384 1063 decreverim,
399 1038 561 1066 quacunque
586 1031 694 1059 libuerit
724 1031 779 1064 die,
796 1035 893 1066 sponte
911 1036 937 1059 et
954 1032 997 1059 in-

207 1082 285 1113 tegra
301 1078 427 1105 libertate
440 1077 579 1112 jojunaho.
602 1077 671 1105 Hinc
685 1081 728 1106 est
744 1077 817 1113 quod
837 1078 883 1105 isti
903 1077 996 1105 Domi-

204 1123 266 1150 nica
289 1123 331 1150 die
354 1123 480 1158 jejunare
520 1123 611 1158 potius
635 1122 782 1155 all‘ectant,
807 1128 904 1158 quarta
932 1130 997 1151 vero

204 1174 337 1204 sellaque
350 1168 417 1196 feria
441 1173 596 1197 vescantur.
617 1168 777 1204 Quanquam
810 1176 997 1204 saepenumero

205 1219 304 1250 quarta
324 1214 391 1242 feria
404 1215 541 1250 jejunent,
555 1223 609 1242 non
622 1215 676 1241 ulla
692 1215 761 1250 lege,
782 1215 827 1242 sed
846 1215 996 1247 voluntate,

205 1266 235 1288 ut
251 1265 389 1293 asserunt,
427 1260 545 1288 inducti.
576 1260 663 1288 Porro
681 1261 777 1289 diebus
795 1261 864 1296 ipsis
879 1261 998 1289 Pascha-

204 1308 251 1338 tis.
270 1307 342 1342 quod
358 1311 464 1342 tempus
482 1307 557 1334 humi
574 1307 712 1340 cubando,
730 1308 921 1335 castimoniam
940 1315 999 1336 ser-

205 1353 295 1381 vando
310 1353 518 1388 aﬂlictandoque
543 1360 669 1387 corpore,
688 1359 794 1380 necnon
809 1357 836 1380 et
857 1353 997 1381 aridorum

204 1399 328 1426 ciborum
346 1406 408 1430 usu,
422 1398 560 1434 precibus.
580 1397 690 1433 vigiliis,
704 1397 818 1433 jejuniis
836 1405 868 1426 ac
885 1398 998 1434 reliquis

206 1445 231 1472 id
247 1452 333 1480 genus
345 1444 533 1472 saluberrimis
548 1444 670 1478 corporis
680 1444 848 1473 cruciatibus
859 1444 998 1472 celebrare

205 1491 335 1522 solemus,
351 1490 388 1516 illi
403 1497 417 1517 e
433 1489 572 1517 contrario
585 1489 642 1524 jam
658 1493 715 1517 tum
732 1490 853 1518 diluculo
867 1490 998 1518 obsonari

205 1537 303 1568 solent,
319 1540 346 1563 et
379 1535 509 1563 carnibus
541 1535 658 1570 vinoque
688 1535 801 1563 distenti
826 1536 996 1569 cachinnari,

205 1581 307 1612 ridere,
323 1589 437 1616 eosque,
458 1581 504 1616 qui
529 1581 603 1608 illam
627 1579 770 1609 Paschalis
802 1580 997 1609 hebdomadem

205 1627 391 1656 sanctissimis
415 1628 469 1655 illis
495 1627 675 1663 religionibus
696 1627 862 1661 traducunt,
882 1628 1000 1655 ludibrio

204 1673 315 1701 habere.
332 1673 439 1701 Etenim
463 1674 573 1702 tametsi
592 1673 750 1702 renuntiare
766 1681 796 1702 se
812 1673 895 1702 rebus
912 1675 1002 1701 omni-

206 1719 258 1747 bus
270 1721 458 1755 proliteantur,
487 1720 600 1747 minime
626 1724 717 1747 tamen
746 1719 809 1747 vitae
827 1719 895 1747 illud
920 1719 1002 1747 insti-

914 152 944 180 S.
964 152 1138 182 EPIPHANII

1044 212 1126 244 στός.
1155 209 1221 238 Εἶτα
1248 212 1408 246 μετέπειτα,
1435 212 1494 240 Τίνι
1516 212 1555 250 τῷ
1583 213 1656 250 λόγῳ
1675 215 1746 251 μετὰ
1760 215 1853 244 θάνα-

1045 264 1090 282 τον
1115 256 1273 291 ὀνομάζετε,
1297 257 1390 293 φησὶν,
1414 258 1534 293 ὀνόματα
1557 259 1730 292 τεθνειίηων;
1756 262 1854 297 Εὔχε-

1047 309 1093 327 ται
1121 300 1185 336 γὰρ,
1216 302 1310 337 φησιν,
1337 303 1352 328 ὁ
1380 302 1445 334 ζῶν,
1477 303 1493 339 ἢ
1517 305 1674 339 οἰκονομίαν
1705 306 1850 341 ἐποίησε·

1044 346 1071 372 τί
1087 346 1294 382 ὠφεληθήσεται
1310 347 1475 381 ὀ,τεθνεὼς;
1497 349 1527 375 Εἰ
1553 349 1581 375 δὲ
1606 350 1674 382 ὅλως
1695 351 1763 386 εὐχὴ
1790 352 1852 378 τῶν

1044 392 1163 419 ἐνταῦθα
1174 393 1238 425 τοὺς
1252 394 1344 420 ἐκεῖσε
1366 393 1482 428 ὤνησεν,
1501 396 1554 430 ἄρα
1569 395 1633 429 γοῦν
1657 396 1751 431 μηδεὶς
1766 397 1852 423 εὐσε-

1045 437 1137 469 ϐεἱτω,
1165 438 1234 473 μηδὲ
1258 439 1476 473 ἀγαθοποιείτωο
1491 440 1560 467 ἀλλὰ
1581 442 1728 477 κτησάσθω
1749 442 1851 476 φίλους

1044 483 1120 516 τινὰς
1135 483 1169 510 δι’
1183 481 1214 511 οὗ
1239 484 1363 520 βούλεται
1377 485 1488 521 τρόπου,
1511 486 1571 521 ἦτοι
1585 488 1708 522 χρήμασι
1732 489 1849 520 πείσας,

1044 530 1103 565 ἦτοι
1119 530 1212 564 φίλους
1228 530 1348 562 ἀξιώσας
1368 532 1397 557 ὲν
1409 533 1442 567 τῇ
1458 531 1581 568 τελευτῇ,
1598 533 1645 559 καὶ
1665 532 1850 567 εὐχέσθωσαν

1044 575 1109 610 περὶ
1126 574 1225 608 αὐτῶν,
1244 575 1287 602 ῐνα
1302 576 1339 612 μή
1352 584 1377 602 τι
1395 577 1454 603 ἐκεῖ
1468 577 1551 613 πάθῃ,
1569 577 1635 612 μηδὲ
1652 578 1686 605 τὰ
1698 579 1744 605 ὑπ’
1757 578 1849 605 αὐτοῦ

1044 620 1179 656 γενόμενα
1206 620 1261 647 τῶν
1296 621 1453 656 ἀνηκέστων
1478 622 1691 658 ἁμαρτημάτων
1723 623 1849 659 ἐκζητη-

1045 665 1089 701 θῇ.
1112 666 1181 692 Ἀλλ’
1207 666 1269 693 οὕτε
1290 667 1412 702 νηστεία,
1444 668 1537 703 φησὶν,
1570 668 1645 695 ἔσται
1673 670 1846 705 τεταγμένη.

1044 713 1139 740 Ταῦτα
1157 712 1212 748 γὰρ
1237 713 1371 740 Ίουδαῖκά
1389 715 1456 747 ἐστι,
1473 714 1521 741 καὶ
1540 714 1592 741 ὑπὸ
1612 715 1692 749 ζυγὸν
1707 715 1846 747 δουλείας.

1044 757 1145 792 Δικαίῳ
1165 758 1219 794 γὰρ
1235 759 1319 794 νόμος
1332 758 1364 785 οὗ
1384 759 1482 790 κεῖται,
1497 758 1566 786 ἀλλὰ
1587 759 1769 794 πατραλοίαις
1796 761 1847 786 καὶ

1046 804 1225 840 μητραλοίαις
1260 805 1308 832 καὶ
1334 804 1447 836 λοιποῖς.
1476 804 1508 832 Εί
1529 805 1584 841 γὰρ
1611 804 1679 837 ὅλως
1709 804 1846 840 βούλομαι

1045 850 1196 886 νηστεύειν,
1209 850 1269 878 οἵαν
1287 850 1309 877 δ’
1324 850 1358 877 ἂν
1372 851 1521 887 αἱρήσομαι
1536 850 1641 887 ἡμέραν
1652 850 1846 886 ἁτΐὲμαυτοῦ,

1047 895 1170 932 νηπεύω
1183 896 1227 923 διὰ
1246 895 1295 931 τὴν
1310 896 1478 932 ἐλευθερίαν.
1493 896 1574 924 Ὅθεν
1593 897 1658 932 παρ’
1677 896 1774 928 αὐτοῖς
1796 905 1843 923 ita

1045 942 1219 978 φιλοτίμηται
1242 942 1344 978 μᾶλλον
1358 943 1387 969 ἐν
1407 943 1535 978 Κυριακῇ
1555 942 1706 977 νηστεύειν,
1723 943 1846 978 τετράδα

1045 988 1135 1016 δὲκαὶ
1163 988 1358 1025 Προσάῶατον
1384 988 1494 1016 ἐσθίειν.
1520 989 1653 1020 Πολλάκις
1678 989 1704 1015 δὲ
1727 989 1776 1015 καὶ
1794 988 1845 1024 τὴν

1044 1034 1162 1071 τετράδα
1180 1034 1370 1070 νηστεύουσιν,
1390 1035 1451 1070 οὐχὶ
1467 1034 1570 1069 θεσμῷ,
1593 1034 1650 1061 ἀλλ’
1666 1034 1721 1069 ἰδίᾳ
1745 1043 1845 1069 προαι-

1047 1080 1131 1117 ρέσει,
1156 1081 1248 1116 φησιν,
1273 1081 1322 1108 Ἐν
1338 1089 1369 1106 τε
1392 1081 1451 1112 ταῖς
1467 1080 1585 1116 ἡμέραις
1606 1079 1652 1106 τοῦ
1672 1079 1780 1114 Πάσχα.
1797 1080 1842 1109 ὅτε

1046 1127 1110 1162 παρ’
1125 1127 1191 1162 ἡμῖν
1206 1125 1363 1162 χαμευνίαι,
1380 1126 1498 1160 ἁγνεῖαι,
1512 1124 1706 1155 κακοπάθειαι,
1725 1125 1843 1160 ξηροφα-

1046 1173 1114 1207 γίαι,
1133 1173 1222 1208 εὐχαὶ,
1248 1172 1398 1208 ἀγρυπνίαι
1415 1180 1445 1198 τε
1470 1171 1517 1199 καὶ
1533 1173 1655 1207 νηστεῖαι
1674 1171 1723 1198 καὶ
1754 1171 1843 1198 πᾶσαι

1045 1218 1101 1245 τῶν
1119 1218 1214 1253 ψυχῶν
1235 1218 1264 1244 al.
1286 1218 1419 1254 σωτηρίαι
1440 1217 1494 1244 τῶν
1519 1217 1606 1251 ἁγίων
1633 1216 1739 1248 παθῶν,
1765 1216 1844 1254 αὐτοὶ

1046 1263 1170 1290 ἀπέωθεν
1192 1261 1327 1297 ὀψωνοῦσι
1351 1262 1420 1298 κρέα
1438 1270 1468 1289 τε
1491 1262 1539 1288 καὶ
1561 1259 1643 1294 οἶνον,
1661 1261 1768 1288 ἑαυτῶν
1794 1260 1843 1292 τὰς

1047 1309 1149 1344 φλέϐας
1161 1309 1331 1344 γεμίζοντες,
1346 1308 1580 1344 ἀνακαγχὰζουσι,
1591 1308 1734 1342 γελῶντες,
1748 1307 1844 1342 χλευά-

1047 1355 1139 1387 ζοντες
1151 1355 1215 1386 τοὺς
1230 1355 1279 1390 τὴν
1294 1355 1376 1389 ἁγίαν
1399 1354 1500 1390 ταύτην
1514 1353 1643 1389 λατρείαν
1658 1353 1708 1388 τῆς
1725 1352 1843 1388 ἑϐδομά-

1047 1399 1091 1432 δος
1105 1399 1151 1426 τοῦ
1167 1400 1263 1436 Πάσχα
1283 1399 1484 1431 ἐπιτελοῦντας.
1498 1399 1552 1426 Καὶ
1564 1399 1618 1434 γὰρ
1631 1399 1655 1425 εἰ
1669 1398 1714 1425 καὶ
1739 1398 1844 1424 ἀποτα-

1048 1445 1141 1472 κτικὸν
1162 1445 1313 1480 ἐσχήκασιν
1329 1441 1403 1472 οὗτοι
1421 1444 1532 1480 τρόπον,
1554 1445 1605 1471 οὐκ
1631 1445 1750 1480 ᾖσκηται
1778 1443 1844 1478 παρ’

1048 1490 1140 1522 αὐτοῖς
1149 1498 1156 1505 ·
1175 1490 1242 1517 πολὺ
1253 1490 1282 1517 δέ
1297 1499 1322 1516 τι
1337 1489 1518 1526 κρεωφαγιῶν
1531 1489 1578 1516 καὶ
1592 1489 1751 1516 οἰνοποσιῶν
1764 1496 1770 1502 ·
1786 1488 1844 1515 ἀλλ’

1049 1537 1073 1562 ει
1086 1536 1140 1572 ἄρα
1161 1536 1233 1568 τινὲς
1250 1536 1358 1563 σπάνιοι
1375 1536 1405 1562 ὲν
1422 1535 1499 1571 μέσῳ
1516 1535 1605 1562 αὐτῶν
1625 1535 1672 1561 ἀπ’
1693 1534 1761 1566 ἰδίας
1774 1542 1844 1570 προ-

1049 1582 1180 1618 αιρέσεως
1195 1582 1329 1617 βούλοιντο
1344 1581 1433 1609 τοῦτο.
1446 1582 1554 1609 Μᾶλλον
1565 1581 1594 1608 δέ
1609 1582 1679 1608 εἰσιν
1693 1581 1718 1608 οἱ
1732 1580 1843 1612 πλείους

1048 1629 1138 1656 αὐτῶν
1159 1629 1323 1664 κεχρημένοι
1345 1628 1484 1663 δαψιλέσιν
1510 1627 1615 1654 ἐδωδῶν
1641 1626 1845 1663 σαρκοφαγίαις

1048 1675 1095 1701 καὶ
1111 1674 1287 1708 οίνοποσίαις,
1309 1673 1348 1706 ὡς
1372 1673 1502 1705 πολλάκις
1520 1673 1598 1709 ἔφην.
1616 1672 1710 1699 Ταῦτὰ
1725 1672 1783 1698 ἐστι
1808 1671 1844 1698 τὰ

1049 1720 1126 1755 παρὰ
1145 1720 1250 1756 Ἀερίου
1264 1719 1303 1755 τῷ
1323 1719 1373 1755 βιῳ
1389 1718 1563 1755 ὲξεμεθέντα.

205 1769 294 1793 tutum
307 1766 464 1798 observant,
491 1765 537 1794 sed
558 1766 688 1794 carnibus
713 1773 745 1793 ac
769 1766 924 1793 vinolentia:
947 1766 1008 1801 plus
1032 1773 1111 1802 aequo
1138 1766 1295 1802 indulgent,
1321 1766 1375 1794 nisi
1400 1765 1470 1793 forte
1500 1765 1578 1800 pauci
1607 1764 1751 1792 admodum
1775 1764 1844 1790 inter

206 1812 268 1839 illos
280 1818 378 1847 sponte
394 1821 444 1841 sua
468 1813 585 1848 priorem
601 1813 675 1841 illam
692 1813 754 1841 vitae
778 1814 913 1841 rationem
930 1813 1076 1842 retineant.
1092 1813 1188 1849 Maiori
1215 1814 1287 1842 enin:
1311 1821 1344 1842 ex
1363 1817 1441 1849 parte
1463 1813 1626 1849 largioribus
1651 1812 1752 1848 epulis,
1783 1819 1843 1838 car-

206 1859 289 1886 nibus
319 1867 351 1887 ac
375 1860 438 1886 vino
457 1867 517 1887 sese
542 1860 720 1896 ingurgitant,
739 1863 769 1888 ut
795 1868 851 1888 non
879 1861 965 1888 semel
992 1861 1122 1890 diximus.
1152 1861 1216 1890 Haec
1245 1865 1310 1889 sunt
1335 1861 1485 1897 praecipue.
1511 1868 1570 1896 qum
1589 1859 1688 1888 Acrius
1720 1859 1749 1886 in
1773 1859 1844 1886 hunc

206 1906 340 1932 mundum
353 1906 484 1933 evomuit.

247 1951 291 1980 IV.
310 1952 409 1979 Eadem
425 1953 483 1987 ipso
498 1961 581 1989 porro
596 1957 713 1982 mentem
725 1953 798 1981 illius
815 1960 848 1982 ac
860 1954 1001 1989 perlidiam

208 1996 354 2025 manifeste
379 1998 529 2032 declarant,
557 2007 619 2034 qua:
642 1999 669 2026 in
691 1998 831 2026 hominum
845 2006 932 2034 genus
948 1999 1001 2026 im-

208 2044 296 2080 probo
310 2044 426 2072 artilicio
437 2053 484 2080 per
492 2052 627 2073 summam
643 2044 777 2072 insaniam
797 2044 902 2072 eliudit.
917 2044 1001 2080 908

210 2091 351 2119 Adversus
367 2099 428 2126 quae
443 2091 489 2119 ubi
506 2091 602 2126 paucis
623 2090 867 2126 disputaverimus,
883 2091 998 2119 missum

211 2137 288 2164 illum
309 2137 451 2165 faciemus.
471 2137 616 2164 Enimvero
632 2140 720 2164 totum
746 2136 813 2165 illud
838 2136 999 2165 stoliditatis

209 2191 273 2210 esse
287 2183 476 2218 plenissimum
491 2182 612 2218 prudens
627 2183 743 2218 quisque
760 2182 841 2211 facile
857 2183 998 2218 perspicit,

210 2229 282 2256 velut
316 2236 377 2256 eum
403 2229 563 2265 episcopum
582 2236 615 2256 ac
638 2228 828 2265 presbyterum
857 2228 1001 2264 adaequare

209 2278 335 2302 conatur.
352 2274 409 2303 Hoc
421 2274 495 2303 enim
520 2279 651 2303 constare
668 2275 715 2310 qui
737 2274 844 2310 potest?
862 2274 1002 2310 Siquidem

209 2320 402 2355 episcoporum
432 2321 501 2348 ordo
529 2321 563 2348 ad
588 2321 740 2357 gignendos
758 2326 851 2356 patres
868 2322 1004 2356 praecipue

211 2366 340 2400 pertinet.
354 2365 442 2402 llujus
457 2367 529 2394 enim
541 2371 583 2394 est
597 2371 705 2402 patrum
723 2367 750 2394 in
767 2366 888 2395 Ecclesia
904 2375 1004 2402 propa-

211 2411 295 2445 gatio.
313 2413 388 2439 Alter
400 2420 462 2439 cum
481 2416 573 2447 patres
588 2420 642 2440 non
661 2413 759 2448 possit,
777 2413 849 2440 filios
873 2412 1004 2439 Ecclesiae

213 2458 427 2493 regenerationis
451 2458 553 2486 lotione
573 2459 710 2493 producit,
730 2467 784 2486 non
805 2463 896 2486 tamen
912 2462 1004 2493 patres

213 2508 262 2530 aut
275 2504 430 2538 magistros.
459 2502 576 2537 Quinam
595 2512 660 2532 vero
674 2504 731 2532 ﬁeri
748 2507 846 2539 potest,
864 2508 893 2530 ut
907 2504 929 2531 is
944 2511 1005 2539 pre-

213 2549 355 2585 sbyterum
371 2550 530 2582 constituat,
547 2550 580 2578 ad
602 2559 682 2586 quem
703 2551 850 2577 creandum
874 2557 1004 2577 manuum

215 2595 439 2631 imponendarum
459 2596 505 2632 jus
527 2597 631 2624 nullum
655 2596 774 2624 habeat?
790 2596 843 2622 Aut
867 2595 1006 2630 quomodo

1017 2217 1038 2243 D

215 2643 358 2679 presbyter
385 2643 515 2679 episcopo
544 2643 599 2670 diei
628 2646 717 2677 potest
751 2641 885 2677 aequalis?
904 2640 1006 2668 Verum

1092 1953 1129 1979 Δ’.
1152 1951 1338 1979 ’Υποδεικνύει
1352 1951 1442 1978 τοίνυν
1455 1950 1504 1986 τὴν
1517 1950 1620 1977 ἔννοιαν
1634 1950 1681 1978 καὶ
1694 1949 1745 1985 τὴν
1761 1950 1842 1978 αὐτοῦ

1053 1997 1192 2030 ἀπιστίαν,
1213 1998 1259 2025 καὶ
1275 1998 1309 2024 τὰ
1327 1998 1360 2024 δι’
1374 1997 1456 2025 αὐτοῦ
1472 1997 1553 2024 πάλιν
1567 1997 1606 2032 τῷ
1630 1997 1680 2032 βίῳ
1696 1998 1736 2029 εἰς
1759 2006 1842 2025 xam-

1053 2044 1173 2080 μήχανον
1184 2044 1281 2079 τέχνην
1293 2043 1520 2079 ὲμὸροντηθέντα·
1535 2044 1574 2074 είς
1585 2043 1613 2070 δὲ
1622 2043 1670 2074 τὰς
1684 2043 1753 2078 πρὸς
1765 2043 1842 2070 αὐτὸν

1051 2089 1203 2121 ἀντιθέσεις
1219 2088 1396 2124 ἐλευσόμεθα,
1409 2088 1487 2123 ὀλίγα
1497 2088 1682 2124 διηγούμενοι.
1697 2089 1744 2115 καὶ
1759 2088 1842 2121 οὕτως

1052 2135 1262 2170 παρερχόμενοι.
1286 2133 1339 2161 Καὶ
1354 2135 1396 2161 ὅτι
1421 2133 1471 2170 μὲν
1488 2133 1644 2169 ἀφροσύνης
1669 2134 1728 2161 ἐστὶ
1744 2135 1798 2169 (78)
1811 2134 1842 2160 τὸ

1053 2181 1107 2207 πᾶν
1120 2180 1255 2215 ἔμπλεων,
1272 2181 1327 2212 τοῖς
1340 2180 1446 2206 σύνεσιν
1459 2180 1638 2215 κεκτημένοις
1651 2179 1731 2206 τοῦτο
1745 2180 1822 2215 δῆλον
1831 2188 1838 2196 ·

1052 2226 1082 2253 τὸ
1091 2226 1180 2261 λέγειν
1190 2226 1270 2253 αὑτὸν
1278 2226 1426 2253 ἐπίσκοπον
1436 2226 1483 2253 καὶ
1496 2225 1681 2262 πρεσϐύτερον
1694 2226 1752 2252 ἴσον
1763 2224 1839 2254 εἶναι.

1053 2272 1108 2299 Καὶ
1123 2272 1181 2304 πῶς
1203 2271 1279 2299 ἔσται
1294 2272 1373 2299 τοῦτο
1391 2272 1518 2305 δυνατ6ν;
1539 2272 1572 2298 Ἦ
1587 2272 1636 2307 μὲν
1650 2272 1706 2308 γάρ
1720 2273 1778 2300 ἐστι
1790 2281 1840 2299 πα-

1052 2317 1139 2353 τέρων
1153 2318 1298 2353 γεννητικὴ
1320 2317 1396 2350 τάξις
1407 2326 1413 2333 ·
1427 2317 1550 2352 πατέρας
1567 2317 1621 2353 γὰρ
1632 2318 1715 2353 γεννᾷ
1732 2319 1765 2353 τῇ
1784 2319 1841 2345 Ἕκ-

1053 2363 1154 2398 κλησίᾳ
1165 2371 1172 2378 ·
1186 2364 1202 2399 ὴ
1218 2363 1257 2395 δὲ,
1279 2363 1399 2399 πατέρας
1414 2363 1450 2399 μὴ
1463 2363 1599 2398 δυναμένη
1613 2364 1721 2398 γεννᾷν,
1738 2363 1781 2391 διὰ
1795 2363 1840 2399 τῆς

1052 2409 1099 2436 τοῦ
1117 2408 1230 2444 λουτροῦ
1251 2409 1462 2444 παλιγγενεσίας
1474 2409 1557 2436 τέκνα
1574 2409 1657 2444 γεννᾷ
1671 2410 1704 2444 τῇ
1728 2409 1838 2445 Ἐκκλη-

1054 2456 1110 2490 σία,
1126 2455 1156 2481 οὐ
1172 2455 1224 2490 μὴν
1241 2455 1362 2491 πατέρας
1376 2455 1392 2489 ἢ
1406 2454 1590 2486 διδασκάλους.
1605 2453 1660 2481 Καὶ
1675 2454 1734 2486 πῶς
1748 2452 1801 2482 οἷον
1813 2463 1838 2481 τε

1053 2499 1087 2537 ἦν
1097 2501 1143 2528 τὸν
1161 2501 1345 2537 πρεσϐύτερον
1358 2501 1500 2537 καθιστᾷν,
1516 2501 1553 2537 μὴ
1566 2501 1662 2536 ἔχοντα
1676 2501 1839 2537 χειροθεσίαν

1053 2549 1101 2575 τοῦ
1123 2550 1303 2585 χειροτονεῖν,
1321 2549 1337 2584 ῆ
1358 2550 1446 2575 εἰσηῖν
1462 2549 1544 2576 αὑτὸν
1560 2547 1630 2575 εἶναι
1651 2548 1707 2575 ἴσον
1722 2547 1761 2583 τῷ
1785 2549 1838 2574 ὲπι-

1056 2595 1165 2631 σκόπῳ;
1193 2595 1330 2630 Ἦπάτησε
1353 2594 1381 2621 δὲ
1407 2595 1453 2621 τὸν
1478 2593 1678 2630 προειρημένον
1709 2593 1837 2630 ’Λέριονὴ

1056 2641 1139 2668 αὑτοῦ
1153 2641 1295 2678 ὲρεσχελία
1311 2642 1358 2669 καὶ
1374 2641 1388 2667 ὀ
1402 2640 1492 2676 ζῆλος.

214 2690 326 2717 Aerium
350 2690 432 2718 istum
457 2690 541 2717 nimia
561 2689 685 2724 quaedam
712 2689 866 2724 procacitas
889 2687 1081 2723 amulatioque
1097 2687 1213 2723 decepit.

253 2748 261 2763 '
275 2747 283 2774 I
299 2746 363 2774 Cor.
375 2755 401 2779 v,
414 2747 441 2774 7.
480 2748 490 2764 '
504 2745 514 2773 l
528 2745 598 2773 Tim.
612 2754 632 2779 I,
647 2746 674 2773 9.

253 2808 309 2843 (ιἸ8)
325 2807 379 2835 Καὶ
397 2807 442 2843 ὅτι
455 2806 512 2841 μὲν
540 2806 723 2843 ἀφροσύνης
739 2805 836 2843 ἐστίν.
854 2804 1010 2843 Disputavit

218 2841 262 2871 δε·
278 2841 310 2870 ea
334 2842 487 2877 quaestione
502 2842 693 2876 copiosissime
709 2841 842 2868 Baronius
857 2841 891 2868 ad
907 2848 1009 2867 annum

219 2879 265 2911 58,
282 2878 326 2906 ubi
340 2876 527 2905 diﬂicillimum
545 2885 578 2906 ex
598 2876 756 2912 Hieronymi
773 2876 937 2904 aucton‘tatc
959 2883 1011 2903 no-

1058 2803 1124 2840 dum
1149 2803 1295 2840 dissolvit:
1321 2803 1368 2838 qui
1393 2802 1421 2840 in
1445 2801 1611 2837 epistola-85
1632 2800 1672 2840 μά
1704 2799 1837 2840 Eurytion

1058 2839 1126 2866 nihil
1151 2839 1216 2866 olim
1241 2837 1388 2873 episcopos
1413 2838 1485 2865 inter
1509 2844 1541 2865 ac
1568 2837 1744 2873 presbyteros
1763 2837 1837 2862 fuisse

1059 2873 1227 2902 discriminis
1246 2873 1397 2902 aﬂirmassc
1409 2873 1528 2902 videtur.
