1931 3041
87 157 147 201 εοο

421 160 604 190 ADVERSUS
624 161 796 190 llERESES
817 162 879 196 LIB.

940 186 945 192 .
967 165 1049 194 TOM.
1071 167 1091 194 Ι.
1112 181 1146 186 -
1167 166 1304 195 ΙΙᾸΞΒΕΞ.
1332 165 1437 195 LXXV.

1682 164 1735 193 510

128 216 169 243 E'.
179 216 261 251 ⁴Ιιοίρει
269 215 298 243 δὲ
309 216 348 249 είς
357 216 455 244 ἑαυτοῦ
464 217 569 254 πλάνην
577 219 624 245 καὶ
635 219 688 245 τῶν
697 219 780 246 αὑτοῦ
788 220 886 247 ἁκουόν

984 222 1016 251 γ.
1037 225 1072 251 At
1083 224 1157 252 enim
1170 229 1199 252 ut
1220 228 1274 251 tam
1291 224 1342 252 sibi
1363 231 1444 259 quam
1460 222 1631 250 auditoribus
1649 223 1736 259 impo-

87 271 158 294 των,
170 262 211 295 ὂςι
223 263 237 290 ὁ
255 263 415 295 Ἀπόστολος
425 264 526 299 γράφει
538 265 733 301 πρεσϐυτέροις
746 266 794 292 καὶ
804 267 894 294 διακό-

86 317 158 339 νοις,
170 308 216 334 καὶ
223 308 253 334 οὐ
268 308 368 343 γράφει
377 309 654 345 ἐπισκόποις.Καὶτῷ
664 310 806 346 ἐπισκόπῳ
813 312 890 348 φησι·

87 354 140 387 Μὴ
156 354 259 389 ἀμέλει
278 354 332 381 τοῦ
348 355 383 382 ἐν
397 355 447 381 σοὶ
461 358 656 390 χαρίσματος,
669 353 705 383 οὗ
725 356 832 390 ἔλαϐες
842 357 892 384 διὰ

88 399 201 433 χειρῶν
216 399 270 426 τοῦ
286 401 502 435 πρεσϐυτερίου
516 408 521 414 ·
538 401 619 427 πάλιν
633 401 661 428 δὲ
675 402 704 428 ὲν
717 402 789 438 ἄλλῳ
801 402 889 438 τόπῳ·

95 445 295 478 Ἐπισκόποις
321 446 372 473 καί
405 446 572 480 διακόνοις·
601 447 639 479 ὡς
677 445 766 479 εἶναι,
803 449 890 484 φησὶ,

89 491 137 517 τὸν
174 491 255 517 αὐτὸν
294 491 452 524 ἐπίσκοπον,
489 492 534 519 τὸν
573 493 652 520 αὑτὸν
690 494 886 531 πρεσϐύτερον.

89 538 147 563 Καὶ
162 538 215 563 οὐκ
231 535 302 565 οἶδεν
317 538 332 563 ό
343 538 393 574 τὴν
407 539 568 565 ἀκολουθίαν
584 539 633 575 τῆς
649 539 780 576 ἀληθείας
794 541 892 577 ἀγνοή-

90 591 153 614 σας,
175 583 223 610 καὶ
236 584 369 619 ἱστορίαις
389 584 552 619 βαθυτάταις
568 585 605 622 μὴ
622 585 752 622 ἐντυχὼν,
764 587 816 619 ὅτι,
830 588 890 615 νέου

88 628 169 660 ὄντος
187 628 235 655 τοῦ
253 629 443 665 κηρύγματος,
459 631 527 666 πρὸς
544 631 577 657 τὰ
599 632 786 659 ὑποπίπτοντα
807 632 891 669 ἐγρα-

90 683 141 709 φεν
157 676 172 701 ό
191 674 268 709 ἇγιος
291 675 460 708 Ἀπόστολος.
479 675 569 704 Ὂπου
591 678 640 713 μὲν
660 675 732 713 ἦσαν
746 679 890 705 ἐπίσκοποι

91 721 142 757 ἢδη
164 721 392 754 κατασταθέντες,
411 722 531 757 ἔγραφεν
554 723 714 755 ἐπισκόποις
733 724 781 751 καὶ
799 724 891 751 διακό-

90 775 158 798 νοις.
176 766 215 793 οὔ
237 767 292 803 γὰρ
310 767 399 794 πάντα
422 768 502 800 εὐθὺς
517 768 687 804 ἠδυνήθησαν
704 770 728 796 οἱ
746 770 890 796 ἀπόστολοι

90 814 274 850 καταστῆσαι.
288 814 488 851 Πρεσϐυτέρων
501 815 555 851 γὰρ
566 816 671 850 ἐγίνετο
680 817 760 853 χρεία
773 817 820 843 καὶ
833 817 890 843 δια-

90 860 189 887 κόνων,
203 860 252 887 Διὰ
268 860 324 895 γὰρ
346 860 400 887 τῶν
424 861 470 887 δύο
493 861 595 888 τούτων
617 862 651 888 τὰ
674 862 889 897 ἒκκλησιαστικὰ

89 906 219 933 δύνανται
235 906 416 942 πληροῦσθαι.
430 907 518 934 Ὅπου
534 908 563 934 δὲ
577 907 627 943 οὺχ
643 907 742 944 εὑρέθη
757 917 800 940 τις
815 908 889 941 ἄξιος

91 952 260 987 ἐπισκοπῆς,
275 952 383 988 ἔμεινεν
396 952 410 978 ὁ
421 952 503 984 τόπος
521 953 605 989 χωρὶς
621 953 783 980 ἐπισκόπου.
801 954 888 981 Ὅπου

91 998 120 1025 δὲ
136 998 232 1033 γέγονε
248 999 338 1034 χρεία,
352 999 400 1026 καὶ
409 997 479 1035 ἦσαν
491 999 560 1031 ἄξιοι
577 1000 740 1036 ἐπισκοπῆς,
757 1000 890 1028 κατεστά-

93 1045 179 1079 θησαν
195 1046 350 1073 ἐπίσκοποι.
364 1045 489 1081 Πλήθους
503 1046 531 1073 δὲ
549 1046 586 1082 μὴ
605 1046 691 1079 ὄντος,
707 1047 756 1081 οὐχ
775 1046 890 1082 εὑρέθη-

93 1098 144 1117 σαν
159 1091 188 1116 ὲν
202 1091 296 1122 αὐτοῖς
315 1091 498 1127 πρεσὸύτεροι
514 1091 729 1127 κατασταθῆναι,
745 1092 792 1118 καὶ
807 1091 890 1128 ἠρκέ-

93 1135 197 1171 σθησαν
210 1136 257 1163 ἐπὶ
272 1136 312 1172 τῷ
326 1136 397 1163 κατὰ
411 1136 493 1163 τόπον
509 1137 583 1173 μόνῳ
595 1137 748 1172 ὲπισκόπῳ.
765 1137 845 1163 ΙἈνευ
861 1136 890 1162 δὲ

90 1182 214 1209 διακόνου
230 1183 378 1210 ἐπίσκοπον
390 1182 521 1210 ἀδύνατον
534 1180 614 1210 εἶναι.
630 1183 685 1210 Καὶ
699 1182 889 1218 ὲπεμελήσατο

90 1230 105 1255 ὸ
121 1229 198 1263 ἆγιος
218 1228 380 1261 Ἀπόστολος
398 1229 540 1261 διακόνους
553 1227 622 1256 εἶναι
636 1228 675 1264 τῷ
690 1229 832 1263 ὲπισκόπῳ
846 1228 890 1255 διὰ

90 1275 139 1313 τὴν
154 1275 319 1313 ὑπηρεσίαν.
338 1275 417 1302 υῡτω
433 1276 483 1312 τῆς
502 1275 666 1311 Ἐκκλησίας
680 1275 817 1310 λαϐούσης
832 1274 889 1310 (79)

90 1324 125 1351 τὰ
141 1323 314 1359 πληρώματα
327 1322 377 1358 τῆς
389 1322 556 1357 οἰκονομίας,
571 1321 643 1348 οὕτω
656 1321 715 1348 κατ’
727 1322 816 1348 ἐκεῖνο
829 1330 890 1348 και-

93 1370 140 1406 ροῦ
155 1368 226 1405 ἦσαν
243 1370 268 1396 oi
295 1370 386 1398 τόποι.
404 1369 459 1397 Καὶ
479 1369 534 1404 γὰρ
556 1369 671 1396 ἕκαστον
699 1369 816 1405 πρᾶγμα
840 1369 890 1395 οὐκ

90 1416 219 1452 ἀπαρχῆς
241 1416 275 1443 τὰ
300 1416 390 1443 πάντα
415 1415 508 1450 ἔσχεν·
528 1414 596 1442 ἀλλὰ
623 1414 816 1450 προϐαίνοντος
840 1413 887 1440 τοῦ

90 1464 187 1498 χρόνου
203 1463 237 1490 τὰ
255 1463 323 1499 πρὸς
341 1462 481 1489 τελείωσιν
505 1461 558 1489 τῶν
574 1461 674 1496 χρειῶν
696 1461 886 1497 κατηρτίςετο.

944 273 1002 302 nat,
1017 270 1082 297 illud
1098 271 1193 305 objicit
1208 280 1215 298 :
1236 270 1396 305 Apostolnm
1412 269 1582 305 presbyteris
1610 273 1636 296 et
1644 269 1736 296 diaco-

948 314 992 341 nis
1017 315 1150 348 scribere,
1172 323 1226 342 non
1247 315 1395 350 episcopis.
1415 314 1479 342 Item
1494 316 1652 350 episcopum
1668 315 1736 341 allo-

943 367 1042 395 quens,
1069 360 1146 394 Noli,
1173 361 1272 397 inquit,
1289 361 1418 396 negligere
1441 361 1566 396 gratiam,
1590 369 1650 396 qua:
1665 361 1691 388 in
1710 365 1735 388 te

942 411 992 438 est,
1011 414 1088 442 quam
1108 408 1232 441 accepisti
1258 414 1304 442 per
1328 415 1422 435 manus
1445 407 1654 442 presbyterorum
1679 406 1735 433 col—

944 452 1004 487 legit'
1033 453 1042 468 ¹
1065 461 1071 478 ;
1094 452 1190 481 deinde
1223 453 1276 480 alio
1298 453 1358 480 loco
1389 452 1516 488 episcopis
1559 458 1583 480 et
1603 452 1733 485 diuortia,

943 503 973 525 ut
988 499 1058 526 idem
1075 499 1222 535 episcopus
1246 504 1273 526 et
1290 500 1430 535 presbyter
1448 507 1510 527 esse
1527 499 1663 526 videatur.
1681 498 1735 526 Sed

943 544 1073 572 nimirum
1091 545 1214 572 veritatis
1230 545 1281 572 iste
1293 545 1390 573 seriem
1408 545 1549 580 ignorans,
1567 552 1617 572 nec
1642 545 1670 572 in
1689 553 1734 572 re-

942 591 1097 619 conditiore
1114 591 1230 619 historia
1245 595 1380 624 versatus,
1406 599 1461 619 non
1475 591 1599 626 intelligit
1615 590 1735 626 Aposto-

941 637 1010 670 lum,
1038 645 1101 665 cum
1128 645 1224 666 recens
1247 638 1337 665 adhuc
1351 642 1424 666 esset
1440 636 1735 672 Christianidogmatis

942 683 1115 719 propagatio,
1144 691 1194 720 pro
1212 691 1242 712 re
1267 689 1330 711 nata
1356 684 1520 719 scripsisse;
1539 690 1601 711 nam
1618 683 1663 710 ubi
1677 683 1734 718 jam

941 728 1063 764 episcopi
1075 729 1217 756 constituti
1231 729 1349 760 fuerant.
1359 729 1392 756 ad
1409 729 1552 764 episcopos
1563 732 1590 757 et
1603 728 1734 763 diaconos

943 773 1092 802 scribebat.
1110 773 1204 809 Neque
1218 774 1291 801 enim
1310 773 1427 801 subinde
1441 773 1533 801 omnia
1548 773 1582 800 ab
1599 773 1734 808 apostolis

941 817 1063 845 ordinari
1085 821 1220 853 poterant.
1232 817 1265 844 Et
1280 817 1390 853 quidem
1407 817 1574 854 presbyteris
1593 818 1620 845 in
1639 817 1735 853 primis

942 870 974 890 ac
988 863 1112 891 diaconis
1127 871 1196 899 opus
1222 868 1292 897 erat;
1309 871 1323 890 a
1335 863 1435 898 quibus
1455 863 1583 892 videlicet
1601 863 1734 892 ambobus

939 909 1126 937 ecclesiastica
1151 910 1260 945 negotia
1285 910 1474 937 administrari
1497 915 1623 945 possunt.
1643 910 1734 943 Quare

941 955 986 982 ubi
1004 954 1125 982 nondum
1141 954 1301 991 episcopatu
1330 955 1430 990 dignus
1447 955 1547 989 aliquis
1562 959 1734 987 occurrerat,

940 1001 1032 1028 nullus
1045 1001 1069 1028 ei
1089 1001 1151 1028 loco
1180 1001 1338 1036 propositus
1360 1004 1402 1028 est
1416 1000 1574 1035 cpiscopus.
1596 999 1630 1026 At
1646 999 1692 1026 ubi
1706 1002 1734 1026 et

940 1049 1092 1075 necessitas
1116 1047 1283 1082 postulabat.
1311 1054 1361 1074 nec
1383 1054 1490 1079 eurum,
1511 1046 1558 1082 qui
1574 1045 1734 1080 episcopatu

940 1093 1015 1129 digni
1030 1096 1120 1125 erant,
1136 1093 1215 1128 copia
1230 1092 1336 1125 deerat,
1367 1092 1404 1120 ibi
1428 1092 1549 1127 episcopi
1580 1091 1733 1121 constituti.

942 1138 994 1173 Sed
1020 1146 1082 1166 cum
1114 1138 1187 1166 haud
1214 1146 1310 1174 magna
1340 1137 1484 1165 multitudo
1509 1137 1597 1170 foret,
1618 1136 1734 1172 reperiri

941 1185 1007 1212 nulli
1031 1188 1191 1220 potuerunt,
1207 1185 1252 1220 qui
1284 1184 1436 1221 presbyteri
1462 1187 1641 1212 crearentur:
1662 1183 1734 1211 unde

941 1231 1000 1260 solo
1017 1231 1147 1268 episcopo
1174 1232 1297 1259 contenti
1314 1231 1435 1259 fuerunt.
1458 1230 1524 1258 Sine
1536 1230 1653 1257 diacono
1671 1236 1733 1257 vero

940 1278 1087 1313 episcopus
1100 1285 1161 1306 esse
1184 1285 1239 1305 non
1256 1281 1356 1313 potest.
1373 1277 1464 1310 Quare
1483 1277 1512 1304 in
1535 1275 1561 1303 id
1586 1275 1734 1311 Apostolus

941 1323 1076 1354 incubuit,
1109 1326 1138 1350 ut
1162 1322 1336 1350 ministrandi
1362 1322 1448 1357 gratia
1473 1321 1602 1356 episcopo
1624 1319 1734 1347 diaconi

942 1373 1128 1404 suppeterent.
1154 1369 1248 1404 Itaque
1278 1376 1340 1396 cum
1372 1367 1493 1396 nondum
1525 1367 1649 1395 Ecclesia
1675 1365 1733 1394 suis

942 1415 1273 1444 omnibus,funetionibus
1291 1414 1392 1449 expleri
1410 1418 1513 1449 posset,
1528 1421 1576 1449 per
1588 1412 1653 1440 illud
1664 1417 1734 1439 tem-

943 1469 994 1497 pus
1009 1461 1165 1489 istiusmodi
1182 1461 1353 1496 singulorum
1368 1460 1491 1487 locorum
1512 1463 1600 1487 status
1613 1457 1730 1486 exstitit.

90 1509 185 1544 Neque
202 1517 268 1537 vero
278 1509 333 1536 ulla
351 1516 396 1536 res
411 1511 462 1541 est,
475 1515 536 1542 quae
548 1507 582 1534 ab
597 1507 675 1534 initio
696 1506 755 1534 suis
778 1506 908 1534 omnibus
938 1506 1062 1533 numeris
1088 1506 1212 1534 absoluta
1240 1505 1337 1540 fuerit;
1361 1505 1408 1533 sed
1435 1505 1601 1541 procedente
1624 1503 1733 1532 demum

93 1564 224 1591 tempore.
252 1564 303 1584 sua
328 1555 581 1591 opportunitatibus
609 1554 739 1582 omnibus
764 1553 797 1581 ad
821 1553 1018 1589 perfectionem
1032 1553 1157 1581 accessio
1175 1553 1299 1589 contigit.

127 1605 174 1637 (ς’.
194 1603 281 1634 Εὐθὺς
305 1603 354 1637 μὲν
374 1602 429 1637 γὰρ
449 1601 567 1637 Μωῦσῆς
591 1601 730 1636 πέμπεται
750 1601 789 1632 είς
801 1600 884 1634 Δίγυ-

969 1599 1053 1635 909
1071 1598 1112 1626 Vl.
1129 1599 1214 1634 Cujus
1240 1598 1392 1632 exemplum
1418 1598 1551 1627 habemus
1573 1597 1600 1624 in
1624 1595 1731 1632 Moyse.

93 1657 160 1676 πτον
177 1649 246 1676 κατὰ
262 1649 312 1684 τὴν
327 1647 448 1675 Παλαιὰν
465 1647 603 1683 Διαθήκην
618 1647 710 1682 ῥάϐδῳ
729 1647 814 1684 μόνῃ·
832 1647 886 1674 ὑπὸ

94 1695 140 1722 τοῦ
153 1695 220 1721 Θεοῦ
236 1694 264 1721 δὲ
276 1693 490 1730 ἀπεσταλμένος,
508 1693 538 1720 ὲν
551 1692 590 1729 τῷ
604 1693 735 1720 εἰσελθεῖν
748 1693 788 1725 είς
805 1694 888 1727 Αἴγυ-

94 1749 172 1773 πτον,
188 1739 362 1775 προστίθεται
379 1740 453 1775 αὐτῷ
465 1740 504 1772 είς
521 1739 647 1775 βοήθειαν
663 1739 768 1775 Ἀαρὼν
785 1740 799 1765 ὁ
810 1739 886 1766 ἁδελ-

95 1787 145 1821 φὸς
161 1785 255 1813 αὑτοῦ.
273 1782 340 1812 Εἶτα
360 1785 431 1821 μετὰ
443 1785 473 1812 τὸ
490 1785 634 1812 πιστεῦσαι
651 1784 726 1820 αὺτῷ
746 1784 792 1811 τὸν
807 1785 886 1811 ἁδελο

95 1832 157 1867 φὰν,
174 1831 295 1867 συνήχθη
309 1831 377 1867 πρὸς
390 1831 472 1858 αὑτὸν
488 1832 505 1867 ἡ
526 1831 658 1867 γερουσία
670 1831 717 1858 καὶ
731 1832 755 1857 οἱ
768 1831 888 1867 ἀρχηγοὶ

95 1877 141 1904 τοῦ
158 1877 223 1904 λαοῦ
243 1877 303 1904 κατ’
319 1878 407 1904 ἐκεῖνο
423 1877 532 1913 καιροῦ.
548 1878 604 1904 Καὶ
621 1877 691 1912 μετὰ
709 1877 795 1904 ταῦτα
816 1886 886 1913 κρα-

95 1921 241 1957 τυνομένου
254 1921 301 1948 τοῦ
317 1921 410 1957 ἔργου.
427 1921 474 1948 καὶ
490 1921 539 1957 τῆς
554 1921 715 1954 ἀκολουθίας
737 1921 888 1956 συναγομέ-

94 1976 153 2003 νης,
167 1966 312 2003 διεπέρασε
332 1967 381 2002 τὴν
404 1966 550 1995 θάλασσαν.
566 1968 621 1994 Καὶ
638 1967 714 1994 οὔπω
729 1965 800 2003 ἦσαν
816 1967 886 1995 κατὰ

95 2013 140 2040 τὸν
158 2013 249 2048 νόμον,
267 2014 319 2045 ἕως
338 2014 382 2040 ὅτε
398 2014 499 2049 Κύριος
517 2014 598 2040 αὑτὸν
613 2014 691 2041 καλεί
710 2015 750 2046 είς
770 2014 800 2041 τὸ
813 2014 885 2050 ὅρος.

95 2059 192 2086 Διδωσι
206 2059 235 2085 δὲ
249 2059 323 2096 αὐτῷ
337 2059 387 2091 τὰς
402 2060 517 2095 πτύχας,
538 2060 586 2086 καὶ
605 2059 795 2088 ὑποδείκνυσιν
812 2061 887 2096 αὐτῷ

95 2105 198 2140 σκηνὴν
215 2105 428 2136 κατασκευάσαι,
443 2104 586 2141 ῥρχηγούς
611 2113 641 2131 τε
668 2105 885 2142 προστήσασθαι,

95 2147 255 2183 δεκάρχους,
265 2148 528 2184 πεντηκοντάρχους,
541 2149 767 2185 ἑκατοντάρχους,
781 2150 887 2186 χιλιάρ-

95 2202 168 2229 χους.
179 2193 234 2220 Καὶ
251 2194 317 2229 ὁρᾷς
330 2194 388 2226 πῶς
400 2194 434 2221 τὰ
448 2195 599 2230 πράγματα
609 2195 773 2222 πλατύνεται
784 2204 791 2228 ;
806 2197 886 2230 Ὅρα,

95 2239 172 2274 φησὶ,
196 2238 335 2272 ποιήσεις
357 2239 456 2267 πάντα
479 2241 554 2267 κατὰ
572 2240 627 2268 τὸν
646 2242 742 2268 τύπον
763 2241 817 2269 τὸν
828 2241 888 2269 δει-

940 1643 989 1672 llic
1000 1645 1072 1672 enim
1083 1644 1215 1673 inVctere
1223 1645 1413 1673 Testamento’
1425 1645 1483 1673 sola
1493 1646 1568 1680 virga
1578 1645 1733 1673 instructus

940 1691 968 1717 in
988 1690 1136 1726 (Egyptum
1158 1691 1278 1718 mittitur
1303 1701 1310 1718 :
1338 1698 1418 1726 quam
1442 1699 1503 1718 cum
1531 1689 1730 1725 ingrederetur,

939 1738 1031 1764 Aaron
1045 1737 1132 1772 ipsius
1149 1736 1233 1763 frater
1244 1736 1375 1764 divinitus
1392 1736 1493 1765 missus
1512 1737 1536 1764 ei
1552 1744 1582 1764 se
1597 1735 1631 1763 ad
1644 1735 1733 1763 subsi-

940 1783 1014 1810 dium
1031 1782 1166 1817 adjungit.
1191 1781 1294 1810 Deinde
1316 1785 1460 1817 postquam
1475 1782 1501 1810 ei
1522 1790 1536 1810 a
1557 1781 1640 1809 fratre
1664 1781 1735 1808 fides

940 1827 1032 1854 habita
1047 1831 1099 1860 est,
1121 1828 1260 1854 seniorum
1276 1828 1309 1854 ad
1342 1828 1418 1854 illum
1437 1835 1469 1855 ac
1487 1828 1580 1864 populi
1596 1836 1643 1863 per
1663 1826 1730 1854 illud

940 1877 1050 1909 tempus
1064 1873 1218 1909 principum
1239 1873 1385 1900 multitudo
1407 1874 1546 1901 convenit.
1564 1873 1633 1901 Tum
1649 1873 1731 1900 desti-

940 1924 1006 1947 nato
1019 1927 1102 1954 opere
1113 1919 1188 1948 vires
1203 1922 1229 1946 et
1244 1919 1415 1949 incrementa
1434 1920 1570 1955 capiente,
1586 1927 1660 1947 mare
1680 1927 1730 1954 pe-

939 1966 1069 1993 netravit.
1097 1964 1218 1997 Necdum
1247 1969 1339 1993 tamen
1361 1966 1395 1994 ad
1425 1966 1511 2001 legem
1538 1969 1729 2001 pervenerant,

940 2011 1028 2039 donec
1046 2012 1122 2038 illum
1138 2011 1210 2040 Deus
1224 2012 1257 2040 ad
1273 2016 1393 2041 montem
1409 2015 1547 2044 evocaret.
1562 2019 1625 2039 cum
1645 2016 1673 2040 et
1686 2016 1727 2039 ta-

941 2058 1018 2085 bulas
1035 2058 1156 2090 tradidit,
1176 2062 1204 2085 et
1221 2059 1427 2087 tabernaculum
1447 2059 1607 2087 instituere.
1624 2058 1730 2093 princi—

941 2112 999 2139 pes,
1016 2103 1193 2136 decuriones,
1211 2104 1476 2140 quinquagenarios,
1506 2104 1682 2132 centuriones
1697 2111 1732 2131 ac

941 2150 1068 2178 tribunos
1089 2157 1184 2178 creare
1206 2150 1310 2178 docuit.
1328 2150 1410 2179 Vides
1432 2149 1663 2186 quemadmodum
1684 2157 1734 2178 res

942 2205 1036 2225 omnes
1050 2198 1180 2233 paulatim
1196 2198 1366 2234 amplificatae
1387 2197 1510 2226 fuerint?
1533 2197 1606 2229 Vide,
1627 2197 1732 2232 inquit,

941 2244 1022 2278 facies
1036 2243 1126 2270 omnia
1135 2244 1279 2271 secundum
1293 2243 1438 2277 exemplar,
1451 2242 1520 2278 quod
1532 2242 1581 2269 tibi
1598 2247 1731 2269 monstra-

94 2285 204 2319 χθέντα
219 2292 269 2312 σοι
292 2286 326 2312 ὲν
348 2285 388 2319 τῷ
403 2286 463 2320 ὄρει
484 2285 566 2314 Σινᾶ.
582 2287 637 2314 Καὶ
648 2287 714 2322 ὁρᾷς
730 2287 788 2319 πῶς
802 2296 880 2323 προσ-

940 2294 993 2315 tum
1006 2292 1044 2316 est
1053 2288 1081 2315 in
1092 2293 1178 2315 monte
1189 2287 1254 2315 Sina
1269 2287 1544 2319 ’.Animadvertisne.
1559 2291 1589 2313 ut.
1598 2286 1632 2314 ad
1647 2286 1732 2321 legis-

93 2331 174 2365 ετέθη
188 2333 221 2367 τῇ
239 2331 385 2368 νομοθεσίᾳ
398 2332 554 2368 ἐπτάμυξος
568 2332 674 2368 λυχνία,
689 2333 794 2369 ποδήρη
810 2334 885 2369 ίερα-

94 2375 158 2402 cui
175 2375 320 2411 ἐνδύματα,
333 2376 456 2409 κώδωνες
470 2386 499 2403 τε
512 2377 559 2404 καὶ
572 2377 697 2413 μανδύαι,
709 2378 845 2414 ὲπωμίδες
856 2387 885 2405 τε

94 2421 142 2448 καὶ
156 2421 288 2458 κιδάρεις,
307 2423 403 2458 μίτραι
416 2432 446 2449 τε
462 2424 509 2450 καὶ
530 2423 611 2450 λίθων
636 2424 771 2460 διαφόρων
793 2424 886 2452 συνθὲ-

95 2475 162 2500 σεις,
181 2468 287 2501 κύαθοι,
310 2469 430 2501 θυΐσκαι,
450 2469 590 2506 λουτῆρες,
608 2470 799 2506 θυσιαστήρια,
822 2480 887 2506 τρυ-

94 2512 167 2546 ϐλία,
184 2513 349 2550 μασμαρὼθ,
367 2515 447 2542 ἅτινά
462 2516 520 2542 ἐστι
535 2515 713 2552 διυληστήρια
728 2517 794 2552 (80),
816 2517 887 2552 μιδι-

939 2334 1069 2362 lationem
1095 2334 1290 2362 candelabrum
1314 2333 1381 2362 illud
1403 2337 1506 2368 septem
1529 2333 1731 2368 ellycbuiorum

939 2379 1060 2408 additum
1080 2379 1173 2411 fuerit,
1188 2387 1293 2408 necnon
1308 2385 1334 2407 et
1349 2380 1449 2407 talares
1459 2379 1612 2406 sacerdotis
1627 2383 1730 2411 vestes,

939 2425 1133 2457 tintinnabula,
1152 2426 1273 2461 palliolo,
1292 2425 1441 2460 epomides,
1466 2425 1540 2460 pilei,
1560 2424 1652 2455 baltei,
1677 2431 1726 2451 va.-

940 2474 1044 2498 riorum
1075 2472 1225 2507 lapillorum
1251 2475 1406 2502 contextus,
1431 2471 1533 2507 cyathi,
1558 2471 1731 2504 mortariola,

941 2518 1029 2549 labra,
1045 2518 1194 2552 thuribula,
1206 2518 1300 2550 catini,
1318 2518 1517 2550 mastnarhoth,
1533 2518 1585 2546 hoc
1596 2523 1638 2546 est
1652 2517 1730 2550 cola;

131 2588 140 2605 ⁸
155 2588 163 2615 Ι
177 2589 249 2617 Tim.
267 2598 302 2623 ιν,
320 2590 363 2618 Η.
402 2591 413 2606 ³
429 2590 515 2618 Exod.
531 2599 568 2624 tv,
585 2590 603 2618 Ξ
615 2599 676 2627 sqq.
714 2592 725 2607 ³
739 2591 826 2619 Exod.
846 2600 910 2626 xxv,
924 2593 969 2620 ιο.

130 2667 187 2705 (V79)
207 2668 290 2705 οὕτω
316 2668 373 2703 τῆς
397 2669 577 2704 Ἐκκλησίας
592 2670 755 2705 λασούσης.
776 2670 829 2704 Qui
854 2671 888 2698 ad

95 2701 243 2740 Epiphanii
263 2701 390 2740 mentem
419 2701 571 2740 diligenter
596 2701 885 2740 anirilumV’adjECerit,

94 2746 149 2779 nou
165 2738 318 2771 dubitabit,
335 2739 403 2774 quin
422 2738 498 2766 οὔπω
519 2747 570 2776 pro
591 2739 664 2767 οὕτω
680 2741 743 2769 huic
769 2738 829 2768 loco
850 2741 887 2769 sit

95 2778 197 2800 aDllllS.

114 2781 391 2844 Μασμαρὼθ,
411 2808 498 2837 ἄτη-ά
520 2809 585 2836 ἐστι
599 2810 798 2844 διυλιστήρια.
820 2809 886 2838 Νιιί-

95 2844 151 2881 l_:tm
169 2843 316 2881 ejusmodi
339 2844 504 2881 vocabulum
531 2845 557 2870 in
589 2843 743 2881 Scripturis
768 2846 884 2880 reperio.

96 2879 221 2906 Proxima
236 2886 288 2906 vox
310 2878 374 2906 huic
397 2884 439 2906 est
461 2883 587 2913 nam,
607 2878 678 2908 inter
699 2878 883 2915 templi—vasa,

935 2678 996 2706 quae
1014 2678 1031 2707 α
1045 2670 1202 2707 Babyloniis
1217 2670 1322 2707 direpta
1344 2676 1594 2700 commemorantur
1625 2671 1727 2699 Jcrcm.

934 2714 994 2738 LII,
1015 2706 1058 2734 £9.
1089 2706 1220 2742 Sed_nqn
1247 2706 1423 2742 διυλιστῆρας
1449 2707 1602 2742 signiﬁcat,
1635 2715 1724 2734 verum

935 2741 1043 2775 φιάλας.
1061 2741 1131 2775 apud
1149 2740 1229 2768 LXX.
1245 2740 1504 2769 HieronﬁPsaller—ia
1517 2750 1525 2773 ,‘
1538 2742 1582 2768 alii
1594 2746 1722 2768 emuncto-

935 2777 987 2804 ria.
1007 2775 1078 2804 Sane
1091 2781 1197 2806 manu
1217 2776 1293 2810 {mea
1308 2781 1382 2804 sunt.
1402 2777 1453 2804 Sed
1472 2778 1506 2803 ab
1518 2784 1549 2803 ea
1566 2783 1632 2803 Voce
1653 2776 1724 2802 haud

935 2812 993 2848 scio
1008 2819 1041 2848 an
1059 2815 1190 2848 nmmo;
1205 2812 1321 2848 derivari
1349 2812 1466 2848 possint
1479 2819 1532 2848 pro
1554 2810 1618 2838 ralis
1629 2831 1636 2842 .
1664 2811 1726 2845 qui—

935 2846 1098 2882 busrvinum
1129 2846 1284 2882 delkeectur.
1310 2846 1356 2873 lta'
1375 2846 1490 2882 μιδικώθ
1508 2846 1578 2873 idem
1603 2854 1665 2882 esse
1690 2853 1723 2882 ac

935 2881 1052 2913 κυάθους
1078 2880 1199 2909 nondum
1224 2880 1470 2917 comperiaquam
1499 2889 1591 2909 vocem
1617 2881 1664 2909 lib.
1683 2881 1722 2909 De
