1931 3041
181 173 230 203 5H

865 172 895 201 S.
915 170 1088 199 EPlPllANll

1760 175 1816 202 51!

183 231 325 264 midicoth,
342 232 399 260 sive
414 231 521 267 cyathi;
540 228 714 262 machonoth,
729 229 776 265 qui
797 234 861 258 sunt
877 229 967 258 bases.

1031 228 1088 260 ιὼθ,
1099 229 1178 256 ἅτινα
1200 228 1345 256 καλοῦνται
1362 229 1468 263 κύαοοι,
1484 230 1627 266 μαχωνὼο,
1643 231 1743 262 αἶῑινές
1758 232 1814 258 εἰσι

182 282 208 306 et
229 286 399 313 quaecunque
423 278 475 304 alia
494 278 536 304 lex
560 276 699 310 edisserit,
732 276 806 304 velut
826 274 970 302 cherubini

183 326 210 350 et
226 323 251 350 id
266 330 351 358 genus
365 323 429 354 alia,
446 329 508 349 arca
525 322 693 354 testamenti,
707 325 810 353 vectes,
821 320 970 348 humerarii

184 369 290 402 annuli,
307 369 526 398 tabernaculum.
544 368 615 400 vela,
639 367 723 402 pelles
743 367 901 398 rubricatae,
920 374 971 393 an-

183 422 221 442 sa:
248 419 274 442 et
311 414 362 441 alia
383 413 408 440 id
427 421 524 449 genus,
543 413 687 448 janitorcs,
708 413 779 440 tubae
807 413 923 440 ductiles
945 415 972 439 et

184 459 303 486 incurvae
333 463 360 485 et
381 465 480 491 aureze,
507 463 650 494 argenteae,
675 466 761 489 εει-διε,
785 464 902 488 corneae,
919 457 970 484 aha

183 505 299 539 denique
312 512 345 532 ex
361 505 428 540 legis
444 505 614 539 pnescripto,
635 505 708 532 velut
725 504 923 532 sacriﬁciorum
945 507 973 531 et

183 550 388 577 institutionum
404 551 480 578 varia
495 558 596 586 genera
615 560 620 578 :
640 558 701 585 qua:
718 558 780 577 cum
800 550 878 577 initio
902 557 972 576 non-

183 597 247 622 dum
259 601 362 629 essent,
381 604 471 624 nonne
483 600 627 632 postquam
646 597 751 624 invecta
761 600 837 626 sunt.
852 603 920 623 suus
931 600 973 622 est

183 641 251 669 ordo
269 642 351 669 rebus
364 643 534 670 attributus?
552 642 651 670 Eadem
667 643 738 669 ratio
748 645 791 669 est
807 641 928 673 illorum,
940 640 973 668 de

183 687 284 722 quibus
301 688 449 722 Apostolus
460 689 584 723 scripsit.
598 696 659 723 quae
675 688 769 715 tamliu
782 688 972 718 obtinuerunt,

183 733 271 760 donec
289 733 454 768 ampliﬁcata
467 739 510 762 est
522 734 654 766 Ecclesia,
668 735 755 763 donec
768 743 847 763 suam
863 741 895 762 ac
908 734 975 769 legi-

184 779 278 806 timam
296 779 329 806 ad
349 787 503 807 mensuram
516 782 649 815 pervenit,
666 781 752 809 donec
768 780 895 816 prudenti
906 788 974 815 qua-

183 825 246 852 dam
269 825 458 853 moderatione
481 827 636 862 justissime
652 832 694 855 est
711 836 726 855 a
745 827 836 859 Patre.
853 827 923 856 Filio
947 833 974 855 et

185 870 289 904 Spiritu
305 876 402 898 sancto
418 876 577 907 temperata.
603 872 640 900 Ex
662 873 764 908 quibus
783 874 856 900 Aerii
876 873 974 908 dogma

185 917 327 944 refellitur.

220 963 298 996 Quod
310 967 400 990 autem
418 971 472 990 non
489 963 559 990 idem
577 971 637 992 esse
655 966 741 1000 possit
760 973 823 993 cum
845 967 976 1001 episcopo

186 1010 344 1045 presbyter,
371 1009 483 1036 divinus
509 1010 632 1045 Apostoli
650 1019 740 1039 sermo
759 1012 900 1045 declarat,
922 1020 977 1048 quo

186 1056 312 1090 quisnam
330 1056 489 1090 episcopus,
512 1056 610 1091 quisve
633 1057 774 1094 presbyter
790 1058 826 1086 sit
847 1058 978 1094 intelligi-

186 1105 233 1127 tur
253 1109 259 1127 :
277 1109 338 1128 nam
362 1101 395 1128 ad
417 1101 590 1130 TimOIheum
610 1104 768 1138 episcopum
789 1104 914 1132 scribens
940 1106 977 1132 ita

187 1146 306 1180 loquitur
320 1156 325 1173 :
339 1146 527 1182 Presbyterum
543 1156 575 1174 ne
590 1148 724 1184 objurges,
736 1149 781 1176 sed
793 1149 899 1177 hortare
910 1150 978 1179 velut

184 1199 285 1226 patrem
304 1194 324 1220 ί.
342 1193 425 1229 910
438 1194 507 1227 Quid
525 1198 614 1222 autem
635 1195 768 1223 attinebat
789 1196 919 1232 episcopo
932 1205 979 1225 ve-

187 1244 256 1271 tare,
273 1243 303 1266 ut
320 1247 353 1266 ne
374 1240 564 1276 presbyterum
583 1241 753 1276 objurgaret,
770 1242 823 1270 nisi
844 1243 977 1278 majorem

187 1285 248 1319 ipso
265 1289 426 1320 potestatem
448 1286 603 1313 obtineret?
617 1286 708 1319 Quare
728 1287 859 1323 deinceps
882 1289 979 1316 admo-

189 1333 234 1356 net
252 1329 402 1356 :Adversus
411 1331 590 1365 presbyterum
602 1331 653 1357 cito
674 1333 869 1359 accusationem
885 1341 916 1360 ne
932 1334 980 1359 ad-

188 1375 302 1407 miseris,
319 1376 370 1415 nisi
382 1376 482 1403 duobus
495 1376 608 1404 tribusve
623 1377 731 1405 testibus
740 1378 761 1406 ¹.
775 1377 833 1405 Non
849 1378 931 1406 alicui
945 1387 979 1406 ex

189 1421 356 1456 presbyteris
382 1423 520 1457 praecepit,
543 1428 572 1449 ut
588 1424 790 1451 accusationem
808 1429 905 1450 contra
920 1424 980 1459 epi-

190 1475 306 1503 sropum
323 1476 377 1495 uou
396 1468 566 1502 admitteret;
580 1473 628 1496 aut
647 1473 677 1496 ut
691 1470 850 1505 episcopum
865 1477 920 1497 non
929 1470 980 1498 ob-

188 1513 323 1549 jurgaret.
343 1513 460 1541 Videsne
479 1522 561 1549 quam
577 1522 630 1542 non
648 1515 794 1544 mediocris
810 1516 884 1544 illius
900 1516 980 1544 ruina

191 1559 238 1590 sit,
252 1566 332 1593 quem
349 1558 475 1586 diabolus
487 1559 674 1587 labefactarit'!

226 1603 283 1632 Vll.
299 1604 352 1632 Sed
363 1604 480 1633 hominis
491 1600 594 1640 reliqua
602 1605 751 1634 videamus.
761 1606 790 1634 In
802 1606 898 1642 primis
905 1606 979 1642 quod

191 1650 225 1677 ad
238 1649 342 1677 Pascha
358 1650 488 1685 pertinet,
507 1652 541 1678 de
559 1658 614 1687 quo
632 1651 821 1679 testimonium
837 1651 904 1678 illud
921 1658 980 1686 pro-

192 1696 253 1724 tulit
268 1705 275 1723 :
288 1695 391 1723 Pascha
406 1701 525 1724 nostrum
540 1697 692 1724 immolatus
707 1701 747 1725 est
769 1697 890 1725 Christus
898 1698 920 1729 ',
943 1697 978 1725 il-

191 1742 246 1768 ιιιιιι
261 1741 350 1776 ipsum
360 1742 527 1774 intueamur,
541 1742 621 1777 cujus
633 1743 743 1770 istavox
758 1748 809 1776 est,
823 1748 980 1771 utrumnam

192 1787 337 1814 eclebrarit
355 1788 424 1822 ipse.
444 1787 480 1815 De
493 1796 526 1815 eo
551 1797 616 1817 vero
631 1790 670 1817 sic
693 1790 824 1824 scriptum
845 1795 909 1818 est:
931 1790 982 1818 Fe-

192 1833 320 1866 stinabat,
331 1838 360 1860 ut
371 1834 512 1861 celebraret
524 1834 691 1862 Pentecoslen
707 1835 881 1871 Jerosolymis
900 1837 920 1863 ⁸.
931 1836 982 1863 Ec-

193 1887 274 1913 quam
291 1887 356 1906 vero
372 1879 556 1907 Pentecosten
570 1880 672 1908 Paulus
690 1887 794 1916 ageret,
810 1883 863 1910 nisi
876 1882 981 1910 Pascha

193 1923 270 1958 prius
277 1922 467 1961 obiisset?(81)
477 1924 544 1957 Quis
553 1930 594 1952 est
602 1926 705 1959 uspiam
716 1931 860 1958 terrarum.
873 1928 919 1962 qui
928 1936 982 1955 non

195 1968 220 1992 iu
232 1973 264 1992 eo
278 1968 443 1999 consentiat,
457 1973 581 2002 quartam
605 1973 744 1997 sextantve
759 1970 854 1998 feriam
866 1972 982 2000 solemni

194 2011 221 2037 in
239 2010 360 2038 Ecclesia
379 2013 486 2047 jejunio
504 2015 712 2042 consecratam?
730 2015 809 2048 Quod
826 2017 849 2044 si
865 2025 898 2045 ex
917 2025 983 2052 apo—

194 2058 327 2085 stolorum
342 2058 548 2087 Constitutione
565 2061 711 2096 repetenda
729 2063 809 2090 nobis
833 2065 983 2093 auctoritas

193 2106 246 2134 est.
261 2110 311 2129 cur
335 2103 389 2131 illis
405 2108 508 2139 quarta:
527 2109 665 2140 sexusque
681 2105 754 2134 feriae
768 2107 902 2142 jejunium
919 2117 981 2144 pcr-

195 2152 274 2182 petua
297 2149 355 2184 lege
373 2150 507 2181 sancitur.
528 2155 641 2185 excepta
662 2150 843 2180 Pentecoste?
860 2153 916 2180 Cur
933 2162 981 2181 sex

196 2192 337 2222 l'ascbatis
364 2195 462 2223 diebus
485 2196 554 2223 nihil
574 2197 688 2224 outuino
709 2198 744 2225 ad
768 2198 860 2226 cibum
885 2204 982 2234 praeter

1023 275 1125 309 βάσεις,
1142 275 1190 302 καὶ
1213 275 1317 311 ὅσαπερ
1344 277 1358 302 ὁ
1379 277 1459 312 νόμος
1483 277 1646 311 διαλέγεται,
1679 277 1815 312 χερουόὶμ

1022 322 1069 348 καὶ
1091 321 1125 348 τὰ
1149 322 1226 354 ἄλλα,
1249 323 1363 355 mem-.5;
1386 323 1528 359 διαοήκης,
1543 325 1688 360 άναᾳορεῖς
1707 332 1739 350 τε
1765 325 1815 350 καὶ

1021 367 1166 399 δακτύλιοι,
1180 369 1265 404 σκηνή
1278 377 1307 395 τε
1321 370 1367 396 καὶ
1382 370 1485 405 δέρρει,
1499 370 1545 396 καὶ
1560 370 1680 405 δέρματα
1694 368 1815 404 ἦρυθρο-

1021 412 1174 448 δανωμένα,
1189 414 1306 448 άγκύλαι
1329 423 1358 440 τε
1384 415 1429 441 καὶ
1451 414 1485 441 τὰ
1508 415 1584 445 ἄλλα,
1621 414 1743 450 πυλωροὶ
1767 414 1817 441 καὶ

1024 460 1173 494 σάλπιγγες
1187 461 1281 488 ὲλαταὶ
1295 461 1342 487 καὶ
1367 461 1505 494 καμπύλαι
1537 461 1583 487 καὶ
1596 462 1696 496 χρυσαῖ
1706 460 1754 487 καὶ
1765 461 1816 496 ἁρ-

1023 506 1116 540 γυραῖ,
1135 506 1243 540 χαλκαῖ,
1261 505 1414 540 κεράτιναι,
1427 507 1472 532 καὶ
1490 505 1522 531 τὰ
1542 505 1608 531 ἄλλα
1620 506 1724 540 ὅσαπερ
1740 505 1754 530 ὁ
1771 503 1815 530 νό-

1025 560 1074 587 μος
1088 551 1151 586 ἔφη,
1165 551 1255 578 θυσίαι
1269 551 1402 586 διάφοροι,
1413 551 1591 577 διδασκαλίαι.
1601 550 1710 585 Ἐπειδὴ
1721 551 1814 585 ἀπαρ-

1023 597 1073 632 χῆς
1089 596 1176 623 ταῦτα
1199 589 1249 623 οὐᾶ
1269 594 1314 632 ἦν,
1332 594 1386 632 ἆρα
1402 596 1471 631 μετὰ
1488 596 1517 622 τὸ
1532 595 1657 630 γενέσθαι
1673 597 1721 630 τὴν
1737 595 1814 627 τάξιν

1023 643 1073 669 οὑκ
1097 642 1190 677 εἴληφε
1216 642 1251 668 τὰ
1273 642 1441 678 πράγματα;
1463 641 1541 668 Οὕτω
1560 642 1606 668 καὶ
1628 642 1662 668 τὰ
1683 641 1759 676 παρὰ
1775 640 1814 676 τῷ

1033 688 1188 723 Ἆποστόλῳ
1207 688 1398 724 γεγραμμένα,
1416 687 1467 720 ἕως
1488 687 1532 713 ὅτε
1548 686 1700 721 ἐπλατύνοη
1715 687 1734 722 ἡ
1752 687 1813 712 Ἐκ-

1024 734 1134 770 κλησία,
1146 734 1197 766 ἓως
1208 735 1252 760 ὅτε
1268 735 1308 766 εἰς
1318 735 1349 761 τὸ
1364 734 1427 761 ἴδιον
1442 733 1539 769 μέτρον
1551 733 1692 768 ἐλήλακεν,
1705 733 1759 764 ἓως
1769 734 1814 759 ὅτε

1024 780 1069 807 τὸν
1092 780 1193 815 κόσμον
1216 780 1266 815 τῆς
1288 780 1422 812 συνέσεως
1435 780 1591 807 δικαιότατα
1604 781 1636 806 ἐκ
1649 779 1756 814 [Iaspoq
1768 779 1818 806 καὶ

1026 827 1091 855 Υἱοῦ
1122 828 1167 854 καὶ
1185 827 1262 862 ἁγίου
1281 828 1438 863 Πνεύματος
1454 827 1635 864 ᾠκονόμηται.
1650 826 1702 853 Καὶ
1717 826 1814 853 ἔτετεν

1024 874 1039 900 ὸ
1050 873 1097 900 τοῦ
1115 873 1219 909 ’Λερίου
1235 873 1322 908 λόγος.

1064 962 1118 988 Καὶ
1138 962 1179 988 ὅτι
1200 961 1249 996 μὲν
1270 962 1300 988 οὒ
1323 962 1433 989 δύναται
1451 963 1548 989 ταυτὸν
1566 959 1646 995 εἶναι,
1661 962 1782 989 διδάσκει
1803 963 1817 988 ὁ

1028 1007 1098 1045 θεῖος
1116 1007 1194 1042 λόγος
1208 1007 1253 1035 τοῦ
1271 1007 1349 1043 ἁγίου
1367 1009 1527 1035 Ἀποστόλου
1551 1009 1591 1040 τίς
1604 1009 1655 1044 μὲν
1672 1008 1747 1035 ἔστιν
1759 1009 1817 1035 ἐπί-

1029 1063 1138 1086 σκοπος,
1153 1054 1195 1086 τίς
1220 1054 1248 1081 δέ
1271 1055 1329 1081 ἐστι
1346 1054 1540 1090 πρεσϐύτερος,
1553 1054 1590 1086 ὡς
1604 1055 1677 1089 λέγει
1692 1055 1817 1090 Τιμοθέῳ

1028 1100 1170 1134 ὲπιακόττῳ
1186 1099 1256 1127 ἧντι·
1274 1101 1479 1135 Πρεσϐύτερον
1491 1100 1533 1135 μὴ
1547 1100 1818 1134 ἐπιπλήξῃς-,ἀλλὰ

1028 1144 1194 1179 παρακάλει
1209 1145 1249 1177 ὡς
1264 1145 1386 1180 πατέρα.
1403 1145 1436 1172 Τί
1449 1143 1505 1181 εἶχε
1529 1146 1646 1182 πρᾶγμα
1667 1145 1818 1172 ἐπίσκοπον

1029 1193 1206 1229 πρεσὸυτέρῳ
1231 1192 1268 1228 μὴ
1300 1191 1484 1226 ἐπιπλήττειν,
1505 1192 1529 1218 εί
1555 1191 1592 1227 μὴ
1615 1189 1648 1226 ἦν
1676 1190 1748 1226 ὑπὲρ
1773 1190 1818 1217 τὸν

1029 1239 1213 1275 πρεσϐύτερον
1229 1238 1299 1273 ἔχων
1311 1237 1360 1274 τὴν
1375 1237 1498 1270 ἐξουσίαν
1509 1237 1567 1270 fi);
1579 1237 1624 1264 καὶ
1637 1236 1717 1263 πάλιν
1727 1236 1817 1270 λέγει·

1029 1285 1110 1312 Κατὰ
1123 1283 1325 1318 πρεσϐυτέρου
1336 1282 1379 1318 μὴ
1394 1282 1506 1317 ταχέως
1522 1281 1701 1317 κατηγορίαν
1715 1281 1818 1316 δέχου,

1029 1333 1055 1358 εἰ
1063 1331 1105 1366 μή
1121 1340 1147 1357 τι
1160 1331 1208 1357 ἐπὶ
1221 1329 1276 1357 δύο
1289 1329 1336 1356 καὶ
1353 1327 1440 1363 τριῶν
1449 1328 1615 1363 μαρτύρων.
1629 1327 1682 1354 Καὶ
1697 1327 1748 1354 οὐκ
1759 1325 1819 1354 εἶπέ

1029 1385 1082 1403 τινι
1105 1376 1160 1402 τῶν
1180 1373 1390 1410 πρεσϐυτέρων·
1413 1372 1458 1408 Μὴ
1479 1372 1543 1409 δέξῃ
1565 1372 1733 1408 κατηγορίαν
1748 1371 1821 1398 κατὰ

1030 1422 1179 1449 ἐπισκόπου
1190 1429 1197 1436 ·
1209 1421 1270 1448 οὐδὲ
1281 1419 1384 1455 ἔγραψε
1397 1418 1485 1455 [περὶ]
1496 1419 1550 1444 τῶν
1560 1418 1755 1454 πρεσϐυτέρων
1766 1418 1822 1444 ’τινὶ⁵

1032 1469 1069 1505 μὴ
1083 1468 1258 1503 ἐπιπλήττειν
1274 1467 1426 1501 ὲπισκόπῳ.
1440 1466 1495 1493 Καὶ
1512 1466 1589 1502 ὁρᾷς,
1603 1465 1643 1492 ὄτι
1656 1464 1756 1496 παντὸς
1771 1463 1822 1492 τοῦ

1031 1516 1062 1542 ἐκ
1075 1514 1122 1541 τοῦ
1138 1513 1260 1541 διαϐόλου
1276 1511 1534 1549 παρασαλευομένου
1548 1513 1565 1547 ή
1577 1512 1680 1544 πτῶσις
1691 1512 1721 1538 οὐ
1734 1512 1822 1547 μικρά

992 1563 1015 1593 c
1030 1559 1072 1592 τίς
1088 1561 1180 1591 iactv;

1065 1607 1083 1633 Ζ
1094 1626 1101 1632 .
1124 1605 1184 1632 Ἰδω
1191 1613 1239 1641 μεν
1255 1605 1283 1632 δὲ
1298 1604 1346 1632 καὶ
1361 1605 1395 1631 τὰ
1415 1603 1483 1631 ἄλλα
1505 1602 1598 1635 αὐτοῦ,
1615 1603 1662 1630 καὶ
1673 1602 1823 1637 διασκοπή-

1031 1660 1133 1687 σωμεν.
1155 1651 1210 1678 Καὶ
1229 1650 1294 1687 ιιι-ερῖ¹
1314 1650 1362 1677 τοῦ
1379 1650 1475 1685 Πάσχα
1498 1649 1606 1685 πρῶτον
1627 1648 1761 1683 εἴπωμεν,
1784 1647 1823 1677 ὥς

1031 1705 1113 1734 φησι·
1133 1697 1169 1725 Τὸ
1185 1697 1293 1731 Πάσχα
1304 1696 1390 1731 ἡμῶν
1399 1696 1489 1730 ἐτύθη
1503 1695 1632 1730 Χριστός
1641 1703 1648 1710 ·
1661 1695 1762 1729 ἴδωμεν
1773 1694 1823 1720 αὑ-

1031 1745 1075 1771 τὺν
1087 1744 1131 1770 τὸν
1144 1743 1265 1777 εἰπόντα,
1276 1743 1300 1769 εῑ
1314 1742 1365 1769 οὐκ
1375 1741 1506 1769 ἐπετέλει.
1524 1741 1578 1769 Καί
1588 1749 1654 1776 φησι
1664 1748 1671 1756 ·
1689 1741 1823 1767 Ἐσπευ-

1031 1789 1095 1822 θεν,
1103 1789 1182 1822 ὅπως
1195 1788 1308 1822 ποιήσῃ
1324 1787 1382 1821 τὴν
1395 1786 1608 1821 Πευντηκοστὴν
1622 1787 1665 1819 εις
1679 1786 1824 1819 Ἰερουσα-

1031 1835 1102 1870 λήμ.
1122 1835 1203 1862 Ποίαν
1215 1834 1243 1861 δὲ
1257 1835 1306 1870 τὴν
1323 1828 1512 1868 Πεντηκοστὴν
1527 1832 1650 1859 ἐπετέλει
1663 1831 1780 1863 Παῦλος,
1798 1832 1823 1857 ει

1033 1881 1071 1916 μὴ
1093 1881 1189 1916 Πάσχα
1209 1880 1366 1913 tasteless;
1387 1879 1447 1906 Τίνι
1459 1879 1488 1906 δὲ
1504 1879 1534 1906 οὑ
1555 1877 1770 1914 συμπεφώνηται
1794 1877 1824 1903 ἐν

1032 1928 1099 1954 πᾶσι
1113 1927 1226 1962 κλίμασι
1237 1927 1286 1961 τῆς
1297 1925 1469 1961 οἰκουμένης,
1477 1925 1518 1951 ὅτι
1529 1923 1627 1959 τετρὰς
1638 1924 1685 1950 καὶ
1697 1923 1822 1958 Προσάϐ-

1031 1972 1112 1998 ϐατον
1123 1971 1234 2006 νηστεία
1246 1971 1318 1997 ἐστὶν
1333 1971 1361 1997 ἐν
1372 1972 1405 2006 τῇ
1420 1969 1567 2005 Ἐκκλησία
1581 1968 1721 2004 ὡρισμένη
1733 1976 1741 2001 ;
1754 1969 1785 1994 Εἰ
1795 1967 1823 1994 δὲ

1032 2017 1080 2043 xal.
1089 2017 1142 2052 χρὴ
1159 2016 1189 2043 τὸ
1201 2014 1409 2051 τῆςΔιατάξεως
1420 2015 1474 2042 τῶν
1484 2014 1641 2042 ἀποστόλων
1650 2013 1752 2047 λέγειν,
1764 2012 1824 2044 πῶς

1031 2063 1090 2089 ἐκεῖ
1105 2061 1234 2097 ὡρίζοντο
1248 2061 1364 2096 τετράδα
1377 2061 1424 2087 καὶ
1439 2059 1631 2096 Προσάῶατον
1641 2058 1770 2094 νηστείαν
1780 2057 1823 2084 διὰ

1033 2107 1132 2139 παντδς
1141 2107 1226 2142 χωρὶς
1237 2107 1442 2141 Πεντηκοστῆςς
1457 2106 1512 2133 Kal.
1525 2105 1589 2140 περὶ
1601 2105 1655 2131 τῶν
1669 2104 1698 2138 ἒξ
1711 2103 1824 2140 ἡμερῶν

1031 2153 1079 2180 τοῦ
1096 2153 1191 2188 Πάσχα
1207 2152 1264 2184 πῶς
1283 2152 1502 2188 παραγγέλλουσι
1519 2151 1603 2186 μηδὲν
1627 2151 1695 2182 ὅλως
1718 2150 1823 2186 λαμϐά-

1033 2209 1089 2226 νειν
1105 2200 1121 2235 ἢ
1142 2199 1224 2234 ἄρτου
1241 2198 1289 2225 καὶ
1304 2198 1366 2230 ἁλὸς
1382 2198 1428 2224 καὶ
1444 2197 1556 2230 an-tog;
1573 2197 1656 2223 Ποίαν
1673 2205 1702 2222 τε
1717 2196 1823 2231 ἡμέραν

195 2247 305 2274 panem,
328 2241 412 2268 salem
442 2245 469 2269 et
502 2249 600 2283 aquam
624 2242 807 2271 adhibendum
831 2244 978 2274 deliniunt‘.I

1033 2246 1120 2279 ἄγειν,
1133 2244 1191 2276 πῶς
1205 2252 1234 2270 τε
1249 2243 1377 2270 ἀπολύειν
1391 2244 1430 2275 είς
1447 2243 1656 2277 ὲπιφώσκουσαν
1670 2242 1821 2277 Κυριακὴν.

195 2286 346 2318 Quamnam
361 2295 427 2315 vero
439 2288 570 2315 celebrari
585 2288 657 2317 diem
680 2294 707 2318 et
721 2290 751 2317 in’
771 2291 973 2319 illucescentem

197 2331 366 2359 Dominicam
380 2333 517 2362 dimittere
526 2335 695 2370 praecipiant,
704 2337 806 2364 nemini
818 2345 879 2366 esse
894 2342 984 2373 potest

196 2378 355 2405 obscurum.
369 2377 428 2406 .lam
448 2388 512 2407 vero
523 2382 576 2408 utri
595 2381 704 2409 tandem
719 2382 825 2409 illorum
840 2384 984 2418 peritiores

197 2424 281 2451 sunt?
298 2425 338 2451 An
353 2432 447 2453 errore
462 2426 592 2461 deceptus
603 2427 761 2459 homuncio.
780 2429 826 2463 qui
841 2437 914 2456 nunc
926 2433 985 2456 tan-

197 2470 258 2496 dem
275 2471 396 2502 emersit.
408 2475 434 2499 et
450 2472 538 2500 adhuc
550 2473 630 2501 hodie
644 2479 786 2508 superstes
799 2475 860 2502 est?
880 2475 920 2502 An
935 2476 982 2510 qui

196 2520 261 2544 ante
284 2525 333 2544 nos
349 2521 433 2545 testes
450 2519 625 2552 exstiterunt,
641 2521 741 2554 quique
757 2524 819 2548 ante
842 2529 892 2548 nos
904 2529 982 2549 eam~

234 2596 242 2611 ⁸
261 2594 271 2622 ι
287 2594 358 2622 Tim.
374 2604 400 2628 ν,
420 2596 444 2624 1.
483 2597 493 2612 ’
511 2597 576 2624 ibid.
594 2597 637 2624 i9.
676 2597 686 2612 '
701 2597 710 2624 Ι
724 2596 788 2624 Cor.
807 2606 833 2630 v,
847 2598 872 2625 7.
910 2598 921 2613 ⁸
934 2597 984 2625 Act

198 2681 280 2700 tuens.
293 2678 317 2699 et
334 2673 413 2707 pomi.
430 2674 543 2708 repetit,
558 2682 618 2708 pag.
637 2673 690 2700 182
702 2694 709 2701 .
726 2679 755 2701 ut
770 2678 798 2701 et
821 2674 984 2702 anteceden-

199 2708 351 2754 teqt.v‘§ed'
367 2707 580 2754 ﬁudOooLvoeat
595 2707 738 2744 ίμεδεκὼϐ.
760 2709 858 2737 Verum
883 2714 987 2754 thJD

199 2751 214 2769 a
235 2742 305 2769 LXX
320 2742 415 2769 κύαοοι
435 2743 595 2770 redduntur.

235 2778 291 2814 (δι)
309 2777 475 2814 Luculentus
492 2783 534 2805 est
553 2779 598 2814 hic
618 2778 762 2814 Epiphauii
777 2779 866 2813 locus,
881 2787 913 2807 ex
931 2787 985 2814 quo

200 2812 338 2848 variorum
355 2813 470 2846 rituum,
487 2812 702 2848 quosCathdliba
714 2823 745 2842 ac
758 2814 880 2842 Romana
894 2812 987 2842 Eccleo

201 2847 241 2874 sia
258 2847 393 2881 hodieque
408 2847 517 2884 retinet,
529 2852 652 2884 vetustas
667 2851 809 2877 asseritnr.
824 2850 985 2884 Cujusmodi

202 2886 266 2910 sunt
281 2885 418 2910 certorum
430 2883 535 2911 dierum
549 2883 662 2919 jejuuia,
680 2892 774 2920 preces
793 2893 843 2921 pro
865 2883 986 2913 mortuis

1035 2291 1151 2326 φανερόν
1173 2291 1241 2317 ἐστι.
1257 2290 1305 2322 Τίς
1326 2290 1353 2316 δὲ
1372 2289 1472 2324 μᾶλλον
1491 2287 1636 2315 ἐπίσταται
1651 2287 1772 2320 τούτων;
1796 2287 1824 2313 '0

1034 2338 1126 2372 ὴπατη
1132 2337 1210 2372 μένος
1220 2335 1373 2371 ἄνθρωπος,
1386 2336 1400 2362 ὁ
1412 2335 1458 2362 νῦν
1472 2335 1532 2370 ὲνδη
1538 2335 1573 2370 μή
1579 2343 1638 2366 σας,
1655 2334 1702 2360 καὶ
1714 2334 1768 2366 ἕως
1778 2333 1824 2360 νῦν

1036 2385 1064 2411 ὲν
1079 2383 1117 2419 τῷ
1131 2383 1180 2418 βίῳ
1194 2381 1306 2418 περιὼν,
1319 2382 1336 2418 ἢ
1349 2383 1372 2409 οἱ
1393 2383 1446 2418 πρὸ
1468 2381 1546 2417 ἡμῶν
1563 2381 1702 2416 μάρτυρες
1717 2380 1826 2414 γεγονό-

1035 2439 1090 2462 τες,
1105 2430 1213 2465 ἔχοντες
1227 2429 1280 2465 πρὸ
1296 2428 1375 2465 ἡμῶν
1390 2429 1440 2463 τὴν
1464 2428 1612 2462 παράδοσιν
1634 2427 1680 2453 ἐπὶ
1698 2427 1748 2461 τῆς
1766 2427 1827 2453 Ἐκ-

1036 2475 1159 2511 κλησίας,
1180 2475 1227 2502 καὶ
1245 2471 1318 2501 οὗτοι
1343 2473 1543 2509 παρειληφότες
1563 2472 1639 2508 παρὰ
1659 2471 1714 2498 τῶν
1737 2471 1826 2498 αὐτῶν

1036 2521 1171 2557 πατέρων,
1184 2521 1238 2548 τῶν
1252 2529 1281 2547 τε
1296 2520 1385 2547 αὐτῶν
1397 2519 1523 2555 πατέρων
1536 2518 1616 2545 πάλιν
1629 2517 1827 2554 μεμαθηκότων

989 2619 995 2625 ,
1013 2606 1059 2631 xx,
1083 2597 1125 2624 16.

1039 2678 1066 2702 et
1078 2678 1237 2702 sanctorum
1253 2674 1365 2710 perinde
1382 2681 1413 2701 ac
1431 2678 1592 2710 caeterorum
1614 2673 1734 2710 ﬁdelium
1751 2681 1827 2710 com-

1041 2711 1262 2737 memorationes.
1295 2709 1332 2737 De
1362 2709 1462 2744 quibus
1494 2709 1609 2744 aliisque
1640 2709 1827 2743 compluribus

1040 2745 1096 2779 agit
1110 2745 1137 2771 in
1152 2745 1226 2772 calce
1241 2744 1324 2778 hujus
1340 2745 1442 2779 operis,
1464 2744 1490 2772 in
1508 2744 1684 2779 Expositione
1702 2744 1763 2771 lidei
1779 2751 1827 2770 ea-

1040 2780 1157 2807 tholicaa.
1173 2780 1356 2812 Quamobrem
1376 2780 1402 2807 in
1426 2780 1501 2807 illum
1516 2780 1606 2814 ipsum
1622 2779 1712 2814 locum
1730 2786 1828 2813 oppor-

1040 2814 1133 2841 tunius
1156 2815 1329 2850 conferetur.
1365 2815 1388 2842 si
1417 2814 1482 2850 quid
1508 2813 1541 2841 ad
1566 2813 1755 2850 illustrandum
1773 2821 1825 2850 _ca-

1041 2850 1203 2913 lli‘qlibcqruut
1235 2849 1393 2886 dogmatum
1423 2848 1612 2887 antiquitatem
1641 2848 1826 2876 adnotandqu

1041 2893 1064 2912 vr
1086 2893 1100 2912 e
1121 2893 1186 2912 iur.

1041 2885 1186 2912 videbitur.
