1931 3041
78 169 144 198 513

483 166 668 195 ADVERSUS
692 165 862 194 HAleESES
880 165 943 194 LIB.
965 165 1009 194 ιιι.
1029 165 1110 194 ΤΟΜ.
1134 166 1154 194 l.
1174 182 1208 186 —
1222 166 1355 195 "ALBES.
1377 166 1484 195 LXXV.

1674 167 1726 196 SH

76 227 169 262 παρά
182 225 234 252 τῶν
250 224 303 260 πρὸ
323 223 413 251 αὐτῶν
433 224 593 258 γεγονότων,
608 224 666 256 πῶς
690 225 707 259 ὴ
726 224 885 260 Ἐκκλησία,

945 223 999 251 lem
1023 224 1198 251 traditionem
1222 224 1249 251 iu
1275 225 1397 252 Ecclesia
1423 227 1582 258 tenuerunt,
1599 232 1680 260 quam
1701 227 1728 252 el

77 269 291 307 παραλαϐοῦσα
302 269 379 305 παρά
394 270 447 296 τῶν
459 270 544 304 αὐτῆς
554 269 689 305 πατέρων,
705 270 769 305 ἀχρι
781 270 828 296 καὶ
839 270 888 305 τῆς

77 315 173 350 δεῦρο
187 315 297 350 κατέχει
313 315 364 350 τὴν
378 315 508 350 ἀληθινὴν
523 315 625 347 πίστιν,
640 315 686 341 καὶ
707 315 755 347 τὰς
768 315 887 350 παραδό-

83 370 168 392 σεις;
190 362 244 387 Καὶ
257 360 425 387 διαπιπτὲτω
441 361 520 388 πάλιν
535 362 550 396 ἡ
566 360 660 387 τούτου
681 361 769 388 ἔννοια
786 363 802 396 ὴ
822 361 886 396 περὶ

84 407 139 433 τοῦ
154 407 262 442 Πάσχα.
277 404 344 433 Εἶτα
357 406 386 432 δὲ
402 407 426 432 εἰ
441 407 478 441 μὴ
495 407 559 442 περὶ
573 407 623 441 τῆς
635 406 720 442 αὐτῆς
734 407 888 438 ὑποθέσεως

82 454 236 489 Τετράδωί
250 453 295 480 καὶ
311 454 512 489 Προσαϐϐάτων
523 454 548 480 οἱ
563 453 640 480 αὐτοὶ
654 453 797 480 ἀπόστολοι
811 455 838 480 ἐν
853 455 887 489 τῇ

76 498 213 531 Διατάξει
234 499 337 533 ἔλεγον,
355 498 402 525 καὶ
425 498 512 530 ἄλλως
535 499 566 524 ὲκ
587 498 754 533 πανταχόθεν
778 499 888 533 εἴχομεν

82 544 243 576 ἀποδεῖξαι,
252 545 326 580 ὅμως
340 544 404 579 περὶ
417 544 510 570 τούτου
525 544 645 579 ἀκριϐῶς
656 544 801 580 γράφουσι.
814 545 888 579 Παρ-

85 589 187 624 εἰληςρε
203 589 232 615 δὲ
245 590 261 625 ἡ
285 589 443 624 Ἐκκλησία,
459 589 506 616 καὶ
519 590 547 616 ὲν
558 589 610 624 ὅλῳ
626 589 664 625 τῷ
676 589 771 624 κόσμῳ
784 598 888 625 συμπε·

86 635 233 671 φώνηται·
247 636 311 672 πρὶν
331 635 407 672 [γὰρ]
431 635 476 662 τοῦ
491 633 559 662 εἶναι
579 636 683 669 Ἀέριον
700 637 746 663 καὶ
763 637 825 669 τοὺς
841 635 888 664 ἀπ’

87 680 177 706 αὑτοῦ
200 680 365 715 ’Λεριανούς.
386 681 462 715 Τάχα
472 680 528 715 γὰρ
544 681 590 707 καὶ
604 680 675 707 κατά
695 680 775 708 τοῦτο
786 681 888 708 δικαιό-

87 733 173 751 τατον
195 725 280 760 ὄνομα
302 725 420 760 εἴληφεν.
432 725 535 760 Ἀέριον
555 725 609 760 γὰρ
632 725 740 760 πνεῦμα
760 725 838 760 ἔσχεν
858 725 887 759 ἐξ

89 771 277 806 ἀκαθαρσίας,
291 771 345 797 ἀπὸ
366 771 420 798 τῶν
436 771 536 807 ἀερίων
554 772 717 806 πνευμάτων
736 771 786 806 τῆς
805 780 887 808 πονη-

92 817 167 852 ρίας,
180 817 211 842 τὸ
226 819 255 843 ὲν
267 816 342 852 αὐτῷ
357 817 469 853 οἱκῆσαν
483 818 554 844 κατὰ
567 817 616 852 τῆς
640 816 812 851 Ἑκκλησίας.

941 269 995 305 ipsi
1011 277 1026 296 a
1042 270 1203 305 parentibus
1224 271 1281 298 suis
1299 275 1474 305 acceperant,
1489 275 1517 298 et
1540 271 1662 306 ipsorum
1681 279 1728 306 pa-

939 318 1032 343 rentes
1045 323 1059 342 a
1072 316 1222 350 majoribus
1236 316 1294 343 suis
1310 316 1463 343 didicerant
1478 326 1484 343 :
1498 316 1728 351 quemadmodum

939 359 1072 393 Ecclesia,
1091 369 1171 396 quam
1187 369 1202 387 a
1225 362 1350 396 patribus
1373 363 1430 389 suis
1450 362 1556 397 accepit
1576 365 1678 389 rectam
1698 369 1730 387 ac

941 407 1077 434 sinceram
1098 408 1194 440 tidem,
1218 415 1280 434 cum
1298 408 1491 435 traditionibus
1507 407 1540 434 ad
1563 407 1635 433 hunc
1657 407 1728 433 diem

941 451 1085 478 observat?
1100 451 1231 479 Facessat
1247 452 1331 487 igitur
1353 451 1422 479 falsa
1446 452 1520 479 illius
1541 452 1573 479 de
1598 451 1730 478 Paschate

941 498 1087 526 sententia.
1103 497 1205 530 Quodsi
1231 499 1264 526 de
1287 502 1385 534 quarta
1416 503 1526 526 sextave
1541 498 1606 525 feria
1628 498 1729 524 nullam

941 543 1053 570 omnino
1069 543 1306 571 inConstitutione
1316 552 1366 572 sua
1379 546 1546 571 mentionem
1561 543 1681 578 apostolo
1695 542 1730 570 I'e-

941 590 1054 621 cissent,
1070 589 1131 617 aliis
1153 593 1245 617 tamen
1261 589 1432 625 argumentis
1454 589 1553 616 licebat
1569 589 1617 615 uti.
1637 587 1728 621 Quan-

940 643 1022 670 quam
1038 643 1070 663 ea
1086 635 1120 664 de
1139 643 1167 664 rc
1182 640 1224 664 est
1239 636 1273 664 ab
1290 636 1344 663 illis
1362 635 1571 662 accuratissime
1585 634 1729 669 scriptum,

941 680 1118 716 idqueipsum
1133 682 1167 709 ab
1175 681 1296 710 Ecclesia
1308 685 1464 716 susceptum
1473 681 1730 708 communiestcun.

941 727 1068 755 sensione
1092 727 1248 762 ﬁrmatum,
1272 730 1418 762 antequam
1447 726 1544 754 Acrius
1568 725 1640 752 ullus
1667 732 1729 752 cum

940 772 1067 800 Aerianis
1088 772 1244 799 exsisteret.
1264 771 1316 804 Qui
1331 771 1396 798 mihi
1418 775 1561 806 propterea
1582 770 1680 797 merito
1701 769 1728 796 id

940 818 1059 846 nominis
1079 818 1194 853 adeptus
1207 818 1324 844 videtur.
1346 818 1459 844 Aerium
1481 817 1583 852 quippe
1603 815 1730 850 spiritum

91 870 125 888 ex
146 862 306 898 impuritate
321 866 418 901 nactus
428 868 480 894 est.
491 864 571 899 911
588 864 621 891 de
633 864 682 891 illo
695 864 967 900 aeriorumnequitiaa
977 865 1123 900 spirituum
1137 872 1228 901 grege,
1256 865 1302 899 qui
1334 865 1362 891 in
1393 864 1453 899 ipso
1477 864 1609 891 adversus
1635 862 1731 889 Eccle-

92 908 166 935 sialn
185 908 355 936 domicilium
370 909 501 944 posuerit.

128 959 158 987 ll'
165 980 173 989 .
185 962 302 989 Ἔπειτα
315 962 343 989 δὲ
354 963 418 999 περὶ
429 963 476 990 τοῦ
491 964 610 999 ὀνόματα
623 963 712 999 λέγειν
727 965 782 992 τῶν
795 965 894 995 talem.

972 963 1040 991 Vlll.
1053 963 1129 996 Quod
1147 971 1209 991 vero
1225 966 1329 998 spectat
1344 963 1376 990 ad
1391 963 1474 990 ritum
1488 963 1574 994 illum,
1587 970 1642 997 quo
1655 971 1730 990 mor—

93 1008 248 1043 τησάντων,
257 1009 283 1034 τί
295 1008 328 1035 ἂν
343 1009 386 1044 εἴη
398 1009 494 1036 τούτου
504 1010 744 1046 προὺργιαίτερον;
757 1011 781 1037 τι
796 1010 888 1037 τούτου

94 1053 276 1090 καιριώτερον
293 1055 341 1082 καὶ
357 1055 591 1092 θαυμασιώτερον,
606 1057 744 1084 πιστεύειν
761 1057 810 1092 μὲν
826 1058 890 1089 τοὺς

95 1101 247 1135 παρόντας,
263 1101 304 1127 ὅτι
319 1101 344 1128 οἱ
360 1101 523 1134 ἀπελθόντες
536 1101 615 1135 ζῶσι,
629 1103 721 1137 καὶ-ὲν
736 1102 890 1138 ἁνυπαρξίᾳ

95 1147 148 1173 οὐκ
164 1147 250 1173 εἰσιν·
265 1146 333 1174 ἀλλὰ
350 1147 419 1180 εἰσὶ,
437 1148 484 1174 καὶ
505 1147 571 1180 ζῶσι
590 1148 665 1184 παρὰ
689 1148 728 1184 τῷ
750 1149 888 1185 Δεσπότη-

96 1192 146 1219 καὶ
167 1192 242 1224 ὅπως
265 1192 298 1219 ἂν
318 1192 348 1218 τὸ
373 1193 537 1228 σεμνότατον
558 1195 689 1230 κήρυγμα
703 1194 889 1230 διηγήσοιτοί,

95 1237 136 1269 ὡς
151 1237 228 1270 ὲλπες
243 1239 316 1264 ἐστιν
329 1239 398 1274 ὑπὲρ
412 1239 534 1274 ἀδελφῶν
549 1239 715 1274 εὐχομένοις,
730 1239 768 1272 ὼς
780 1241 809 1266 ὲν
821 1241 890 1267 ἀπο-

97 1281 185 1318 δημίᾳ
199 1283 388 1318 τυγχανόντων
399 1291 405 1298 ·
419 1283 520 1318 ὠφελεῖ
533 1283 561 1309 δὲ
576 1284 650 1319 καὶὴ
666 1284 735 1320 ὑπὲρ
750 1284 839 1310 αὐτῶν
850 1293 892 1319 γι-

99 1329 201 1364 νομένη
215 1329 294 1365 εὐχὴ.
308 1330 333 1356 εἰ
347 1330 394 1356 καὶ
407 1330 441 1356 τὰ
453 1330 501 1356 ὅλα
516 1330 569 1357 τῶν
585 1331 755 1365 αῐτιαμάτων
772 1330 809 1366 μὴ
823 1331 892 1357 ἀπο-

99 1374 198 1401 κόπτοι
209 1384 215 1389 -
232 1375 290 1402 ἀλλ’
302 1373 349 1402 οὖν
373 1384 404 1410 γε
423 1375 467 1403 διὰ
486 1375 517 1402 τὸ
529 1376 659 1407 πολλάκις
671 1377 700 1403 ὲν
711 1376 806 1412 κόσμῳ
819 1377 891 1412 ἡμᾶς

99 1420 182 1453 ὂντας
203 1422 366 1456 σφάλλεσθαι
390 1422 525 1454 ἀκουσίως
539 1431 569 1449 τε
581 1423 628 1449 καὶ
647 1423 789 1453 ἑκουσίως.
805 1423 848 1449 ἵνα
863 1422 893 1449 τὸ

101 1467 289 1503 ὲντελέστερον
314 1468 451 1503 σημανθῇ.
475 1468 529 1495 Καὶ
545 1467 599 1504 γὰρ
613 1468 726 1495 δικαίων
742 1468 894 1504 ποιούμεθα

101 1512 152 1548 τὴν
167 1513 288 1549 μνήμην,
302 1514 349 1540 καὶ
361 1513 432 1549 ὑπὲρ
447 1514 632 1549 ἁμαρτωλῶν·
647 1514 717 1550 ὑπὲρ
734 1514 783 1549 μὲν
804 1515 894 1549 ἀμαρ-

102 1557 197 1585 τωλῶν
212 1559 282 1595 ὑπὲρ
297 1559 390 1591 ἐλέους
404 1559 471 1586 Θεοῦ
488 1559 622 1595 δεόμενοι,
639 1560 709 1596 ὑπὲρ
731 1560 761 1586 δὲ
782 1559 894 1586 δικαίων

103 1603 154 1632 καὶ·
167 1604 296 1640 Πατέρων
319 1605 367 1631 καὶ
389 1605 575 1641 πατριαρχῶν,
591 1606 736 1641 προφητῶν
758 1605 805 1632 καὶ
827 1605 896 1631 ἀπο-

940 1013 1049 1036 tuorum
1068 1010 1177 1036 nomina
1188 1010 1412 1044 pronuntiantur,
1429 1008 1494 1043 quid
1511 1016 1544 1036 eo
1557 1016 1619 1036 esse
1637 1013 1728 1043 potest

941 1055 1055 1082 utilius?
1068 1054 1133 1090 quid
1146 1054 1340 1090 opportunius,
1352 1059 1398 1080 aut
1412 1061 1477 1081 vero
1491 1054 1672 1081 admiratione
1686 1054 1730 1081 di-

941 1101 1021 1136 gnius
1031 1099 1153 1135 ?Nempe
1165 1103 1195 1126 ut
1211 1099 1367 1135 quiadsunt
1381 1099 1536 1126 certissime
1551 1099 1603 1127 sibi
1619 1107 1734 1134 persua-

941 1146 1153 1174 dcantmortuos
1168 1146 1327 1177 vivere,nec
1345 1144 1372 1171 in
1388 1145 1503 1171 nihilum
1517 1144 1645 1172 redactos
1658 1153 1732 1177 esse,

941 1192 988 1220 sed
1004 1192 1136 1220 exsistere
1151 1191 1240 1218 adhuc
1259 1195 1341 1226 atque
1359 1191 1429 1224 apud
1460 1190 1604 1217 Dominum
1622 1191 1732 1224 vivere;

941 1243 999 1265 tum
1023 1242 1052 1265 ut
1076 1237 1314 1273 religiosissimum
1338 1236 1403 1263 illud
1429 1235 1527 1271 dogma
1557 1237 1733 1271 praedicetur,

941 1291 997 1319 quo
1011 1285 1058 1319 qui
1073 1291 1123 1318 pro
1140 1283 1271 1310 fratribus
1287 1286 1444 1318 precantur.
1464 1282 1533 1310 bene
1550 1282 1583 1310 de
1599 1283 1653 1310 illis
1671 1290 1734 1318 spu-

943 1338 1003 1357 rare
1012 1333 1130 1361 constat,
1143 1329 1221 1364 quasi
1238 1336 1350 1364 peregre
1365 1328 1505 1364 proiectis.
1518 1329 1652 1356 Caeterum
1669 1337 1731 1364 quae

944 1383 992 1410 pro
1011 1375 1128 1402 mortuis
1151 1375 1346 1410 concipiuntur
1365 1382 1472 1410 preces,
1493 1375 1528 1402 iis
1554 1375 1636 1402 utiles
1658 1379 1733 1406 sunt.

943 1423 1051 1450 tametsi
1067 1430 1121 1449 non
1134 1429 1229 1450 omnes
1238 1421 1333 1456 culpas
1345 1422 1533 1457 exstinguant.
1547 1420 1647 1449 Verum
1657 1429 1689 1448 ex
1702 1429 1736 1448 co

943 1473 1070 1505 prosunt,
1087 1469 1159 1504 quod
1176 1469 1346 1504 plerumque,
1366 1467 1431 1495 dum
1448 1467 1538 1494 adhuc
1551 1467 1578 1494 in
1595 1472 1668 1494 terra
1684 1468 1732 1494 de-

944 1515 1045 1551 gimus,
1056 1519 1153 1549 sponte
1166 1519 1213 1541 aut
1225 1513 1303 1541 inviti
1319 1513 1481 1545 titubemus,
1497 1516 1525 1539 ut
1540 1513 1580 1546 id,
1595 1512 1667 1547 quod
1678 1520 1737 1547 per-

945 1561 1042 1588 fectius
1054 1564 1108 1592 est,
1124 1558 1378 1595 signiliccturﬁam
1394 1562 1421 1586 et
1431 1558 1568 1593 justorum
1593 1558 1696 1592 pariter
1710 1561 1736 1584 et

946 1610 1122 1641 peccaturum
1137 1605 1306 1633 mentionem
1320 1604 1438 1631 iacimus
1453 1613 1459 1631 :
1475 1607 1651 1639 peccatorum
1673 1605 1736 1638 qui-

103 1650 205 1677 στόλων
217 1638 263 1677 καὶ
275 1638 473 1685 εὺαγγελιστῶν
492 1638 539 1679 καὶ
566 1638 712 1687 μαρτϐρων
740 1651 787 1677 καὶ
800 1650 894 1686 ὁμολο-

946 1652 1019 1682 dem,
1033 1656 1061 1678 ut
1077 1651 1111 1678 iis
1129 1658 1145 1678 a
1167 1649 1283 1678 Domino
1301 1649 1518 1677 misericordiam
1541 1649 1738 1684 imploremus;

103 1696 206 1732 γυπῶν,
224 1696 380 1724 ἐπισκόπων
400 1705 430 1724 τε
451 1697 497 1724 καὶ
514 1696 697 1733 ἀναχωρητῶν
727 1697 774 1723 καὶ
796 1696 895 1728 παντδς

102 1740 150 1767 τοῦ
165 1741 314 1776 τάγματος,
328 1742 371 1768 ἵνα
383 1742 429 1769 τὸν
442 1741 541 1778 Κύριον
555 1742 658 1778 Ἰησοῦν
668 1742 785 1778 Χριστὸν
800 1741 896 1777 ἀφορί-

105 1793 198 1822 σωμεν
211 1787 264 1814 ἀπὸ
279 1788 330 1822 τῆς
349 1788 403 1815 τῶν
424 1787 576 1824 ἀνθρώπων
588 1788 692 1820 τάξεως
706 1787 751 1814 διὰ
764 1787 814 1822 τῆς
827 1786 896 1823 πρὸς

104 1833 186 1861 αὑτὸν
212 1834 305 1869 τιμῆς,
319 1834 365 1861 καὶ
387 1834 470 1866 σέϐας
493 1834 568 1870 αὑτῷ
590 1834 745 1869 ἀποδῶμεν,
761 1834 790 1860 ὲν
806 1833 896 1869 ἐννοίᾳ

105 1881 191 1913 ὅντες,
207 1881 248 1907 ὅτι
266 1881 316 1907 οὐκ
336 1874 409 1907 ἐστίν
430 1880 605 1916 ὲξισοὺμενος
617 1881 631 1907 ὁ
645 1880 747 1916 Κύριος
766 1880 820 1907 τιν)⁸
842 1880 896 1906 τῶν

105 1925 269 1962 ἀνθρώπων,
283 1925 334 1952 κᾶν
351 1934 381 1952 τε
397 1926 480 1961 μυρία
494 1925 542 1952 καὶ
557 1925 686 1952 ἐπέκεινα
699 1926 728 1951 ὲν
738 1924 894 1960 δικαιοσύνῃ

107 1971 217 2007 ὑπάρχῃ
233 1972 348 2004 ἕκαστος
361 1971 523 2007 ἀνθρώπων.
535 1971 597 2003 Πῶς
608 1971 662 2007 γὰρ
673 1968 729 1998 οἷόν
740 1979 770 1997 τε
783 1971 826 2005 εἴη
836 1969 898 1997 τοῦ-

106 2025 154 2050 το;
168 2018 198 2044 ’0
214 2018 264 2053 μὲν
278 2017 332 2054 γάρ
347 2018 404 2044 ἐστι
421 2017 496 2049 Θεὸς,
506 2018 520 2044 ὁ
532 2018 559 2044 δὲ
575 2017 719 2053 ἄνθρωπος
729 2025 735 2032 ·
753 2017 800 2044 καὶ
815 2018 829 2044 ό
847 2016 897 2052 μὲν

109 2063 139 2091 ἓν
152 2064 272 2100 οὐρανῷ,
286 2065 300 2091 ὁ
312 2064 341 2090 δὲ
355 2063 401 2090 ὲπὶ
414 2064 463 2099 τῆς
475 2063 527 2099 γῆς
539 2063 583 2090 διὰ
594 2063 629 2090 τὰ
647 2063 693 2089 ἐπὶ
709 2063 761 2097 τῆς
773 2062 896 2097 λείψανα,

108 2109 196 2145 πάρεξ
216 2110 270 2136 τῶν
293 2109 466 2137 ἀναστάντων
488 2110 534 2136 καὶ
559 2108 784 2135 συνεισελθόντων
805 2109 834 2134 ὲν
859 2107 898 2142 τῷ

108 2155 243 2191 νυμφῶνι,
260 2155 297 2188 ὣς
314 2164 381 2191 φησι
401 2155 431 2182 τὸ
449 2155 524 2189 ἅγιον
540 2154 723 2189 Εὑαγγέλιον’
737 2153 841 2180 Πολλὰ
863 2153 898 2179 δὲ

109 2201 231 2236 σώματα
247 2201 305 2228 τῶν
316 2201 409 2236 ἁγίων
420 2201 608 2234 ἀνέστησαν.
625 2199 673 2226 καὶ
690 2198 898 2231 συνεισῆλθον

109 2246 189 2279 αὐτῷ
205 2248 248 2279 εὶς
270 2246 327 2280 τὴν
349 2246 438 2281 ἁγίαν
451 2245 540 2273 πόλιν
559 2244 651 2279 ’Ᾱγίαν
672 2244 701 2271 δὲ
722 2243 799 2270 πόλιν
824 2243 897 2276 λέγει

110 2293 190 2320 ποίαν
204 2293 323 2328 ταύτην;
345 2292 498 2328 Πληροῦται
524 2291 579 2326 γὰρ
602 2292 663 2319 κατ’
676 2291 777 2326 ἀμφοῖν
794 2291 808 2317 ὁ
820 2289 897 2324 λόγος
915 2306 936 2333 ο

110 2341 149 2371 εἰς
166 2339 215 2375 τὴν
228 2338 354 2370 ἐνταῦθα,
373 2339 421 2365 καὶ
441 2339 481 2369 εἰς
500 2338 549 2373 τὴν
562 2337 692 2365 ἇνω.”οτι
719 2337 768 2371 μὲν
789 2336 843 2371 γὰρ
860 2336 899 2368 εἰς

110 2385 159 2420 τὴν
174 2384 292 2411 ἐνταῦθα
310 2384 487 2421 Ἰερουσαλὴμ
505 2382 678 2418 συνεισῆλθον
693 2381 767 2417 αὐτῷ
780 2382 898 2418 πρῶτον,

111 2430 189 2458 τοῦτο
201 2431 279 2465 δῆλον
289 2438 296 2446 ο
313 2430 396 2466 πρινὴ
418 2430 447 2456 δὲ
463 2429 509 2456 τοῦ
522 2428 657 2464 ἀναϐῆναι
671 2428 717 2455 τὸν
730 2428 844 2464 Σωτῆρα
858 2428 898 2459 εἰς

111 2476 156 2503 τὸν
181 2475 304 2510 οὐρανὸν,
321 2475 406 2507 οὐδεὶς
423 2472 476 2510 γὰρ
492 2474 660 2509 ἀναϐέϐηκεν
682 2474 735 2505 ἕως
755 2474 799 2500 ὅτε
825 2472 900 2508 αὐτῷ

113 2520 286 2555 συνανῆλοον.
304 2519 408 2552 Οὐδεὶς
426 2520 480 2554 γὰρ
497 2520 678 2552 ἀναϐέϐηκεν
691 2520 734 2551 εἰς
746 2518 800 2545 τὸν
813 2519 900 2552 οὐρα-

112 2565 179 2597 νὸν,
193 2565 218 2592 ει
225 2565 268 2599 μὴ
286 2566 301 2591 ό
317 2564 351 2591 ἐκ
369 2563 421 2591 τοῦ
436 2564 565 2597 οίιοανοῦ
579 2563 719 2596 καταϐὰς,
734 2564 750 2590 ό
768 2562 832 2596 Υιὸς
847 2563 899 2590 τοῦ

113 2610 278 2644 ἀνθρώπου.
291 2609 368 2636 Ἀλλά
385 2610 448 2644 περὶ
462 2609 563 2636 τούτων
578 2610 606 2635 ὲν
623 2608 661 2644 τῷ
672 2608 747 2643 τόπῳ
760 2608 900 2643 γενόμενοι

114 2656 159 2687 τὰς
185 2655 230 2681 δύο
253 2654 339 2686 λέξεις
352 2654 543 2689 ὑπεδείξαμεν.
557 2654 588 2680 Εἰ
600 2654 628 2680 δέ
642 2663 683 2686 τις
695 2654 763 2689 ὲρεί,
778 2654 819 2680 ὅτι
846 2654 900 2689 ἄρα

115 2701 152 2732 ei;
164 2699 213 2735 τὴν
233 2699 410 2735 Ἰερουσαλὴμ
425 2699 558 2734 εἰσῆλθον,
578 2699 696 2734 μαθέτω,
709 2699 751 2726 ὅτι
766 2699 795 2725 ἐν
809 2699 900 2734 ἐκείνῃ

114 2748 145 2782 τῇ
162 2747 255 2782 ἡμέρᾳ
269 2746 321 2773 τῶν
337 2745 426 2781 θυρῶν
441 2745 641 2780 κεκλεισμένων
661 2745 784 2781 παρέστη
806 2745 820 2771 ὁ
841 2744 899 2771 Κύ-

134 2869 161 2911 ,ί
179 2869 210 2898 1·”.
224 2868 406 2904 διηγήσαντο.
446 2869 455 2884 ¹¹
470 2868 563 2895 Matth.
579 2876 663 2899 xxv“,
680 2867 725 2900 52,
742 2867 786 2895 55.

943 1699 1082 1734 justorum
1096 1701 1186 1724 autem
1205 1700 1232 1724 ct
1249 1696 1361 1723 Patrum
1386 1703 1418 1723 ac
1432 1696 1661 1730 patriarcharum,
1674 1702 1738 1729 pro-

946 1743 1308 1780 phetarum,apostolorum,
1318 1742 1560 1776 evangelistarum,
1573 1744 1737 1775 martyrum,

946 1789 1149 1820 confessorum,
1166 1789 1372 1823 episcoporum,
1389 1786 1616 1814 auachoretarum
1637 1793 1670 1812 ac
1685 1793 1738 1813 cte-

948 1840 992 1864 tus
1009 1836 1081 1863 illius
1105 1834 1243 1866 universi,
1271 1837 1300 1861 ut
1322 1833 1473 1860 Dominum
1487 1831 1579 1860 Iesum
1597 1831 1738 1859 Christum

947 1881 1079 1917 singulari
1093 1880 1211 1916 quodam
1225 1880 1330 1906 honore
1342 1884 1551 1914 prosequentes,
1573 1877 1608 1905 ab
1625 1882 1738 1904 caetero-

946 1935 1007 1955 rum
1019 1926 1160 1954 hominum
1173 1925 1270 1953 ordine
1285 1931 1471 1960 segregemus,
1491 1923 1669 1958 debitumque
1679 1923 1740 1950 cul-

947 1976 1006 1999 tum
1023 1971 1098 1999 illius
1113 1970 1250 2006 majestati
1263 1970 1430 2002 tribuamus,
1444 1962 1509 1997 dum
1525 1969 1591 1997 illud
1607 1976 1669 1996 cum
1681 1968 1739 1996 ani-

948 2024 993 2044 mo
1016 2022 1111 2044 nostro
1137 2020 1298 2051 reputat-ius
1317 2025 1324 2043 :
1345 2022 1400 2042 non
1423 2022 1484 2042 esse
1507 2014 1649 2041 Dominum
1676 2021 1740 2041 cum

948 2062 1011 2089 ullis
1027 2062 1189 2090 mortalibus
1201 2061 1414 2097 adaequandum,
1428 2060 1554 2095 quamvis
1571 2059 1671 2094 singuli
1694 2060 1737 2086 in-

950 2108 1025 2134 ﬁnita
1045 2108 1175 2142 quadam,
1191 2111 1238 2134 aut
1253 2107 1337 2135 etiam
1354 2107 1487 2141 ampliore
1501 2106 1610 2140 justitia
1632 2105 1740 2140 prmditi

949 2155 1014 2181 sint.
1033 2153 1100 2181 Nam
1122 2161 1183 2188 quae
1213 2156 1304 2188 potest
1323 2160 1384 2180 esse
1402 2151 1586 2186 comparatio.
1608 2158 1669 2177 cum
1696 2151 1742 2178 il.e

949 2200 1031 2231 Deus,
1048 2199 1093 2226 hic
1108 2199 1189 2226 homo
1202 2199 1238 2226 sit
1254 2207 1261 2226 :
1278 2198 1323 2225 ille
1338 2198 1364 2224 in
1381 2198 1462 2228 οωιο,
1478 2198 1523 2224 hic
1538 2197 1566 2224 in
1583 2200 1740 2230 terra.pro-

949 2250 1009 2281 pter
1031 2245 1142 2273 relictas
1160 2245 1260 2272 ibidem
1282 2243 1408 2278 corporis
1430 2243 1580 2278 reliquias,
1604 2246 1739 2275 versetur,

949 2291 1070 2326 exceptis
1092 2290 1126 2318 iis
1140 2290 1187 2325 qui
1204 2297 1218 2316 a
1235 2289 1350 2316 mortuis
1367 2289 1476 2316 excitati
1490 2288 1518 2316 in
1536 2288 1684 2315 thalamum
1700 2288 1740 2314 si-

952 2336 1009 2364 mul
1025 2335 1139 2371 ingressi
1153 2338 1229 2366 sunt,
1245 2335 1312 2361 utin
1327 2333 1473 2368 Evangelia
1486 2337 1615 2360 narratur
1632 2342 1638 2360 :
1654 2332 1741 2359 Multa

953 2390 1011 2409 vero
1025 2389 1137 2416 ιονρονα
1149 2385 1303 2407 sanctorum
1319 2384 1526 2410 recurrent-unt,
1546 2385 1570 2405 ει
1584 2379 1741 2406 introierunt

952 2428 980 2456 in
994 2427 1253 2455 sanctamciritalem
1263 2426 1294 2453 ’Τ
1306 2425 1342 2453 De
1352 2433 1470 2461 quanam
1487 2433 1552 2453 vero
1567 2429 1662 2453 sancta
1677 2425 1742 2452 civi-

953 2476 1008 2500 tate
1031 2472 1168 2507 loquitur?
1186 2471 1253 2498 Nam
1269 2470 1303 2498 ad
1323 2476 1479 2506 utramque,
1499 2474 1554 2497 tam
1576 2474 1740 2504 praesentem

952 2518 1089 2551 videlicet,
1104 2525 1184 2553 quam
1197 2516 1430 2547 coalestcmillam.
1447 2516 1524 2543 locus
1537 2516 1589 2544 iste
1606 2516 1744 2550 pertinere

953 2569 1052 2600 potest.
1066 2563 1099 2591 Et
1111 2563 1220 2598 quidem
1231 2566 1366 2590 terrenam
1379 2562 1449 2590 hanc
1458 2561 1609 2590 Jerusalem
1625 2563 1743 2596 primum

953 2610 1016 2638 illos
1032 2610 1172 2644 ingressos
1188 2616 1250 2636 esse
1267 2608 1371 2636 nemini
1385 2608 1499 2635 dubium
1524 2613 1575 2636 est.
1591 2609 1626 2634 At
1651 2607 1742 2642 prius-

954 2663 1036 2691 quam
1059 2656 1186 2683 Salvator
1205 2655 1233 2682 in
1256 2655 1357 2682 calum
1382 2655 1558 2686 ascenderet,
1581 2654 1743 2682 ascenderat

954 2707 1044 2732 nemo,
1061 2700 1147 2728 donec
1164 2700 1204 2726 illi
1217 2707 1279 2727 cum
1289 2707 1322 2727 eo
1342 2700 1443 2734 pariter
1457 2699 1543 2726 evecti
1556 2703 1619 2725 sunt
1637 2710 1641 2725 :
1657 2698 1742 2724 Nemo

953 2745 1022 2771 enim
1042 2744 1158 2772 ascendit
1176 2745 1200 2771 in
1215 2745 1319 2777 cwlum,
1343 2745 1395 2772 nisi
1415 2746 1460 2779 qui
1481 2745 1512 2771 de
1529 2743 1592 2771 celo
1620 2743 1739 2770 decenti“
