1931 3041
187 154 243 182 515

187 211 277 240 Filius
297 211 411 240 hominis
423 212 442 240 ‘.
461 211 561 240 Verum
581 212 650 240 duas
669 219 701 239 ea
716 211 750 239 de
771 217 802 239 re
822 211 973 238 sententias
992 213 1012 241 Α

187 266 240 286 suo
259 259 318 286 loco
345 259 547 293 proposuimus.
570 258 674 292 Quodsi
695 258 759 293 quis
773 257 926 285 Jerusalem
941 256 986 282 in-

884 152 914 181 S.
937 151 1107 180 ΕΡιΡΗᾹΝΙΙ

1775 157 1841 186 516

1029 219 1086 246 ριος
1098 210 1171 239 ἔνθα
1187 208 1268 246 ἦσαν
1289 212 1317 239 οἱ
1332 212 1462 247 μαθηται
1480 212 1674 248 συνηγμένοι,
1688 213 1736 239 καί
1750 221 1845 248 φηςιν

1038 257 1146 289 αὐτοῖς·
1160 258 1273 292 Εἰρήνη
1286 258 1369 293 ὑμῖν.

187 314 297 340 gressus
322 313 382 333 esse
413 305 495 337 dicat,
517 305 598 333 scire-
618 305 699 332 debet
720 305 766 332 illa
801 304 845 332 die
868 302 971 330 clausis
991 300 1083 335 ianuis
1107 303 1164 332 illic
1197 305 1321 333 astitisse
1348 305 1431 340 912
1457 305 1610 337 Dominum,
1640 304 1686 332 ubi
1702 311 1780 332 erant
1796 305 1837 332 di-

185 352 282 386 scipuli
318 353 475 386 congregati,
494 351 647 387 Iisdemque
662 351 782 379 dixisse:
798 349 859 378 Plu:
881 348 978 376 vobis'.

223 398 268 425 lx.
286 397 338 425 Sed
368 397 410 424 lns
425 397 536 425 omissis
559 405 602 429 co,
619 398 691 425 unde
705 398 879 430 diverteram,
895 395 978 424 redeo

187 450 219 469 ac
235 443 391 469 necessario
406 441 497 469 facere
514 442 581 469 illud
597 442 749 470 Ecclesiam
765 442 837 474 dico,
853 448 913 476 quae
925 444 978 468 tra-

190 488 276 515 ditum
299 488 350 515 sibi
371 488 452 515 ritum
472 489 546 515 illum
563 495 578 515 a
592 488 744 524 majoribus
761 488 907 523 acceperit.
930 486 978 514 Po-

185 537 238 561 test
251 532 320 561 Vero
339 534 484 569 quisquam
502 538 654 562 maternam
671 534 854 565 sanctionem,
876 538 922 560 ant
935 533 977 560 le—

185 586 244 613 gem
266 579 352 613 patris
374 578 516 606 evertere?
542 579 771 614 quemadmodum
795 586 810 606 a
832 578 978 605 Salomone

183 626 316 660 scriptum
332 630 389 653 est:
403 626 482 658 Audi,
493 626 544 660 ﬁli,
558 634 690 653 sermones
698 626 783 660 patris
792 625 842 657 tui,
855 630 879 652 et
891 633 923 652 ne
934 632 977 652 re-

183 671 266 706 pellas
292 671 358 707 leges
376 672 470 698 matris
486 676 538 699 tua:
561 672 582 700 ³.
597 671 704 705 Quibus
727 671 847 703 Patrem,
869 671 920 697 hoc
934 673 977 698 est

185 718 355 752 unigenitum
371 717 456 746 Deum
478 726 539 745 cum
553 717 658 753 Spiritu
674 722 770 745 sancto
779 716 900 745 declarat
913 724 978 752 par-

183 765 232 791 tim
255 763 378 799 scripto,
403 763 501 799 partim
532 764 592 791 sine
617 763 721 798 scripto
739 762 882 794 docuisse;
911 768 978 788 ma—

184 815 253 839 trem
281 819 347 839 vero
377 816 498 838 nostram
526 810 677 838 Ecclesiam
712 810 822 837 decreta
850 808 975 844 quaedam

185 855 287 883 habere
303 864 387 891 penes
405 863 445 886 se,
461 863 521 890 quae
536 855 648 882 dissolvi
662 854 805 889 evertiqne
823 857 975 888 nequeunt.
991 857 1013 885 Β

183 904 249 936 Quae
267 902 378 937 quidem
393 909 455 928 cum
477 902 505 928 in
521 901 645 929 Ecclesia
658 901 808 928 constituta
823 901 890 933 sint,
904 908 976 935 prae-

183 947 257 974 clara
274 947 385 982 quidem
404 954 435 973 ac
453 947 562 982 penitus
585 946 758 977 admiranda,
782 954 814 973 ex
838 946 890 973 hoc
915 946 975 980 ipso

183 993 273 1028 capite
292 997 429 1020 veterator
454 994 500 1020 ille
517 993 701 1020 convincitur.
727 991 779 1020 Sed
797 1000 860 1023 nos,
875 999 908 1019 eo
930 999 976 1019 re-

183 1039 258 1070 licto,
278 1039 349 1066 velut
373 1039 514 1066 scarabzeo
529 1038 658 1073 quodam,
678 1042 725 1064 aut
739 1036 912 1068 cantharide.
932 1037 973 1064 vel

181 1084 320 1119 bupreste,
330 1085 403 1119 quod
414 1089 456 1112 est
469 1085 565 1112 insecti
579 1084 717 1120 quoddam
728 1091 824 1120 genus,
838 1091 871 1112 ac
885 1085 975 1112 solido

182 1130 310 1158 Ecclesia:
326 1131 453 1166 dogmate
480 1130 694 1166 Deiquevirtute
710 1130 864 1163 confracta,
884 1130 918 1158 ad
932 1131 976 1158 in~

182 1178 331 1212 sequentes
345 1177 464 1205 haereses
473 1184 535 1204 cum
550 1176 644 1205 eodem
668 1176 716 1204 Dei
737 1177 865 1212 pnsidio
882 1181 974 1204 trans-

181 1230 288 1251 eamus.

379 1267 448 1295 ADV
453 1267 495 1295 ER
500 1267 566 1296 SUS
585 1268 778 1302 ΑΝοΜαιοδ,

295 1314 360 1347 Qua
378 1319 417 1341 est
433 1315 539 1342 heresis
554 1314 631 1347 LVI,
652 1317 705 1342 sive
719 1315 795 1343 LXX
803 1313 851 1342 Vl.

215 1360 236 1388 Ι.
252 1361 413 1389 Prteterltos
427 1362 552 1388 Anomcei
565 1361 674 1396 quidam
686 1362 863 1394 exstiterunt,
877 1368 975 1389 recens

181 1407 209 1434 in
226 1407 315 1434 lnccm
335 1406 402 1434 editi
414 1427 421 1439 ,
445 1415 561 1442 quorum
578 1407 706 1443 princeps
726 1408 822 1435 Aetius
840 1407 975 1436 diaconus

181 1454 250 1487 fuit;
268 1453 315 1489 qui
333 1454 367 1481 ad
384 1461 446 1481 eum
461 1453 602 1489 dignitatis
618 1454 732 1489 gradum
747 1454 782 1482 ob
797 1454 914 1489 ineptias
942 1461 974 1482 ac

180 1508 267 1536 nugas
282 1508 347 1528 suas
372 1507 387 1526 ο
406 1499 524 1535 Georgio
546 1499 732 1528 Alexandrino
756 1505 899 1536 promotus
918 1505 970 1534 est,

180 1533 359 1574 eo‘videlicet
386 1547 459 1582 ipso,
477 1533 523 1582 qui
542 1547 706 1574 Arianorum
728 1533 830 1582 pariter
846 1554 877 1575 ac
891 1547 971 1576 Mele—
985 1533 1008 1563 θ

134 1609 138 1611 ›
181 1592 318 1619 tianorum
341 1592 498 1627 episcopus,
521 1591 632 1619 Iuliano
650 1592 813 1627 imperante,
837 1597 866 1620 ut
890 1596 971 1621 antea

180 1638 336 1669 docuimus,
356 1637 383 1664 in
407 1637 541 1664 camelum
558 1637 715 1672 impositus,
732 1641 788 1664 tota
803 1638 870 1665 urbe
893 1638 972 1672 igno-

180 1683 297 1710 miniOse
320 1682 463 1710 traductus
485 1687 537 1710 est.
560 1682 600 1709 Ac
623 1682 742 1718 primum
765 1682 801 1710 ab
823 1684 971 1718 gentilibus

180 1726 382 1764 circumseptus
405 1735 437 1755 ac
469 1728 554 1755 multa
575 1735 734 1763 perpessus,
750 1731 831 1762 atque
853 1728 886 1755 ad
907 1736 969 1756 eum

180 1783 259 1812 quem
284 1775 404 1803 diximus
428 1775 537 1802 modum
562 1775 770 1803 circumductus
799 1780 826 1803 et
849 1775 970 1804 fustibus

180 1829 327 1857 percussus
363 1825 475 1857 totaque
502 1821 698 1856 propemodum
720 1822 788 1850 urbe
807 1826 924 1856 tractus,
942 1823 969 1850 in

180 1867 215 1895 iis
235 1868 378 1903 suppliciis
394 1869 550 1895 exstinctus
567 1872 625 1900 est;
649 1874 681 1894 ac
705 1872 768 1903 post
783 1868 888 1895 obitum
903 1876 970 1896 con-

179 1919 328 1944 crematus,
345 1917 372 1940 et
392 1920 455 1940 cum
476 1913 570 1940 multis
591 1913 725 1948 pecudum
760 1921 792 1941 ac
817 1914 969 1942 bestiarum

179 1959 290 1987 ossibus
307 1959 334 1986 in
355 1959 473 1986 cinerem
496 1959 624 1986 redactus
642 1963 724 1994 atque
746 1959 774 1986 in
804 1963 902 1988 ventos
927 1960 969 1987 di-

180 2012 304 2040 spersus,
321 2004 403 2031 talem
417 2003 522 2031 exitum
536 2004 598 2031 vitae
610 2009 777 2033 consecutus
791 2008 843 2033 est.
863 2005 901 2033 De
915 2014 969 2041 quo

179 2051 221 2078 sic
244 2050 366 2084 objicere
387 2049 468 2077 nobis
488 2049 624 2085 quispiam
645 2054 734 2086 potest
752 2059 760 2078 :
781 2050 851 2078 Cum
871 2051 928 2079 hate
954 2060 969 2079 a

179 2096 328 2132 gentilibus
345 2103 444 2132 passus
460 2096 507 2128 sit,
523 2103 614 2124 nonne
636 2098 797 2133 martyrium
811 2097 914 2126 obiisse
928 2098 970 2125 vi-

179 2142 236 2169 deri
256 2142 364 2177 potest?
380 2140 481 2169 Verum
499 2141 521 2169 si
536 2149 585 2177 pro
601 2142 717 2170 veritate
738 2148 878 2171 certamen
892 2144 969 2179 ejus-

179 2185 253 2212 modi
275 2185 421 2216 subiissct.
446 2189 473 2212 et
497 2193 512 2212 a
535 2186 683 2221 gentilibus
698 2187 733 2214 ob
751 2187 897 2221 invidiam,
926 2189 967 2216 vel

178 2229 328 2257 Christiani
355 2230 436 2266 913
459 2231 578 2259 nominis
607 2232 807 2267 professionem
832 2234 889 2262 haec
916 2234 968 2270 ipsi

179 2275 269 2303 forent
286 2275 387 2303 inflicta
407 2277 551 2311 supplicia,
571 2278 666 2312 procul
684 2279 765 2307 dubio
779 2279 850 2308 inter
868 2285 971 2317 marty—

179 2329 222 2349 res
255 2327 282 2349 et
311 2322 420 2357 quidem
446 2324 592 2357 primarius
620 2325 800 2353 collocandus
818 2326 968 2355 videretur.

178 2368 231 2395 Sed
249 2368 305 2395 haec
327 2368 438 2396 minime
454 2374 565 2404 propter
576 2369 680 2398 Christi
698 2371 899 2400 confessionem
923 2381 971 2401 sn-

177 2411 275 2439 stinuit
293 2421 299 2438 :
314 2411 381 2446 quin
409 2413 498 2447 potius
516 2413 551 2440 ob
564 2421 672 2442 omnem
690 2415 763 2443 illam
785 2417 914 2452 injuriam
936 2426 968 2447 ac

177 2456 346 2488 violentiam,
371 2465 425 2493 qua
445 2459 619 2493 episcopatus
641 2461 683 2488 sui
708 2466 841 2497 tempore,
857 2471 968 2500 quoquo

177 2510 240 2530 eum
266 2502 377 2531 tandem
399 2504 480 2531 modo
502 2507 629 2540 gesserit,
650 2508 787 2536 civitatem
808 2517 916 2538 omnem
936 2519 969 2538 ac

177 2549 306 2584 populum
319 2551 465 2584 oppressit,
487 2560 549 2579 cum
565 2555 716 2589 praesertim
733 2556 839 2584 civibus
855 2561 968 2592 paterna

981 2207 1008 2238 D

1067 392 1106 420 ϐ’.
1127 391 1194 420 Εἶτα
1209 393 1238 420 δὲ
1250 395 1314 430 περὶ
1325 394 1419 421 τούτου
1433 391 1511 426 αὖθις
1523 393 1690 430 ἐπιλήψομαι
1701 395 1753 430 τῆς
1766 397 1838 423 ἀκο-

1031 437 1151 471 λουθίας,
1167 439 1207 467 ὅτι
1219 441 1377 475 ἀναγκαίως
1403 442 1420 476 ἡ
1442 440 1591 476 Ἐκκλησία
1604 440 1684 467 τοῦτο
1699 443 1835 475 ἐπιτελεῖ,

1031 485 1180 520 παράδοσιν
1195 485 1314 513 λαϐοῦσα
1329 486 1404 522 παρὰ
1419 487 1557 522 πατέρων.
1575 486 1624 518 Τίς
1639 487 1667 514 δὲ
1684 487 1836 524 δυνήσεται

1031 531 1131 567 Θεσμὺν
1155 532 1256 568 μητρὸς
1282 533 1438 564 καταλύειν,
1459 533 1573 568 ῆνόμον
1589 529 1710 570 πατρός;
1733 535 1774 566 ὡς
1797 536 1835 563 τὰ

1031 578 1107 613 παρὰ
1132 578 1172 614 τῷ
1201 579 1355 615 Σολομῶντι
1376 580 1529 615 εἰρημένα·
1551 580 1666 612 Ἄκουε,
1695 581 1755 611 υΙὲ.
1777 583 1835 610 ,ιδ-

1031 633 1104 658 γους
1125 625 1236 659 πατρός
1266 633 1335 657 σου,
1356 626 1405 653 καὶ
1426 626 1470 660 μὴ
1493 626 1601 660 ἀπώσῃ
1621 627 1755 661 θεσμοὺς
1771 636 1834 662 μη-

1031 669 1099 702 τρός
1120 677 1192 696 σου·
1217 669 1319 703 δείξας,
1339 670 1381 697 ὅτι
1399 671 1546 706 ἐγγράφως
1568 680 1597 697 τε
1623 671 1671 698 καὶ
1694 671 1834 707 ἀγράφως

1031 714 1169 742 ἐδίδασκεν
1181 715 1195 741 ὁ
1208 716 1315 752 Πατὴρ,
1330 716 1470 744 τουτέστιν
1481 718 1495 744 ό
1507 717 1572 749 Θεὸς
1583 718 1596 744 ὁ
1609 718 1770 754 μονογενὴς,
1783 719 1833 744 καὶ

1029 761 1060 787 τὺ
1074 761 1150 795 ἆγιον
1163 760 1273 796 Πνεῦμα
1283 770 1290 777 ί
1302 763 1317 797 ή
1330 762 1359 789 δὲ
1377 763 1468 798 μήτηρ
1481 763 1558 798 ἡμῶν
1571 764 1587 799 ὴ
1605 763 1758 798 Ἐκκλησία
1772 761 1832 799 εἶχε

1030 806 1150 842 θεσμοὺς
1166 807 1196 833 ὲν
1209 807 1278 843 αὐτῇ
1297 808 1449 843 κειμένους,
1466 807 1591 840 ἀλύτους,
1610 807 1647 844 μὴ
1660 808 1831 843 δυναμένους

1029 852 1225 888 καταλυθῆναι.
1245 853 1428 889 Τεταγμένων
1442 854 1531 882 τοίνυν
1544 854 1598 881 τῶν
1616 855 1645 881 έν
1658 856 1691 890 τῇ
1710 855 1828 890 Ἐκκλη-

1027 897 1072 933 σία
1092 897 1201 934 Θεσμῶν
1229 899 1276 925 καὶ
1299 899 1390 931 καλῶς
1414 899 1530 935 ἐχόντων
1558 899 1606 927 καὶ
1636 900 1689 926 τῶν
1715 900 1830 927 πάντων

1027 943 1186 978 θαυμασίων
1197 944 1357 979 γινομένων,
1372 945 1516 980 ὲλήλεκται
1539 945 1621 972 πάλιν
1646 946 1694 971 καὶ
1717 941 1799 977 οὗτος
1813 947 1829 972 ὁ

1027 989 1139 1021 πλάνος.
1160 990 1216 1017 Καὶ
1237 990 1333 1018 τοῦτον
1356 990 1385 1017 δὲ
1412 991 1594 1027 παρελθόντες
1611 991 1706 1027 ὥσπερ
1723 992 1830 1019 κάνθα-

1028 1044 1084 1072 ρον,
1094 1036 1111 1071 ἢ
1128 1036 1286 1072 κανθαρίδα,
1298 1037 1315 1073 ἢ
1331 1038 1375 1064 τὸν
1387 1037 1554 1072 καλούμενον
1570 1038 1738 1074 βούπρηστιν
1751 1039 1825 1066 κνώ-

1024 1082 1104 1109 δαλον
1119 1083 1339 1114 καταθλάσαντες
1353 1082 1392 1118 τῷ
1405 1083 1624 1119 ἔκκλησιαστικῷ
1655 1084 1826 1120 έδραιὼματι

1026 1128 1073 1154 καὶ
1089 1130 1123 1164 τῇ
1138 1128 1185 1154 τοῦ
1202 1128 1270 1155 Θεοῦ
1285 1129 1409 1163 δυνάμει,
1424 1129 1471 1155 ἐπὶ
1486 1129 1535 1161 τὰς
1551 1128 1614 1165 ἑξῆς
1627 1129 1708 1156 πάλιν
1726 1130 1824 1165 ἴωμεν,

1025 1175 1070 1202 τὸν
1087 1174 1154 1202 Θεὸν
1169 1175 1265 1211 βοηθὸν
1280 1175 1501 1210 ἐπικαλούμενοι.

1271 1266 1365 1293 ΚΑΤΑ
1384 1267 1576 1301 ΑΝΟΜΟΙΩΝ,

1084 1311 1281 1346 Πεντηκοστὴ
1296 1312 1379 1346 ἕκτη,
1395 1313 1414 1347 ἠ
1431 1313 1481 1339 καὶ
1493 1313 1666 1348 ἑπτακοστὴ
1677 1313 1759 1348 ἕκτη.

1060 1359 1101 1385 A’.
1129 1358 1262 1394 ’Λνόμοιοι
1284 1358 1365 1385 πάλιν
1387 1359 1459 1391 τινές
1476 1360 1528 1386 εἰσι
1546 1359 1728 1395 καλούμενοι·
1748 1355 1820 1387 οὗτοι

1026 1404 1054 1430 δὲ
1070 1403 1337 1440 πρόσφατοι.Ἕσχον
1353 1405 1382 1431 δὲ
1398 1405 1520 1440 ἀρχηγὸν
1541 1406 1644 1433 Ἀέτιὸν
1654 1415 1716 1433 τινα
1729 1406 1819 1433 διάκο-

1026 1459 1081 1481 νον.
1099 1450 1270 1486 προαχθέντα
1295 1451 1340 1477 διὰ
1361 1451 1411 1486 τὴν
1436 1451 1518 1478 αὐτοῦ
1534 1452 1589 1488 (82)
1612 1452 1748 1488 φλυαρίαν
1766 1453 1820 1480 ὑπὸ

1027 1496 1162 1531 Γεωργιου
1179 1496 1226 1523 τοῦ
1245 1497 1452 1532 Ἀλεξανδρέωξ,
1467 1498 1521 1525 τῶν
1543 1498 1692 1534 Ἀρειανῶν
1703 1499 1761 1534 ἅμα
1771 1499 1819 1526 καὶ

1024 1543 1199 1570 "dc-rtuth
1210 1544 1356 1578 γεγονότος
1367 1545 1528 1576 ἐπισκόπου.
1538 1545 1585 1572 καὶ
1597 1546 1626 1572 ὲν
1636 1546 1743 1582 χρόνοις
1754 1547 1818 1573 Ἴου-

1022 1589 1125 1622 λιανοῦ,
1145 1590 1183 1621 ὡς
1202 1590 1257 1617 ἄνω
1274 1599 1320 1626 μοι
1341 1591 1555 1626 προδεδήλωται,
1575 1591 1626 1627 τὴν
1650 1592 1727 1619 πόλιν
1749 1601 1818 1628 πομ-

1022 1635 1174 1668 πεύσαντος
1189 1636 1235 1662 ἐπὶ
1252 1637 1376 1672 καμήλου
1387 1645 1394 1651 ·
1411 1638 1458 1664 καὶ
1469 1637 1577 1672 πρῶτον
1598 1638 1648 1673 μὲν
1665 1638 1752 1665 πολλὰ
1767 1639 1818 1665 om

1021 1681 1076 1708 τῶν
1098 1681 1232 1717 Ἐλλήνων
1248 1683 1473 1717 συγκλεισθέντος
1494 1683 1542 1710 καὶ
1556 1683 1734 1716 πεπονθότος,
1748 1693 1818 1720 πομ-

1022 1727 1173 1761 πεύσαντός
1186 1737 1227 1762 τε,
1240 1729 1278 1760 ὡς
1289 1729 1367 1764 ἔφην.
1380 1729 1428 1756 καὶ
1441 1729 1529 1763 ξύλοις
1540 1729 1711 1764 παισθέντος,
1724 1730 1817 1757 ἔπειτα

1021 1773 1049 1800 δὲ
1065 1774 1192 1810 συρέντος
1208 1774 1271 1810 ὅλην
1285 1775 1378 1810 σχεδὸν
1394 1776 1443 1811 τὴν
1459 1776 1549 1809 πόλιν,
1565 1776 1616 1804 καὶ
1639 1776 1727 1808 οὕτως
1751 1777 1814 1804 ἀπο-

1022 1820 1159 1852 θανόντος,
1175 1820 1222 1847 καὶ
1239 1821 1309 1856 μετὰ
1324 1821 1440 1848 θάνατον
1453 1822 1576 1854 καέντος,
1590 1823 1637 1849 καὶ
1661 1822 1730 1858 μετὰ
1754 1823 1816 1850 πολ-

1021 1865 1075 1893 λῶν
1091 1867 1193 1894 ὀπτέων
1209 1867 1317 1903 κτηνῶν
1334 1867 1381 1895 καὶ
1398 1867 1478 1900 ζώων
1494 1869 1534 1900 είς
1549 1868 1653 1904 τέφραν
1670 1869 1814 1904 συναχθέν-

1021 1920 1077 1943 τος.
1101 1912 1147 1939 καὶ
1171 1913 1318 1948 μετέπειτα
1335 1914 1392 1945 τοῖς
1408 1913 1520 1949 ἀνέμοις
1545 1914 1590 1941 ὑπ’
1604 1914 1694 1941 αὐτῶν
1717 1914 1814 1949 λικμη-

1021 1957 1123 1990 θέντος,
1143 1958 1191 1985 καὶ
1205 1958 1293 1991 οὕτως
1306 1959 1337 1986 τὸ
1349 1959 1437 1995 πέρας
1450 1959 1607 1995 ἐσχηκότος.
1630 1960 1723 1993 Asius
1748 1960 1770 1986 δ’
1784 1960 1813 1987 ἄν

1021 2013 1064 2037 τις
1078 2005 1142 2041 περὶ
1155 2005 1201 2032 τοῦ
1218 2005 1305 2038 οὕτως
1319 2005 1544 2042 τετελευτηκότος
1553 2014 1561 2021 ·
1578 2005 1682 2033 οὐκοῦν
1695 2006 1813 2043 ὲμαρτᾶ-

1022 2059 1104 2087 ρησεν
1127 2051 1180 2078 ὑπὸ
1200 2050 1336 2087 Ἑλλήνων
1358 2051 1447 2080 ταῦτα
1469 2051 1629 2085 πεπονθώς;
1651 2051 1703 2079 Καὶ
1723 2054 1747 2079 εί
1766 2053 1812 2088 μὲν

1021 2096 1092 2132 ὑπὲρ
1108 2096 1238 2132 ἀληθείας
1252 2097 1328 2133 αὐτῷ
1348 2095 1382 2133 ἦν
1395 2091 1417 2124 ’δ
1441 2097 1526 2132 ἁγὼν,
1541 2097 1588 2125 καὶ
1606 2098 1658 2125 ὑπὸ
1679 2098 1811 2134 Ἑλλήνιον

1020 2142 1064 2169 διὰ
1079 2142 1175 2177 φθόνον
1189 2143 1236 2170 καὶ
1254 2143 1302 2178 τὴν
1316 2144 1356 2176 εἰς
1371 2143 1488 2179 Χριστὸν
1499 2143 1644 2179 ὁμολογίαν
1655 2144 1689 2171 τὰ
1702 2145 1811 2178 τοιαῦτα

1020 2189 1095 2224 αὐτῷ
1109 2188 1293 2224 συμϐέϐηκεν,
1310 2189 1395 2221 ὅντως
1409 2190 1438 2215 ὲν
1454 2189 1572 2225 μάρτυσι
1597 2190 1644 2216 καὶ
1656 2190 1706 2216 οὐκ
1727 2191 1755 2216 ἐν
1771 2200 1811 2225 μι-

1021 2237 1097 2271 κροῖς
1122 2235 1250 2262 ἐτέτακτο
1262 2244 1269 2251 ·
1286 2236 1338 2262 οὐκ
1348 2233 1382 2272 ἦν
1397 2236 1426 2262 δὲ
1437 2236 1468 2262 τὺ
1480 2236 1567 2262 αἴτιον
1578 2236 1621 2263 διὰ
1635 2237 1685 2272 τὴν
1699 2237 1739 2268 εἰς
1749 2237 1811 2272 Χρι-

1020 2282 1082 2309 στὸν
1098 2282 1255 2317 ὁμολογίαν,
1269 2281 1339 2308 ἀλλὰ
1351 2281 1385 2309 δι’
1400 2282 1434 2318 ἣν
1453 2283 1482 2308 ὲν
1497 2283 1529 2320 τῇ
1546 2282 1644 2309 ἑαυτοῦ
1659 2282 1739 2318 δῆθεν
1753 2283 1810 2309 ἐπι-

1020 2330 1109 2364 σκοπῇ
1124 2327 1279 2365 καλουμένῃ
1296 2328 1398 2364 πολλὴν
1418 2327 1477 2363 βίαν
1493 2328 1543 2364 τὴν
1560 2328 1638 2355 πόλιν
1658 2337 1688 2355 τε
1706 2329 1754 2356 καὶ
1769 2329 1811 2356 τὸν

1018 2374 1104 2409 δῆμον
1117 2373 1231 2408 διέθετο,
1250 2374 1288 2410 πη
1306 2375 1354 2410 μὲν
1374 2375 1506 2410 ἁρπάζων
1530 2375 1594 2407 τοὺς
1608 2375 1768 2412 ἀνθρώπους
1780 2376 1810 2403 τὰ

1020 2420 1072 2446 ὑπὸ
1085 2420 1139 2447 τῶν
1155 2421 1256 2455 γονέων
1271 2421 1361 2448 αὐτῶν
1376 2422 1616 2457 κληρονομήματα.
1639 2422 1694 2449 Καὶ
1717 2423 1760 2449 ἴνα
1775 2423 1810 2458 μὴ

1000 2495 1008 2503 ,
1020 2467 1206 2503 διαῦάλλωμεν
1219 2468 1265 2495 τὸν
1281 2467 1365 2504 ἄνδρα
1375 2477 1381 2484 ·
1398 2468 1483 2495 πολλὰ
1496 2468 1551 2503 γάρ
1566 2468 1624 2494 ἐστι
1638 2468 1673 2495 τὰ
1686 2469 1732 2496 ὑπ’
1744 2469 1804 2496 ὲκεί-

1020 2522 1066 2540 νου
1090 2515 1147 2546 τοῖς
1166 2514 1370 2551 Ἀλεξανδρεῦσι
1398 2515 1542 2550 γενόμενα,
1559 2514 1618 2546 πῶς
1643 2516 1692 2550 μὲν
1709 2515 1758 2551 τὴν
1774 2517 1807 2543 vi-

1021 2559 1105 2594 τρονδ
1129 2559 1238 2587 ἃπασαν
1262 2559 1372 2592 ὲξέλαϐε
1386 2560 1453 2597 (85),
1468 2560 1526 2591 πῶς
1545 2559 1574 2585 δὲ
1593 2560 1628 2587 τὰ
1651 2561 1698 2597 ἕλη
1714 2561 1750 2588 τὰ
1765 2562 1807 2598 τῆς

212 2627 222 2644 ¹
236 2627 315 2657 Joan;
329 2637 372 2662 ut,
393 2629 436 2657 15.
475 2630 485 2646 ¹
500 2630 582 2659 Joan.
598 2639 644 2664 xx,
663 2631 706 2659 l9.
744 2633 755 2649 ³
770 2633 851 2662 Prov.
867 2642 886 2666 I,
904 2635 931 2663 8.
969 2637 972 2648 ‘

1024 2645 1041 2663 ).
1060 2636 1109 2672 τὴν
1125 2637 1231 2673 τρίτην.

211 2709 266 2746 (82)
280 2711 471 2746 Προαχθέντα
494 2711 543 2738 διὰ
564 2711 623 2746 τὴν
639 2712 742 2740 αὑτοῦ.
765 2713 902 2743 Constans
924 2721 966 2744 est

176 2745 203 2773 in
221 2753 252 2773 ea
268 2745 407 2782 opinione.
427 2754 509 2782 quam
531 2745 614 2781 supra
627 2748 781 2782 proposuit.
798 2753 827 2776 ut
843 2750 964 2782 Aetium,

175 2788 256 2815 quem
277 2789 291 2808 a
307 2781 421 2808 Leontio
436 2781 607 2809 Antioclieno
617 2781 709 2810 caeteri
724 2784 869 2812 diaconum
890 2781 965 2812 ordié

174 2820 268 2855 natum
284 2821 421 2847 asserunt,
437 2816 590 2855 a_G_eorgio
601 2817 786 2846 Alexandrino
805 2820 831 2847 id
847 2820 965 2851 dignita-

175 2852 212 2877 tis
227 2855 406 2877 consecutum
423 2852 572 2879 existimet.

211 2884 267 2920 (θῇ)
292 2884 358 2918 Πῶς
381 2886 440 2919 μὲν
469 2886 526 2913 τὴν
554 2887 658 2922 νίτρον
681 2887 805 2916 ἅπασαν
830 2888 963 2921 ἐξέλαϐε.

1021 2715 1152 2754 Nili-aria:
1171 2719 1283 2754 egregia
1303 2717 1453 2754 ﬂgyptiin,
1473 2720 1512 2747 ait
1534 2719 1640 2749 Plinius
1665 2721 1714 2749 lib.
1736 2729 1805 2752 xui.

1019 2760 1079 2790 cap:
1102 2753 1146 2780 10.
1177 2752 1246 2790 Hine
1265 2752 1483 2790 l‘iitrta'L‘Egypti
1505 2756 1684 2790 praefectura.
1712 2764 1726 2783 a
1749 2758 1804 2784 nitri

1019 2787 1109 2826 copia.
1127 2791 1156 2814 ut
1172 2788 1255 2826 refert
1271 2787 1556 2824 Sozomenu's'libfvt,
1569 2798 1629 2826 cap.
1644 2791 1688 2819 30.
1709 2791 1804 2819 Horum

1020 2822 1158 2862 igitur'ac
1179 2823 1345 2862 reliquorum
1360 2825 1536 2862 vectigalium
1550 2822 1708 2862 redemptor
1725 2827 1806 2854 fuerat

1019 2856 1172 2896 Georgius:
1194 2856 1274 2896 quod
1287 2858 1412 2886 ὲκλαὸεἴν
1433 2856 1551 2896 appellat
1565 2856 1744 2896 Epiphanius.
1759 2861 1805 2890 No-

1021 2899 1074 2926 qne
1089 2893 1161 2920 enim
1175 2893 1255 2922 aliter
1268 2893 1511 2929 interpretariiSla
1526 2893 1684 2932 possumus.
