1931 3041
82 166 133 193 M7

436 165 619 194 ADVERSUS
638 166 810 193 HERESES
830 165 893 194 ΜΗ.
916 165 958 193 Ill.
980 166 1062 194 TOM.
1084 167 1140 194 l.-—
1161 166 1299 195 ll/ERES.
1318 165 1436 194 LXXVI.

1667 164 1720 191 5|8

82 225 212 261 ⁸ιιαπὺρου
230 225 278 252 καὶ
291 224 338 252 τοῦ
357 224 491 260 καλάμου,
506 225 614 257 καὶτὰς
627 225 726 261 λίμνας
745 225 793 252 τοῦ
814 225 877 257 ἁλὸς

930 225 1000 253 bona
1026 233 1058 253 ac
1079 226 1269 261 possessiones
1289 226 1418 262 eriperet.
1446 224 1539 260 Neque
1548 226 1720 254 verocalum-

81 272 196 299 διοικεῖν
211 272 258 298 καὶ
272 273 312 303 είς
328 271 423 298 ἑαυτὸν
436 271 620 308 ἀποψὲρεσθαι
647 272 806 307 ἐπενόησεν.
834 272 878 304 Ὠς

83 318 160 344 πᾶσα
181 316 331 353 αἰσχρότης
346 316 404 351 βίου
420 316 533 352 κέρδους
552 316 596 343 διὰ
621 316 723 351 πολλῆς
742 317 877 352 μηχανῆς,

83 362 147 397 ἄχρι
161 362 208 389 καὶ
218 361 325 388 λεπτῶν
337 362 517 397 πραγμάτων,
537 363 602 396 παρ’
617 361 692 397 αὒτῷ
711 362 761 389 οὐκ
775 362 877 398 ἠμέλη-

83 418 124 435 το.
148 408 195 438 Ὣς
221 408 268 435 καὶ
292 407 385 439 κλίνας
405 408 535 442 ἐπενόησε
550 407 605 443 (84)
625 409 682 439 τοῖς
704 407 811 442 σώμασι
824 408 878 436 τῶν

83 454 260 487 ἐξοδευόντων
275 454 386 490 ποιῆσαι
400 454 429 481 ὲν
447 454 557 490 ἀριθμῷ
572 461 642 481 τινι⁴
666 455 713 481 καὶ
736 455 800 482 ἄνευ
824 455 878 482 τῶν

82 500 129 526 ὑπ’
143 499 227 525 αὑτοῦ
242 498 462 534 ἐπιτεταγμένων
475 498 523 524 οὐκ
543 498 720 534 ἐξεκομίζετο
735 497 813 533 σῶμα
824 498 878 524 τῶν

81 544 283 576 τελευτώντων.
299 544 471 571 ὲπιπλεῖστον
488 544 517 571 δὲ
532 544 588 571 τῶν
606 544 690 577 ξένων
701 552 709 560 ο
726 544 757 571 οὺ
773 544 817 571 διὰ
834 553 878 579 φι-

81 591 217 625 λοξενίαν,
234 590 313 622 ἀλλὰ,
330 589 422 622 καθὼς
447 589 549 625 ἔλεγον,
561 590 605 617 διὰ
627 590 762 626 πορισμὸν
782 590 876 626 βιώδη.

80 637 118 664 Εἴ
140 645 184 668 τις
200 636 255 672 γὰρ
273 636 374 662 ἔθαπτε
400 636 434 662 δι’
449 635 546 663 ἑαυτοῦ
573 636 664 671 σῶμα,
682 635 804 662 κίνδυνον
829 636 879 670 ὑφ-

86 683 189 708 ίστατο.
204 681 297 713 Οὕτως
311 681 338 708 δὲ
353 682 396 716 ὑφ’
410 681 525 709 ἑκάστου
541 681 595 708 τῶν
608 682 797 717 ἐκφερομένων
814 681 878 718 κέρ-

80 729 126 761 δος
145 738 172 756 τι
195 728 270 763 αὐτῷ
293 727 489 764 προσεφέρετο.
504 728 561 756 Καὶ
582 728 677 755 σιωπῶ
697 728 732 755 τὰ
745 728 812 756 ἄλλα
833 728 877 755 λέ-

80 784 142 810 γειν
157 775 225 812 (85),
247 775 299 802 ὅσα
319 775 334 801 ὁ
350 774 420 812 ἀνὴρ
434 775 462 801 ὲν
476 775 593 810 τρυφαῖς
608 774 654 801 καὶ
678 774 767 806 ἄλλοις
781 774 876 809 ἐκομί-

81 821 145 854 ζετο
170 822 218 849 καὶ
244 823 274 848 ἐν
295 822 458 859 ἀπηνότητι.
475 821 525 848 Διὰ
540 821 606 856 γοῦν
622 821 709 849 ταῦτα
725 821 814 848 πάντα
827 819 876 856 τὴν

81 869 122 900 εἰς
136 868 218 894 αὐτὸν
234 868 314 903 μῆνιν
332 867 533 904 κεκρατηκότες
556 866 756 902 Ἀλεξανδρέων
772 866 874 898 παῖδες,

81 914 215 950 Ἕλληνες
228 914 256 940 δὲ
272 914 399 949 μάλιστα,
415 914 495 941 τοῦτο
507 913 588 941 αὑτὸν
601 914 720 941 διέθεντο
737 913 768 939 τὸ
786 912 872 944 τέλος.

88 959 165 995 Ἐμοὶ
188 960 217 987 δὲ
240 960 335 995 γέγονε
358 960 495 996 πρόφασις
518 962 582 995 περὶ
599 959 695 987 τούτου
712 959 810 993 λέγειν,
824 958 873 990 ὡς,

80 1006 261 1042 ἑνηχηθέντες
287 1005 337 1041 τὴν
362 1005 408 1032 τοῦ
437 1005 628 1032 Κωνσταντίου
642 1005 778 1040 τελευτὴν,
793 1004 874 1036 εὐθὺς

80 1050 168 1083 οὕτως
194 1050 276 1078 αὐτὸν
302 1051 447 1078 ἀπώλεσαν
472 1051 496 1077 oi
528 1049 604 1078 αὐτοὶ
625 1050 819 1086 Ἀλεξανδρεῖς,
839 1049 872 1076 δι’

81 1096 156 1123 οῦδὲν
180 1096 274 1133 ἓτερον
301 1096 330 1133 li)
353 1097 418 1132 περὶ
438 1095 534 1123 τούτου
552 1104 598 1132 μοι
618 1096 765 1131 γεγένηται
782 1095 879 1122 ὑπόθε-

81 1142 147 1179 σις],
164 1143 233 1170 ἀλλὰ
249 1143 294 1171 διὰ
317 1144 363 1171 τὸν
386 1144 489 1172 Ἀέτιον
507 1144 553 1171 τὸν
575 1144 621 1171 ὑπ’
637 1143 721 1170 αὐτοῦ
739 1150 877 1170 καταστα-

80 1189 162 1216 θέντα
177 1189 310 1217 διάκονον.

79 1236 167 1269 Quem
188 1237 222 1264 ad
251 1236 312 1272 ejus
342 1243 438 1265 casum
471 1236 742 1265 commemorandum
762 1239 789 1262 et
817 1233 1019 1262 atrocissimum
1040 1234 1105 1261 illud
1136 1235 1311 1270 supplicium,
1333 1242 1388 1270 quo
1413 1235 1504 1262 statim
1523 1239 1604 1270 atque
1624 1236 1716 1263 audita
1772 1266 1781 1273 γ

934 269 1004 298 niari
1027 270 1163 298 hominem
1193 272 1336 304 volumus;
1353 273 1437 299 variis
1452 272 1524 299 enim
1547 271 1590 298 hic
1604 270 1722 298 Alexan-

929 317 1024 346 drinos
1041 318 1221 346 incommodis
1235 318 1335 349 allecit.
1351 319 1424 346 velut
1436 325 1497 345 cum
1513 317 1642 344 nitrarias
1658 324 1718 344 om-

929 371 978 391 nes
997 363 1120 392 oﬂicinas
1144 364 1270 395 redemit.
1292 373 1344 391 una
1364 372 1426 391 cum
1448 364 1542 399 papyri
1564 363 1719 398 calamique

929 409 1085 444 paludibus.
1102 418 1152 438 nec
1172 419 1226 437 non
1240 414 1268 437 et
1288 410 1415 437 salinaria
1430 410 1522 437 omnia
1535 413 1641 444 stagna,
1657 416 1718 443 quae

928 455 1081 482 conducere
1105 459 1132 483 et
1158 456 1191 483 ad
1217 463 1278 483 sese
1301 455 1449 482 transferre
1474 454 1578 482 studuit
1599 463 1607 482 ι
1639 454 1717 488 cujus

928 505 1011 528 tantae
1031 505 1161 537 praetcrea
1181 502 1277 530 sordes
1297 502 1418 528 avaritia:
1438 502 1557 532 fuerunt.
1581 505 1610 527 ut
1633 500 1718 527 etiam

928 547 1070 575 vilissimis
1095 555 1128 574 ex
1153 547 1236 575 rebus
1266 547 1426 574 illiberalem
1452 554 1560 574 onmem
1583 551 1717 581 quaestum

928 601 1034 621 summa
1048 601 1099 629 ope
1113 601 1144 620 ac
1157 594 1332 620 contentione
1345 597 1479 628 captaret.
1502 592 1568 619 Nam
1584 592 1655 619 inter
1669 599 1719 619 ete-

927 643 988 667 tera
1004 639 1222 672 lectieariorum,
1240 639 1274 666 ad
1293 639 1430 667 ell‘erenda
1451 643 1622 666 mortuorum
1639 638 1718 665 cada-

927 692 1002 716 vera,
1023 689 1129 712 certum
1155 693 1299 712 numerum
1320 685 1460 713 instituit:
1476 692 1565 720 neque
1589 684 1716 718 cuiquam

927 730 986 758 sine
1009 730 1061 762 bis,
1086 738 1154 766 quos
1170 730 1233 758 huic
1251 731 1340 758 cilicio
1362 737 1557 766 praeposuerat,
1577 734 1717 757 mortuum

927 775 1026 802 licebat
1044 780 1200 811 exportare,
1221 776 1393 811 peregrinum
1417 776 1543 803 maxime.
1562 775 1639 808 Quod
1662 783 1717 802 nun

927 820 1121 856 hospitalitatis
1147 829 1240 849 amore
1258 821 1390 855 faciebat,
1411 822 1459 849 sed
1483 822 1562 852 lucri,
1583 821 1622 848 uti
1647 820 1716 853 dixi,

932 868 1107 902 pecuniaque
1119 867 1217 903 gratia.
1231 866 1337 901 Quodsi
1365 868 1428 902 quis
1444 868 1544 894 mortui
1554 875 1655 902 corpus
1670 874 1718 901 per

928 920 989 941 sese
1007 914 1146 948 sepeliret,
1169 913 1196 940 in
1217 914 1367 948 periculum
1387 914 1549 941 vocabatur.
1579 912 1665 948 Igitur
1682 920 1717 940 ex

927 966 1092 995 unoquoque
1109 960 1242 987 cadavere
1259 965 1380 1001 quaestus
1396 960 1498 995 aliquid
1513 959 1547 987 ad
1563 959 1651 994 ipsum
1677 967 1718 986 re-

926 1005 1011 1032 dibat.
1040 1004 1117 1031 Mitto
1152 1009 1268 1038 caetera,
1302 1006 1329 1033 in
1358 1006 1508 1042 primisque
1537 1007 1629 1033 luxum
1655 1006 1717 1040 ejus

926 1058 1045 1083 omnem,
1063 1058 1117 1078 una
1133 1052 1310 1079 cumca-teris
1331 1052 1406 1080 vitiis
1425 1060 1457 1079 ac
1470 1052 1630 1080 crudelitate
1650 1059 1719 1087 pra:-

930 1096 1036 1123 sertim.
1054 1095 1158 1129 Quibus
1174 1096 1206 1124 de
1223 1097 1329 1130 causis,
1343 1104 1404 1124 cum
1421 1098 1596 1125 Alexandrini
1609 1105 1639 1124 ac
1649 1105 1717 1132 gen-

929 1141 990 1169 tiles
1011 1141 1162 1176 pmsertim
1187 1145 1265 1169 vetus
1294 1143 1320 1169 in
1343 1143 1419 1169 illum
1439 1142 1532 1170 odium
1551 1142 1715 1177 jampridem

929 1187 1063 1219 foverent,
1079 1187 1214 1222 ejusmodi
1234 1187 1311 1215 illum
1326 1195 1425 1223 genere
1441 1188 1536 1215 mortis
1555 1187 1714 1215 elicuerunt.

80 1283 238 1310 Constantii
265 1291 341 1311 mors
363 1288 415 1316 est,
433 1285 468 1312 ab
485 1282 678 1311 Alexandrinis
701 1282 881 1316 interemptus
897 1284 949 1312 est,
963 1279 1038 1307 nulla
1051 1280 1102 1307 alia
1114 1282 1260 1309 occasione
1275 1288 1337 1309 sum
1353 1281 1499 1315 deductus,
1528 1289 1608 1317 quam
1642 1283 1715 1317 quod

80 1328 114 1356 de
124 1328 203 1356 Aetio
222 1328 416 1364 disputandum
439 1329 519 1357 nobis
531 1332 612 1361 esset,
630 1329 676 1364 qui
691 1328 727 1355 ab
751 1327 797 1354 illo
811 1327 945 1354 diaconus
957 1329 1000 1353 est
1010 1327 1163 1354 ordinatus.

115 1374 154 1400 B'.
172 1371 257 1406 Οὗτος
269 1375 283 1401 ὁ
302 1374 405 1406 ’Δέτιος
418 1375 489 1402 κατὰ
501 1375 547 1402 τὸν
560 1374 691 1410 κοσμικὺν
701 1374 780 1409 λόγον
794 1372 876 1400 ἀπαί-

79 1419 172 1451 δευτος
184 1416 218 1455 ἦν
232 1420 285 1452 ἕως
299 1419 348 1455 τῆς
359 1420 467 1453 τελείας
478 1420 559 1447 αὐτοῦ
571 1420 690 1457 ἡλικίας,
706 1420 744 1451 ὡς
757 1421 772 1447 ὀ
785 1420 874 1454 λόγος.

86 1465 234 1500 Ἐπενόησε
251 1465 289 1497 δὲ,
306 1465 410 1498 ὑποϐὰς
427 1466 474 1493 καὶ
489 1466 623 1502 σχολάσας
637 1467 667 1493 ὲν
688 1465 877 1502 Ἀλεξανδρείᾳ

86 1510 294 1547 Ἀριστοτελικῷ
305 1510 381 1547 [τινι]
390 1511 525 1547 φιλοσόφῳ
536 1511 583 1538 καὶ
592 1513 716 1547 σοφιστῇ,
727 1512 815 1538 καὶτὰ
827 1513 877 1546 τῆς

961 1371 993 1399 ll.
1015 1373 1065 1400 Hie
1086 1374 1168 1408 igitur
1191 1372 1286 1400 Aetius
1300 1371 1333 1400 ad
1359 1372 1480 1400 adultam
1501 1377 1607 1401 aetatem
1627 1382 1715 1410 usque

924 1425 1079 1447 exterarum
1094 1420 1312 1455 disciplinarum,
1327 1419 1365 1447 ιιιί
1395 1425 1518 1453 narrant,
1531 1421 1581 1448 fuit
1603 1423 1717 1450 omnino

925 1465 1013 1492 rudis.
1050 1465 1171 1493 Tandem
1211 1473 1277 1493 vero
1316 1474 1378 1493 cum
1404 1467 1574 1495 Alexandria:
1608 1467 1716 1496 Aristo-

925 1511 1007 1538 telieo
1030 1510 1138 1538 cuidam
1172 1511 1335 1547 philosopho
1363 1519 1395 1540 ac
1422 1512 1550 1547 sophista:
1587 1519 1714 1542 navasset

80 1555 254 1592 διαλεκτικῆς
277 1556 357 1592 δῆθεν
383 1557 495 1584 ἐκείνων
506 1557 611 1593 μαθὼν,
619 1557 696 1584 οὐδὲν
706 1558 799 1593 ἕτερον
807 1557 876 1592 πλὴν

929 1563 1051 1592 operam.
1067 1558 1102 1585 ab
1120 1565 1207 1593 eoque
1222 1558 1392 1586 dialecticam
1415 1558 1567 1590 didicisset,
1592 1563 1667 1587 totus
1687 1559 1715 1587 in

82 1611 133 1639 σχη
138 1603 295 1638 ματοποιεῖν
303 1603 352 1638 τὴν
359 1604 475 1639 περὶτοῦ
481 1603 548 1630 Θεοῦ
557 1603 637 1638 λόγου
657 1603 794 1630 ἀπόδοσιν.
811 1603 876 1638 Σχο-

81 1649 206 1685 λαίτερον
222 1648 360 1684 ἐπεχείρει
371 1649 418 1685 ὸρο
424 1648 504 1685 ρίζων
514 1649 572 1685 ἅμα
583 1649 630 1676 καὶ
638 1649 783 1684 ἐνδελεχῶς
798 1648 877 1684 ἄχρις

81 1695 201 1730 ἑσπέρας
209 1695 247 1726 είς
256 1694 334 1721 τοῦτο
346 1694 536 1730 καθεζόμενος·
546 1695 616 1730 φημὶ
627 1694 655 1721 δὲ
666 1695 706 1725 είς
717 1694 747 1720 τὸ
758 1694 802 1720 διὰ
811 1702 878 1727 γεωσ

82 1740 273 1777 μετρίαςτινὺς
283 1740 328 1767 καὶ
337 1740 381 1767 διὰ
391 1749 441 1775 rm
446 1741 538 1776 μάτων
547 1740 611 1775 περὶ
619 1739 687 1766 Θεοῦ
696 1739 785 1774 λέγειν
793 1747 823 1765 τε
830 1739 876 1765 καὶ

81 1785 196 1822 ὁρίζειν,
212 1785 344 1813 διδάσκων
357 1795 386 1812 τε
402 1786 448 1813 καὶ
460 1786 556 1813 τελῶν.
574 1783 662 1813 Οἷαδὲ
676 1785 813 1821 Ἀρειανδς
829 1784 877 1820 βα-

82 1832 208 1863 θύτατος,
224 1831 273 1859 καὶ
287 1831 337 1867 τὴν
357 1831 462 1867 Ἀρείου
475 1831 545 1867 ἔχων
559 1831 678 1867 μανιώδη
690 1831 875 1863 διδασκαλίαν,

82 1875 286 1912 περισσοτέρως
301 1883 344 1907 τις
360 1875 469 1911 λυμεὼν
480 1876 575 1910 γέγονε
590 1875 696 1907 τούτοις
712 1875 876 1911 κατατριϐό-

84 1930 176 1957 μενος,
197 1921 245 1948 καὶ
262 1921 333 1948 κατὰ
353 1921 400 1947 τοῦ
418 1921 484 1948 Υἱοῦ
507 1921 554 1947 τοῦ
577 1919 645 1948 Θεοῦ
666 1920 712 1948 καὶ
735 1920 805 1948 κατά
828 1920 876 1947 τοῦ

81 1968 162 2002 ἁγίου
178 1967 336 2003 Πνεύματος
351 1968 402 2003 τὴν
424 1967 551 2001 γλῶσσαν
571 1967 654 1994 αὑτοῦ
678 1967 737 1994 καθ’
757 1967 876 2004 ἑκάστην

81 2013 191 2050 ἡμέραν
203 2012 310 2046 ὀξύνας,
326 2010 410 2045 Οὗτος
420 2013 449 2039 δὲ
463 2014 656 2048 κατηγορεῖται
667 2012 719 2039 ὑπό
730 2021 819 2044 τινων,
829 2013 876 2040 καὶ

81 2059 121 2095 τῷ
138 2059 212 2094 αὐτῷ
229 2059 413 2095 Κωνσταντίῳ
433 2058 571 2093 δηλοῦται,
596 2059 643 2086 καὶ
659 2058 802 2093 ὑφίσταται
834 2059 877 2091 ἐξ-

83 2105 163 2140 ορίαν
183 2106 211 2132 ὲν
224 2106 280 2137 τοῖς
294 2104 340 2132 τοῦ
354 2105 462 2140 Ταύρου
480 2104 601 2140 μέρεσιν·
618 2105 648 2131 ὲν
663 2101 686 2138 ᾧ
698 2104 774 2139 τόπῳ
785 2104 876 2131 πάντα

82 2151 117 2176 τὰ
133 2149 184 2185 τῆς
203 2149 285 2177 αὑτοῦ
303 2150 547 2181 κακοδιδασκαλίας
571 2150 713 2180 ὲπλάτυνε,
737 2150 784 2176 καὶ
806 2150 877 2185 ἐφώ-

84 2203 169 2231 ρασεν
185 2196 225 2227 εἰς
245 2196 328 2231 μέσον
345 2195 435 2231 φέρων
456 2196 525 2231 μετὰ
542 2195 707 2232 παρρησίας,
725 2195 876 2231 ἀποτριψά-

927 1603 1138 1637 illudjncuhuit.
1148 1603 1340 1631 utdivinarum
1353 1604 1449 1632 rerum
1459 1605 1593 1632 ratioan
1605 1612 1715 1633 omnem

926 1648 1092 1682 quibusdam
1119 1648 1214 1683 ﬁguris
1249 1649 1406 1684 explicaret.
1442 1649 1469 1676 Id
1505 1649 1577 1683 quod
1607 1657 1716 1678 summo

927 1693 954 1720 in
979 1693 1037 1721 otio
1056 1700 1071 1720 a
1094 1694 1181 1729 prima
1204 1694 1264 1721 luce
1284 1694 1317 1721 ad
1341 1701 1483 1729 vesperam
1510 1702 1596 1729 usque
1617 1695 1717 1723 sedens

926 1739 1061 1774 pertinaci
1085 1747 1168 1775 opera
1191 1739 1376 1767 contendebat
1392 1748 1398 1765 :
1413 1740 1540 1766 nimirum
1557 1744 1587 1767 ut
1605 1749 1716 1776 geome-

929 1787 1014 1814 tricas
1035 1786 1135 1822 ﬁguras
1149 1786 1258 1814 divinas
1271 1787 1303 1813 ad
1319 1793 1364 1814 res
1383 1786 1550 1819 tractandas,
1567 1787 1650 1824 914
1667 1790 1715 1817 de-

928 1831 1061 1859 ﬁniendus
1092 1830 1284 1866 docendasque
1308 1829 1478 1858 transferret.
1505 1830 1591 1865 Atque
1608 1837 1636 1857 ut
1654 1838 1717 1859 sese

930 1877 957 1904 in
981 1876 1145 1904 Arianorum
1166 1880 1269 1904 sectam
1287 1876 1368 1903 altius
1390 1876 1572 1908 immerserat,
1593 1880 1620 1903 et
1639 1876 1716 1903 insa-

927 1929 990 1948 nam
1010 1920 1069 1948 Arii
1088 1921 1242 1949 doctrinam
1260 1922 1400 1954 hauserat,
1426 1922 1535 1949 illorum
1554 1922 1626 1949 velut
1641 1923 1716 1949 οῦ·τί-

927 1970 974 1993 ctu
992 1966 1110 2001 quodam
1129 1966 1279 2001 attrituque
1301 1967 1379 2001 longe
1395 1966 1565 2001 pestilentior
1576 1967 1674 1998 evasit,
1689 1970 1717 1994 et

927 2010 1060 2038 adversus
1072 2010 1118 2039 llei
1137 2010 1235 2038 Filium
1252 2017 1283 2038 ac
1297 2010 1427 2047 Spiritum
1441 2015 1566 2039 sanctum
1595 2012 1716 2046 linguam

927 2065 1005 2085 suam
1021 2057 1049 2084 in
1065 2057 1123 2085 dies
1137 2057 1257 2085 exacuit.
1273 2057 1325 2084 Sed
1341 2065 1357 2083 a
1377 2058 1517 2085 nonnullis
1531 2057 1564 2084 ad
1579 2057 1718 2085 Constan-

926 2101 995 2129 tium
1011 2102 1130 2135 delatus,
1148 2102 1175 2129 in
1196 2103 1346 2137 subjectam
1362 2102 1452 2129 Tauro
1475 2103 1559 2130 monti
1577 2104 1716 2138 regionem

927 2149 1067 2181 relegatur
1084 2149 1140 2176 :ibi
1160 2149 1341 2183 perniciosam
1364 2156 1441 2175 suam
1464 2148 1617 2176 doctrinam
1637 2149 1718 2184 longe

927 2193 1035 2229 lateque
1058 2195 1226 2229 propagavit,
1251 2201 1283 2221 ac
1308 2193 1396 2228 palam
1422 2198 1448 2221 et
1472 2193 1603 2221 audacter
1621 2194 1719 2228 perfri-

85 2249 167 2276 μενος
179 2240 209 2268 τὸ
224 2241 349 2277 μέτωπον
363 2243 393 2268 ὲν
414 2241 592 2277 ἀναισχυντίᾳ
613 2241 802 2278 περιττοτέρᾳ,
825 2241 876 2274 τὰς

929 2240 1061 2275 etiorique
1079 2247 1159 2275 quam
1186 2243 1265 2267 antea
1298 2240 1387 2267 fronte
1413 2239 1623 2267 acerbissimum
1641 2247 1718 2267 erro-

83 2286 226 2322 ἐξεμέσεις
246 2287 296 2323 τῆς
312 2287 395 2314 αὑτοῦ
413 2287 656 2319 κακοδιδασκαλίας
671 2287 883 2323 ἀπαραλείπτως

84 2332 238 2364 ὑπέδειξεν.
257 2333 407 2369 Ἐτόλμησε
425 2333 480 2368 γὰρ
495 2333 593 2365 είπεῖν,
613 2333 741 2368 ἀνόμοιον
762 2333 881 2365 τὸνΥίὸν

84 2377 123 2413 τῷ
140 2377 228 2414 [ia-cpi
245 2378 389 2414 ὑπάρχειν,
409 2379 455 2405 καὶ
473 2379 503 2405 οὐ
520 2379 617 2406 ταυτὸν
636 2376 705 2405 εἶναι
724 2380 756 2415 τῇ
773 2379 880 2415 θεότητι

85 2424 156 2460 πρὸς
175 2425 221 2451 τὸν
237 2425 358 2459 Πατέρα’
380 2425 428 2452 καὶ
441 2425 496 2452 οὐδ’
508 2425 548 2451 ὅτι
569 2426 649 2460 ἡμεῖς
668 2425 707 2461 τῷ
725 2425 877 2461 ὁμοιώματι

84 2469 283 2505 ὲπερειδόμιθα
318 2468 404 2505 ’Υπὲρ
418 2470 472 2505 γὰρ
491 2469 540 2505 τὴν
556 2470 685 2505 ὁμοίωσιν
706 2470 817 2505 οἴδαμεν
832 2470 877 2497 τὸν

102 2595 108 2600 '
121 2559 180 2600 (ξι)
199 2559 245 2592 Ὠς
266 2559 316 2600 καί
335 2559 444 2600 κλίνας
458 2559 619 2600 ,ιέειε-ινχόηίζεἱ
631 2559 708 2600 Quod
735 2567 749 2586 ιι
765 2560 881 2600 catholi-

85 2595 127 2622 cis
143 2595 356 2656 imfperatoribus
372 2595 456 2635 proba
474 2602 506 2635 ac
529 2595 660 2635 laudabili
675 2595 733 2629 lege
747 2595 882 2622 constitu-

86 2634 145 2666 turn
197 2629 412 2666 onstanttnopoli
439 2630 556 2666 quidem
568 2638 685 2666 maxime
706 2629 881 2666 aHConstan-

85 2665 168 2696 tino;
191 2670 254 2691 nam
275 2670 290 2691 a
313 2665 425 2693 decanis
447 2664 477 2692 'et
495 2664 643 2692 lecticariis
666 2665 776 2699 publice
806 2666 882 2692 elata

86 2704 153 2727 sunt
171 2706 287 2733 corpora
298 2719 305 2731 ,
319 2707 390 2734 quos
405 2704 431 2728 et
451 2699 584 2731 κοπιατάς
607 2703 634 2727 et
663 2700 816 2734 vespillones
831 2709 882 2727 no-

88 2735 206 2765 miuant.
218 2734 255 2770 de
267 2735 368 2769 quibus
385 2735 412 2762 in
438 2735 514 2763 calce
528 2735 619 2770 operis
635 2734 727 2769 hujus.
746 2735 781 2761 At
800 2735 882 2762 Genn-

87 2770 150 2805 gius
176 2769 317 2805 Arianus,
342 2770 500 2797 mortalium
516 2769 637 2797 omnium
661 2770 880 2803 sordidissimus,

87 2804 222 2845 extare
240 2804 346 2845 lucrum
361 2812 401 2845 hac
416 2805 607 2845 compendium
625 2805 762 2845 captabat.

123 2840 181 2873 (85)
192 2840 252 2866 Καὶ
275 2839 378 2866 σιωπῶ
395 2841 431 2867 τὰ
460 2839 541 2867 ἄλλα
560 2839 671 2874 Mrem.
688 2839 808 2868 Verbum
835 2849 881 2867 κο-

88 2874 217 2911 μίξεσθαι
234 2875 313 2903 aliter
333 2874 461 2904 fortassis
482 2875 739 2910 interpretandum,
754 2884 835 2912 quam
853 2881 882 2903 ut

931 2286 970 2313 ris
986 2287 1070 2316 illius.
1088 2293 1169 2321 quem
1188 2290 1357 2319 evomuerat,
1373 2287 1448 2312 virus
1465 2286 1493 2312 in
1516 2285 1635 2312 medium
1658 2285 1719 2313 sine

931 2331 985 2358 ulla
1004 2332 1207 2359 intermissione
1225 2332 1345 2367 protulit.
1368 2332 1460 2359 Ausus
1481 2336 1523 2359 est
1545 2332 1618 2360 enim
1635 2331 1720 2360 dissi-

929 2379 1020 2405 milem
1042 2378 1118 2405 Patri
1138 2376 1249 2410 Filium,
1275 2385 1326 2405 nec
1347 2378 1473 2405 eumdem
1497 2378 1641 2406 divinitate
1657 2385 1720 2406 esse

927 2431 989 2450 cum
1004 2424 1052 2451 illo
1064 2423 1183 2459 proﬁteri
1195 2433 1201 2451 z
1213 2424 1287 2459 atqui
1301 2432 1334 2451 ne
1348 2432 1399 2451 nos
1409 2424 1520 2459 quidem
1538 2424 1720 2452 similitudine

931 2470 990 2506 ipsa
1012 2478 1176 2506 magnopere
1199 2470 1324 2503 nitimur,
1347 2471 1448 2506 quippe
1468 2471 1514 2507 qui
1538 2471 1566 2497 in
1592 2470 1672 2504 Filio,
1696 2470 1721 2499 si

931 2559 959 2586 in
985 2559 1090 2587 Latinis
1117 2560 1219 2587 nostris
1235 2559 1418 2593 exprimitur:
1438 2559 1567 2587 nimirum
1587 2564 1720 2594 quantum

930 2603 964 2622 ex
979 2603 1009 2622 re
1023 2595 1146 2630 qualibet
1161 2595 1260 2622 fecisse
1272 2594 1432 2630 Georgium,
1447 2599 1543 2629 utputa
1560 2602 1593 2622 ex
1605 2595 1721 2630 lautitiis

930 2634 958 2657 et
978 2630 1113 2666 cupediis,
1130 2629 1371 2666 quaarAlexaudriie
1385 2630 1582 2666 vendebantur,
1604 2629 1721 2666 maxime

931 2666 959 2692 in
971 2665 1138 2701 εὐδαιμόνων
1148 2665 1246 2700 λαύρα,
1257 2665 1291 2692 de
1305 2673 1359 2700 qua
1374 2665 1408 2701 ad
1425 2665 1519 2692 Arian.
1537 2665 1601 2701 har.
1617 2665 1721 2691 dictum

931 2704 990 2732 est,
1005 2699 1062 2728 tum
1085 2699 1246 2728 creteris’ex
1262 2701 1355 2728 rebus.
1377 2699 1482 2733 Quibus
1506 2699 1639 2726 accedunt
1661 2706 1722 2733 qua:

932 2743 981 2771 per
1004 2742 1139 2763 summam
1155 2735 1346 2762 crudelitatem
1361 2735 1507 2771 exigebat;
1527 2741 1592 2771 nam
1609 2734 1722 2760 Alexan-

932 2768 1074 2798 drinorum
1089 2770 1281 2804 episcoporum
1301 2777 1398 2804 magna
1411 2768 1584 2796 Alexandriae
1599 2772 1722 2804 potestas

933 2805 993 2842 fuit.
1013 2804 1051 2832 De
1066 2803 1192 2842 Dioscori
1214 2804 1512 2842 Alexandrininilidem
1527 2803 1647 2842 episcopi
1672 2803 1723 2842 ini-

933 2840 995 2875 quis
1023 2847 1055 2867 ac
1083 2840 1237 2874 tyrannicis
1265 2839 1457 2867 exactionibus
1491 2838 1577 2866 multa
1603 2838 1721 2874 sparsim

933 2879 1043 2904 exstant
1057 2875 1085 2902 in
1100 2875 1229 2903 Chalced.
1243 2875 1358 2910 synodo.
