1931 3041
211 159 265 189 519

900 158 930 186 S.
951 156 1121 186 EPlPllANll

1784 151 1836 180 520

211 220 275 240 cum
298 213 379 241 Patre
403 212 570 244 conferatur.
592 212 773 240 similitudine
788 212 918 248 quiddam
945 221 995 240 ant-

1050 213 1114 241 Υἱὸν
1135 213 1204 249 πρὸς
1224 213 1270 239 τὸν
1293 212 1413 248 Πατέρα,
1428 211 1466 244 ὡς
1482 209 1580 238 ταυτὸν
1601 210 1634 245 τῇ
1657 208 1765 243 θεότητι
1788 210 1834 236 καὶ

212 257 285 293 plius
299 259 482 293 agnoscimus,
506 266 539 285 eo
557 259 632 294 quod
650 259 721 286 idem
743 258 886 287 divinitate
904 264 951 292 est,
970 264 998 286 et

212 305 334 338 aequalis.
353 312 401 331 nec
409 305 474 331 ~ullo
490 305 571 331 modo
586 305 722 332 diversus.
732 304 865 332 Caeterum
881 306 932 333 etsi
945 306 998 340 ple-

213 357 296 383 raqne
318 349 465 376 assimilari
490 349 544 376 Deo
557 349 693 381 dicantur,
717 357 772 377 non
789 355 890 381 tamen,
918 350 939 377 si
964 350 997 377 de

211 393 368 427 .equalitate
388 393 543 427 loquamur,
556 394 651 421 eadem
668 402 730 421 cum
748 395 889 422 divinitate
909 399 994 422 sntit:

211 439 251 464 sic
270 439 340 465 enim
364 439 445 465 homo
461 439 494 466 ad
514 440 658 474 imaginem
673 439 719 467 Dei
738 440 1000 474 similitudinemque

212 484 298 510 factus
312 484 331 516 ‘,
348 491 401 511 non
419 485 489 511 idem
505 493 567 511 cum
584 485 631 512 illo
653 485 808 520 a‘qualitate
822 489 881 518 est;
897 486 937 512 sic
954 493 997 512 re-

210 537 292 563 gnum
315 530 447 556 cmlorum
463 537 548 565 grano
563 531 669 566 sinapis
686 531 776 558 simile
797 532 868 563 cst',
886 539 940 558 non
957 535 997 557 ta-

211 582 272 601 men
290 583 404 609 granum
421 576 486 603 illud
503 576 572 604 idem
594 581 638 604 est
657 585 719 604 cum
739 585 833 612 regno,
858 585 908 605 nec
927 578 998 612 ejus-

209 621 270 647 dem
288 629 349 648 cum
374 622 421 648 illo
436 626 539 649 natura
557 624 693 658 particeps
707 627 759 651 est.
779 623 849 650 Idem
865 627 997 659 prmterea

211 674 323 702 regnum
339 668 419 695 modo
437 668 561 696 fermenti
579 670 667 697 simile
679 670 698 702 ³,
715 670 795 697 modo
808 670 900 698 decem
915 670 997 705 virgi-

211 719 274 738 num
287 711 306 742 ⁵,
335 713 413 739 modo
433 713 638 748 patrisfamilias
650 715 660 730 ⁵
678 715 810 742 asseritur
825 724 831 742 :
844 715 916 750 quod
940 715 998 749 qui-

209 756 270 783 dem
285 757 318 783 dc
333 757 522 790 similitudine,
538 767 592 786 non
604 759 698 787 eadem
715 760 869 788 substantia
887 769 936 796 par
955 766 996 788 est

209 801 307 835 accipi.
326 800 411 829 Filius
433 806 523 830 autem
549 811 611 830 cum
635 807 662 830 ct
688 803 760 830 Patri
777 805 876 832 similis
900 805 947 837 sit,
970 811 997 832 et

209 847 270 880 plus
283 855 363 881 quam
390 849 498 880 similis,
513 849 585 884 quod
599 850 669 876 idem
690 850 857 884 aequalisque
875 851 921 884 sit,
942 858 996 877 non

1051 259 1119 292 ἴσον,
1138 259 1186 286 καὶ
1204 259 1258 286 οὐδ’
1277 258 1345 289 ὅλως
1370 256 1559 292 ἠλλοιωμένον.
1581 255 1659 282 Ἔστι
1677 254 1732 289 γὰρ
1751 254 1837 280 πολλὴ

1050 305 1253 341 ἀφωμοιωμένα
1275 304 1315 339 τῷ
1336 303 1405 340 Θεῷ,
1427 303 1484 330 ἀλλ’
1504 302 1534 328 οὑ
1556 301 1663 333 ταυτὸν,
1687 300 1732 327 ἴσα
1749 300 1835 334 ὕπαρ.

1050 359 1132 386 κοντα
1148 353 1180 386 τῇ
1206 350 1322 385 θεότητισ
1345 350 1383 381 ὡς
1408 350 1454 376 καὶ
1475 349 1488 374 ό
1503 346 1647 383 ἄνθρωπος
1670 347 1730 372 κατ’
1746 345 1837 371 εἰκόνα

1050 395 1098 422 καὶ
1114 395 1174 422 καθ’
1191 396 1328 430 ὁμοίωσιν,
1345 395 1400 421 ἀλλ’
1415 396 1446 420 οὐ
1460 394 1558 420 ταυτὸν
1575 393 1613 428 τῷ
1628 393 1688 427 Θεῷ
1701 393 1768 428 πρὸς
1786 393 1839 418 ἰσό-

1049 450 1128 476 τητα.
1141 441 1195 467 Καὶ
1207 441 1312 476 ὁμοίαὴ
1325 433 1448 474 βασιλεία
1458 439 1511 466 τῶν
1521 439 1641 475 οὐρανῶν
1657 438 1750 472 κόκκῳ
1763 438 1838 464 σινά-

1051 495 1133 518 πεως,
1152 486 1208 513 ἀλλ’
1224 487 1254 512 οὔ
1274 486 1370 513 ταυτὸν
1395 487 1428 520 τῇ
1453 485 1586 520 βασιλεία,
1612 484 1666 510 οὐδ’
1680 484 1749 514 ὅλως
1773 491 1839 517 μετ-

1050 530 1110 565 έχον
1126 539 1152 557 τι
1167 530 1216 565 τῆς
1230 530 1312 565 αὐτῆς
1330 531 1376 556 καὶ
1389 530 1484 565 ὁμοίας
1500 529 1598 564 ζύμης.
1612 528 1665 555 Καὶ
1675 528 1758 562 ὁμοία
1772 527 1841 553 δέκα

1050 576 1206 612 παρθένοις,
1226 577 1274 603 καὶ
1290 576 1366 612 ἀνδρὶ
1376 575 1549 610 οἰκοδεσπότῃ
1572 575 1609 606 ὡς
1623 574 1687 609 πρὸς
1697 574 1839 608 ὁμοίωσιν,

1049 623 1107 649 ἀλλ’
1121 622 1151 649 οὑ
1166 623 1238 649 κατὰ
1251 622 1410 657 ταυτότητα.
1426 621 1480 648 Τοῦ
1491 621 1520 652 δὲ
1531 620 1595 646 Υἱοῦ
1607 620 1699 655 ὁμοίου
1713 619 1790 650 δντος
1800 618 1841 654 τῷ

1050 669 1138 704 Πατρὶ
1154 668 1202 695 καὶ
1217 667 1394 703 ὑπερομοίου,
1409 667 1454 694 διὰ
1465 667 1496 693 τὸ
1510 666 1607 693 ταυτὸν
1623 663 1692 692 εἶναι
1709 665 1778 700 πρὸς
1794 664 1842 690 τον

1050 714 1160 750 Πατέρα
1179 714 1227 740 καὶ
1243 714 1299 739 ἴσον
1316 713 1414 748 ﬂat-.91,
1432 713 1462 739 οὑ
1481 712 1510 738 τὸ
1523 712 1613 747 ὅμοιον
1631 711 1758 746 συνιστᾲν
1773 711 1841 745 ἡμῖδ

1052 760 1131 795 μόνον
1143 759 1272 795 ἐπιμελὲς
1285 758 1506 794 πεφιλοτίμηται,
1519 757 1588 785 ἀλλὰ
1601 756 1698 784 ταυτὸν
1709 756 1757 782 καὶ
1770 755 1840 786 ἴσον,

1049 803 1087 835 ὡς
1101 803 1168 830 Θεὸν
1184 804 1216 830 ὲκ
1235 803 1314 835 Θεοῦ,
1336 804 1383 830 καὶ
1398 803 1461 829 Υίὸν
1478 803 1509 828 ὲκ
1525 801 1642 837 Πατρὸς,
1663 801 1710 827 καὶ
1726 802 1777 826 οὑκ
1793 799 1842 826 ἁλ-

1049 849 1120 876 λοῖον
1136 850 1185 885 τῆς
1210 850 1314 882 οὐσίας,
1337 848 1394 875 ἀλλ’
1409 847 1438 880 ἐξ
1464 847 1546 874 αὑτοῦ
1560 847 1770 882 γεγεννημένον
1792 845 1841 872 οὔ·

210 891 296 918 solam
314 891 342 919 in
363 900 396 920 eo
417 894 624 921 similitudinem
651 895 833 930 comprobare
855 896 929 922 omni
949 904 995 931 ope

1050 903 1088 922 τω
1101 895 1149 922 καὶ
1165 898 1228 931 περὶ
1239 895 1286 922 τοῦ
1302 895 1380 929 ἁγίου
1393 893 1560 929 Πνεύματος.
1578 892 1670 928 Τούτῳ
1683 893 1711 919 δὲ
1723 891 1762 927 τῷ
1775 901 1838 926 γεν-

210 935 367 970 studemus,
392 938 441 966 sed
461 939 586 966 eumdem
609 941 796 975 aequalemque
825 945 997 974 monstrare,

210 980 326 1014 perinde
342 989 374 1009 ac
397 982 482 1010 Deum
497 983 531 1011 de
545 982 600 1010 Deo
622 989 650 1011 et
664 992 697 1011 ex
720 984 799 1012 Patre
815 984 924 1017 Filium,
947 993 998 1013 nec

210 1025 246 1052 ab
261 1025 321 1060 ejus
336 1027 492 1056 substantia
507 1029 659 1061 diversum,
674 1030 722 1058 sed
739 1030 773 1058 ab
790 1031 849 1066 ipso
863 1032 996 1066 genitum,

210 1072 281 1106 quod
301 1072 390 1108 ipsum
405 1073 439 1101 de
465 1075 567 1110 Spiritu
587 1080 684 1103 sancto
698 1084 752 1103 non
771 1077 863 1105 minus
878 1077 996 1104 aliirma-

209 1125 281 1145 ntus.
301 1119 335 1145 At
356 1120 482 1155 egregius
500 1121 544 1149 ille
566 1122 672 1154 Aetius,
695 1130 730 1150 ne
751 1122 870 1150 similem
884 1123 995 1158 quidem

208 1161 282 1190 Patri
296 1163 395 1192 Filium
409 1167 587 1200 pronuntiare
599 1168 694 1195 voluit.
707 1167 867 1203 Quanquam
880 1176 931 1197 nos
941 1177 996 1196 non

209 1210 266 1236 sola
283 1209 464 1239 similitudine
479 1212 540 1239 freti
556 1213 737 1240 constitutum
760 1214 821 1242 fidei
845 1215 943 1250 dogma
964 1222 997 1242 ac

209 1255 355 1284 Trinitatis
379 1258 483 1284 cultum
504 1258 690 1293 honoremque
716 1260 907 1295 suscipientes,
930 1260 996 1287 illud

1050 940 1117 976 νόιδςι⁵
1142 941 1236 976 ’Δετιῳ
1251 941 1311 967 οὐδὲ
1330 939 1360 966 τὸ
1374 939 1466 974 ὅμοιον
1490 938 1557 973 πρὸς
1579 937 1689 972 Πατέρα
1710 936 1756 962 τὸν
1776 935 1842 962 Υἱὺν

1050 987 1142 1020 ἀξιοῦν
1158 987 1257 1020 ἔδοξεν.
1277 987 1316 1013 Oti
1335 986 1374 1021 τῷ
1390 987 1476 1022 ὁμοίῳ
1495 985 1523 1012 δὲ
1541 984 1618 1010 αὐτοὶ
1637 982 1842 1018 ὲπερειδόμενοι

1051 1033 1130 1068 μόνον
1149 1033 1199 1067 τὴν
1219 1032 1349 1059 σύστασιν
1366 1031 1414 1067 τῆς
1437 1031 1566 1062 πίστεως,
1586 1029 1634 1056 καὶ
1654 1028 1684 1055 τὺ
1699 1027 1843 1063 γεραίρειν

1049 1078 1098 1114 τὴν
1115 1079 1220 1114 Τριάδα
1243 1077 1351 1113 ἀληθῶς
1374 1076 1545 1112 ἐνιστάμενοι
1564 1073 1761 1110 ὁμολογοῦμεν.
1785 1072 1843 1099 Καὶ

1048 1125 1103 1160 γὰρ
1123 1126 1170 1152 καὶ
1188 1124 1308 1161 ἄργυρος
1327 1123 1482 1159 κασσιτέρῳ
1505 1121 1655 1158 ὁμοιοῦται,
1668 1120 1714 1147 καὶ
1740 1119 1844 1155 χρυσὸς

1048 1169 1152 1205 χαλκῷ,
1167 1170 1214 1196 καὶ
1242 1169 1365 1204 μόλιϐδος
1386 1168 1498 1203 σιδήρῳ,
1528 1166 1576 1192 καὶ
1597 1165 1665 1191 λίθοι
1687 1163 1774 1198 τίμιοι
1796 1162 1843 1194 ἐξ·

1048 1215 1203 1250 ομοιοῦνται
1223 1215 1302 1250 ὑέλῳ,
1325 1215 1371 1240 καὶ
1385 1214 1416 1240 οὺ
1436 1213 1466 1239 τὸ
1485 1213 1577 1248 ὅμοιον
1589 1210 1638 1245 τὴν
1655 1209 1736 1245 φύσιν
1752 1207 1842 1243 δηλοῖ,

1049 1260 1117 1288 ἀλλὰ
1131 1260 1161 1286 τὺ
1174 1260 1345 1294 ἁπείκασμα.

209 1310 294 1330 unum
321 1302 489 1337 profitemur.
513 1303 580 1331 Nam
598 1308 624 1332 et
640 1310 783 1341 argentum
815 1311 915 1335 stanno
937 1307 1026 1334 simile
1057 1309 1146 1337 est.rt
1172 1313 1269 1332 aurum
1303 1305 1359 1337 aeri,
1369 1307 1396 1331 et
1415 1303 1553 1338 plumbum
1576 1301 1658 1331 ferro.
1670 1305 1697 1329 et
1726 1298 1843 1335 pretiosi

213 1348 318 1382 lapides
342 1349 429 1382 vitro;
456 1358 507 1378 nec
532 1351 684 1379 similitudo
704 1351 763 1387 ipsa
785 1355 911 1379 naturam
927 1372 934 1384 ,
956 1352 1004 1380 sed
1022 1352 1225 1387 expressionem
1238 1356 1321 1385 atque
1338 1349 1451 1385 efﬁgiem
1471 1349 1651 1376 demonstrat.

245 1393 290 1420 111.
311 1393 391 1427 Quoi
406 1399 497 1422 autem
516 1395 550 1422 ad
575 1396 746 1431 Scripturam
759 1396 867 1429 attinet,
880 1404 941 1430 qua:
955 1395 1000 1423 Fi-

209 1439 274 1466 limn
289 1438 336 1467 Dei
356 1440 504 1469 invisibilis
520 1441 667 1476 imaginem
689 1442 820 1477 appellat,
834 1449 885 1470 nos
910 1449 1002 1470 sacra-

212 1492 272 1511 rum
285 1484 452 1513 Litterarum
468 1486 520 1514 vim
537 1487 631 1514 divino
644 1487 779 1515 beneficio
796 1489 905 1523 penitus
924 1496 1001 1516 asse-

210 1531 278 1564 cuti,
293 1531 375 1567 915
389 1540 450 1567 quae
470 1533 510 1560 sic
532 1532 684 1561 Pharisaeos
702 1534 846 1569 compellat
862 1543 869 1561 :
885 1533 1000 1562 Nescitis

213 1575 379 1611 Scripturas,
403 1585 483 1612 neque
500 1579 621 1606 virtutem
631 1579 653 1611 ⁸,
673 1579 810 1615 duplicem
835 1580 907 1607 hanc
922 1580 1001 1608 habi-

210 1621 334 1650 tudinem
361 1630 424 1651 esse
453 1624 591 1652 novimus.
623 1624 817 1653 Verumtamen
845 1625 1000 1660 explicandi

210 1667 308 1702 gratia,
324 1672 352 1696 et
365 1669 498 1698 abusione
514 1670 633 1705 quadam
652 1678 686 1699 ex
700 1670 821 1698 huntano
841 1670 907 1698 illud
925 1679 1001 1700 more

211 1713 415 1742 transl'eriinus.
431 1715 537 1750 Quippe
552 1721 579 1743 et
597 1716 823 1756 hominis’imago
835 1723 945 1751 quoque
961 1715 1000 1743 di-

209 1762 298 1795 citur;
317 1769 404 1797 neque
418 1766 508 1789 tamen
527 1761 626 1790 similis
640 1765 692 1789 est.
707 1761 775 1789 Nam
793 1763 880 1790 altera
903 1764 998 1791 colori-

209 1810 260 1837 bus
269 1809 401 1837 duntaxat
409 1809 537 1844 clligiata,
547 1809 633 1837 altera
645 1809 769 1836 eamdem
783 1817 815 1836 ex
824 1810 998 1844 generatione

208 1856 391 1883 substantiam
408 1855 526 1886 obtinet,
543 1863 607 1881 cum
624 1855 733 1890 genitus
751 1854 837 1883 Filius
849 1857 996 1891 quamdam

208 1902 317 1936 generis
329 1901 373 1929 sui
387 1905 479 1928 notam
501 1907 532 1927 ac
548 1899 664 1927 formam
687 1902 891 1935 comparatione
905 1901 996 1930 Patris

208 1947 348 1982 accipiat:
365 1951 422 1974 turn
438 1946 466 1973 in
485 1953 517 1973 eo
531 1953 597 1973 vero
611 1953 666 1973 non
685 1945 787 1980 eﬂigies
800 1945 882 1973 modo
904 1948 995 1974 cerni-

207 1999 263 2024 tnr,
284 1993 331 2020 sed
355 1997 383 2020 et
404 1996 502 2019 natura
519 1991 614 2020 eadem
645 1995 673 2019 et
696 1992 851 2019 substantia
873 1992 996 2027 adeoque

208 2047 276 2066 \‘era
295 2039 369 2066 illius
391 2039 544 2073 expressio.
564 2037 648 2073 Igitur
667 2038 826 2074 unigenitns
841 2038 887 2066 Dei
910 2038 995 2068 Filius

208 2086 278 2113 idem
306 2093 369 2112 cum
394 2084 538 2112 divinitate
559 2091 591 2110 ac
613 2083 757 2118 majestate
775 2083 865 2112 Patris
891 2089 942 2115 cst.
969 2090 996 2113 ct

206 2132 320 2166 aequalis
338 2138 468 2166 germana
484 2130 602 2166 quadam
619 2130 738 2165 imagine
752 2137 784 2158 ac
803 2130 993 2164 similitudine,

205 2187 266 2214 qua:
283 2179 357 2206 nulla
373 2177 478 2204 ratione
495 2176 642 2211 discrepet,
665 2180 794 2209 tanquam
809 2175 894 2204 Filius
911 2184 926 2203 a
947 2176 995 2204 Pa-

204 2229 247 2252 tre
258 2224 358 2258 reipsa,
373 2226 402 2250 et
417 2229 480 2249 cum
496 2220 589 2249 eadem
611 2220 765 2248 substantia
779 2222 897 2256 genitus.
917 2220 990 2249 Idem

207 2276 287 2304 porro
302 2268 336 2296 de
353 2267 456 2302 Spiritu
481 2269 577 2294 sancto
593 2270 713 2293 statuere
728 2273 779 2294 nos
795 2270 902 2301 oportet
917 2267 988 2301 quod

204 2322 220 2341 a
233 2313 311 2341 Patre
329 2311 468 2348 procedat,
483 2311 590 2339 tametsi
615 2319 668 2338 non
694 2314 850 2346 generetur,
875 2311 901 2338 id
915 2311 988 2346 quod

204 2360 338 2394 unigeniti
355 2358 414 2385 Filii
430 2357 500 2384 ratio
511 2357 623 2384 minime
638 2357 749 2392 patitur.
769 2357 822 2385 Sed
837 2357 932 2395 Aetius
943 2365 989 2386 ve-

204 2406 293 2433 ritatis
309 2404 471 2440 professioni
484 2404 674 2431 vehementius
695 2411 846 2438 repugnare
862 2403 988 2435 studens,

203 2460 239 2480 ne
264 2451 323 2478 Filii
350 2450 458 2487 quidem
485 2457 548 2477 cum
577 2450 658 2477 Patre
686 2449 890 2477 similitudinem
912 2449 989 2478 fateri

203 2497 298 2524 voluit.
316 2495 345 2523 in
361 2504 416 2530 quo
437 2495 471 2523 ab
488 2496 598 2522 Arianis
614 2495 722 2522 caeteris
740 2494 880 2528 dissentit,
903 2494 950 2529 qui
974 2503 990 2523 a

202 2541 325 2570 Luciano
340 2545 367 2569 et
381 2540 497 2577 Origene
514 2542 618 2570 erroris
633 2541 805 2569 occasionem
820 2540 893 2568 nacti
914 2545 988 2572 sunt.

200 2593 228 2617 et
245 2597 307 2616 cum
325 2589 433 2616 Asterie
449 2588 567 2624 quodam
588 2588 710 2623 sophista
727 2587 827 2614 versati
847 2591 925 2620 sunt;
941 2587 988 2622 qui

202 2636 230 2664 in
245 2635 435 2671 persecutione
451 2634 609 2663 Maximiani
623 2633 810 2664 Christianam
825 2633 904 2661 tidem
926 2633 987 2665 eiua

248 2734 257 2750 ‘
275 2732 343 2760 Gen.
356 2739 376 2765 ι,
388 2730 434 2758 27.

483 2730 493 2745 ι
511 2727 604 2755 Matth.
625 2733 685 2757 xm,
701 2724 746 2752 3|.
780 2723 790 2739 '
810 2722 876 2750 ibid.
890 2722 934 2749 55.
971 2721 1086 2748 ⁸31τιιι11.
1108 2728 1172 2751 xxv,
1191 2719 1216 2746 l.
1254 2717 1367 2745 'ilatth.
1384 2724 1430 2748 xx,
1448 2715 1472 2743 l.

1085 1396 1105 1422 Γ
1106 1399 1122 1423 ’.
1143 1395 1276 1422 Ἐνταῦθα
1288 1395 1315 1421 δὲ
1330 1395 1410 1430 ἡμεῖς
1430 1393 1477 1420 καὶ
1496 1392 1561 1427 περὶ
1577 1391 1626 1426 τῆς
1640 1390 1752 1425 Γραφῆς
1773 1390 1842 1425 ὀμο-

1049 1441 1183 1477 λογοὺσης
1200 1441 1246 1468 τὸν
1263 1441 1327 1467 Υἰὸν
1349 1440 1442 1467 είκόνα
1462 1438 1529 1465 Θεοῦ
1549 1437 1595 1465 τοῦ
1613 1437 1730 1471 ἀοράτου
1752 1436 1844 1471 ὑπάρ-

1050 1496 1117 1522 χειν.
1131 1487 1180 1523 τὴν
1197 1486 1311 1522 δύναμιν
1322 1487 1371 1522 τῆς
1384 1486 1459 1518 Θείας
1474 1485 1585 1521 Γραφῆς
1598 1484 1631 1510 ὲκ
1645 1483 1720 1514 θείας
1735 1482 1843 1518 δωρεᾶς

1051 1534 1248 1570 ὴκριὸωκότες,
1264 1534 1314 1569 τῆς
1330 1533 1456 1569 φησάσης
1472 1531 1640 1567 Φαρισαίοις·
1659 1530 1720 1556 οὐκ
1739 1529 1843 1556 οἴδατε

1049 1579 1104 1614 τὰς
1121 1581 1252 1615 Γραφὰς,
1277 1579 1350 1608 οὐδὲ
1369 1579 1428 1613 τὴν
1443 1577 1572 1613 δύναμιν
1590 1575 1645 1604 τοῦ
1666 1575 1757 1603 Θεοῦ·
1792 1575 1842 1601 ἑπ-

1051 1625 1185 1660 ιο-εάμεθα
1205 1623 1251 1652 οὖν
1268 1625 1358 1660 διττὴν
1371 1622 1453 1651 οὖσαν
1473 1623 1574 1658 ταύτην
1590 1621 1638 1658 τὴν
1660 1621 1764 1656 σχέσιν.
1783 1619 1842 1655 Τὴν

1049 1671 1202 1707 ἀπόχρησιν
1224 1670 1253 1697 δὲ
1275 1671 1313 1703 ὡς
1336 1670 1390 1697 ἀπὸ
1413 1669 1557 1705 ἀνθρώπου
1569 1667 1755 1703 λαμϐάνοντες
1771 1666 1841 1702 πρὸς

1049 1717 1224 1753 παράστασιν
1236 1717 1363 1753 φράσεως
1376 1716 1520 1752 δηλοῦμεν.
1539 1714 1591 1742 Καὶ
1604 1714 1658 1750 γὰρ
1671 1714 1719 1740 καὶ
1734 1712 1841 1748 ἀνθρώ-

1049 1773 1100 1791 που
1117 1763 1199 1790 εἰκὼν
1217 1763 1337 1798 λέγεται,
1349 1762 1397 1788 καὶ
1410 1762 1460 1796 οὐχ
1474 1761 1565 1796 ὁμοία.
1593 1760 1625 1787 'H
1645 1759 1695 1795 μὲν
1709 1759 1764 1794 γάρ
1781 1760 1840 1785 ἐστι

1048 1809 1092 1836 διὰ
1101 1809 1253 1845 χρωμάτων
1265 1807 1480 1843 ἁπεικαζομένη,
1493 1808 1510 1842 ἡ
1520 1807 1549 1833 δὲ
1560 1806 1604 1833 διὰ
1616 1805 1665 1840 τῆς
1675 1805 1839 1840 γεννητικῆς

1048 1855 1266 1890 ὁμοουσιότητος,
1287 1854 1326 1886 ὡς
1350 1853 1397 1880 τοῦ
1418 1853 1588 1888 γεννωμένου
1613 1850 1678 1878 Υίοῦ
1701 1850 1770 1886 πρὸς
1793 1851 1840 1876 τὺν

1048 1901 1158 1936 Πατέρα
1180 1899 1428 1936 χαρακτηρίζοντος
1448 1899 1478 1925 τὸ
1498 1898 1586 1932 γένος’
1607 1896 1839 1932 ἀπεικονισματος

1047 1947 1075 1972 δὲ
1088 1946 1181 1973 λοιπὸν
1194 1946 1390 1981 εὑρισκομένου
1409 1944 1571 1979 ταυτότητός
1589 1952 1620 1970 τε
1634 1943 1682 1970 καὶ
1693 1943 1838 1977 ὀμοουσιό-

1048 2001 1128 2027 τητος
1152 1993 1198 2018 καὶ
1209 1991 1416 2026 ὲκτυπώματος.
1431 1990 1486 2017 Καὶ
1499 1990 1572 2016 ἐστιν
1581 1989 1646 2024 ἡμῖν
1660 1989 1674 2015 ὀ
1690 1987 1838 2023 μονογενὴς

1049 2038 1112 2070 Υἱὸς
1132 2038 1178 2065 τοῦ
1204 2038 1272 2065 Θεοῦ
1295 2037 1391 2065 ταυτὸν
1414 2037 1464 2072 μὲν
1485 2037 1518 2072 τῇ
1538 2035 1585 2062 τοῦ
1606 2035 1713 2070 Πατρὸς
1728 2034 1837 2069 θειότητι

1049 2083 1096 2110 καὶ
1111 2083 1184 2118 ἀξίᾳ,
1213 2083 1260 2110 καὶ
1287 2083 1343 2114 ῐσος
1365 2081 1409 2108 διὰ
1434 2080 1485 2116 τῆς
1511 2080 1640 2116 ἀληθινῆς
1660 2078 1765 2109 είκόνος
1791 2078 1836 2105 καὶ

1049 2129 1206 2164 ὁμοιώσεως
1225 2129 1256 2156 οὺ
1278 2127 1518 2164 παρηλλαγμένης,
1537 2126 1595 2154 ἀλλ’
1612 2124 1835 2161 ἀπαραλλάκτου,

1049 2175 1086 2207 ὡς
1101 2175 1165 2206 Υἱὸς
1179 2176 1211 2201 ὲκ
1223 2175 1329 2210 Πατρὺς
1344 2173 1478 2210 ἀληθινῶς
1487 2173 1534 2200 καὶ
1542 2171 1693 2208 ὀμοουσίως
1702 2178 1835 2206 γεγεννη-

1014 2234 1033 2260 θ
1049 2226 1137 2260 μένος.
1152 2223 1231 2250 Οὕτω
1246 2222 1294 2248 καὶ
1306 2222 1351 2248 ἐπὶ
1363 2220 1410 2247 τοῦ
1427 2219 1504 2253 ἁγίου
1520 2217 1689 2253 Πνεύματος,
1701 2216 1747 2243 διὰ
1760 2216 1790 2242 τὸ
1804 2217 1835 2242 ἐκ

1048 2271 1152 2306 Πατρὺς
1166 2268 1323 2302 ἐξελθεῖν,εί
1337 2268 1384 2294 καὶ
1398 2267 1429 2292 οὑ
1442 2265 1611 2301 γεγέννηται,
1621 2263 1666 2290 διὰ
1676 2262 1707 2289 τὸ
1713 2261 1761 2288 τοῦ
1770 2260 1834 2288 ἰ’ἱοῦ

1049 2315 1202 2352 μονογενές.
1217 2312 1301 2346 Οὗτος
1314 2314 1342 2340 δὲ
1355 2314 1369 2340 ὁ
1387 2313 1500 2343 Ἀέτιος,
1518 2310 1719 2347 περισσοτέρως
1733 2309 1831 2344 βουλη-

1048 2363 1104 2394 θεὶς
1122 2362 1279 2396 ἀντιστῆναι
1299 2362 1333 2396 τῇ
1352 2360 1400 2391 τῆς
1420 2357 1548 2394 ἀληθείας
1563 2356 1701 2392 ὁμολογίᾳ,
1723 2355 1784 2382 οὐδὲ
1798 2355 1827 2382 τὺ

1048 2410 1142 2445 ὅμοιον
1156 2408 1221 2435 Υἱοῦ
1234 2408 1301 2444 πρὸς
1315 2406 1426 2440 Πατέρα
1437 2405 1563 2440 πειρᾶται
1572 2403 1728 2442 ρμολογεῖν.
1744 2403 1776 2429 οἱ
1788 2400 1835 2437 μὲν

1050 2455 1104 2490 γὰρ
1119 2454 1193 2482 ἀλλοι
1207 2454 1261 2480 τῶν
1281 2451 1436 2488 Ἀρειανῶν,
1449 2450 1503 2477 τῶν
1517 2449 1571 2476 ἀπὸ
1582 2448 1732 2476 Λουκιανοῦ
1744 2456 1774 2474 τε
1790 2446 1835 2474 καὶ

1053 2501 1207 2537 Ὠριγένους
1226 2499 1354 2529 λαϐόντες
1375 2498 1424 2533 τὴν
1447 2493 1593 2532 πρόφασιν,
1614 2495 1757 2529 γεγονότες
1779 2493 1834 2528 ἅμα

1053 2549 1184 2584 Ἀστερίῳ
1199 2547 1254 2574 τινὶ
1272 2546 1326 2580 (811)
1343 2544 1396 2572 ἀπὸ
1413 2543 1547 2579 σοφιστῶν
1560 2542 1628 2573 ὂντι,
1648 2541 1793 2568 ἐκπεσόντι
1807 2539 1834 2566 δὲ

1047 2594 1076 2622 ἐν
1091 2594 1129 2630 τῷ
1139 2593 1252 2629 διωγμῷ
1263 2592 1300 2628 τῷ
1313 2592 1359 2618 ἐπὶ
1370 2588 1542 2626 Μαξιμιανοῦ
1556 2587 1689 2623 γεγονότι’
1705 2587 1776 2618 τινὲς
1790 2586 1834 2620 μὲν

1048 2642 1102 2676 γὰρ
1115 2640 1215 2673 αὐτῶν,
1230 2639 1267 2671 ὡς
1284 2639 1312 2665 ὲν
1330 2638 1388 2668 ταῖς
1406 2637 1461 2664 ἄνω
1477 2643 1523 2672 μοι
1540 2634 1661 2669 αἱρέσεσι
1677 2632 1832 2668 δεδήλωται,

1522 2714 1532 2730 ⁸
1551 2712 1696 2744 Marc.xn.
1715 2710 1763 2738 24.
1817 2722 1839 2737 ,ι

248 2811 305 2845 (εἰ.)
325 2809 487 2845 Γεγονότες
503 2806 562 2845 {ipa
569 2803 718 2845 ⁸Ἄστερζφ
734 2801 802 2828 τινί.
817 2801 859 2845 De
878 2807 932 2845 (pro
946 2799 995 2845 ﬁt»

1052 2795 1453 2845 ρει-ξοςοιὶοιιο-είὲςιτξρςιιεεει,
1474 2790 1607 2823 ordinari,
1625 2789 1697 2825 quod
1715 2785 1834 2824 apprime

214 2834 304 2873 crates
388 2834 415 2876 it,
425 2834 492 2877 icap.
508 2834 552 2873 3'6,
563 2834 671 2877 δίης)ιῆ
687 2834 734 2865 lib.
756 2845 790 2877 tt,
812 2843 872 2877 t_'_ap.
885 2835 929 2862 51.
945 2834 1000 2877 μβ-

215 2870 525 2908 ἶιιῆιῖίεἶ-Ᾰιιιειηίιὲίυε
542 2870 589 2903 lib.
617 2875 654 2901 De
678 2872 796 2909 syttodt's.
814 2870 863 2898 llic
879 2870 952 2905 (luoil
972 2870 1000 2896 in

1052 2831 1189 2868 cupiebat,
1206 2839 1261 2858 non
1277 2831 1375 2865 potuit.
