1931 3041
60 242 112 269 Βίί

421 237 606 264 ADVERSUS
626 236 797 264 IIIERESES
817 235 861 264 ιιι

914 235 945 263 ll.
966 235 1048 264 ΤΟΜ.
1069 235 1130 264 1.-
1153 236 1290 265 ΗΕΚΕΒ.
1309 236 1425 264 LXXVI.

1643 235 1696 264 52?.

61 300 100 326 ἓτι
115 297 218 332 κτίσμα
232 296 277 323 τὸν
293 295 357 322 Υίὺν
373 294 421 321 τοῦ
438 295 505 322 Θεοῦ
518 296 634 327 ἔκαστος
651 295 706 322 τῶν
724 303 854 330 προειρη-

914 295 978 322 ravit
992 304 999 322 :
1014 303 1076 323 nam
1098 296 1291 324 cum'illorum
1314 297 1449 329 nonnulli,
1471 300 1499 324 ut
1524 295 1551 323 in
1575 296 1697 331 superio-

62 344 153 380 μένων
163 342 294 380 ὡρίσατο,
311 342 358 368 καὶ
370 341 401 367 τὸ
414 341 527 376 Πνεῦμα
540 341 570 368 τὸ
585 341 662 375 ἅγιον
681 341 783 375 κτίσμα
796 341 854 367 κτί-

64 397 165 424 σματος
189 386 321 419 ἐδίδαξαν·
348 386 421 417 τινὲς
443 386 471 412 δὲ
488 386 580 420 ἔλεγον
602 387 695 421 ὅμοιον
716 384 786 412 εἶναι
809 386 855 412 τὸν

67 434 127 461 Γίδν
143 432 184 468 τῷ
201 432 299 468 Πατρὶ,
320 432 344 458 εῐ
364 431 410 457 καὶ
431 430 532 466 κτίσμα
548 430 628 457 αὐτὸν
644 428 788 466 ὡρίσαντο.
806 427 856 457 Οὓ-

62 490 107 513 τος
120 480 149 506 δὲ
164 479 195 506 τὸ
209 480 264 506 πᾶν
283 480 331 514 τῆς
350 478 463 505 ἐκείνων
484 478 533 513 μὲν
556 478 708 514 εἰρωνείας,
734 477 802 510 ἰδίας
828 478 858 504 δὲ

62 526 192 558 ἀσεϐείας
204 525 363 560 ἀπεκάλυψε
374 525 520 561 τηλαυγῶς
534 525 564 552 τὺ
580 524 627 552 τοῦ
641 525 776 562 δόγματος
789 525 857 560 πρὸς

63 573 107 600 τὸν
123 572 228 608 Κύριον
243 571 348 607 ἀπηνές
364 580 394 598 τε
411 571 458 598 καὶ
472 570 660 606 ἀναίσχυντον.

98 707 154 733 Καὶ
171 706 209 737 ὡς
225 706 274 741 μὲν
288 705 344 740 ἔχει
358 705 375 740 ἡ
388 704 513 740 ἀλήθεια,
531 705 690 732 δικαιότατα
709 706 778 741 πρὸς
795 707 858 738 τοὺς

62 753 93 779 τὸ
107 752 212 787 κτίσμα
226 751 461 787 παρεισφέροντας
478 750 649 778 ἀποτείνεται
663 752 679 787 ἡ
696 752 792 778 τούτου
811 751 858 778 τοῦ

69 798 175 825 ’Δετῑου
190 806 219 824 τε
234 797 282 824 καὶ
300 797 440 833 Ἀνομοίου
458 797 606 833 λεγομένου
619 797 665 824 τοῦ
681 797 762 832 λόγου
777 799 858 833 ἀκριέ

63 843 186 878 ϐολογία.
202 844 261 870 Πᾶν
281 843 336 879 γὰρ
356 843 386 870 τὸ
405 843 515 870 κτιστὺν
529 843 657 878 ἀνόμοιον
673 843 803 878 τυγχάνει
820 843 860 879 τῷ

64 890 215 922 κεκτικότι,
229 889 280 916 κᾶν
294 898 324 916 τε
339 890 410 915 κατὰ
417 889 496 924 χάριν
504 890 671 925 α’,οομοιοῖτο-
684 890 731 916 καὶ
740 889 754 916 ό
764 890 861 921 κτίσας

63 937 102 972 τῷ
116 936 288 971 κεκτισμένῳ
300 935 425 970 ἀνόμοιος
441 935 568 971 ὑπάρχει,
581 936 605 962 ei
614 936 660 962 καὶ
668 929 795 971 χρώμασι
807 936 861 963 δια-

64 981 159 1017 φόροις
178 980 244 1007 αὐτὺ
263 981 376 1015 κοσμεῖν
396 979 564 1015 πειράσοιτο·
590 980 614 1006 εἰ
633 981 670 1015 μή
690 989 716 1007 τι
739 980 772 1008 ἂν
795 981 863 1016 πρὸς

64 1027 237 1062 ἁπεικασμὺν
262 1026 311 1053 καὶ
334 1026 519 1062 ἀπεικόνισμα
541 1027 612 1053 κατὰ
637 1027 754 1062 μίμησιν
779 1027 859 1062 μόνον

65 1072 183 1107 θεωρίας
207 1071 265 1098 ἐστὶ
288 1071 318 1097 τὺ
338 1071 551 1106 ὲκτυπούμενον.
579 1071 635 1098 Καὶ
659 1072 697 1104 ὡς
719 1073 769 1108 μὲν
791 1073 859 1108 πρὸς

71 1117 228 1154 Ἀρειανοὺς
251 1117 316 1148 τοὺς
340 1117 451 1143 κτιστὺν
476 1117 637 1152 νομίζοντας
660 1118 706 1144 τὸν
728 1118 792 1144 Υίδν
812 1118 859 1145 τοῦ

64 1165 133 1192 Θεοῦ
148 1165 236 1192 καὶτὸ
247 1164 325 1199 ἅγιον
339 1164 452 1199 Πνεῦμα
467 1155 578 1199 ἴσχυσεν
588 1164 621 1191 ἂν
635 1165 649 1190 ό
662 1163 757 1190 τούτου
770 1164 858 1198 λόγος,

65 1211 103 1243 ὡς
118 1211 166 1238 καὶ
178 1210 291 1245 ὕστερον
302 1210 348 1237 ὑπ’
361 1209 452 1237 αὐτῶν
467 1209 522 1236 τῶν
540 1210 687 1245 ’Λρειανῶν
702 1210 770 1244 (87),
789 1210 860 1245 φημὶ

64 1257 92 1283 δὲ
103 1256 158 1283 τῶν
174 1256 239 1292 περὶ
253 1255 377 1287 Εὺδόξιον
389 1255 436 1281 καὶ
461 1254 618 1289 Μηνόφιλον
633 1255 680 1282 καὶ
695 1255 802 1287 ἄλλους,
814 1255 861 1281 καὶ

65 1301 256 1333 ἀποσύνακτος
269 1301 417 1337 γενόμενος
433 1301 578 1336 διήλεγχεν
594 1301 640 1328 ἐπὶ
658 1300 705 1328 τοῦ
727 1301 860 1337 βασιλέως

65 1348 138 1374 τότε·
156 1348 198 1374 ὅτι
250 1347 365 1378 Ὀποίως
384 1346 462 1373 αὐτοὶ
477 1346 596 1382 ἔχουσιν,
610 1346 666 1381 ἐγὼ
681 1347 745 1382 ἔχω,
761 1347 799 1379 ὡς
813 1347 861 1374 καὶ

66 1393 143 1421 αὐτοὶ
163 1393 275 1424 πάντες·
296 1392 354 1419 ἀλλ’
369 1392 383 1418 ὃ
400 1393 429 1419 ἐν
443 1392 505 1427 ἐμοὶ¹
519 1392 628 1428 ἀληθὲς,
643 1393 721 1419 αὐτοὶ
738 1393 862 1429 κρυπτά-

66 1440 154 1472 ζουσι·
172 1439 220 1466 καὶ
234 1439 249 1466 ὃ
265 1439 321 1474 ἐγὼ
337 1439 481 1476 τηλαυγῶς
494 1439 637 1474 ὑποφαίνω
661 1439 709 1466 καὶ
725 1439 860 1474 ὁμολογῶ,

65 1483 141 1513 οὗτοι
155 1486 256 1518 πάντες
269 1486 304 1512 τὰ
322 1486 392 1513 αὐτὰ
407 1485 526 1520 λέγουσι,
542 1485 745 1521 κρυπτάζονται
760 1486 799 1518 δὲ,
813 1485 861 1512 τοῦ

67 1533 149 1559 τότεί
173 1531 314 1567 βασιλέως.
336 1532 394 1559 Οὐκ
421 1532 551 1564 ἐναντίως
574 1531 682 1567 ἔχοντος
714 1534 782 1567 πρὸς
814 1532 862 1567 τὴν

73 1577 217 1614 ’Δρειανὴν
239 1577 472 1613 δραματουργῐαν.
491 1577 559 1604 ἀλλὰ
579 1576 659 1612 δῆθεν
678 1576 801 1603 εὐσεϐεῖν
816 1585 860 1602 νο-

68 1624 204 1660 μίζοντος.
221 1624 258 1650 Τὸ
271 1624 319 1660 μὲν
334 1624 389 1659 γὰρ
406 1624 509 1659 κτίσμα
524 1624 664 1659 ὁμολογεῖν
678 1623 724 1650 τὸν
739 1623 803 1649 Υῐδν
813 1622 861 1648 τοῦ

909 338 986 366 ribus
1012 339 1163 368 lueresihus
1187 341 1369 374 ostendimus,
1391 340 1491 368 Filimn
1515 340 1562 369 Dei
1587 344 1698 368 creatu-

908 391 980 417 ram,
1002 385 1133 420 Spiritum
1150 393 1215 414 vero
1242 390 1367 413 sanctum
1391 390 1525 414 creatura:
1545 392 1698 414 creaturam

908 437 970 458 esse
984 430 1140 463 docuerint,
1158 431 1204 458 alii
1217 431 1264 466 qui
1279 439 1425 459 commune
1439 431 1506 459 illud
1523 432 1556 460 de
1573 436 1698 460 creatura

910 480 1046 508 tenerent,
1068 476 1166 503 Filium
1182 477 1258 504 Patri
1275 478 1390 505 similem
1408 485 1470 505 esse
1483 477 1602 506 confessi
1623 483 1699 507 sunt.

909 521 944 548 At
963 521 1058 550 Aetius
1079 521 1132 550 iste
1153 530 1262 550 onmem
1289 522 1397 550 illorum
1418 524 1620 552 cavillationem
1637 532 1700 552 cum

910 568 1053 604 impietate
1078 577 1128 597 sua
1154 569 1293 605 propalam
1317 578 1373 605 prae
1399 579 1429 598 se
1455 571 1556 606 ferens,
1583 571 1702 598 immane

909 619 1005 641 contra
1033 614 1179 642 Dominum
1194 619 1221 643 et
1239 615 1506 650 impudentissimum
1525 617 1622 652 dogma
1639 625 1700 653 pro-

910 660 1011 695 posuit.

945 705 1047 740 Atque,
1066 709 1096 732 ut
1115 713 1233 741 ingenue
1246 705 1343 738 fatear,
1361 706 1431 734 Aetii
1448 707 1540 742 hujus,
1557 708 1615 736 sive
1631 708 1702 735 Ano-

910 751 974 779 maai
996 751 1107 779 subtilis
1129 752 1175 778 illa
1199 752 1269 778 ratio
1288 751 1350 780 illos
1373 756 1447 779 recta
1465 760 1497 780 ac
1515 755 1611 781 merito
1635 755 1702 789 petit

910 798 956 832 qui
972 797 1071 824 Filium
1095 797 1143 825 Dei
1161 802 1316 825 creaturam
1334 806 1395 826 esse
1416 798 1575 826 defendunt.
1594 799 1701 827 Etenim

910 841 1046 878 quidquid
1067 847 1191 870 creatum
1212 846 1265 874 est,
1284 842 1402 870 creatori
1425 850 1475 869 suo
1490 842 1625 870 dissimile
1648 847 1702 875 est,

911 888 1021 915 tametsi
1040 895 1088 923 per
1102 887 1219 923 gratiam
1235 888 1361 914 nonnihil
1379 888 1563 922 assimiletur;
1582 892 1609 916 et
1624 897 1703 916 crea-

911 937 956 961 tor
968 933 1026 968 ipse
1052 933 1092 960 rei
1119 940 1134 960 a
1158 940 1188 960 se
1212 938 1310 960 creata:
1336 933 1478 961 dissimilis
1497 938 1550 965 est,
1578 935 1704 969 quamvis

881 987 900 1013 ις
914 980 1002 1008 variis
1015 987 1075 1007 eam
1093 979 1233 1007 coloribus
1251 980 1387 1014 perpalire
1401 980 1559 1012 contendat,
1580 981 1634 1008 nisi
1651 980 1705 1008 eiii-

912 1026 983 1060 giem
1011 1025 1158 1061 quamdam
1189 1028 1215 1052 et
1236 1025 1473 1052 adumbrationem
1502 1026 1530 1052 in
1555 1033 1599 1059 eo,
1629 1027 1702 1061 quod

913 1069 1074 1105 expressum
1101 1074 1154 1104 est,
1177 1070 1267 1098 inesse
1288 1070 1424 1102 dicamus,
1443 1078 1504 1105 quae
1523 1071 1557 1098 ad
1580 1075 1705 1098 contem-

914 1116 1044 1150 plationis
1082 1115 1264 1143 imitationem
1296 1116 1423 1150 pertinet.
1452 1115 1543 1148 Quare
1571 1116 1704 1144 adversus

914 1162 1043 1192 Arianos.
1060 1161 1106 1196 qui
1121 1160 1166 1188 Dei
1183 1160 1281 1188 Filium
1295 1165 1416 1188 creatum
1433 1168 1494 1189 esse
1507 1166 1613 1196 putant.
1629 1162 1704 1190 illius

915 1206 1081 1242 procedebat
1096 1206 1177 1238 ratio,
1190 1205 1273 1241 916
1289 1206 1360 1233 unde
1374 1210 1482 1240 postea,
1497 1214 1559 1233 cum
1573 1207 1608 1234 ab
1624 1206 1705 1234 Aria-

913 1253 958 1280 nis
972 1252 1051 1287 ipsis,
1071 1251 1124 1278 hoc
1143 1255 1186 1279 est
1208 1251 1332 1278 Eudoxio
1355 1255 1382 1278 et
1403 1251 1560 1286 Menophilo
1579 1259 1611 1279 ac
1642 1252 1707 1280 reli-

913 1297 995 1334 quis,
1013 1296 1209 1324 communione
1221 1297 1348 1331 privatus
1372 1301 1455 1329 esset,
1477 1297 1587 1325 eosdem
1612 1305 1705 1326 coram

915 1343 1083 1379 imperatore
1106 1343 1258 1378 redarguit,
1288 1350 1417 1370 asserens
1435 1343 1506 1371 idem
1537 1351 1567 1372 se
1585 1343 1705 1379 proﬂteri

914 1397 947 1417 ac
972 1390 1075 1417 sentire
1092 1396 1155 1416 cum
1174 1389 1229 1416 illis
1252 1382 1404 1417 omnibus:
1423 1388 1534 1423 Verum,
1552 1390 1704 1425 inquiebat.

914 1435 987 1470 quod
1013 1442 1096 1470 penes
1121 1442 1164 1462 me
1190 1442 1286 1462 verum
1313 1439 1366 1467 est,
1394 1435 1439 1463 isti
1463 1435 1653 1470 dissimulant;
1678 1441 1707 1463 et

914 1482 986 1516 quod
1012 1489 1064 1516 ego
1088 1488 1145 1516 pra:
1168 1488 1213 1508 me
1238 1480 1299 1508 fero
1320 1488 1352 1508 ac
1384 1481 1473 1516 palam
1498 1480 1641 1513 conﬁteor,
1667 1482 1706 1509 illi

914 1535 1010 1555 omnes
1034 1535 1089 1554 non
1110 1527 1270 1559 diih'tcntur,
1289 1526 1337 1554 sed
1361 1525 1548 1554 fraudulenter
1563 1526 1706 1562 obtegunt.

915 1571 1020 1599 Etenim
1037 1571 1084 1608 qui
1102 1576 1161 1598 turn
1181 1571 1343 1607 imperabat,
1369 1571 1403 1598 ab
1425 1571 1526 1598 Ariana
1546 1572 1591 1599 illa
1609 1576 1708 1606 tragce-

915 1618 959 1645 dia
976 1623 1150 1652 nequaquam
1168 1617 1342 1649 abhorrebat,
1363 1616 1410 1644 sed
1435 1617 1462 1644 in
1478 1624 1508 1644 ea
1526 1617 1626 1645 tuenda
1647 1618 1706 1652 pie-

66 1669 135 1696 Θιοῦ
158 1669 388 1705 παραιτούμενος,
415 1669 577 1705 ἠγανάκτει,
603 1669 650 1695 καὶ
671 1669 712 1701 εἰς
733 1669 861 1704 ὑπερόρι-

914 1667 997 1690 tatem
1023 1670 1055 1689 ac
1067 1662 1227 1697 religionem
1243 1662 1335 1689 inesse
1350 1661 1402 1689 sibi
1415 1666 1602 1696 persuaserat.
1619 1662 1707 1690 Idcm-

68 1714 137 1750 σμὺν
150 1714 309 1748 κατέταξεν,
324 1715 362 1747 ὡς
375 1715 431 1742 ἄνω
445 1714 655 1750 προδεδήλωται.

103 1848 141 1874 Δ⁷.
162 1846 303 1874 Ἐντεῦθεν
320 1846 391 1882 ἀρχὴ
413 1847 462 1880 τῆς
486 1847 619 1882 αἱρέσεως
640 1846 797 1881 γεγένηται*
814 1846 862 1872 καὶ

68 1892 122 1918 ἀπὸ
140 1891 189 1926 τῆς
213 1892 279 1926 μιᾶς
301 1891 457 1923 ὑποθέσεως
476 1893 516 1923 είς
533 1891 635 1927 πολλὴν
657 1891 752 1918 κακῶν
776 1891 862 1926 φορὰν

68 1937 164 1973 ἀρθεὶς
178 1938 193 1963 ό
208 1937 277 1972 ἀνὴρ
293 1937 342 1972 τὴν
356 1936 486 1968 διάνοιαν,
504 1936 599 1968 δεινῶς
616 1937 787 1972 κατέτρωσεν
799 1937 860 1962 ἑαυ-

67 1981 116 2008 τοῦ
129 1982 179 2017 τὴν
194 1981 283 2016 ψυχὴν
311 1981 357 2008 καὶ
373 1981 427 2007 τῶν
446 1980 560 2018 [αὐτῶν]
576 1981 651 2016 αὺτῷ
686 1981 860 2009 πεισθέντων.

75 2026 296 2062 Ἑφαντασιάσθη
320 2026 374 2061 γὰρ
399 2022 476 2057 οὗτος
497 2025 609 2061 ὕστερον
628 2026 715 2052 εἰπεῖν
733 2025 814 2057 αὐτός
832 2033 862 2051 τε

68 2073 119 2100 καὶ
137 2073 163 2098 0!
183 2072 229 2098 ὑπ’
250 2071 331 2098 αὐτοῦ
359 2070 607 2107 μεμαθητευμένοι,
631 2071 671 2097 ὅτι
690 2079 699 2096 ι
718 2070 829 2102 Οὕτως,
851 2080 860 2096 ι

68 2115 150 2150 φησὶ,
174 2124 184 2140 ι
202 2114 247 2140 τὺν
262 2113 328 2140 Θεὸν
344 2113 494 2149 ἐπίσταμαι
508 2112 726 2148 τηλαυγέστατα,
742 2113 789 2138 καὶ
805 2121 864 2138 τοσ-

68 2160 150 2187 οῦτον
173 2159 254 2186 αὐτὸν
275 2158 438 2193 ἐπίσταμαι,
462 2159 510 2184 καὶ
531 2154 601 2189 οῖδα,
623 2157 694 2184 ὥστε
712 2157 748 2192 μὴ
766 2157 863 2183 εἰδέναι

69 2205 202 2240 ἐμαυτὸν,
221 2204 258 2235 ὼς
279 2203 345 2230 Θιὺν
366 2201 493 2238 [μᾶλλον]
520 2202 679 2236 ἐπίσταμαι.
699 2199 816 2227 Nam
835 2200 863 2226 δὲ

69 2251 121 2277 ὅσα
135 2250 200 2285 περὶ
213 2248 307 2276 τούτου
320 2248 489 2283 ἀκηκόαμεν,
504 2247 595 2279 καθὼς
606 2247 700 2278 δεινῶς
714 2247 728 2272 ὁ
743 2245 864 2277 διάϐολος

70 2296 131 2322 ιιατ1
148 2295 232 2322 αὐτοῦ
253 2295 456 2330 ἐμηχανήσατο,
482 2293 572 2328 ψυχὰς
595 2292 746 2328 ἀνθρώπων
772 2291 864 2318 δελεα-

71 2342 192 2368 σθέντων
209 2340 352 2367 ἀπολέσαι.
375 2339 431 2366 Καὶ
445 2339 499 2375 γὰρ
514 2339 564 2365 οὐκ
579 2338 674 2372 ἄγεται
690 2338 782 2369 αὐτοῖς
799 2337 863 2372 περὶ
879 2329 901 2357 Ι)

71 2387 131 2422 βίου
147 2386 321 2421 σεμνότητος,
343 2385 374 2412 οὐ
401 2385 465 2420 περὶ
484 2383 626 2420 νηστειῶν,
641 2383 672 2409 οὐ
691 2384 755 2418 περὶ
771 2382 864 2409 ὲνταλ-

73 2433 168 2467 μάτων
185 2431 265 2461 Θεοῦ.
283 2431 313 2457 οὐ
330 2431 393 2467 περί
409 2439 481 2462 τινος
498 2430 591 2465 ἑτέρου
605 2429 660 2455 τῶν
678 2430 718 2460 εἰς
733 2429 805 2463 ζωὴν
819 2429 865 2455 ἁν-

72 2477 194 2512 ορώποις
205 2478 237 2503 ὲκ
248 2476 316 2503 Θεοῦ
328 2476 584 2512 προστεταγμένων,
597 2475 613 2511 ἢ
630 2475 709 2510 μόνον
720 2475 864 2510 πρόχειρος

72 2523 165 2554 αὐτοῖς
182 2523 196 2548 ό
213 2522 292 2556 λόγος
317 2521 350 2548 δι’
372 2521 431 2552 ἑνὸς
452 2521 573 2556 ῥήματος
589 2520 620 2547 τὸ
637 2521 700 2547 πᾶν·
718 2519 756 2551 ὡς
768 2520 795 2546 εἷ
809 2528 861 2552 τις,

73 2568 127 2595 ἀπὸ
142 2567 207 2603 νηὸς
225 2567 318 2602 ῥίψας,
333 2568 380 2594 καὶ
395 2567 444 2602 τὴν
462 2568 551 2593 πᾶσαν
569 2566 683 2602 ὲκῦολὴν
700 2566 747 2593 τοῦ
763 2566 864 2597 παντὸς

75 2613 174 2648 φόρτου
192 2613 318 2648 ποιήσας,
334 2612 459 2648 κατάσχῃ
473 2612 503 2639 δὲ
520 2612 549 2639 ἓν
563 2621 590 2638 τι
606 2611 659 2638 τῶν
681 2613 710 2638 ὲν
726 2611 764 2647 τῷ
780 2611 865 2647 πλοίῳ

75 2657 300 2694 ἑμῦεϐλημένων,
317 2658 441 2694 κεράμου
458 2658 488 2684 τέ
503 2666 574 2694 φημι
588 2657 606 2693 ἦ
621 2666 692 2689 τινος
707 2658 812 2693 ἑτέρου,
827 2657 866 2690 ὡς

74 2704 204 2732 δύνασθαι
216 2704 250 2731 δι’
261 2705 320 2737 ἐνὸς
335 2705 448 2737 σκεύους
461 2705 507 2732 τὸν
522 2705 612 2733 πάντα
629 2704 725 2731 πόντον
739 2705 866 2741 διανήξαο

113 2792 124 2807 ⁸
140 2794 171 2823 Ιτ.
195 2794 277 2821 una
287 2795 333 2822 τοῦ
348 2795 421 2822 τότε.

112 2870 169 2905 (87)
186 2871 329 2905 Ὕστερον
352 2871 402 2898 ὑπ’
432 2871 530 2899 αὐτῶν
556 2872 615 2899 τῶν
642 2872 807 2906 Ἀρικηνῶν.
824 2872 866 2900 Ab

78 2904 259 2942 iisividelioet
273 2904 436 2942 episcopis,
464 2908 510 2942 qui
536 2915 569 2934 ex
596 2904 711 2942 utroque
734 2907 865 2939 concilio,

78 2941 245 2970 Ariminensi
271 2948 303 2968 ac
328 2941 517 2973 Seleueiensi.
543 2941 807 2977 Constantinopolim
832 2942 865 2968 ad

280 2991 413 3020 ΡΑτιιοι.
435 2991 491 3019 (iu.
513 2990 608 3020 XLII.

912 1717 964 1744 que
981 1708 1081 1735 Filium
1097 1711 1252 1735 creaturam
1276 1715 1339 1734 esse
1359 1707 1413 1734 dici
1432 1707 1575 1735 molestius
1591 1707 1705 1740 ferebat,

912 1755 1082 1790 proindequc
1107 1753 1216 1781 Aetium
1243 1753 1270 1780 in
1288 1753 1416 1780 exsilium
1439 1753 1553 1788 relegari
1565 1753 1659 1789 jussit,
1677 1758 1707 1781 ut

915 1804 995 1827 antea
1011 1799 1194 1827 narravimus.

948 1844 993 1872 lV.
1014 1844 1084 1871 Hinc
1105 1851 1182 1871 nova:
1199 1843 1311 1872 haeresis
1329 1843 1479 1879 primordia
1493 1843 1612 1871 conﬂata
1630 1848 1707 1882 sunt,

912 1895 993 1925 atque
1006 1897 1038 1917 ex
1053 1889 1105 1916 hoc
1123 1895 1177 1916 uno
1190 1892 1352 1923 argumento
1373 1889 1555 1924 multiplicem
1574 1888 1607 1915 ad
1624 1889 1709 1916 malo-

914 1943 974 1963 rum
1001 1939 1120 1970 segetem
1149 1934 1271 1961 haeretici
1297 1934 1418 1961 hominis
1438 1934 1565 1962 sublatus
1587 1935 1706 1969 animus,

914 1985 968 2008 lam
993 1980 1046 2008 sibi
1074 1987 1156 2015 quam
1173 1980 1231 2007 suis
1255 1979 1447 2015 gravissimam
1470 1980 1575 2015 plagam
1597 1979 1706 2008 inﬂixit.

912 2025 963 2059 Qui
981 2025 1092 2060 quidem
1114 2032 1209 2052 omnes
1229 2029 1333 2052 tantam
1358 2025 1392 2052 ad
1415 2026 1565 2052 caecitatem
1590 2025 1709 2053 insolen-

913 2072 1035 2106 tiamque
1061 2071 1182 2105 pr0vceti
1205 2075 1278 2102 sunt,
1305 2075 1335 2097 ut
1362 2071 1428 2098 illud
1456 2071 1536 2105 vulgo
1547 2070 1706 2104 iactarent:

916 2127 925 2143 ι
941 2117 1007 2143 Tam
1025 2116 1168 2150 perspicue
1187 2115 1271 2143 Deum
1296 2116 1370 2148 novi,
1395 2123 1427 2142 ac
1445 2119 1547 2142 tantam
1567 2116 1640 2143 illius
1659 2124 1708 2143 no-

913 2161 1001 2188 titiam
1024 2168 1084 2188 sum
1114 2165 1292 2192 consecutus,
1323 2165 1352 2187 ut
1375 2168 1408 2188 ne
1437 2161 1570 2195 meipsum
1598 2161 1707 2195 quidem

914 2206 1012 2234 melius
1027 2214 1108 2241 quam
1126 2205 1210 2232 Deum
1228 2206 1361 2234 noverim.
1378 2215 1387 2232 ι
1406 2205 1475 2233 Sunt
1497 2210 1524 2233 et
1556 2207 1608 2232 alia
1625 2214 1706 2240 quam

915 2252 1041 2287 plurima,
1058 2259 1117 2287 qua:
1131 2252 1165 2279 de
1182 2251 1276 2278 eodem
1291 2252 1458 2287 accepimus,
1478 2251 1707 2287 quemadmodum

915 2306 963 2334 per
986 2298 1060 2325 illum
1078 2297 1204 2324 diabolus
1222 2298 1352 2332 majorem
1377 2298 1404 2324 in
1425 2298 1535 2324 modum
1562 2297 1588 2324 id
1610 2298 1706 2332 egerit,

919 2349 947 2372 ut
963 2348 1085 2379 captatas
1105 2344 1244 2371 hominum
1260 2344 1367 2371 animas
1389 2344 1416 2370 in
1441 2344 1554 2371 exitium
1575 2344 1703 2372 traheret.

918 2389 1023 2417 Etenim
1037 2389 1111 2416 nulla
1128 2389 1199 2423 apud
1213 2389 1273 2416 illos
1284 2397 1350 2416 cura
1367 2390 1519 2417 sanctitatis
1530 2394 1591 2422 est;
1608 2393 1655 2416 aut
1666 2389 1708 2423 je-

915 2435 1069 2470 juniorum,
1096 2440 1142 2462 aut
1166 2435 1356 2462 mandatorum
1384 2434 1431 2462 Dei
1450 2440 1643 2463 caeterarmnve
1662 2442 1706 2462 rc-

918 2487 992 2508 rum.
1008 2487 1068 2514 quae
1089 2479 1247 2507 hominibus
1266 2480 1358 2507 divino
1386 2480 1514 2507 mandato
1542 2481 1705 2516 prmscriptm

915 2529 988 2553 sunt.
1007 2526 1094 2561 Atque
1110 2526 1143 2553 ad
1169 2526 1260 2553 omnia
1285 2534 1368 2552 unum
1394 2526 1420 2553 in
1442 2530 1567 2561 promptu
1592 2527 1706 2554 verbum

916 2571 969 2598 illis
985 2574 1024 2598 est
1043 2580 1048 2597 :
1067 2572 1094 2598 in
1114 2580 1168 2606 quo
1187 2571 1301 2606 perinde
1319 2572 1372 2599 illis
1390 2572 1495 2599 acueilit
1520 2580 1551 2600 ac
1567 2573 1705 2607 naviganti

917 2617 1011 2650 alicui,
1029 2617 1075 2651 qui
1092 2617 1226 2652 ejectione
1241 2618 1372 2645 mercium
1387 2618 1508 2645 omnium
1525 2618 1607 2650 facta,
1624 2617 1705 2652 quid«

917 2662 989 2697 piam
1003 2670 1108 2695 eorum,
1125 2671 1185 2698 qua:
1201 2663 1228 2690 in
1240 2671 1336 2691 navem
1354 2664 1480 2699 imposita
1496 2670 1570 2696 sunt,
1586 2663 1705 2690 retinue-

918 2706 963 2739 rit,
982 2710 1047 2741 puta
1067 2707 1149 2735 ﬁctile
1171 2707 1281 2743 aliquod
1309 2716 1368 2742 vas,
1387 2712 1434 2736 aut
1451 2709 1563 2736 alterius
1585 2708 1703 2743 generis,

920 2871 1109 2909 Constantium
1140 2872 1225 2909 missi,
1243 2877 1344 2901 erant:
1364 2874 1528 2909 quibuscum
1557 2873 1704 2909 disputavit

920 2907 1023 2935 Actius.
1041 2907 1209 2936 Sozomenus
1220 2908 1267 2935 lib.
1288 2917 1324 2939 iv,
1348 2907 1407 2943 cap.
1428 2908 1469 2934 22.

1551 2989 1586 3017 17
