1931 3041
252 228 306 257 525

935 226 963 253 S.
985 225 1153 253 l'jl‘lPllANll

1820 229 1875 259 594

252 289 332 321 cujus
349 286 473 322 praesidio
485 290 570 312 totum
592 293 666 312 mare
687 284 777 311 nando
802 284 928 318 trajicere
943 292 973 311 ac
991 292 1033 310 sa-

1087 284 1158 316 σθαι,
1177 284 1221 311 καὶ
1238 284 1373 320 σωτηρίαν
1390 283 1479 319 ἑαυτῷ
1495 285 1739 319 προσπορίσασθαι·
1757 286 1873 320 σφαλέν-

254 335 337 361 lutem
349 340 507 367 comparare
522 332 572 359 sibi
592 335 693 366 possit;
707 331 752 366 qui
774 331 796 358 si
813 330 905 364 aliquo
921 329 1035 357 fortasse

254 387 318 407 casu
335 378 476 410 exciderit,
492 384 579 412 neque
603 385 635 404 ex
661 377 707 403 illo
722 383 794 406 vase,
811 383 890 410 quem
908 375 1035 410 sperabat

253 425 356 451 exitum
372 423 504 458 consequi
526 423 654 457 potuerit,
671 427 727 449 tum
745 429 810 448 vero
827 421 954 448 ﬂuctibus
968 421 1034 448 hau-

252 474 312 496 stus
329 472 415 496 totum
433 469 484 495 hoc
500 468 637 503 negotium
653 474 715 494 cum
732 467 820 494 salute
834 466 1032 500 pessundabit:

251 514 292 541 sic
318 513 413 540 Aetius
440 512 554 548 ejusque
582 515 730 539 sectatores
756 511 879 538 Anommi
907 511 979 545 quod
1008 511 1033 538 in

251 558 397 594 Evangelio
424 559 526 585 dictant
549 565 564 584 a
585 557 700 584 Domino
714 557 812 592 legitur
837 556 981 584 all'erentes
1007 558 1033 584 in

250 605 380 636 medium,
408 603 497 631 verbis
520 603 628 638 quidem
643 602 709 637 ipsis
734 605 857 634 utuntur,
874 601 921 629 sed
940 609 1033 629 eorum

250 651 303 677 vim
319 658 380 677 cum
398 654 470 677 recte
485 657 538 676 non
561 648 723 681 intelligant,
739 647 847 682 utrique
862 647 1034 674 vehementer

249 699 387 724 aberrant.
403 696 470 723 Cum
491 696 563 722 enim
581 701 731 721 occurrens
751 694 786 720 iis
809 692 910 728 aliquis
928 693 1035 720 divino-

249 749 310 769 rum
326 744 521 776 praeceptorum
534 738 698 766 mentionem
713 737 810 772 injicit.
825 745 857 764 ex
872 737 942 764 illius
953 736 1034 771 917

249 787 413 814 auctoritate
434 785 501 813 dicti
527 785 698 820 subjiciunt:
719 793 728 809 ι
743 782 815 810 Nihil
830 782 902 809 aliud
922 789 936 808 a
955 783 1034 810 nobis

248 832 371 868 ﬂagitare
383 831 477 862 Deum,
487 837 569 865 quam
580 834 609 856 ut
619 835 817 864 cognoscamus
830 828 931 863 ipsum,
944 835 1035 862 quem-

249 877 394 904 admodum
410 876 536 903 Christus
551 873 698 902 declaravit
715 873 757 900 his
772 873 863 901 verbis
877 880 883 898 :
902 872 942 899 Da
959 873 1032 906 ipsis,

251 924 344 954 Pater,
362 922 456 948 habere
472 921 498 947 in
516 920 608 954 “ipsis
624 920 714 947 vitam.
733 918 796 945 "an:
807 923 846 945 est
867 924 954 945 autem
968 918 1032 950 vita,

249 973 278 995 ut
290 971 449 1002 cognoscant
466 971 489 992 te
503 966 590 993 solum
603 973 691 992 verum
706 964 798 996 Deum,
813 968 837 991 et
852 971 926 998 quem
938 963 1034 991 misisti

247 1012 339 1041 Iesum
363 1011 527 1039 C/u‘islum‘.
542 1019 551 1036 ι
578 1010 646 1037 Nam
672 1013 699 1036 et
723 1009 868 1036 nonnullos
887 1008 1034 1036 referentes

248 1059 414 1090 audivimus.
433 1057 506 1092 quod
528 1056 561 1083 de
578 1057 624 1083 illo
650 1063 679 1083 se
698 1055 786 1090 palam
810 1053 918 1081 audisse
938 1053 1035 1081 testiﬁ-

248 1108 387 1135 careutur,
404 1110 467 1130 cum
489 1101 597 1137 quidam
613 1101 648 1128 ob
664 1106 787 1135 stuprum
803 1099 908 1127 feininze
930 1099 1034 1126 illatum

248 1153 456 1178 accusarentur,
472 1153 499 1175 et
518 1147 552 1174 ab
566 1147 628 1174 aliis
644 1147 851 1174 damnarentur.
870 1145 936 1172 nihil
958 1145 1033 1172 illum

252 1199 431 1224 commotum,
450 1193 497 1220 sed
513 1192 612 1219 factum
629 1191 695 1218 illud
715 1191 770 1225 risu
787 1199 818 1218 ac
837 1191 954 1218 ludibrio
971 1197 1034 1225 pro-

247 1244 407 1275 sequentem
423 1239 538 1270 dixisse,
556 1238 658 1265 nullius
671 1237 723 1264 hoc
738 1245 799 1264 esse
814 1237 953 1264 momenti.
970 1236 1034 1263 Cor-

244 1285 323 1319 poris
352 1284 424 1312 enitn
455 1284 523 1310 hanc
547 1291 609 1310 esse
639 1282 828 1310 necessitatem
854 1289 885 1308 ac
916 1282 1034 1309 functio-

246 1338 321 1361 nem,
333 1327 560 1363 quemadmodum
573 1334 666 1354 aurem
679 1333 873 1360 nonnunquam
886 1326 1033 1360 scalpimus

248 1377 416 1410 (quanquam
431 1381 460 1400 ea
479 1379 622 1400 recensere
636 1379 690 1399 non
704 1372 763 1399 sine
778 1372 877 1399 rubore
888 1379 1034 1407 possumus

244 1427 309 1455 qua:
325 1419 448 1453 impurus
465 1417 510 1444 ille
524 1416 666 1452 jactabat),
686 1416 733 1443 sed
748 1420 788 1449 ut,
804 1415 953 1452 inquiebat,
975 1417 1034 1451 pin-

246 1466 328 1497 nula,
357 1464 399 1491 vel
425 1463 528 1490 festuca
557 1469 651 1489 aurem
677 1461 836 1495 scalpimus,
869 1465 950 1495 atque
982 1461 1033 1488 hoc

249 1509 330 1537 modo
347 1508 467 1543 pruritus
485 1506 596 1538 desinit,
623 1505 663 1532 sic
681 1510 708 1533 et
726 1505 752 1532 id
779 1505 940 1532 naturaliter
955 1505 1034 1533 nobis

244 1555 348 1586 evertit,
370 1560 457 1587 neque
473 1551 617 1586 quisquam
636 1558 667 1577 ea
688 1558 716 1577 re
737 1550 859 1577 facienda
877 1555 980 1584 peccat.

285 1599 316 1627 ν.
333 1599 394 1626 ΠιΕο
406 1602 433 1625 et
449 1598 500 1624 alia
521 1602 576 1624 tum
591 1596 724 1631 ejusmodi
744 1596 882 1626 narrabat,
900 1603 931 1622 ac
946 1595 1034 1623 disso-

247 1647 304 1673 lute
315 1649 341 1673 ct
355 1644 477 1679 nequiter
486 1642 610 1673 docebat,
620 1646 648 1668 ut
660 1641 699 1668 vel
713 1649 744 1668 ex
761 1640 827 1675 ipsis
844 1639 932 1672 factis,
946 1640 1035 1675 cujus-

249 1691 321 1718 modi
342 1689 423 1717 fuerit
441 1689 495 1720 ille,
512 1691 627 1718 constet,
642 1693 746 1721 nosque
756 1685 806 1720 ipsi
819 1684 924 1711 Domini
934 1685 1034 1717 verbis,

246 1736 321 1763 wlnt
333 1735 392 1762 luce
408 1732 535 1768 quadam,
550 1733 749 1761 collustremur,
764 1731 809 1765 qui
831 1731 870 1757 sic
890 1730 1034 1758 admonet:

250 1781 383 1809 Attendile
406 1789 422 1807 α
449 1780 524 1814 falsis
545 1778 686 1813 prophetis,
705 1778 750 1812 qui
777 1777 879 1803 veniunt
899 1775 933 1802 ad
951 1785 993 1803 vos
1009 1777 1036 1803 in

251 1827 410 1855 vestimentis
428 1826 524 1857 ovium,
538 1824 693 1850 intrinsecus
708 1827 794 1849 autem
806 1827 866 1848 sunt
886 1821 941 1856 lupi
957 1829 1036 1856 rapa-

249 1881 301 1900 ces.
330 1872 350 1898 Α
372 1870 500 1905 fructibus
531 1877 621 1896 eorum
647 1867 806 1902 cognoscatis
828 1874 882 1893 eos.
910 1866 1036 1901 Nunquid

250 1917 376 1951 colligunt
391 1915 423 1942 de
438 1915 518 1948 spinis
542 1922 615 1944 uvas,
631 1917 677 1939 aut
699 1913 730 1938 de
748 1911 852 1938 tribulis
866 1911 932 1946 [itus
945 1911 972 1938 ’ἲ
991 1911 1037 1938 Sic

251 1961 333 1996 igitur
347 1959 520 1986 stolidissima
544 1957 616 1984 illius
638 1957 664 1982 in
688 1955 813 1982 nantibus
836 1955 949 1982 audacia
974 1954 1037 1981 hinc

250 2012 278 2034 et
295 2006 368 2033 illinc
394 2004 582 2039 redarguitur:
599 2005 691 2037 utpote
711 2001 756 2035 qui
781 2005 875 2027 contra
893 2000 1036 2027 Dominum

252 2053 341 2088 ipsum
361 2050 520 2078 ell'renatum
547 2056 578 2076 os
608 2047 731 2074 attollere
755 2053 807 2073 non
835 2045 983 2077 dubitavit,
1009 2046 1035 2072 in

250 2104 368 2132 eumque
384 2096 442 2122 sine
457 2095 510 2122 ullo
533 2093 635 2128 pudore
654 2091 795 2119 maledicta
807 2091 934 2125 conjeclt,
952 2095 981 2117 ut
1004 2099 1036 2118 cx

252 2142 318 2178 ipsis
329 2141 485 2177 petulantia:
498 2147 528 2166 ac
542 2138 680 2166 dissolute
696 2137 816 2164 libidinis
829 2136 961 2163 fructibus
974 2143 1037 2171 pru-

251 2188 389 2216 dentiores
406 2187 506 2221 quique
523 2185 673 2220 periculum
694 2183 766 2210 illius
791 2182 919 2210 facientes
938 2183 973 2210 ab
988 2183 1037 2210 iis-

252 2236 314 2263 dem
332 2234 384 2261 illis
403 2231 562 2267 cotligendis
576 2229 740 2257 abstineant.
757 2227 848 2263 Neque
862 2229 933 2255 enim
950 2236 965 2256 e
980 2229 1037 2262 spi-

1084 338 1129 361 τος
1138 330 1167 356 δὲ
1180 330 1228 356 τοῦ
1242 330 1373 360 τοιούτου,
1390 329 1437 356 καὶ
1446 330 1495 364 οὐχ
1507 330 1544 361 ὡς
1560 329 1733 365 ὑπελάμϐανε
1747 333 1812 366 περὶ
1824 332 1873 359 τοῦ

1085 375 1154 409 μετὰ
1167 376 1245 410 χεῖρα
1259 375 1371 406 σκεύους
1382 374 1413 400 τὸ
1427 374 1513 410 πέρας
1529 375 1666 410 εὑρόντος,
1684 375 1798 411 ὕστερον
1809 377 1874 403 ὕπο-

1085 420 1196 456 6ρυχίου
1209 421 1360 454 γεγονότος,
1373 421 1500 447 ἐκπεσεῖν
1515 420 1564 455 τῆς
1576 420 1664 456 πάσης
1679 423 1872 457 πραγματείας

1083 475 1113 493 τε
1128 467 1175 493 καὶ
1190 467 1335 502 σωτηρίας·
1350 467 1421 494 οὕτω
1435 467 1481 494 καὶ
1495 463 1573 499 οὗτος
1585 468 1600 493 ὁ
1625 467 1725 500 Ἀέτιος
1741 469 1791 495 καὶ
1806 470 1830 494 οἱ
1842 469 1872 502 ἐξ

1083 511 1167 537 αὑτοῦ
1188 511 1332 546 Ἅνόμοιοι,
1346 511 1387 542 είς
1399 511 1480 545 μέσον
1494 511 1622 546 φέροντες
1637 511 1666 537 τὸ
1683 511 1765 547 ῥητὸν
1777 512 1810 538 τὺ
1820 513 1873 539 ὑπὸ

1083 556 1130 582 τοῦ
1152 557 1256 592 Κυρίου
1282 557 1310 582 ἑν
1332 556 1370 591 τῷ
1393 556 1551 591 Εὑαγγελίῳ
1574 556 1727 591 είρημένον,
1752 557 1805 592 τὴν
1822 557 1874 592 μὲν

1083 601 1154 633 λέξιν
1170 601 1346 636 ὑφηγοῦνται,
1368 601 1417 636 τὴν
1438 601 1466 627 δὲ
1482 601 1567 635 αὐτῆς
1583 601 1696 636 δύναμιν
1715 603 1766 628 οὐκ
1782 603 1873 638 ὀρθῶς

1084 647 1253 681 κατέχοντες,
1275 646 1420 680 σφάλλεται
1444 647 1491 673 καὶ
1517 647 1687 680 σφάλλονται.
1710 649 1798 674 Ὅταν
1818 649 1874 684 γὰρ

1083 692 1174 723 αὐτοῖς
1190 690 1345 726 περιτύχοιέ
1359 699 1411 722 τις.
1430 691 1477 717 καὶ
1488 691 1551 726 περὶ
1562 691 1674 718 ἐντολῶν
1687 692 1870 728 ὑπομνήσειε,

1082 736 1161 763 τοῦτο
1176 736 1336 771 φάσκουσιν,
1352 736 1389 768 ὡς
1402 735 1454 770 ἐφη
1473 735 1503 762 τὸ
1520 736 1611 770 ῥητὸν,
1626 736 1666 763 ὅτι
1685 745 1693 761 ι
1710 737 1796 763 otes»
1811 738 1871 764 ἓτε-

1083 783 1131 818 ρόν
1153 783 1226 809 ἐστιν
1248 782 1262 808 ὃ
1282 782 1358 818 ζητεῖ
1372 781 1438 813 Θεὸς
1455 782 1519 817 παρ’
1547 782 1634 817 ἡμῶν,
1654 783 1710 809 ἀλλ’
1731 783 1777 811 ἵνα
1793 785 1872 818 γινώ-

1084 836 1193 863 σκωμεν
1207 827 1289 854 αὑτὸν
1306 827 1396 862 μόνον,
1411 826 1449 858 ὠς
1468 827 1514 853 καὶ
1526 827 1540 852 ὁ
1556 827 1672 862 Χριστὸς
1692 828 1757 864 ἔφη,
1776 830 1870 864 φησὶν,

1083 872 1112 899 ἐν
1126 873 1164 907 τῷ
1185 872 1275 906 λέγειν
1295 872 1386 899 αὐτόν·
1408 871 1462 904 Δὸς
1481 871 1593 905 αὐτοῖς,
1612 872 1718 907 Πάτερ,
1740 874 1826 908 ἔχειν
1838 875 1874 901 ἐν

1083 918 1200 950 ἑαυτοῖς
1212 917 1297 951 ζωήν.
1311 918 1391 952 Αῦτη
1401 917 1434 944 δέ
1446 918 1531 944 ἐστιν
1538 918 1557 952 ὴ
1566 917 1632 952 ζωὴ,
1641 918 1690 945 ἵνα
1700 920 1873 954 γινὼσκωσί

1084 969 1121 990 σε
1136 962 1190 990 τὸν
1204 964 1300 997 μόνον
1310 963 1454 997 ἀληθινρν
1467 963 1552 995 Θεὸν,
1572 963 1621 990 καὶ
1637 963 1673 990 ὃν
1687 964 1874 999 ἀπέστειλας

1091 1007 1206 1041 Ἰησοῦν
1220 1007 1350 1041 Χριστόν
1363 1007 1550 1043 »Ἀκηκόαμεν
1564 1007 1617 1043 γὰρ
1634 1008 1681 1036 καί
1692 1017 1774 1036 τινων
1784 1010 1874 1044 λεγόν-

1083 1061 1147 1083 των,
1170 1052 1208 1084 ὡς
1230 1053 1296 1088 παρ’
1313 1051 1395 1078 αὑτοῦ
1415 1053 1536 1088 ἐναργῶς
1560 1054 1726 1088 ἀκηκόασιν,
1742 1054 1782 1088 ὥς
1798 1065 1872 1089 τινες

1083 1097 1284 1133 κατηγοροῦντο
1296 1097 1343 1124 ἐπὶ
1355 1097 1513 1134 ἁτοπήματι
1529 1099 1655 1133 γυναικὸς
1665 1099 1776 1136 ᾅδοντες
1785 1101 1807 1134 ³,
1823 1103 1871 1128 καὶ

1083 1144 1314 1178 κατεγινώσκοντο
1332 1143 1377 1171 ὑπ’
1395 1144 1495 1172 αὐτῶν.
1525 1144 1554 1171 Ὀ
1573 1145 1601 1172 δὲ
1616 1145 1676 1172 οὐδὲ
1689 1146 1754 1182 περὶ
1767 1147 1873 1175 τούτων

1083 1191 1208 1226 χαλεπῶς
1224 1190 1330 1226 ἔφερεν·
1349 1190 1418 1218 ἀλλὰ
1435 1191 1481 1218 καὶ
1497 1191 1585 1226 μάτην
1602 1191 1741 1227 ἐχλεύαζε,
1756 1193 1872 1227 φάσκων

1085 1236 1166 1272 μηδὲν
1180 1234 1289 1263 εἶναιτὸ
1298 1236 1427 1263 τοιοῦτον.
1440 1236 1586 1272 Σωματικὴ
1602 1237 1656 1273 γάρ
1671 1239 1746 1265 ἐστιν
1759 1239 1776 1274 ἡ
1791 1239 1871 1275 χρεία

1083 1283 1130 1310 καὶ
1149 1284 1165 1318 ἡ
1183 1283 1331 1319 ὑπηρεσία’
1347 1283 1440 1318 ὥσπερ
1454 1282 1518 1320 γὰρ,
1533 1283 1610 1318 φησὶ,
1625 1284 1688 1319 περὶ
1699 1284 1730 1311 τὸ
1745 1282 1795 1316 οὖς
1806 1294 1872 1320 κνη‹

1083 1328 1185 1363 θόμεθα
1194 1329 1251 1363 (καὶ
1259 1328 1340 1360 αὐτὸς
1355 1328 1405 1364 μὲν
1421 1328 1546 1363 αἰδοῦμαι
1555 1327 1642 1362 λέγειν
1650 1329 1754 1365 ὅσαπερ
1766 1330 1871 1362 ἐκεῖνος

1083 1371 1237 1407 ἀκάθαρτος
1258 1372 1427 1408 διηγήσατο),
1447 1372 1573 1404 λαϐόντες
1590 1372 1628 1404 δὲ,
1643 1373 1720 1407 φησι,
1741 1374 1870 1409 πτερὺνῆ

1084 1417 1199 1452 κάρφος.
1217 1417 1247 1444 τὸ
1261 1415 1307 1448 οὖς
1322 1417 1484 1452 κνηθόμεθα,
1504 1417 1551 1443 καὶ
1571 1417 1642 1444 οὕτω
1662 1418 1806 1453 παυόμεθα
1822 1419 1872 1454 τῆς

1085 1464 1150 1499 περὶ
1170 1463 1219 1498 τὴν
1241 1463 1325 1498 ἀκοὴν
1345 1462 1501 1498 κνησμονῆς
1512 1470 1519 1477 ·
1537 1462 1608 1490 οὕτω
1626 1463 1774 1495 καὶτοῦτο,
1791 1465 1870 1500 φησὶ.

1085 1507 1226 1543 συμϐαίνει
1245 1507 1314 1534 κατὰ
1329 1507 1420 1542 φύσιν
1442 1508 1489 1534 καὶ
1507 1507 1590 1540 εἴτις
1610 1502 1802 1542 ἐπιτελέσειεν,
1820 1509 1871 1545 οὐχ

1084 1553 1246 1589 ἁμαρτάνει.

1121 1598 1158 1625 Ε’.
1171 1598 1226 1624 Καὶ
1239 1599 1290 1625 ὅσα
1297 1597 1407 1624 τοιαῦτα
1421 1599 1434 1624 ὁ
1444 1597 1512 1633 ἀνὴρ
1526 1598 1713 1634 διηγούμενος,
1722 1599 1829 1636 ὑδαρῶς
1836 1601 1871 1628 τὰ

1086 1644 1174 1670 πάντα
1184 1643 1230 1670 καὶ
1243 1643 1335 1674 κακῶς
1346 1643 1482 1669 ἐδίδασκεν
1491 1652 1497 1658 ·
1512 1643 1555 1670 ἵνα
1568 1643 1597 1677 ἐξ
1609 1643 1697 1670 αὐτῶν
1710 1644 1765 1671 τῶν
1781 1645 1871 1680 ἔργων

1084 1688 1164 1723 ὀφθῇ,
1181 1688 1207 1714 τί
1221 1688 1269 1723 μὲν
1282 1685 1359 1720 οὗτός
1371 1688 1444 1715 ἐστιν
1456 1696 1462 1703 ·
1477 1689 1501 1714 οί
1518 1688 1545 1715 δὲ
1558 1689 1604 1716 τοῦ
1615 1689 1717 1725 Κυρίου
1730 1689 1802 1724 λόγοι
1821 1699 1870 1717 σα-

1085 1734 1142 1768 φῶς
1158 1734 1223 1769 ἡμῖν
1235 1734 1453 1767 καταυγάσωσιν,
1468 1734 1506 1766 ὡς
1522 1734 1596 1768 ἔλεγε
1608 1743 1614 1749 ·
1632 1735 1798 1769 Προσέχετε
1810 1736 1870 1763 ἀπὸ

1085 1779 1144 1806 τῶν
1161 1778 1424 1813 ψευδοπροφητῶν,
1433 1779 1542 1811 οἵτινες
1553 1779 1691 1813 ἔρχονται
1706 1780 1781 1814 πρὸς
1794 1779 1870 1814 ὑμᾶς

1085 1825 1120 1851 ἐν
1133 1824 1278 1858 ἐνδύμασι
1294 1824 1457 1857 προϐάτων,
1469 1824 1580 1851 ἔσωθεν
1594 1823 1627 1851 δέ
1643 1825 1702 1851 εἱσι
1717 1825 1806 1852 λύκοι
1821 1825 1870 1858 ἄρα

1086 1877 1188 1904 nurse.
1208 1869 1275 1896 Ἀπὸ
1288 1869 1347 1896 τῶν
1359 1869 1480 1903 καρπῶν
1497 1869 1595 1896 αὐτῶν
1605 1870 1808 1905 ἐπιγνώσεσθε
1817 1872 1871 1899 σὺ·

1085 1917 1165 1948 τούς.
1180 1914 1256 1948 Μήτι
1266 1914 1471 1949 συλλέγουσιν
1479 1915 1538 1941 ἀπὸ
1551 1915 1690 1943 ἀκανθῶν
1699 1918 1869 1950 σταφυλας,

1086 1961 1105 1995 ἣ
1121 1961 1180 1989 ἀπὸ
1202 1961 1344 1994 τριϐόλων
1365 1960 1461 1992 σῦκα;
1485 1960 1561 1987 Οὕτω
1575 1961 1622 1987 καὶ
1643 1961 1661 1996 ἡ
1681 1961 1776 1988 τούτου
1799 1962 1870 1989 κατὰ

1086 2005 1175 2032 πάντα
1192 2005 1241 2040 τῆς
1259 2005 1387 2040 ἁνοησίας
1405 2005 1492 2040 τόλμα
1510 2005 1634 2032 ἐντεῦθεν
1649 2005 1696 2032 καὶ
1710 2006 1814 2033 ἐκεῖθεν
1832 2007 1869 2033 δι-

1086 2051 1226 2085 ελέγχεται
1235 2059 1242 2066 ·
1255 2050 1293 2081 ὡς
1308 2050 1357 2085 μὲν
1374 2050 1443 2077 κατὰ
1450 2049 1496 2076 τοῦ
1507 2050 1641 2076 Δεσπότου
1658 2050 1741 2077 αὑτοῦ
1752 2051 1868 2077 ἀνέτεινε

1085 2097 1116 2124 τὸ
1126 2097 1214 2132 στόμα
1226 2095 1447 2131 ἀθυρογλωττῶν,
1456 2096 1495 2126 είς
1508 2095 1553 2122 τὸν
1563 2095 1659 2122 ἑαυτοῦ
1674 2096 1778 2131 Κύριον
1791 2096 1869 2131 βλασ-

1086 2143 1187 2177 φημεῖν
1208 2141 1245 2176 μὴ
1276 2140 1482 2175 αἰσχυνόμενος.
1505 2140 1548 2167 ἵνα
1564 2141 1611 2167 καὶ
1632 2141 1664 2167 ἐκ
1684 2140 1739 2167 τῶν
1757 2142 1869 2177 καρπῶν

1085 2187 1136 2222 τῆς
1145 2186 1228 2214 αὐτοῦ
1241 2186 1388 2217 ἀκολασίας
1401 2185 1447 2212 καὶ
1461 2185 1624 2221 ὑδαρότητος
1638 2185 1663 2212 οἱ
1678 2186 1785 2212 συνετοὶ
1798 2186 1868 2212 δοκι-

1089 2232 1224 2268 μάσαντες
1244 2231 1281 2266 μὴ
1294 2231 1444 2266 δρέψωνται
1458 2231 1511 2258 τῶν
1522 2230 1611 2258 αὐτῶν
1627 2231 1751 2266 καρπῶν.
1766 2232 1802 2258 Οὐ
1818 2231 1869 2266 γὰρ

251 2281 296 2308 nis
318 2287 368 2307 uva
393 2278 490 2305 demeti
515 2280 614 2311 potest.
637 2279 666 2302 ut
687 2282 719 2301 ex
745 2273 890 2308 depravata
915 2274 1033 2301 doctrina

1089 2278 1197 2305 δύναται
1208 2277 1237 2310 ἐξ
1249 2276 1372 2303 ἀκανθῶν
1391 2277 1510 2311 σταφυλὴ
1523 2276 1685 2312 τρυγᾶσθαι,
1703 2277 1748 2304 ἵνα
1758 2277 1804 2304 καὶ
1819 2277 1869 2303 ἀπὸ

251 2325 385 2353 sanctitas
410 2323 523 2350 oriatur.
541 2321 640 2348 Verum
667 2320 724 2347 lucc
747 2319 780 2346 de
801 2319 909 2347 homine
934 2319 980 2346 illo
1003 2318 1037 2345 ab

238 2365 313 2396 aliis
333 2371 442 2402 accepta
456 2366 620 2394 didicimus:
636 2365 663 2392 in
683 2365 754 2392 illius
769 2371 850 2399 porro
866 2363 1037 2398 dogmatibus

252 2422 316 2442 cum
339 2413 423 2440 multa
447 2411 501 2440 sint
526 2411 634 2439 furiosa:
657 2411 788 2438 adversus
811 2409 953 2436 Dominum
978 2410 1036 2443 ejus

252 2458 404 2485 insolentiae
427 2460 620 2487 consentanea,
645 2462 730 2490 pauca
750 2454 801 2481 hoc
817 2453 877 2480 loco
893 2453 926 2480 de
944 2453 1037 2481 multis

253 2504 400 2539 proferam,
419 2509 525 2537 unaque
541 2501 573 2528 ad
587 2508 618 2528 ea
638 2499 779 2527 refutanda
793 2499 892 2529 dicam.
911 2506 970 2533 qua:
984 2498 1036 2524 Do-

254 2549 344 2576 minus
360 2548 472 2575 dicenda
488 2546 665 2574 concesserit.
693 2544 764 2572 Sane
783 2545 891 2580 quidem
905 2545 1037 2579 ejusmodi

251 2599 295 2622 est
308 2594 430 2621 Anommi
444 2594 516 2621 illius
533 2593 560 2619 in
576 2590 737 2619 stabilienda
750 2591 874 2626 dogmate
889 2591 1036 2622 calumnia,

252 2641 320 2676 nihil
344 2645 373 2667 ut
397 2640 468 2666 aliud
493 2642 589 2673 prmter
616 2636 809 2664 sententiarum
831 2637 941 2664 umbras
955 2637 1038 2672 918

248 2695 284 2714 ac
301 2686 491 2714 similitudines
508 2688 690 2716 consectetur,
704 2690 764 2718 quae
779 2682 897 2722 tametsi.
909 2690 941 2709 ex
964 2682 1037 2709 Scri-

238 2729 340 2766 'pturis
352 2730 419 2765 ipsis
437 2729 593 2761 aﬂ'erantur,
621 2729 699 2764 longe
721 2732 811 2755 tamen
828 2727 910 2754 alium
926 2734 1036 2755 sensum

251 2776 403 2807 continent,
418 2779 446 2802 ut
464 2782 524 2802 cum
541 2774 620 2801 aliam
640 2773 750 2801 omnino
765 2773 817 2799 vim
834 2776 861 2799 et
877 2776 1036 2807 potestatem

1089 2323 1139 2358 τῆς
1149 2323 1389 2354 κακοδιδασκαλίας
1401 2324 1416 2358 ὴ
1432 2323 1563 2358 σεμνότης
1573 2322 1677 2358 ὀφθείη.
1699 2323 1781 2350 Ἀλλὰ
1790 2323 1867 2350 ταῦτα

1091 2369 1140 2404 μὲν
1165 2369 1228 2405 περὶ
1243 2369 1287 2395 τὸν
1309 2368 1393 2404 ἄνδρα.
1405 2368 1534 2402 γεγονότα
1549 2367 1707 2402 ἀκηκόαμεν
1736 2369 1785 2395 καὶ
1805 2377 1868 2403 συμ-

1089 2414 1224 2449 ϐεϐηκότα
1235 2422 1241 2430 ·
1258 2414 1301 2441 διὰ
1318 2414 1346 2440 δὲ
1361 2414 1414 2440 τῶν
1425 2413 1511 2448 λόγων
1525 2412 1606 2440 αὐτοῦ
1617 2413 1752 2440 ἀκόλουθα
1768 2415 1806 2446 εἰς
1820 2422 1866 2449 μα·

1089 2459 1147 2486 νίαν
1161 2458 1266 2494 ἄρσεως
1282 2458 1353 2486 κατὰ
1367 2458 1414 2484 τοῦ
1429 2458 1529 2493 Κυρίου
1543 2457 1733 2493 τολμηθείσης,
1745 2458 1784 2490 ὼς
1795 2458 1865 2493 ἐςτιν,

1089 2504 1173 2533 πολλὰ
1186 2504 1234 2540 μὲν
1253 2504 1336 2536 ἐστιν,
1359 2504 1435 2538 ὀλίγα
1453 2503 1481 2530 δὲ
1496 2503 1549 2530 ἀπὸ
1563 2503 1617 2529 τῶν
1635 2503 1767 2529 πλειόνων
1784 2512 1866 2539 παραυ

1089 2549 1216 2585 θήσομαι.
1232 2550 1304 2585 Πρὸς
1318 2549 1386 2577 αὐτὰ
1400 2550 1427 2577 δὲ
1444 2550 1462 2577 ἃ.
1474 2550 1487 2575 ὸ
1504 2549 1605 2584 Κύριος
1619 2549 1710 2576 δίδωσι
1723 2550 1792 2584 πρὸς
1807 2551 1865 2576 ἀνει-

1088 2595 1200 2630 τροπὴν,
1215 2595 1261 2622 καὶ
1277 2595 1353 2622 αὐτοὶ
1374 2595 1497 2632 λέξομεν.
1522 2595 1578 2622 Καὶ
1595 2594 1667 2622 ἔστιν
1682 2595 1699 2630 ἡ
1717 2595 1811 2621 τούτου
1824 2594 1863 2621 τοῦ

1095 2640 1232 2676 Ἀνομοίου
1255 2641 1304 2676 τῆς
1326 2641 1442 2672 πίστεως
1465 2640 1621 2675 ὲρεσχελὶα,
1645 2640 1691 2666 καὶ
1711 2639 1766 2666 τῶν
1788 2640 1861 2674 λόγωι

1089 2684 1256 2720 ἀπεικασμοὶ
1269 2682 1352 2716 οὗτοι,
1370 2685 1401 2710 ὲκ
1414 2684 1528 2720 Γραφῶν
1544 2684 1593 2719 μὲν
1605 2683 1757 2719 λεγόμενοι,
1770 2684 1815 2718 οὔχ
1825 2683 1861 2709 (ιῦ-

1087 2738 1141 2760 τως
1155 2730 1182 2756 δὲ
1195 2729 1264 2756 κατὰ
1277 2730 1322 2757 τὸν
1335 2730 1395 2756 νοῦν
1410 2729 1526 2764 ἔχοντες,
1543 2729 1611 2756 ἀλλὰ
1624 2729 1711 2760 ἄλλως
1729 2729 1779 2763 τὴν
1794 2728 1865 2754 δίνα-

1093 2782 1139 2808 μιν
1153 2774 1271 2808 ἔχοντες,
1286 2775 1333 2801 ἀπ’
1347 2775 1428 2801 αὑτοῦ
1441 2775 1469 2801 δὲ
1487 2774 1574 2807 οὕτως
1589 2774 1800 2810 λαμϐανόμενοι.

254 2822 382 2854 habeant,
400 2823 433 2849 ab
451 2822 496 2849 illo
515 2826 604 2849 tamen
625 2820 790 2848 contrariam
805 2819 837 2847 ad
856 2825 972 2847 mentem
985 2820 1208 2855 detorqueantur.

291 2897 300 2912 '
313 2896 391 2924 Joan.
405 2905 469 2929 xvu,
485 2898 511 2924 5.

550 2899 559 2913 ¹
578 2897 670 2924 Matth.
690 2904 736 2928 vn,
755 2896 786 2923 15
815 2897 856 2922 lt}.
896 2897 905 2911 ³
922 2895 950 2922 F‘.
965 2895 1085 2926 ἁλόντες.
