  <div class='ocr_page' id='page_1' title='image "/cluster/home/n/w/nwhite01/storage/ocr_20150623/42/njp.32101077772588/276.png"; bbox 0 0 1931 3041; ppageno 0'>
   <div class='ocr_carea' id='block_1_1' title="bbox 97 225 152 255">
    <p class='ocr_par' dir='ltr' id='par_1_1' title="bbox 97 225 152 255">
     <span class='ocr_line' id='line_1_1' title="bbox 97 225 152 255; baseline 0 0"><span class='ocrx_word' id='word_1_1' title='bbox 97 225 152 255; x_wconf 71' lang='lat'><strong>5‘35</strong></span> 
     </span>
    </p>
   </div>
   <div class='ocr_carea' id='block_1_2' title="bbox 454 224 882 257">
    <p class='ocr_par' dir='ltr' id='par_1_2' title="bbox 454 224 882 255">
     <span class='ocr_line' id='line_1_2' title="bbox 454 224 882 255; baseline 0 -2"><span class='ocrx_word' id='word_1_2' title='bbox 454 228 500 253; x_wconf 75' lang='lat' dir='ltr'><strong>Al)</strong></span> <span class='ocrx_word' id='word_1_3' title='bbox 508 225 639 254; x_wconf 68' lang='lat' dir='ltr'><strong>VERSUS</strong></span> <span class='ocrx_word' id='word_1_4' title='bbox 659 224 832 255; x_wconf 70' lang='grc' dir='ltr'>ΠιΕΠΕδΕὸ</span> <span class='ocrx_word' id='word_1_5' title='bbox 851 225 882 253; x_wconf 85' lang='lat' dir='ltr'><strong>LI</strong></span> 
     </span>
    </p>
   </div>
   <div class='ocr_carea' id='block_1_3' title="bbox 933 224 1469 257">
    <p class='ocr_par' dir='ltr' id='par_1_3' title="bbox 934 225 1469 257">
     <span class='ocr_line' id='line_1_3' title="bbox 934 225 1469 257; baseline 0.004 -4"><span class='ocrx_word' id='word_1_6' title='bbox 934 225 979 253; x_wconf 86' lang='lat' dir='ltr'><strong>Ill.</strong></span> <span class='ocrx_word' id='word_1_7' title='bbox 1000 226 1081 255; x_wconf 75' lang='lat' dir='ltr'><strong>TOM.</strong></span> <span class='ocrx_word' id='word_1_8' title='bbox 1103 226 1112 254; x_wconf 90' lang='grc' dir='ltr'><strong>Ι</strong></span> <span class='ocrx_word' id='word_1_9' title='bbox 1143 243 1177 248; x_wconf 91' lang='grc'><strong>-</strong></span> <span class='ocrx_word' id='word_1_10' title='bbox 1197 227 1334 257; x_wconf 73' lang='grc' dir='ltr'><strong>ΗΑΞΠΕΞ.</strong></span> <span class='ocrx_word' id='word_1_11' title='bbox 1353 228 1469 257; x_wconf 76' lang='lat' dir='ltr'><strong>LXXVI.</strong></span> 
     </span>
    </p>
   </div>
   <div class='ocr_carea' id='block_1_4' title="bbox 1681 229 1734 257">
    <p class='ocr_par' dir='ltr' id='par_1_4' title="bbox 1681 229 1734 257">
     <span class='ocr_line' id='line_1_4' title="bbox 1681 229 1734 257; baseline 0.057 -3"><span class='ocrx_word' id='word_1_12' title='bbox 1681 229 1734 257; x_wconf 68' lang='lat'><strong>596</strong></span> 
     </span>
    </p>
   </div>
   <div class='ocr_carea' id='block_1_5' title="bbox 134 283 882 324">
    <p class='ocr_par' dir='ltr' id='par_1_5' title="bbox 134 283 882 322">
     <span class='ocr_line' id='line_1_5' title="bbox 134 283 882 322; baseline 0.001 -11"><span class='ocrx_word' id='word_1_13' title='bbox 134 283 181 318; x_wconf 74' lang='grc' dir='ltr'><strong>ς’.</strong></span> <span class='ocrx_word' id='word_1_14' title='bbox 197 283 298 312; x_wconf 68' lang='grc' dir='ltr'>Φάσκει</span> <span class='ocrx_word' id='word_1_15' title='bbox 314 284 342 311; x_wconf 74' lang='grc' dir='ltr'><strong>δὲ</strong></span> <span class='ocrx_word' id='word_1_16' title='bbox 358 284 438 317; x_wconf 77' lang='grc' dir='ltr'>εὐθὺς</span> <span class='ocrx_word' id='word_1_17' title='bbox 454 285 485 311; x_wconf 83' lang='grc' dir='ltr'>ὲν</span> <span class='ocrx_word' id='word_1_18' title='bbox 499 286 581 322; x_wconf 80' lang='grc' dir='ltr'>ἀρχῇ.</span> <span class='ocrx_word' id='word_1_19' title='bbox 598 286 639 313; x_wconf 82' lang='grc' dir='ltr'>ὅτι</span> <span class='ocrx_word' id='word_1_20' title='bbox 660 295 669 312; x_wconf 73' lang='grc' dir='ltr'><strong>ι</strong></span> <span class='ocrx_word' id='word_1_21' title='bbox 684 287 721 313; x_wconf 76' lang='grc' dir='ltr'><strong>Οὐ</strong></span> <span class='ocrx_word' id='word_1_22' title='bbox 736 286 848 314; x_wconf 84' lang='grc' dir='ltr'>δύναται</span> <span class='ocrx_word' id='word_1_23' title='bbox 861 286 882 313; x_wconf 76' lang='grc' dir='ltr'><strong>τὲ</strong></span> 
     </span>
    </p>
   </div>
   <div class='ocr_carea' id='block_1_6' title="bbox 933 283 1735 324">
    <p class='ocr_par' dir='ltr' id='par_1_6' title="bbox 981 286 1735 324">
     <span class='ocr_line' id='line_1_6' title="bbox 981 286 1735 324; baseline 0.004 -11"><span class='ocrx_word' id='word_1_24' title='bbox 981 286 1022 314; x_wconf 79' lang='lat' dir='ltr'><strong>Vl.</strong></span> <span class='ocrx_word' id='word_1_25' title='bbox 1041 287 1110 323; x_wconf 88' lang='lat' dir='ltr'><strong>Ergo</strong></span> <span class='ocrx_word' id='word_1_26' title='bbox 1129 289 1164 315; x_wconf 91' lang='lat' dir='ltr'><strong>ita</strong></span> <span class='ocrx_word' id='word_1_27' title='bbox 1181 289 1272 316; x_wconf 86' lang='lat' dir='ltr'><strong>statim</strong></span> <span class='ocrx_word' id='word_1_28' title='bbox 1293 289 1371 316; x_wconf 90' lang='lat' dir='ltr'><strong>initio</strong></span> <span class='ocrx_word' id='word_1_29' title='bbox 1388 286 1529 323; x_wconf 75' lang='lat' dir='ltr'><strong>disputat:</strong></span> <span class='ocrx_word' id='word_1_30' title='bbox 1552 296 1560 314; x_wconf 76' lang='grc' dir='ltr'><strong>ι</strong></span> <span class='ocrx_word' id='word_1_31' title='bbox 1580 287 1640 315; x_wconf 81' lang='lat' dir='ltr'><strong>Non</strong></span> <span class='ocrx_word' id='word_1_32' title='bbox 1654 295 1735 324; x_wconf 83' lang='lat' dir='ltr'><strong>posse</strong></span> 
     </span>
    </p>
   </div>
   <div class='ocr_carea' id='block_1_7' title="bbox 97 328 891 370">
    <p class='ocr_par' dir='ltr' id='par_1_7' title="bbox 97 328 891 370">
     <span class='ocr_line' id='line_1_7' title="bbox 97 328 891 370; baseline 0.005 -14"><span class='ocrx_word' id='word_1_33' title='bbox 97 330 246 366; x_wconf 79' lang='grc' dir='ltr'><strong>ἀγέννητον</strong></span> <span class='ocrx_word' id='word_1_34' title='bbox 263 330 355 366; x_wconf 83' lang='grc' dir='ltr'>ὅμοιον</span> <span class='ocrx_word' id='word_1_35' title='bbox 373 328 444 358; x_wconf 77' lang='grc' dir='ltr'>εἶναι</span> <span class='ocrx_word' id='word_1_36' title='bbox 459 331 498 367; x_wconf 82' lang='grc' dir='ltr'>τῷ</span> <span class='ocrx_word' id='word_1_37' title='bbox 521 330 670 368; x_wconf 78' lang='grc' dir='ltr'>γεννητῷ·’</span> <span class='ocrx_word' id='word_1_38' title='bbox 683 333 731 361; x_wconf 77' lang='grc' dir='ltr'>καὶ</span> <span class='ocrx_word' id='word_1_39' title='bbox 752 333 806 370; x_wconf 73' lang='grc' dir='ltr'><strong>γὰρ</strong></span> <span class='ocrx_word' id='word_1_40' title='bbox 821 333 891 361; x_wconf 74' lang='grc' dir='ltr'>κατὰ</span> 
     </span>
    </p>
   </div>
   <div class='ocr_carea' id='block_1_8' title="bbox 97 375 892 415">
    <p class='ocr_par' dir='ltr' id='par_1_8' title="bbox 97 375 892 415">
     <span class='ocr_line' id='line_1_8' title="bbox 97 375 892 415; baseline 0.006 -13"><span class='ocrx_word' id='word_1_41' title='bbox 97 376 128 403; x_wconf 71' lang='grc' dir='ltr'><strong>τὸ</strong></span> <span class='ocrx_word' id='word_1_42' title='bbox 138 376 225 412; x_wconf 75' lang='grc' dir='ltr'>δνομα</span> <span class='ocrx_word' id='word_1_43' title='bbox 239 375 407 404; x_wconf 78' lang='grc' dir='ltr'>διαλλάττει·</span> <span class='ocrx_word' id='word_1_44' title='bbox 426 377 457 405; x_wconf 79' lang='grc' dir='ltr'>τὸ</span> <span class='ocrx_word' id='word_1_45' title='bbox 471 377 521 413; x_wconf 87' lang='grc' dir='ltr'>μὲν</span> <span class='ocrx_word' id='word_1_46' title='bbox 531 378 586 414; x_wconf 83' lang='grc' dir='ltr'>γάρ</span> <span class='ocrx_word' id='word_1_47' title='bbox 600 379 673 406; x_wconf 77' lang='grc' dir='ltr'>ἐστιν</span> <span class='ocrx_word' id='word_1_48' title='bbox 688 380 845 415; x_wconf 77' lang='grc' dir='ltr'><strong>ἀγέννητον,</strong></span> <span class='ocrx_word' id='word_1_49' title='bbox 860 380 892 407; x_wconf 80' lang='grc' dir='ltr'>τὸ</span> 
     </span>
    </p>
   </div>
   <div class='ocr_carea' id='block_1_9' title="bbox 96 422 891 462">
    <p class='ocr_par' dir='ltr' id='par_1_9' title="bbox 96 422 891 462">
     <span class='ocr_line' id='line_1_9' title="bbox 96 422 891 462; baseline 0.005 -13"><span class='ocrx_word' id='word_1_50' title='bbox 96 422 126 449; x_wconf 80' lang='grc' dir='ltr'><strong>δὲ</strong></span> <span class='ocrx_word' id='word_1_51' title='bbox 139 423 280 459; x_wconf 86' lang='grc' dir='ltr'>γεννητόν.</span> <span class='ocrx_word' id='word_1_52' title='bbox 294 433 304 451; x_wconf 76' lang='lat' dir='ltr'><strong>t</strong></span> <span class='ocrx_word' id='word_1_53' title='bbox 326 424 364 452; x_wconf 79' lang='grc' dir='ltr'><strong>Τὸ</strong></span> <span class='ocrx_word' id='word_1_54' title='bbox 378 424 406 451; x_wconf 82' lang='grc' dir='ltr'><strong>δὲ</strong></span> <span class='ocrx_word' id='word_1_55' title='bbox 423 425 478 452; x_wconf 78' lang='grc' dir='ltr'><strong>πᾶν</strong></span> <span class='ocrx_word' id='word_1_56' title='bbox 496 425 570 452; x_wconf 72' lang='grc' dir='ltr'>ἐστιν</span> <span class='ocrx_word' id='word_1_57' title='bbox 586 425 700 461; x_wconf 67' lang='grc' dir='ltr'>ἠλίθιον,</span> <span class='ocrx_word' id='word_1_58' title='bbox 727 427 774 453; x_wconf 80' lang='grc' dir='ltr'>καὶ</span> <span class='ocrx_word' id='word_1_59' title='bbox 785 427 826 459; x_wconf 78' lang='grc' dir='ltr'>εἰς</span> <span class='ocrx_word' id='word_1_60' title='bbox 839 435 891 462; x_wconf 84' lang='grc' dir='ltr'>μα-</span> 
     </span>
    </p>
   </div>
   <div class='ocr_carea' id='block_1_10' title="bbox 95 469 891 508">
    <p class='ocr_par' dir='ltr' id='par_1_10' title="bbox 95 469 891 508">
     <span class='ocr_line' id='line_1_10' title="bbox 95 469 891 508; baseline 0.006 -13"><span class='ocrx_word' id='word_1_61' title='bbox 95 469 156 496; x_wconf 80' lang='grc' dir='ltr'>νίαν</span> <span class='ocrx_word' id='word_1_62' title='bbox 171 469 274 506; x_wconf 79' lang='grc' dir='ltr'>τρέψαν</span> <span class='ocrx_word' id='word_1_63' title='bbox 293 469 339 498; x_wconf 79' lang='grc' dir='ltr'><strong>τὸν</strong></span> <span class='ocrx_word' id='word_1_64' title='bbox 354 470 449 506; x_wconf 80' lang='grc' dir='ltr'>ἄνδρα.</span> <span class='ocrx_word' id='word_1_65' title='bbox 477 470 509 498; x_wconf 78' lang='lat' dir='ltr'><strong>Et</strong></span> <span class='ocrx_word' id='word_1_66' title='bbox 522 471 577 507; x_wconf 75' lang='grc' dir='ltr'><strong>γὰρ</strong></span> <span class='ocrx_word' id='word_1_67' title='bbox 593 472 746 508; x_wconf 75' lang='grc' dir='ltr'><strong>ζητήσομεν</strong></span> <span class='ocrx_word' id='word_1_68' title='bbox 761 472 799 508; x_wconf 80' lang='grc' dir='ltr'>τῷ</span> <span class='ocrx_word' id='word_1_69' title='bbox 812 473 891 507; x_wconf 83' lang='grc' dir='ltr'>ἀγεν-</span> 
     </span>
    </p>
   </div>
   <div class='ocr_carea' id='block_1_11' title="bbox 95 515 890 554">
    <p class='ocr_par' dir='ltr' id='par_1_11' title="bbox 95 515 890 554">
     <span class='ocr_line' id='line_1_11' title="bbox 95 515 890 554; baseline 0.005 -13"><span class='ocrx_word' id='word_1_70' title='bbox 95 515 172 551; x_wconf 75' lang='grc' dir='ltr'>νήτιρ</span> <span class='ocrx_word' id='word_1_71' title='bbox 191 516 351 552; x_wconf 83' lang='grc' dir='ltr'>γεννήτορα,</span> <span class='ocrx_word' id='word_1_72' title='bbox 379 517 422 544; x_wconf 78' lang='grc' dir='ltr'>ἵνα</span> <span class='ocrx_word' id='word_1_73' title='bbox 450 517 487 552; x_wconf 82' lang='grc' dir='ltr'>μὴ</span> <span class='ocrx_word' id='word_1_74' title='bbox 508 516 558 553; x_wconf 83' lang='grc' dir='ltr'><strong>τὴν</strong></span> <span class='ocrx_word' id='word_1_75' title='bbox 584 517 649 554; x_wconf 74' lang='grc' dir='ltr'>περὶ</span> <span class='ocrx_word' id='word_1_76' title='bbox 671 518 789 554; x_wconf 77' lang='grc' dir='ltr'><strong>Χριστοῦ</strong></span> <span class='ocrx_word' id='word_1_77' title='bbox 809 518 890 550; x_wconf 72' lang='grc' dir='ltr'>δόξαν</span> 
     </span>
    </p>
   </div>
   <div class='ocr_carea' id='block_1_12' title="bbox 95 560 888 599">
    <p class='ocr_par' dir='ltr' id='par_1_12' title="bbox 95 560 888 599">
     <span class='ocr_line' id='line_1_12' title="bbox 95 560 888 599; baseline 0.005 -13"><span class='ocrx_word' id='word_1_78' title='bbox 95 560 186 596; x_wconf 79' lang='grc' dir='ltr'>ἀληθῆ</span> <span class='ocrx_word' id='word_1_79' title='bbox 205 560 392 597; x_wconf 73' lang='grc' dir='ltr'>ἀπολέσωμεν,</span> <span class='ocrx_word' id='word_1_80' title='bbox 404 561 582 598; x_wconf 76' lang='grc' dir='ltr'><strong>εὑρεθήσεται</strong></span> <span class='ocrx_word' id='word_1_81' title='bbox 594 562 687 589; x_wconf 80' lang='grc' dir='ltr'>οὐκέτι</span> <span class='ocrx_word' id='word_1_82' title='bbox 702 561 742 595; x_wconf 75' lang='grc' dir='ltr'><strong>εἷς</strong></span> <span class='ocrx_word' id='word_1_83' title='bbox 757 564 771 590; x_wconf 85' lang='grc' dir='ltr'><strong>ὁ</strong></span> <span class='ocrx_word' id='word_1_84' title='bbox 784 563 888 599; x_wconf 88' lang='grc' dir='ltr'>Πατὴρ,</span> 
     </span>
    </p>
   </div>
   <div class='ocr_carea' id='block_1_13' title="bbox 93 606 890 644">
    <p class='ocr_par' dir='ltr' id='par_1_13' title="bbox 93 606 890 644">
     <span class='ocr_line' id='line_1_13' title="bbox 93 606 890 644; baseline 0.004 -12"><span class='ocrx_word' id='word_1_85' title='bbox 93 606 156 633; x_wconf 79' lang='grc' dir='ltr'><strong>οὐδὲ</strong></span> <span class='ocrx_word' id='word_1_86' title='bbox 171 606 266 642; x_wconf 78' lang='grc' dir='ltr'>Πατὴρ</span> <span class='ocrx_word' id='word_1_87' title='bbox 279 607 393 643; x_wconf 78' lang='grc' dir='ltr'>πατρὸς,</span> <span class='ocrx_word' id='word_1_88' title='bbox 404 607 471 635; x_wconf 79' lang='grc' dir='ltr'>ἀλλὰ</span> <span class='ocrx_word' id='word_1_89' title='bbox 481 608 590 644; x_wconf 77' lang='grc' dir='ltr'>ἄπειροι</span> <span class='ocrx_word' id='word_1_90' title='bbox 602 610 626 636; x_wconf 89' lang='grc' dir='ltr'>οἰ</span> <span class='ocrx_word' id='word_1_91' title='bbox 639 609 755 644; x_wconf 80' lang='grc' dir='ltr'><strong>πατέρες</strong></span> <span class='ocrx_word' id='word_1_92' title='bbox 763 609 890 644; x_wconf 78' lang='grc' dir='ltr'>πατέρων</span> 
     </span>
    </p>
   </div>
   <div class='ocr_carea' id='block_1_14' title="bbox 94 650 889 687">
    <p class='ocr_par' dir='ltr' id='par_1_14' title="bbox 94 650 889 687">
     <span class='ocr_line' id='line_1_14' title="bbox 94 650 889 687; baseline 0.004 -9"><span class='ocrx_word' id='word_1_93' title='bbox 94 650 268 687; x_wconf 78' lang='grc' dir='ltr'><strong>ζητούμενοι,</strong></span> <span class='ocrx_word' id='word_1_94' title='bbox 286 653 333 680; x_wconf 79' lang='grc' dir='ltr'>καὶ</span> <span class='ocrx_word' id='word_1_95' title='bbox 349 653 441 680; x_wconf 76' lang='grc' dir='ltr'>οὐκέτι</span> <span class='ocrx_word' id='word_1_96' title='bbox 457 651 498 687; x_wconf 70' lang='grc' dir='ltr'><strong>εἷς</strong></span> <span class='ocrx_word' id='word_1_97' title='bbox 517 654 582 687; x_wconf 82' lang='grc' dir='ltr'>Θεός</span> <span class='ocrx_word' id='word_1_98' title='bbox 597 655 671 681; x_wconf 80' lang='grc' dir='ltr'>ἐστιν</span> <span class='ocrx_word' id='word_1_99' title='bbox 689 654 703 680; x_wconf 81' lang='lat'><strong>6</strong></span> <span class='ocrx_word' id='word_1_100' title='bbox 719 654 757 681; x_wconf 86' lang='grc' dir='ltr'>ὣν</span> <span class='ocrx_word' id='word_1_101' title='bbox 774 655 829 686; x_wconf 59' lang='grc' dir='ltr'><strong>ἀεὶ.ι</strong></span> <span class='ocrx_word' id='word_1_102' title='bbox 842 655 889 681; x_wconf 81' lang='grc' dir='ltr'>καὶ</span> 
     </span>
    </p>
   </div>
   <div class='ocr_carea' id='block_1_15' title="bbox 93 697 888 734">
    <p class='ocr_par' dir='ltr' id='par_1_15' title="bbox 93 697 888 734">
     <span class='ocr_line' id='line_1_15' title="bbox 93 697 888 734; baseline 0.005 -11"><span class='ocrx_word' id='word_1_103' title='bbox 93 697 150 732; x_wconf 76' lang='grc' dir='ltr'>πρὸ</span> <span class='ocrx_word' id='word_1_104' title='bbox 173 697 256 724; x_wconf 82' lang='grc' dir='ltr'>αὑτοῦ</span> <span class='ocrx_word' id='word_1_105' title='bbox 277 697 361 733; x_wconf 80' lang='grc' dir='ltr'>μηδὲν</span> <span class='ocrx_word' id='word_1_106' title='bbox 383 698 519 734; x_wconf 79' lang='grc' dir='ltr'>ἐσχηκὼς,</span> <span class='ocrx_word' id='word_1_107' title='bbox 543 700 590 726; x_wconf 84' lang='grc' dir='ltr'>καὶ</span> <span class='ocrx_word' id='word_1_108' title='bbox 610 699 653 726; x_wconf 77' lang='grc' dir='ltr'><strong>ἀεὶ</strong></span> <span class='ocrx_word' id='word_1_109' title='bbox 675 699 816 731; x_wconf 84' lang='grc' dir='ltr'>διατελῶν,</span> <span class='ocrx_word' id='word_1_110' title='bbox 840 700 888 727; x_wconf 80' lang='grc' dir='ltr'><strong>καὶ</strong></span> 
     </span>
    </p>
   </div>
   <div class='ocr_carea' id='block_1_16' title="bbox 93 741 885 783">
    <p class='ocr_par' dir='ltr' id='par_1_16' title="bbox 93 741 885 783">
     <span class='ocr_line' id='line_1_16' title="bbox 93 741 885 783; baseline 0.004 -13"><span class='ocrx_word' id='word_1_111' title='bbox 93 745 196 778; x_wconf 82' lang='grc' dir='ltr'>μένων·</span> <span class='ocrx_word' id='word_1_112' title='bbox 208 743 238 776; x_wconf 61' lang='grc' dir='ltr'><strong>ἐξ</strong></span> <span class='ocrx_word' id='word_1_113' title='bbox 249 741 280 772; x_wconf 78' lang='grc' dir='ltr'><strong>οὗ</strong></span> <span class='ocrx_word' id='word_1_114' title='bbox 299 745 314 772; x_wconf 92' lang='lat'><strong>6</strong></span> <span class='ocrx_word' id='word_1_115' title='bbox 327 745 476 781; x_wconf 83' lang='grc' dir='ltr'>μονογενὴς</span> <span class='ocrx_word' id='word_1_116' title='bbox 491 745 619 781; x_wconf 82' lang='grc' dir='ltr'>ἀληθινὸς</span> <span class='ocrx_word' id='word_1_117' title='bbox 639 746 700 778; x_wconf 79' lang='grc' dir='ltr'><strong>Υἱὸς</strong></span> <span class='ocrx_word' id='word_1_118' title='bbox 715 747 885 783; x_wconf 78' lang='grc' dir='ltr'>γεγέννηται,</span> 
     </span>
    </p>
   </div>
   <div class='ocr_carea' id='block_1_17' title="bbox 91 789 886 826">
    <p class='ocr_par' dir='ltr' id='par_1_17' title="bbox 91 789 886 826">
     <span class='ocr_line' id='line_1_17' title="bbox 91 789 886 826; baseline 0.005 -11"><span class='ocrx_word' id='word_1_119' title='bbox 91 789 142 815; x_wconf 74' lang='grc' dir='ltr'>καὶ</span> <span class='ocrx_word' id='word_1_120' title='bbox 163 789 232 822; x_wconf 78' lang='grc' dir='ltr'>ἔστι,</span> <span class='ocrx_word' id='word_1_121' title='bbox 256 790 304 817; x_wconf 78' lang='grc' dir='ltr'>καὶ</span> <span class='ocrx_word' id='word_1_122' title='bbox 317 790 349 816; x_wconf 79' lang='grc' dir='ltr'>τὸ</span> <span class='ocrx_word' id='word_1_123' title='bbox 362 790 439 825; x_wconf 71' lang='grc' dir='ltr'>ἅγιον</span> <span class='ocrx_word' id='word_1_124' title='bbox 451 790 534 817; x_wconf 79' lang='grc' dir='ltr'>αὐτοῦ</span> <span class='ocrx_word' id='word_1_125' title='bbox 549 791 660 826; x_wconf 78' lang='grc' dir='ltr'>Πνεῦμα</span> <span class='ocrx_word' id='word_1_126' title='bbox 673 791 703 824; x_wconf 79' lang='grc' dir='ltr'><strong>ἐξ</strong></span> <span class='ocrx_word' id='word_1_127' title='bbox 715 791 797 818; x_wconf 82' lang='grc' dir='ltr'>αὐτοῦ</span> <span class='ocrx_word' id='word_1_128' title='bbox 807 801 814 806; x_wconf 85' lang='grc'><strong>·</strong></span> <span class='ocrx_word' id='word_1_129' title='bbox 829 792 886 819; x_wconf 80' lang='grc' dir='ltr'>ἀλλ’</span> 
     </span>
    </p>
   </div>
   <div class='ocr_carea' id='block_1_18' title="bbox 90 834 887 872">
    <p class='ocr_par' dir='ltr' id='par_1_18' title="bbox 90 834 887 872">
     <span class='ocr_line' id='line_1_18' title="bbox 90 834 887 872; baseline 0.004 -11"><span class='ocrx_word' id='word_1_130' title='bbox 90 834 201 862; x_wconf 63' lang='grc' dir='ltr'>ἔσονται</span> <span class='ocrx_word' id='word_1_131' title='bbox 225 835 251 862; x_wconf 81' lang='grc' dir='ltr'><strong>οι</strong></span> <span class='ocrx_word' id='word_1_132' title='bbox 275 835 437 872; x_wconf 78' lang='grc' dir='ltr'>ζητούμενοι</span> <span class='ocrx_word' id='word_1_133' title='bbox 461 836 555 864; x_wconf 75' lang='grc' dir='ltr'>πολλοὶ</span> <span class='ocrx_word' id='word_1_134' title='bbox 577 837 649 870; x_wconf 80' lang='grc' dir='ltr'>θεοὶ,</span> <span class='ocrx_word' id='word_1_135' title='bbox 672 838 719 865; x_wconf 80' lang='grc' dir='ltr'>καὶ</span> <span class='ocrx_word' id='word_1_136' title='bbox 744 838 836 865; x_wconf 79' lang='grc' dir='ltr'>λοιπὸν</span> <span class='ocrx_word' id='word_1_137' title='bbox 853 838 887 864; x_wconf 81' lang='grc' dir='ltr'><strong>τὰ</strong></span> 
     </span>
    </p>
   </div>
   <div class='ocr_carea' id='block_1_19' title="bbox 91 881 886 919">
    <p class='ocr_par' dir='ltr' id='par_1_19' title="bbox 91 881 886 919">
     <span class='ocr_line' id='line_1_19' title="bbox 91 881 886 919; baseline 0.005 -12"><span class='ocrx_word' id='word_1_138' title='bbox 91 881 183 908; x_wconf 83' lang='grc' dir='ltr'>πάντα</span> <span class='ocrx_word' id='word_1_139' title='bbox 196 881 288 917; x_wconf 81' lang='grc' dir='ltr'>ἀπάτη</span> <span class='ocrx_word' id='word_1_140' title='bbox 303 881 390 916; x_wconf 74' lang='grc' dir='ltr'>ἔσται,</span> <span class='ocrx_word' id='word_1_141' title='bbox 408 883 455 910; x_wconf 77' lang='grc' dir='ltr'>καὶ</span> <span class='ocrx_word' id='word_1_142' title='bbox 470 883 520 910; x_wconf 73' lang='grc' dir='ltr'>οὐκ</span> <span class='ocrx_word' id='word_1_143' title='bbox 539 883 663 919; x_wconf 82' lang='grc' dir='ltr'>ἀλήθεια,</span> <span class='ocrx_word' id='word_1_144' title='bbox 684 885 730 911; x_wconf 84' lang='grc' dir='ltr'><strong>Δεῖ</strong></span> <span class='ocrx_word' id='word_1_145' title='bbox 743 884 771 911; x_wconf 77' lang='grc' dir='ltr'><strong>δὲ</strong></span> <span class='ocrx_word' id='word_1_146' title='bbox 785 885 832 911; x_wconf 79' lang='grc' dir='ltr'>καὶ</span> <span class='ocrx_word' id='word_1_147' title='bbox 848 885 886 917; x_wconf 82' lang='grc' dir='ltr'>ὼς</span> 
     </span>
    </p>
   </div>
   <div class='ocr_carea' id='block_1_20' title="bbox 90 927 886 967">
    <p class='ocr_par' dir='ltr' id='par_1_20' title="bbox 90 927 886 967">
     <span class='ocr_line' id='line_1_20' title="bbox 90 927 886 967; baseline 0.005 -13"><span class='ocrx_word' id='word_1_148' title='bbox 90 927 181 961; x_wconf 70' lang='grc' dir='ltr'>ἐστιν,</span> <span class='ocrx_word' id='word_1_149' title='bbox 197 928 247 956; x_wconf 76' lang='grc' dir='ltr'>ἕνα</span> <span class='ocrx_word' id='word_1_150' title='bbox 269 928 369 956; x_wconf 80' lang='grc' dir='ltr'>εἰδέναι</span> <span class='ocrx_word' id='word_1_151' title='bbox 392 929 469 962; x_wconf 81' lang='grc' dir='ltr'>Θεὸν,</span> <span class='ocrx_word' id='word_1_152' title='bbox 492 929 602 964; x_wconf 79' lang='grc' dir='ltr'><strong>Πατέρα</strong></span> <span class='ocrx_word' id='word_1_153' title='bbox 624 930 671 957; x_wconf 88' lang='grc' dir='ltr'><strong>τοῦ</strong></span> <span class='ocrx_word' id='word_1_154' title='bbox 689 931 791 966; x_wconf 79' lang='grc' dir='ltr'><strong>Κυρίου</strong></span> <span class='ocrx_word' id='word_1_155' title='bbox 808 931 886 967; x_wconf 83' lang='grc' dir='ltr'>ἡμῶν</span> 
     </span>
    </p>
   </div>
   <div class='ocr_carea' id='block_1_21' title="bbox 97 972 888 1011">
    <p class='ocr_par' dir='ltr' id='par_1_21' title="bbox 97 972 888 1011">
     <span class='ocr_line' id='line_1_21' title="bbox 97 972 888 1011; baseline 0.006 -12"><span class='ocrx_word' id='word_1_156' title='bbox 97 973 188 1008; x_wconf 86' lang='grc' dir='ltr'><strong>’1ησοῦ</strong></span> <span class='ocrx_word' id='word_1_157' title='bbox 204 973 334 1009; x_wconf 79' lang='grc' dir='ltr'>Χριστοῦ,</span> <span class='ocrx_word' id='word_1_158' title='bbox 361 975 392 1007; x_wconf 76' lang='grc' dir='ltr'><strong>ἐξ</strong></span> <span class='ocrx_word' id='word_1_159' title='bbox 402 972 433 1002; x_wconf 80' lang='grc' dir='ltr'><strong>οὗ</strong></span> <span class='ocrx_word' id='word_1_160' title='bbox 452 975 499 1003; x_wconf 78' lang='grc' dir='ltr'>καὶ</span> <span class='ocrx_word' id='word_1_161' title='bbox 515 975 546 1002; x_wconf 82' lang='grc' dir='ltr'>τὸ</span> <span class='ocrx_word' id='word_1_162' title='bbox 562 975 674 1011; x_wconf 82' lang='grc' dir='ltr'>Πνεῦμα</span> <span class='ocrx_word' id='word_1_163' title='bbox 695 976 726 1004; x_wconf 84' lang='grc' dir='ltr'>τὸ</span> <span class='ocrx_word' id='word_1_164' title='bbox 741 977 817 1011; x_wconf 81' lang='grc' dir='ltr'>ἆγιον</span> <span class='ocrx_word' id='word_1_165' title='bbox 833 978 888 1004; x_wconf 80' lang='grc' dir='ltr'><strong>ἀπὸ</strong></span> 
     </span>
    </p>
   </div>
   <div class='ocr_carea' id='block_1_22' title="bbox 91 1019 888 1056">
    <p class='ocr_par' dir='ltr' id='par_1_22' title="bbox 91 1019 888 1056">
     <span class='ocr_line' id='line_1_22' title="bbox 91 1019 888 1056; baseline 0.004 -10"><span class='ocrx_word' id='word_1_166' title='bbox 91 1019 198 1055; x_wconf 82' lang='grc' dir='ltr'>Πατρδς</span> <span class='ocrx_word' id='word_1_167' title='bbox 213 1020 445 1055; x_wconf 72' lang='grc' dir='ltr'>ἐκπορευόμενον,</span> <span class='ocrx_word' id='word_1_168' title='bbox 461 1020 508 1047; x_wconf 70' lang='grc' dir='ltr'>καὶ</span> <span class='ocrx_word' id='word_1_169' title='bbox 519 1020 567 1047; x_wconf 82' lang='grc' dir='ltr'><strong>τοῦ</strong></span> <span class='ocrx_word' id='word_1_170' title='bbox 583 1021 649 1048; x_wconf 82' lang='grc' dir='ltr'>Υἱοῦ</span> <span class='ocrx_word' id='word_1_171' title='bbox 666 1020 814 1056; x_wconf 70' lang='grc' dir='ltr'>λαμϐάνον.</span> <span class='ocrx_word' id='word_1_172' title='bbox 834 1023 888 1049; x_wconf 76' lang='grc' dir='ltr'><strong>Καὶ</strong></span> 
     </span>
    </p>
   </div>
   <div class='ocr_carea' id='block_1_23' title="bbox 89 1062 886 1103">
    <p class='ocr_par' dir='ltr' id='par_1_23' title="bbox 89 1062 886 1103">
     <span class='ocr_line' id='line_1_23' title="bbox 89 1062 886 1103; baseline 0.005 -13"><span class='ocrx_word' id='word_1_173' title='bbox 89 1063 162 1099; x_wconf 81' lang='grc' dir='ltr'>αὕτη</span> <span class='ocrx_word' id='word_1_174' title='bbox 174 1064 247 1090; x_wconf 74' lang='grc' dir='ltr'>ἐστὶν</span> <span class='ocrx_word' id='word_1_175' title='bbox 258 1065 274 1100; x_wconf 80' lang='grc' dir='ltr'>ὴ</span> <span class='ocrx_word' id='word_1_176' title='bbox 289 1065 338 1100; x_wconf 80' lang='grc' dir='ltr'>μία</span> <span class='ocrx_word' id='word_1_177' title='bbox 353 1064 458 1100; x_wconf 80' lang='grc' dir='ltr'>θεότης,</span> <span class='ocrx_word' id='word_1_178' title='bbox 472 1062 512 1096; x_wconf 78' lang='grc' dir='ltr'>εἷς</span> <span class='ocrx_word' id='word_1_179' title='bbox 522 1065 599 1097; x_wconf 74' lang='grc' dir='ltr'>Θεὸς,</span> <span class='ocrx_word' id='word_1_180' title='bbox 612 1062 653 1097; x_wconf 75' lang='grc' dir='ltr'>εἷς</span> <span class='ocrx_word' id='word_1_181' title='bbox 672 1066 783 1101; x_wconf 73' lang='grc' dir='ltr'>Κύριος,</span> <span class='ocrx_word' id='word_1_182' title='bbox 794 1067 886 1103; x_wconf 78' lang='grc' dir='ltr'>Πατὴρ</span> 
     </span>
    </p>
   </div>
   <div class='ocr_carea' id='block_1_24' title="bbox 88 1109 887 1146">
    <p class='ocr_par' dir='ltr' id='par_1_24' title="bbox 88 1109 887 1146">
     <span class='ocr_line' id='line_1_24' title="bbox 88 1109 887 1146; baseline 0.003 -10"><span class='ocrx_word' id='word_1_183' title='bbox 88 1109 140 1136; x_wconf 76' lang='grc' dir='ltr'>καὶ</span> <span class='ocrx_word' id='word_1_184' title='bbox 154 1109 218 1142; x_wconf 72' lang='grc' dir='ltr'>Υἱὸς</span> <span class='ocrx_word' id='word_1_185' title='bbox 233 1110 280 1139; x_wconf 81' lang='grc' dir='ltr'>καὶ</span> <span class='ocrx_word' id='word_1_186' title='bbox 296 1109 374 1144; x_wconf 76' lang='grc' dir='ltr'>ἅγιον</span> <span class='ocrx_word' id='word_1_187' title='bbox 388 1110 502 1145; x_wconf 83' lang='grc' dir='ltr'>Πνεῦμα</span> <span class='ocrx_word' id='word_1_188' title='bbox 514 1119 521 1125; x_wconf 93' lang='grc'><strong>·</strong></span> <span class='ocrx_word' id='word_1_189' title='bbox 549 1110 579 1137; x_wconf 74' lang='grc' dir='ltr'>οὐ</span> <span class='ocrx_word' id='word_1_190' title='bbox 596 1110 744 1146; x_wconf 74' lang='grc' dir='ltr'>συναλοιφή</span> <span class='ocrx_word' id='word_1_191' title='bbox 763 1120 806 1143; x_wconf 90' lang='grc' dir='ltr'><strong>τις</strong></span> <span class='ocrx_word' id='word_1_192' title='bbox 820 1111 856 1138; x_wconf 83' lang='grc' dir='ltr'>ὢν</span> <span class='ocrx_word' id='word_1_193' title='bbox 873 1113 887 1138; x_wconf 98' lang='lat'><strong>6</strong></span> 
     </span>
    </p>
   </div>
   <div class='ocr_carea' id='block_1_25' title="bbox 89 1154 886 1192">
    <p class='ocr_par' dir='ltr' id='par_1_25' title="bbox 89 1154 886 1192">
     <span class='ocr_line' id='line_1_25' title="bbox 89 1154 886 1192; baseline 0.003 -11"><span class='ocrx_word' id='word_1_194' title='bbox 89 1154 156 1186; x_wconf 76' lang='grc' dir='ltr'><strong>Υἱὸς</strong></span> <span class='ocrx_word' id='word_1_195' title='bbox 172 1154 211 1189; x_wconf 79' lang='grc' dir='ltr'>τῷ</span> <span class='ocrx_word' id='word_1_196' title='bbox 223 1155 323 1190; x_wconf 75' lang='grc' dir='ltr'>Πατρὶ,</span> <span class='ocrx_word' id='word_1_197' title='bbox 336 1155 397 1181; x_wconf 76' lang='grc' dir='ltr'><strong>οὐδὲ</strong></span> <span class='ocrx_word' id='word_1_198' title='bbox 415 1154 447 1182; x_wconf 82' lang='grc' dir='ltr'>τὸ</span> <span class='ocrx_word' id='word_1_199' title='bbox 463 1154 542 1190; x_wconf 75' lang='grc' dir='ltr'>ἅγιον</span> <span class='ocrx_word' id='word_1_200' title='bbox 556 1155 679 1189; x_wconf 81' lang='grc' dir='ltr'>Πνεῦμα,</span> <span class='ocrx_word' id='word_1_201' title='bbox 696 1155 754 1182; x_wconf 78' lang='grc' dir='ltr'>ἀλλ’</span> <span class='ocrx_word' id='word_1_202' title='bbox 766 1158 781 1183; x_wconf 83' lang='grc' dir='ltr'><strong>ό</strong></span> <span class='ocrx_word' id='word_1_203' title='bbox 792 1157 886 1192; x_wconf 81' lang='grc' dir='ltr'>Πατὴρ</span> 
     </span>
    </p>
   </div>
   <div class='ocr_carea' id='block_1_26' title="bbox 89 1201 885 1238">
    <p class='ocr_par' dir='ltr' id='par_1_26' title="bbox 89 1201 885 1238">
     <span class='ocr_line' id='line_1_26' title="bbox 89 1201 885 1238; baseline 0.003 -10"><span class='ocrx_word' id='word_1_204' title='bbox 89 1201 203 1237; x_wconf 86' lang='grc' dir='ltr'>Πατὴρ,</span> <span class='ocrx_word' id='word_1_205' title='bbox 227 1201 275 1228; x_wconf 81' lang='grc' dir='ltr'>καὶ</span> <span class='ocrx_word' id='word_1_206' title='bbox 294 1202 308 1228; x_wconf 89' lang='lat'><strong>6</strong></span> <span class='ocrx_word' id='word_1_207' title='bbox 329 1201 393 1234; x_wconf 73' lang='grc' dir='ltr'><strong>Υἱὸς</strong></span> <span class='ocrx_word' id='word_1_208' title='bbox 410 1201 488 1233; x_wconf 79' lang='grc' dir='ltr'>Υἱὸς,</span> <span class='ocrx_word' id='word_1_209' title='bbox 511 1202 558 1229; x_wconf 75' lang='grc' dir='ltr'>καὶ</span> <span class='ocrx_word' id='word_1_210' title='bbox 576 1201 654 1236; x_wconf 75' lang='grc' dir='ltr'>ἅγιον</span> <span class='ocrx_word' id='word_1_211' title='bbox 673 1202 785 1238; x_wconf 81' lang='grc' dir='ltr'>Πνεῦμα</span> <span class='ocrx_word' id='word_1_212' title='bbox 808 1203 885 1238; x_wconf 73' lang='grc' dir='ltr'>ἅγιον</span> 
     </span>
    </p>
   </div>
   <div class='ocr_carea' id='block_1_27' title="bbox 88 1244 883 1284">
    <p class='ocr_par' dir='ltr' id='par_1_27' title="bbox 88 1244 883 1284">
     <span class='ocr_line' id='line_1_27' title="bbox 88 1244 883 1284; baseline 0.003 -11"><span class='ocrx_word' id='word_1_213' title='bbox 88 1246 204 1281; x_wconf 85' lang='grc' dir='ltr'>Πνεῦμα</span> <span class='ocrx_word' id='word_1_214' title='bbox 212 1255 219 1261; x_wconf 92' lang='grc'><strong>·</strong></span> <span class='ocrx_word' id='word_1_215' title='bbox 233 1246 297 1281; x_wconf 85' lang='grc' dir='ltr'>τρία</span> <span class='ocrx_word' id='word_1_216' title='bbox 306 1247 406 1278; x_wconf 71' lang='grc' dir='ltr'>τέλεια,</span> <span class='ocrx_word' id='word_1_217' title='bbox 417 1246 466 1282; x_wconf 86' lang='grc' dir='ltr'>μία</span> <span class='ocrx_word' id='word_1_218' title='bbox 475 1246 581 1282; x_wconf 80' lang='grc' dir='ltr'>θεύτης,</span> <span class='ocrx_word' id='word_1_219' title='bbox 589 1244 629 1279; x_wconf 79' lang='grc' dir='ltr'>εἷς</span> <span class='ocrx_word' id='word_1_220' title='bbox 636 1246 714 1279; x_wconf 78' lang='grc' dir='ltr'>Θεὸς,</span> <span class='ocrx_word' id='word_1_221' title='bbox 724 1245 762 1280; x_wconf 77' lang='grc' dir='ltr'>εἷς</span> <span class='ocrx_word' id='word_1_222' title='bbox 772 1248 883 1284; x_wconf 78' lang='grc' dir='ltr'>Κύριος,</span> 
     </span>
    </p>
   </div>
   <div class='ocr_carea' id='block_1_28' title="bbox 86 1292 884 1330">
    <p class='ocr_par' dir='ltr' id='par_1_28' title="bbox 86 1292 884 1330">
     <span class='ocr_line' id='line_1_28' title="bbox 86 1292 884 1330; baseline 0.004 -12"><span class='ocrx_word' id='word_1_223' title='bbox 86 1292 125 1324; x_wconf 84' lang='grc' dir='ltr'>ὡς</span> <span class='ocrx_word' id='word_1_224' title='bbox 139 1293 187 1319; x_wconf 83' lang='grc' dir='ltr'>καὶ</span> <span class='ocrx_word' id='word_1_225' title='bbox 199 1292 331 1325; x_wconf 76' lang='grc' dir='ltr'><strong>πολλάκις</strong></span> <span class='ocrx_word' id='word_1_226' title='bbox 346 1292 376 1320; x_wconf 79' lang='grc' dir='ltr'>ὲν</span> <span class='ocrx_word' id='word_1_227' title='bbox 391 1292 493 1324; x_wconf 79' lang='grc' dir='ltr'>πάσαις</span> <span class='ocrx_word' id='word_1_228' title='bbox 513 1292 652 1328; x_wconf 72' lang='grc' dir='ltr'>αἱρέσεσιν</span> <span class='ocrx_word' id='word_1_229' title='bbox 666 1292 738 1320; x_wconf 77' lang='grc' dir='ltr'>οὕτω</span> <span class='ocrx_word' id='word_1_230' title='bbox 754 1294 804 1329; x_wconf 81' lang='grc' dir='ltr'>τὴν</span> <span class='ocrx_word' id='word_1_231' title='bbox 819 1295 884 1330; x_wconf 79' lang='grc' dir='ltr'>περὶ</span> 
     </span>
    </p>
   </div>
   <div class='ocr_carea' id='block_1_29' title="bbox 86 1337 884 1374">
    <p class='ocr_par' dir='ltr' id='par_1_29' title="bbox 86 1337 884 1374">
     <span class='ocr_line' id='line_1_29' title="bbox 86 1337 884 1374; baseline 0.001 -9"><span class='ocrx_word' id='word_1_232' title='bbox 86 1338 156 1365; x_wconf 83' lang='grc' dir='ltr'>Θεοῦ</span> <span class='ocrx_word' id='word_1_233' title='bbox 181 1337 363 1373; x_wconf 81' lang='grc' dir='ltr'>ἀπεδώκαμεν</span> <span class='ocrx_word' id='word_1_234' title='bbox 388 1337 552 1372; x_wconf 76' lang='grc' dir='ltr'>δοξολογίαν.</span> <span class='ocrx_word' id='word_1_235' title='bbox 588 1337 694 1365; x_wconf 75' lang='grc' dir='ltr'>Οὐκοῦν</span> <span class='ocrx_word' id='word_1_236' title='bbox 722 1339 816 1374; x_wconf 74' lang='grc' dir='ltr'>ἐπειδὴ</span> <span class='ocrx_word' id='word_1_237' title='bbox 843 1338 884 1372; x_wconf 76' lang='grc' dir='ltr'>εἷς</span> 
     </span>
    </p>
   </div>
   <div class='ocr_carea' id='block_1_30' title="bbox 88 1383 883 1421">
    <p class='ocr_par' dir='ltr' id='par_1_30' title="bbox 88 1383 883 1421">
     <span class='ocr_line' id='line_1_30' title="bbox 88 1383 883 1421; baseline 0.003 -11"><span class='ocrx_word' id='word_1_238' title='bbox 88 1384 149 1410; x_wconf 79' lang='grc' dir='ltr'>ἐστι</span> <span class='ocrx_word' id='word_1_239' title='bbox 166 1383 245 1416; x_wconf 79' lang='grc' dir='ltr'>Θεὸς,</span> <span class='ocrx_word' id='word_1_240' title='bbox 267 1384 314 1411; x_wconf 82' lang='grc' dir='ltr'>καὶ</span> <span class='ocrx_word' id='word_1_241' title='bbox 336 1385 387 1411; x_wconf 78' lang='grc' dir='ltr'>οὐκ</span> <span class='ocrx_word' id='word_1_242' title='bbox 403 1384 444 1411; x_wconf 74' lang='grc' dir='ltr'>ἔνι</span> <span class='ocrx_word' id='word_1_243' title='bbox 466 1383 611 1410; x_wconf 71' lang='grc' dir='ltr'>ὑπολαϐεῖν</span> <span class='ocrx_word' id='word_1_244' title='bbox 631 1384 725 1420; x_wconf 72' lang='grc' dir='ltr'>ἕτερον</span> <span class='ocrx_word' id='word_1_245' title='bbox 742 1384 819 1421; x_wconf 85' lang='grc' dir='ltr'>παρὰ</span> <span class='ocrx_word' id='word_1_246' title='bbox 836 1385 883 1412; x_wconf 74' lang='grc' dir='ltr'><strong>τὸν</strong></span> 
     </span>
    </p>
   </div>
   <div class='ocr_carea' id='block_1_31' title="bbox 85 1429 882 1466">
    <p class='ocr_par' dir='ltr' id='par_1_31' title="bbox 85 1429 882 1466">
     <span class='ocr_line' id='line_1_31' title="bbox 85 1429 882 1466; baseline 0.003 -10"><span class='ocrx_word' id='word_1_247' title='bbox 85 1429 162 1462; x_wconf 74' lang='grc' dir='ltr'>ὅντα,</span> <span class='ocrx_word' id='word_1_248' title='bbox 180 1429 346 1466; x_wconf 78' lang='grc' dir='ltr'>θαυμαστῶς</span> <span class='ocrx_word' id='word_1_249' title='bbox 368 1429 416 1457; x_wconf 81' lang='grc' dir='ltr'>καὶ</span> <span class='ocrx_word' id='word_1_250' title='bbox 433 1429 580 1465; x_wconf 82' lang='grc' dir='ltr'>ἀγέννητὸς</span> <span class='ocrx_word' id='word_1_251' title='bbox 598 1431 673 1456; x_wconf 75' lang='grc' dir='ltr'>ἐστιν</span> <span class='ocrx_word' id='word_1_252' title='bbox 690 1430 705 1457; x_wconf 91' lang='lat'><strong>6</strong></span> <span class='ocrx_word' id='word_1_253' title='bbox 723 1431 818 1466; x_wconf 81' lang='grc' dir='ltr'>Πατὴρ</span> <span class='ocrx_word' id='word_1_254' title='bbox 835 1431 882 1458; x_wconf 74' lang='grc' dir='ltr'>καὶ</span> 
     </span>
    </p>
   </div>
   <div class='ocr_carea' id='block_1_32' title="bbox 85 1474 881 1511">
    <p class='ocr_par' dir='ltr' id='par_1_32' title="bbox 85 1474 881 1511">
     <span class='ocr_line' id='line_1_32' title="bbox 85 1474 881 1511; baseline 0.003 -9"><span class='ocrx_word' id='word_1_255' title='bbox 85 1475 225 1508; x_wconf 48' lang='lat' dir='ltr'><strong>dum“,</strong></span> <span class='ocrx_word' id='word_1_256' title='bbox 249 1475 298 1503; x_wconf 76' lang='grc' dir='ltr'>καὶ</span> <span class='ocrx_word' id='word_1_257' title='bbox 314 1476 328 1503; x_wconf 84' lang='lat'><strong>6</strong></span> <span class='ocrx_word' id='word_1_258' title='bbox 357 1475 505 1511; x_wconf 85' lang='grc' dir='ltr'>μονογενὴς</span> <span class='ocrx_word' id='word_1_259' title='bbox 523 1475 586 1507; x_wconf 72' lang='grc' dir='ltr'><strong>Υἱὸς</strong></span> <span class='ocrx_word' id='word_1_260' title='bbox 602 1474 650 1502; x_wconf 84' lang='grc' dir='ltr'><strong>τοῦ</strong></span> <span class='ocrx_word' id='word_1_261' title='bbox 664 1475 732 1502; x_wconf 90' lang='grc' dir='ltr'>Θεοῦ</span> <span class='ocrx_word' id='word_1_262' title='bbox 752 1475 781 1509; x_wconf 76' lang='grc' dir='ltr'><strong>ἐξ</strong></span> <span class='ocrx_word' id='word_1_263' title='bbox 798 1476 881 1504; x_wconf 65' lang='grc' dir='ltr'>αὑτοῦ</span> 
     </span>
    </p>
   </div>
   <div class='ocr_carea' id='block_1_33' title="bbox 83 1520 878 1558">
    <p class='ocr_par' dir='ltr' id='par_1_33' title="bbox 83 1520 878 1558">
     <span class='ocr_line' id='line_1_33' title="bbox 83 1520 878 1558; baseline 0.003 -11"><span class='ocrx_word' id='word_1_264' title='bbox 83 1520 228 1556; x_wconf 78' lang='grc' dir='ltr'>γεννηθεὶς</span> <span class='ocrx_word' id='word_1_265' title='bbox 240 1521 290 1548; x_wconf 79' lang='grc' dir='ltr'>οὐκ</span> <span class='ocrx_word' id='word_1_266' title='bbox 299 1520 426 1556; x_wconf 78' lang='grc' dir='ltr'>ἀνόμοιος</span> <span class='ocrx_word' id='word_1_267' title='bbox 436 1521 511 1556; x_wconf 85' lang='grc' dir='ltr'><strong>αὐτῷ</strong></span> <span class='ocrx_word' id='word_1_268' title='bbox 520 1520 591 1548; x_wconf 86' lang='grc' dir='ltr'>κατὰ</span> <span class='ocrx_word' id='word_1_269' title='bbox 603 1520 692 1549; x_wconf 80' lang='grc' dir='ltr'>πάντα.</span> <span class='ocrx_word' id='word_1_270' title='bbox 703 1522 804 1557; x_wconf 84' lang='grc' dir='ltr'>τρόπον</span> <span class='ocrx_word' id='word_1_271' title='bbox 813 1530 878 1558; x_wconf 86' lang='grc' dir='ltr'>τυγ-</span> 
     </span>
    </p>
   </div>
   <div class='ocr_carea' id='block_1_34' title="bbox 83 1567 880 1603">
    <p class='ocr_par' dir='ltr' id='par_1_34' title="bbox 83 1567 880 1603">
     <span class='ocr_line' id='line_1_34' title="bbox 83 1567 880 1603; baseline 0.005 -10"><span class='ocrx_word' id='word_1_272' title='bbox 83 1567 175 1601; x_wconf 83' lang='grc' dir='ltr'>χάνει,</span> <span class='ocrx_word' id='word_1_273' title='bbox 192 1567 261 1594; x_wconf 73' lang='grc' dir='ltr'>ἀλλὰ</span> <span class='ocrx_word' id='word_1_274' title='bbox 276 1567 372 1594; x_wconf 71' lang='grc' dir='ltr'>ταυτὸν</span> <span class='ocrx_word' id='word_1_275' title='bbox 393 1567 432 1603; x_wconf 82' lang='grc' dir='ltr'>τῷ</span> <span class='ocrx_word' id='word_1_276' title='bbox 445 1567 532 1603; x_wconf 82' lang='grc' dir='ltr'>Πατρὶ</span> <span class='ocrx_word' id='word_1_277' title='bbox 555 1567 602 1595; x_wconf 78' lang='grc' dir='ltr'>καὶ</span> <span class='ocrx_word' id='word_1_278' title='bbox 623 1567 680 1600; x_wconf 79' lang='grc' dir='ltr'>τσος</span> <span class='ocrx_word' id='word_1_279' title='bbox 703 1569 774 1596; x_wconf 83' lang='grc' dir='ltr'>κατὰ</span> <span class='ocrx_word' id='word_1_280' title='bbox 791 1570 880 1597; x_wconf 82' lang='grc' dir='ltr'>πᾶσαν</span> 
     </span>
    </p>
   </div>
   <div class='ocr_carea' id='block_1_35' title="bbox 84 1612 915 1658">
    <p class='ocr_par' dir='ltr' id='par_1_35' title="bbox 84 1612 915 1658">
     <span class='ocr_line' id='line_1_35' title="bbox 84 1612 915 1658; baseline 0.004 -20"><span class='ocrx_word' id='word_1_281' title='bbox 84 1612 177 1645; x_wconf 78' lang='grc' dir='ltr'>ἀξίαν,</span> <span class='ocrx_word' id='word_1_282' title='bbox 193 1612 243 1640; x_wconf 69' lang='grc' dir='ltr'>κᾶν</span> <span class='ocrx_word' id='word_1_283' title='bbox 254 1621 283 1640; x_wconf 81' lang='grc' dir='ltr'><strong>τε</strong></span> <span class='ocrx_word' id='word_1_284' title='bbox 296 1613 311 1640; x_wconf 88' lang='grc' dir='ltr'><strong><em>ὁ</em></strong></span> <span class='ocrx_word' id='word_1_285' title='bbox 322 1612 552 1648; x_wconf 68' lang='grc' dir='ltr'>μὲνγεγέννηται,</span> <span class='ocrx_word' id='word_1_286' title='bbox 567 1614 582 1640; x_wconf 94' lang='lat'><strong>6</strong></span> <span class='ocrx_word' id='word_1_287' title='bbox 591 1613 619 1640; x_wconf 84' lang='grc' dir='ltr'><strong>δὲ</strong></span> <span class='ocrx_word' id='word_1_288' title='bbox 633 1613 782 1649; x_wconf 86' lang='grc' dir='ltr'>ἀγέννητός</span> <span class='ocrx_word' id='word_1_289' title='bbox 795 1615 878 1642; x_wconf 69' lang='grc' dir='ltr'>ἐστιν.</span> <span class='ocrx_word' id='word_1_290' title='bbox 894 1630 915 1658; x_wconf 68' lang='lat' dir='ltr'><strong>c</strong></span> 
     </span>
    </p>
   </div>
   <div class='ocr_carea' id='block_1_36' title="bbox 83 1658 882 1695">
    <p class='ocr_par' dir='ltr' id='par_1_36' title="bbox 83 1658 882 1695">
     <span class='ocr_line' id='line_1_36' title="bbox 83 1658 882 1695; baseline 0.003 -11"><span class='ocrx_word' id='word_1_291' title='bbox 83 1658 118 1685; x_wconf 83' lang='lat' dir='ltr'><strong>El</strong></span> <span class='ocrx_word' id='word_1_292' title='bbox 133 1659 184 1694; x_wconf 81' lang='grc' dir='ltr'>μὲν</span> <span class='ocrx_word' id='word_1_293' title='bbox 195 1658 250 1695; x_wconf 83' lang='grc' dir='ltr'><strong>γὰρ</strong></span> <span class='ocrx_word' id='word_1_294' title='bbox 262 1658 330 1690; x_wconf 82' lang='grc' dir='ltr'>ὅλως</span> <span class='ocrx_word' id='word_1_295' title='bbox 344 1658 509 1694; x_wconf 75' lang='grc' dir='ltr'>γεγέννηκεν</span> <span class='ocrx_word' id='word_1_296' title='bbox 520 1659 550 1691; x_wconf 74' lang='grc' dir='ltr'>ἐξ</span> <span class='ocrx_word' id='word_1_297' title='bbox 572 1658 657 1686; x_wconf 77' lang='grc' dir='ltr'>αὐτοῦ</span> <span class='ocrx_word' id='word_1_298' title='bbox 670 1658 715 1686; x_wconf 80' lang='grc' dir='ltr'><strong>τὸν</strong></span> <span class='ocrx_word' id='word_1_299' title='bbox 730 1659 804 1691; x_wconf 79' lang='grc' dir='ltr'>Υῑὸν,</span> <span class='ocrx_word' id='word_1_300' title='bbox 818 1659 882 1687; x_wconf 80' lang='grc' dir='ltr'><strong>ἀδύ-</strong></span> 
     </span>
    </p>
   </div>
   <div class='ocr_carea' id='block_1_37' title="bbox 83 1702 883 1740">
    <p class='ocr_par' dir='ltr' id='par_1_37' title="bbox 83 1702 883 1740">
     <span class='ocr_line' id='line_1_37' title="bbox 83 1702 883 1740; baseline 0.001 -9"><span class='ocrx_word' id='word_1_301' title='bbox 83 1712 165 1731; x_wconf 76' lang='grc' dir='ltr'>νατον</span> <span class='ocrx_word' id='word_1_302' title='bbox 179 1703 217 1740; x_wconf 79' lang='grc' dir='ltr'>μὴ</span> <span class='ocrx_word' id='word_1_303' title='bbox 231 1702 301 1732; x_wconf 71' lang='grc' dir='ltr'>εἶναι</span> <span class='ocrx_word' id='word_1_304' title='bbox 311 1704 368 1731; x_wconf 75' lang='grc' dir='ltr'>ἴσον</span> <span class='ocrx_word' id='word_1_305' title='bbox 379 1703 419 1740; x_wconf 82' lang='grc' dir='ltr'>τῷ</span> <span class='ocrx_word' id='word_1_306' title='bbox 433 1705 522 1740; x_wconf 74' lang='grc' dir='ltr'>Πατρὶ</span> <span class='ocrx_word' id='word_1_307' title='bbox 533 1705 581 1731; x_wconf 76' lang='grc' dir='ltr'><strong>καὶ</strong></span> <span class='ocrx_word' id='word_1_308' title='bbox 594 1705 698 1740; x_wconf 81' lang='grc' dir='ltr'>ὅμοιον.</span> <span class='ocrx_word' id='word_1_309' title='bbox 715 1705 773 1731; x_wconf 85' lang='grc' dir='ltr'><strong>Πᾶν</strong></span> <span class='ocrx_word' id='word_1_310' title='bbox 786 1705 840 1740; x_wconf 80' lang='grc' dir='ltr'><strong>γὰρ</strong></span> <span class='ocrx_word' id='word_1_311' title='bbox 852 1706 883 1732; x_wconf 83' lang='grc' dir='ltr'>τὸ</span> 
     </span>
    </p>
   </div>
   <div class='ocr_carea' id='block_1_38' title="bbox 83 1749 881 1786">
    <p class='ocr_par' dir='ltr' id='par_1_38' title="bbox 83 1749 881 1786">
     <span class='ocr_line' id='line_1_38' title="bbox 83 1749 881 1786; baseline 0.001 -10"><span class='ocrx_word' id='word_1_312' title='bbox 83 1749 189 1784; x_wconf 82' lang='grc' dir='ltr'>γεννῶν</span> <span class='ocrx_word' id='word_1_313' title='bbox 214 1750 307 1786; x_wconf 74' lang='grc' dir='ltr'>ὅμοιον</span> <span class='ocrx_word' id='word_1_314' title='bbox 334 1750 423 1785; x_wconf 77' lang='grc' dir='ltr'>ἑαυτῷ</span> <span class='ocrx_word' id='word_1_315' title='bbox 442 1751 542 1786; x_wconf 82' lang='grc' dir='ltr'>γεννᾷ·</span> <span class='ocrx_word' id='word_1_316' title='bbox 569 1751 616 1777; x_wconf 82' lang='grc' dir='ltr'>καὶ</span> <span class='ocrx_word' id='word_1_317' title='bbox 632 1751 662 1778; x_wconf 86' lang='grc' dir='ltr'>οὺ</span> <span class='ocrx_word' id='word_1_318' title='bbox 684 1751 764 1786; x_wconf 79' lang='grc' dir='ltr'>μόνον</span> <span class='ocrx_word' id='word_1_319' title='bbox 779 1751 881 1786; x_wconf 80' lang='grc' dir='ltr'>ὅμοιον,</span> 
     </span>
    </p>
   </div>
   <div class='ocr_carea' id='block_1_39' title="bbox 82 1795 882 1837">
    <p class='ocr_par' dir='ltr' id='par_1_39' title="bbox 82 1795 882 1837">
     <span class='ocr_line' id='line_1_39' title="bbox 82 1795 882 1837; baseline 0 -14"><span class='ocrx_word' id='word_1_320' title='bbox 82 1795 144 1823; x_wconf 79' lang='grc' dir='ltr'>ἀλλ’</span> <span class='ocrx_word' id='word_1_321' title='bbox 159 1795 217 1822; x_wconf 71' lang='grc' dir='ltr'>ἴσον</span> <span class='ocrx_word' id='word_1_322' title='bbox 229 1796 263 1831; x_wconf 78' lang='grc' dir='ltr'>τῇ</span> <span class='ocrx_word' id='word_1_323' title='bbox 280 1795 435 1830; x_wconf 73' lang='grc' dir='ltr'>ταυτότητι.</span> <span class='ocrx_word' id='word_1_324' title='bbox 466 1795 627 1837; x_wconf 76' lang='grc' dir='ltr'>Ἄνθρωπος</span> <span class='ocrx_word' id='word_1_325' title='bbox 644 1795 694 1831; x_wconf 79' lang='grc' dir='ltr'>μὲν</span> <span class='ocrx_word' id='word_1_326' title='bbox 708 1795 763 1832; x_wconf 87' lang='grc' dir='ltr'><strong>γὰρ</strong></span> <span class='ocrx_word' id='word_1_327' title='bbox 776 1795 882 1832; x_wconf 77' lang='grc' dir='ltr'>ἄνθρω-</span> 
     </span>
    </p>
   </div>
   <div class='ocr_carea' id='block_1_40' title="bbox 83 1839 882 1876">
    <p class='ocr_par' dir='ltr' id='par_1_40' title="bbox 83 1839 882 1876">
     <span class='ocr_line' id='line_1_40' title="bbox 83 1839 882 1876; baseline -0.003 -8"><span class='ocrx_word' id='word_1_328' title='bbox 83 1848 137 1868; x_wconf 70' lang='grc' dir='ltr'><strong>πον</strong></span> <span class='ocrx_word' id='word_1_329' title='bbox 152 1840 245 1875; x_wconf 82' lang='grc' dir='ltr'>γεννᾷ,</span> <span class='ocrx_word' id='word_1_330' title='bbox 258 1839 306 1866; x_wconf 79' lang='grc' dir='ltr'>καὶ</span> <span class='ocrx_word' id='word_1_331' title='bbox 320 1839 386 1871; x_wconf 78' lang='grc' dir='ltr'>θεὸς</span> <span class='ocrx_word' id='word_1_332' title='bbox 401 1839 478 1867; x_wconf 86' lang='grc' dir='ltr'>Θεόν.</span> <span class='ocrx_word' id='word_1_333' title='bbox 500 1839 554 1866; x_wconf 77' lang='grc' dir='ltr'><strong>Καὶ</strong></span> <span class='ocrx_word' id='word_1_334' title='bbox 573 1840 587 1867; x_wconf 90' lang='lat'><strong>6</strong></span> <span class='ocrx_word' id='word_1_335' title='bbox 607 1839 657 1875; x_wconf 81' lang='grc' dir='ltr'>μὲν</span> <span class='ocrx_word' id='word_1_336' title='bbox 669 1839 724 1876; x_wconf 84' lang='grc' dir='ltr'><strong>γὰρ</strong></span> <span class='ocrx_word' id='word_1_337' title='bbox 741 1839 882 1876; x_wconf 70' lang='grc' dir='ltr'>ἄνθρακι-τος</span> 
     </span>
    </p>
   </div>
   <div class='ocr_carea' id='block_1_41' title="bbox 83 1883 882 1920">
    <p class='ocr_par' dir='ltr' id='par_1_41' title="bbox 83 1883 882 1920">
     <span class='ocr_line' id='line_1_41' title="bbox 83 1883 882 1920; baseline 0.001 -10"><span class='ocrx_word' id='word_1_338' title='bbox 83 1884 118 1911; x_wconf 75' lang='grc' dir='ltr'>ἐκ</span> <span class='ocrx_word' id='word_1_339' title='bbox 128 1883 264 1919; x_wconf 74' lang='grc' dir='ltr'>στομάτων</span> <span class='ocrx_word' id='word_1_340' title='bbox 276 1883 446 1919; x_wconf 77' lang='grc' dir='ltr'>συμπλοκῆς,</span> <span class='ocrx_word' id='word_1_341' title='bbox 464 1884 478 1910; x_wconf 88' lang='lat'><strong>6</strong></span> <span class='ocrx_word' id='word_1_342' title='bbox 492 1883 521 1911; x_wconf 84' lang='grc' dir='ltr'><strong>δὲ</strong></span> <span class='ocrx_word' id='word_1_343' title='bbox 533 1883 600 1916; x_wconf 80' lang='grc' dir='ltr'>Θεὸς</span> <span class='ocrx_word' id='word_1_344' title='bbox 615 1883 817 1920; x_wconf 83' lang='grc' dir='ltr'>ἁνεκδιηγήτως</span> <span class='ocrx_word' id='word_1_345' title='bbox 833 1884 882 1920; x_wconf 86' lang='grc' dir='ltr'>μό-</span> 
     </span>
    </p>
   </div>
   <div class='ocr_carea' id='block_1_42' title="bbox 83 1927 879 1964">
    <p class='ocr_par' dir='ltr' id='par_1_42' title="bbox 83 1927 879 1964">
     <span class='ocr_line' id='line_1_42' title="bbox 83 1927 879 1964; baseline 0 -10"><span class='ocrx_word' id='word_1_346' title='bbox 83 1937 131 1960; x_wconf 85' lang='grc' dir='ltr'>νος</span> <span class='ocrx_word' id='word_1_347' title='bbox 155 1928 296 1963; x_wconf 73' lang='grc' dir='ltr'>Μονογενῆ</span> <span class='ocrx_word' id='word_1_348' title='bbox 315 1928 476 1963; x_wconf 77' lang='grc' dir='ltr'>γεγέννηκε,</span> <span class='ocrx_word' id='word_1_349' title='bbox 495 1928 543 1954; x_wconf 80' lang='grc' dir='ltr'>καὶ</span> <span class='ocrx_word' id='word_1_350' title='bbox 562 1928 593 1955; x_wconf 80' lang='grc' dir='ltr'>οὐ</span> <span class='ocrx_word' id='word_1_351' title='bbox 614 1927 686 1955; x_wconf 82' lang='grc' dir='ltr'>κατά</span> <span class='ocrx_word' id='word_1_352' title='bbox 702 1937 763 1956; x_wconf 83' lang='grc' dir='ltr'>τινα</span> <span class='ocrx_word' id='word_1_353' title='bbox 789 1928 879 1964; x_wconf 77' lang='grc' dir='ltr'>ῥῆσιν,</span> 
     </span>
    </p>
   </div>
   <div class='ocr_carea' id='block_1_43' title="bbox 82 1971 881 2008">
    <p class='ocr_par' dir='ltr' id='par_1_43' title="bbox 82 1971 881 2008">
     <span class='ocr_line' id='line_1_43' title="bbox 82 1971 881 2008; baseline -0.003 -8"><span class='ocrx_word' id='word_1_354' title='bbox 82 1973 146 2000; x_wconf 70' lang='grc' dir='ltr'><strong>οὐδὲ</strong></span> <span class='ocrx_word' id='word_1_355' title='bbox 172 1972 315 2008; x_wconf 83' lang='grc' dir='ltr'>συστολὴν,</span> <span class='ocrx_word' id='word_1_356' title='bbox 336 1972 397 1999; x_wconf 73' lang='grc' dir='ltr'><strong>οὐδὲ</strong></span> <span class='ocrx_word' id='word_1_357' title='bbox 408 1972 575 2008; x_wconf 84' lang='grc' dir='ltr'>πλατυσμάν.</span> <span class='ocrx_word' id='word_1_358' title='bbox 596 1972 676 1999; x_wconf 81' lang='grc' dir='ltr'>Ἀλλὰ</span> <span class='ocrx_word' id='word_1_359' title='bbox 687 1971 795 2007; x_wconf 84' lang='grc' dir='ltr'>πνεῦμα</span> <span class='ocrx_word' id='word_1_360' title='bbox 814 1972 851 1999; x_wconf 84' lang='grc' dir='ltr'>ὢν</span> <span class='ocrx_word' id='word_1_361' title='bbox 866 1972 881 1998; x_wconf 91' lang='lat'><strong>6</strong></span> 
     </span>
    </p>
   </div>
   <div class='ocr_carea' id='block_1_44' title="bbox 83 2014 880 2053">
    <p class='ocr_par' dir='ltr' id='par_1_44' title="bbox 83 2014 880 2053">
     <span class='ocr_line' id='line_1_44' title="bbox 83 2014 880 2053; baseline -0.005 -8"><span class='ocrx_word' id='word_1_362' title='bbox 83 2018 183 2053; x_wconf 83' lang='grc' dir='ltr'>Πατὴρ</span> <span class='ocrx_word' id='word_1_363' title='bbox 198 2017 227 2050; x_wconf 63' lang='lat' dir='ltr'><strong>EE</strong></span> <span class='ocrx_word' id='word_1_364' title='bbox 240 2016 323 2044; x_wconf 74' lang='grc' dir='ltr'>αὑτοῦ</span> <span class='ocrx_word' id='word_1_365' title='bbox 334 2016 461 2052; x_wconf 84' lang='grc' dir='ltr'>ἁνάρχως</span> <span class='ocrx_word' id='word_1_366' title='bbox 474 2015 521 2043; x_wconf 74' lang='grc' dir='ltr'>καὶ</span> <span class='ocrx_word' id='word_1_367' title='bbox 534 2015 656 2051; x_wconf 75' lang='grc' dir='ltr'><strong>ἁχρόνως</strong></span> <span class='ocrx_word' id='word_1_368' title='bbox 672 2014 717 2042; x_wconf 79' lang='grc' dir='ltr'><strong>τὸν</strong></span> <span class='ocrx_word' id='word_1_369' title='bbox 726 2015 789 2042; x_wconf 85' lang='grc' dir='ltr'>Υἱὸν</span> <span class='ocrx_word' id='word_1_370' title='bbox 804 2014 880 2050; x_wconf 77' lang='grc' dir='ltr'>ἐγέν-</span> 
     </span>
    </p>
   </div>
   <div class='ocr_carea' id='block_1_45' title="bbox 83 2060 879 2098">
    <p class='ocr_par' dir='ltr' id='par_1_45' title="bbox 83 2060 879 2098">
     <span class='ocr_line' id='line_1_45' title="bbox 83 2060 879 2098; baseline -0.004 -8"><span class='ocrx_word' id='word_1_371' title='bbox 83 2071 178 2098; x_wconf 85' lang='grc' dir='ltr'>νησεν,</span> <span class='ocrx_word' id='word_1_372' title='bbox 193 2063 285 2098; x_wconf 83' lang='grc' dir='ltr'>ὅμοιον</span> <span class='ocrx_word' id='word_1_373' title='bbox 307 2062 382 2097; x_wconf 79' lang='grc' dir='ltr'>αὐτῷ</span> <span class='ocrx_word' id='word_1_374' title='bbox 396 2061 468 2089; x_wconf 82' lang='grc' dir='ltr'>κατά</span> <span class='ocrx_word' id='word_1_375' title='bbox 487 2061 587 2093; x_wconf 77' lang='grc' dir='ltr'>πάντα,</span> <span class='ocrx_word' id='word_1_376' title='bbox 602 2061 650 2087; x_wconf 81' lang='grc' dir='ltr'>καὶ</span> <span class='ocrx_word' id='word_1_377' title='bbox 670 2061 737 2093; x_wconf 73' lang='grc' dir='ltr'>ἴσον,</span> <span class='ocrx_word' id='word_1_378' title='bbox 753 2061 792 2093; x_wconf 84' lang='grc' dir='ltr'>ὡς</span> <span class='ocrx_word' id='word_1_379' title='bbox 804 2060 879 2095; x_wconf 87' lang='grc' dir='ltr'>λέγει</span> 
     </span>
    </p>
   </div>
   <div class='ocr_carea' id='block_1_46' title="bbox 83 2106 879 2144">
    <p class='ocr_par' dir='ltr' id='par_1_46' title="bbox 83 2106 879 2144">
     <span class='ocr_line' id='line_1_46' title="bbox 83 2106 879 2144; baseline -0.003 -7"><span class='ocrx_word' id='word_1_380' title='bbox 83 2110 115 2137; x_wconf 72' lang='grc' dir='ltr'>ιώ</span> <span class='ocrx_word' id='word_1_381' title='bbox 135 2110 212 2143; x_wconf 71' lang='grc' dir='ltr'>ἅγιον</span> <span class='ocrx_word' id='word_1_382' title='bbox 237 2108 422 2144; x_wconf 77' lang='grc' dir='ltr'>Εὑαγγέλιον,</span> <span class='ocrx_word' id='word_1_383' title='bbox 446 2108 487 2135; x_wconf 86' lang='grc' dir='ltr'>ὃτι</span> <span class='ocrx_word' id='word_1_384' title='bbox 514 2107 655 2141; x_wconf 82' lang='grc' dir='ltr'>Ἐζήτουν</span> <span class='ocrx_word' id='word_1_385' title='bbox 688 2106 782 2134; x_wconf 82' lang='grc' dir='ltr'>αὐτὸν</span> <span class='ocrx_word' id='word_1_386' title='bbox 805 2107 879 2135; x_wconf 76' lang='grc' dir='ltr'>ἀπο-</span> 
     </span>
    </p>
   </div>
   <div class='ocr_carea' id='block_1_47' title="bbox 83 2152 878 2188">
    <p class='ocr_par' dir='ltr' id='par_1_47' title="bbox 83 2152 878 2188">
     <span class='ocr_line' id='line_1_47' title="bbox 83 2152 878 2188; baseline -0.005 -5"><span class='ocrx_word' id='word_1_387' title='bbox 83 2155 195 2183; x_wconf 77' lang='grc' dir='ltr'>κτεῖναι</span> <span class='ocrx_word' id='word_1_388' title='bbox 213 2156 241 2182; x_wconf 85' lang='lat' dir='ltr'><strong>ol</strong></span> <span class='ocrx_word' id='word_1_389' title='bbox 263 2154 415 2182; x_wconf 80' lang='grc' dir='ltr'>Ἰουδαῖοι·</span> <span class='ocrx_word' id='word_1_390' title='bbox 432 2154 476 2181; x_wconf 78' lang='grc' dir='ltr'>ὅτι</span> <span class='ocrx_word' id='word_1_391' title='bbox 498 2154 535 2181; x_wconf 85' lang='grc' dir='ltr'>οὐ</span> <span class='ocrx_word' id='word_1_392' title='bbox 552 2153 649 2188; x_wconf 82' lang='grc' dir='ltr'>μόνον</span> <span class='ocrx_word' id='word_1_393' title='bbox 664 2152 736 2180; x_wconf 76' lang='grc' dir='ltr'>ἔλυε</span> <span class='ocrx_word' id='word_1_394' title='bbox 752 2153 786 2179; x_wconf 88' lang='grc' dir='ltr'>τὸ</span> <span class='ocrx_word' id='word_1_395' title='bbox 802 2152 878 2180; x_wconf 80' lang='grc' dir='ltr'><strong>Σάδ-</strong></span> 
     </span>
    </p>
   </div>
   <div class='ocr_carea' id='block_1_48' title="bbox 83 2198 879 2233">
    <p class='ocr_par' dir='ltr' id='par_1_48' title="bbox 83 2198 879 2233">
     <span class='ocr_line' id='line_1_48' title="bbox 83 2198 879 2233; baseline -0.006 -4"><span class='ocrx_word' id='word_1_396' title='bbox 83 2203 186 2233; x_wconf 78' lang='grc' dir='ltr'>ϐατον,</span> <span class='ocrx_word' id='word_1_397' title='bbox 195 2201 264 2229; x_wconf 70' lang='grc' dir='ltr'><strong>ἀλλ’</strong></span> <span class='ocrx_word' id='word_1_398' title='bbox 276 2201 320 2227; x_wconf 86' lang='grc' dir='ltr'>ὅτι</span> <span class='ocrx_word' id='word_1_399' title='bbox 334 2200 383 2227; x_wconf 69' lang='grc' dir='ltr'>καὶ</span> <span class='ocrx_word' id='word_1_400' title='bbox 394 2200 462 2227; x_wconf 77' lang='grc' dir='ltr'>Υιὸν</span> <span class='ocrx_word' id='word_1_401' title='bbox 471 2199 546 2227; x_wconf 84' lang='grc' dir='ltr'>Θεοῦ</span> <span class='ocrx_word' id='word_1_402' title='bbox 556 2199 665 2226; x_wconf 75' lang='grc' dir='ltr'>ἑαυτὸν</span> <span class='ocrx_word' id='word_1_403' title='bbox 676 2198 790 2233; x_wconf 74' lang='grc' dir='ltr'>ἔλεγεν,</span> <span class='ocrx_word' id='word_1_404' title='bbox 808 2198 879 2225; x_wconf 74' lang='grc' dir='ltr'>[σον</span> 
     </span>
    </p>
   </div>
   <div class='ocr_carea' id='block_1_49' title="bbox 31 2243 878 2280">
    <p class='ocr_par' dir='ltr' id='par_1_49' title="bbox 31 2243 878 2280">
     <span class='ocr_line' id='line_1_49' title="bbox 31 2243 878 2280; baseline -0.006 -6"><span class='ocrx_word' id='word_1_405' title='bbox 31 2270 35 2274; x_wconf 95' lang='grc'>.</span> <span class='ocrx_word' id='word_1_406' title='bbox 82 2247 194 2274; x_wconf 71' lang='grc' dir='ltr'>ἑαυτὸν</span> <span class='ocrx_word' id='word_1_407' title='bbox 210 2245 306 2274; x_wconf 79' lang='grc' dir='ltr'>ποιῶν</span> <span class='ocrx_word' id='word_1_408' title='bbox 318 2245 359 2279; x_wconf 84' lang='grc' dir='ltr'>τῷ</span> <span class='ocrx_word' id='word_1_409' title='bbox 376 2244 447 2278; x_wconf 83' lang='grc' dir='ltr'>Θεῷ.</span> <span class='ocrx_word' id='word_1_410' title='bbox 464 2245 527 2277; x_wconf 84' lang='grc' dir='ltr'>Πῶς</span> <span class='ocrx_word' id='word_1_411' title='bbox 541 2245 595 2280; x_wconf 79' lang='grc' dir='ltr'><strong>γὰρ</strong></span> <span class='ocrx_word' id='word_1_412' title='bbox 611 2244 660 2279; x_wconf 78' lang='grc' dir='ltr'><strong>οὐχ</strong></span> <span class='ocrx_word' id='word_1_413' title='bbox 671 2244 764 2280; x_wconf 83' lang='grc' dir='ltr'>ὅμοιος</span> <span class='ocrx_word' id='word_1_414' title='bbox 777 2243 815 2278; x_wconf 83' lang='grc' dir='ltr'>τῷ</span> <span class='ocrx_word' id='word_1_415' title='bbox 825 2244 878 2270; x_wconf 74' lang='grc' dir='ltr'>Πα-</span> 
     </span>
    </p>
   </div>
   <div class='ocr_carea' id='block_1_50' title="bbox 942 333 1733 369">
    <p class='ocr_par' dir='ltr' id='par_1_50' title="bbox 942 333 1733 369">
     <span class='ocr_line' id='line_1_50' title="bbox 942 333 1733 369; baseline 0.003 -10"><span class='ocrx_word' id='word_1_416' title='bbox 942 333 1025 368; x_wconf 82' lang='lat' dir='ltr'><strong>geniti</strong></span> <span class='ocrx_word' id='word_1_417' title='bbox 1042 333 1131 361; x_wconf 65' lang='lat' dir='ltr'><strong>simiie</strong></span> <span class='ocrx_word' id='word_1_418' title='bbox 1150 341 1212 362; x_wconf 80' lang='lat' dir='ltr'><strong>esse</strong></span> <span class='ocrx_word' id='word_1_419' title='bbox 1227 334 1300 369; x_wconf 91' lang='lat' dir='ltr'><strong>quod</strong></span> <span class='ocrx_word' id='word_1_420' title='bbox 1319 342 1372 361; x_wconf 88' lang='lat' dir='ltr'><strong>non</strong></span> <span class='ocrx_word' id='word_1_421' title='bbox 1396 337 1439 361; x_wconf 88' lang='lat' dir='ltr'><strong>est</strong></span> <span class='ocrx_word' id='word_1_422' title='bbox 1461 333 1594 368; x_wconf 81' lang='lat' dir='ltr'><strong>genitum,</strong></span> <span class='ocrx_word' id='word_1_423' title='bbox 1610 340 1672 360; x_wconf 91' lang='lat' dir='ltr'><strong>cum</strong></span> <span class='ocrx_word' id='word_1_424' title='bbox 1694 335 1733 362; x_wconf 87' lang='lat' dir='ltr'><strong>vel</strong></span> 
     </span>
    </p>
   </div>
   <div class='ocr_carea' id='block_1_51' title="bbox 942 378 1735 414">
    <p class='ocr_par' dir='ltr' id='par_1_51' title="bbox 942 378 1735 414">
     <span class='ocr_line' id='line_1_51' title="bbox 942 378 1735 414; baseline 0.003 -11"><span class='ocrx_word' id='word_1_425' title='bbox 942 378 1122 413; x_wconf 77' lang='lat' dir='ltr'><strong>appellatione</strong></span> <span class='ocrx_word' id='word_1_426' title='bbox 1139 379 1197 414; x_wconf 86' lang='lat' dir='ltr'><strong>ipsa</strong></span> <span class='ocrx_word' id='word_1_427' title='bbox 1215 378 1376 413; x_wconf 87' lang='lat' dir='ltr'><strong>dissideant,</strong></span> <span class='ocrx_word' id='word_1_428' title='bbox 1389 385 1422 406; x_wconf 89' lang='lat' dir='ltr'><strong>eo</strong></span> <span class='ocrx_word' id='word_1_429' title='bbox 1437 378 1509 414; x_wconf 86' lang='lat' dir='ltr'><strong>quod</strong></span> <span class='ocrx_word' id='word_1_430' title='bbox 1523 386 1609 406; x_wconf 89' lang='lat' dir='ltr'><strong>unum</strong></span> <span class='ocrx_word' id='word_1_431' title='bbox 1629 378 1735 413; x_wconf 79' lang='lat' dir='ltr'><strong>ingeni-</strong></span> 
     </span>
    </p>
   </div>
   <div class='ocr_carea' id='block_1_52' title="bbox 941 424 1734 461">
    <p class='ocr_par' dir='ltr' id='par_1_52' title="bbox 941 424 1734 461">
     <span class='ocr_line' id='line_1_52' title="bbox 941 424 1734 461; baseline 0.001 -10"><span class='ocrx_word' id='word_1_432' title='bbox 941 426 1000 451; x_wconf 89' lang='lat' dir='ltr'><strong>tum</strong></span> <span class='ocrx_word' id='word_1_433' title='bbox 1027 428 1080 456; x_wconf 89' lang='lat' dir='ltr'><strong>est,</strong></span> <span class='ocrx_word' id='word_1_434' title='bbox 1106 424 1222 452; x_wconf 87' lang='lat' dir='ltr'><strong>alterum</strong></span> <span class='ocrx_word' id='word_1_435' title='bbox 1248 425 1379 461; x_wconf 78' lang='lat' dir='ltr'><strong>genitum.</strong></span> <span class='ocrx_word' id='word_1_436' title='bbox 1403 433 1413 452; x_wconf 77' lang='grc' dir='ltr'><strong>ι</strong></span> <span class='ocrx_word' id='word_1_437' title='bbox 1434 424 1532 452; x_wconf 78' lang='lat' dir='ltr'><strong>Verum</strong></span> <span class='ocrx_word' id='word_1_438' title='bbox 1557 429 1644 453; x_wconf 90' lang='lat' dir='ltr'><strong>totum</strong></span> <span class='ocrx_word' id='word_1_439' title='bbox 1668 425 1734 452; x_wconf 84' lang='lat' dir='ltr'><strong>illud</strong></span> 
     </span>
    </p>
   </div>
   <div class='ocr_carea' id='block_1_53' title="bbox 941 470 1734 506">
    <p class='ocr_par' dir='ltr' id='par_1_53' title="bbox 941 470 1734 506">
     <span class='ocr_line' id='line_1_53' title="bbox 941 470 1734 506; baseline 0.003 -11"><span class='ocrx_word' id='word_1_440' title='bbox 941 476 1008 496; x_wconf 83' lang='lat' dir='ltr'><strong>sane</strong></span> <span class='ocrx_word' id='word_1_441' title='bbox 1021 477 1102 504; x_wconf 89' lang='lat' dir='ltr'><strong>quam</strong></span> <span class='ocrx_word' id='word_1_442' title='bbox 1122 470 1244 505; x_wconf 90' lang='lat' dir='ltr'><strong>ineptum</strong></span> <span class='ocrx_word' id='word_1_443' title='bbox 1265 474 1319 502; x_wconf 83' lang='lat' dir='ltr'><strong>est,</strong></span> <span class='ocrx_word' id='word_1_444' title='bbox 1335 470 1417 506; x_wconf 83' lang='lat' dir='ltr'><strong>idque</strong></span> <span class='ocrx_word' id='word_1_445' title='bbox 1435 470 1524 506; x_wconf 90' lang='lat' dir='ltr'><strong>ipsum</strong></span> <span class='ocrx_word' id='word_1_446' title='bbox 1541 470 1678 497; x_wconf 85' lang='lat' dir='ltr'><strong>hominem</strong></span> <span class='ocrx_word' id='word_1_447' title='bbox 1701 470 1734 497; x_wconf 88' lang='lat' dir='ltr'><strong>ad</strong></span> 
     </span>
    </p>
   </div>
   <div class='ocr_carea' id='block_1_54' title="bbox 941 513 1735 551">
    <p class='ocr_par' dir='ltr' id='par_1_54' title="bbox 941 513 1735 551">
     <span class='ocr_line' id='line_1_54' title="bbox 941 513 1735 551; baseline 0.003 -11"><span class='ocrx_word' id='word_1_448' title='bbox 941 513 1076 541; x_wconf 81' lang='lat' dir='ltr'><strong>insaniam</strong></span> <span class='ocrx_word' id='word_1_449' title='bbox 1091 515 1234 551; x_wconf 88' lang='lat' dir='ltr'><strong>compulit.</strong></span> <span class='ocrx_word' id='word_1_450' title='bbox 1258 514 1326 543; x_wconf 77' lang='lat' dir='ltr'><strong>Nam</strong></span> <span class='ocrx_word' id='word_1_451' title='bbox 1348 515 1371 544; x_wconf 89' lang='lat' dir='ltr'><strong>si</strong></span> <span class='ocrx_word' id='word_1_452' title='bbox 1396 516 1421 543; x_wconf 90' lang='lat' dir='ltr'><strong>ei</strong></span> <span class='ocrx_word' id='word_1_453' title='bbox 1439 516 1510 550; x_wconf 90' lang='lat' dir='ltr'><strong>quod</strong></span> <span class='ocrx_word' id='word_1_454' title='bbox 1527 516 1677 550; x_wconf 75' lang='lat' dir='ltr'><strong>ingenitum</strong></span> <span class='ocrx_word' id='word_1_455' title='bbox 1693 520 1735 542; x_wconf 88' lang='lat' dir='ltr'><strong>est</strong></span> 
     </span>
    </p>
   </div>
   <div class='ocr_carea' id='block_1_55' title="bbox 939 560 1734 597">
    <p class='ocr_par' dir='ltr' id='par_1_55' title="bbox 939 560 1734 597">
     <span class='ocr_line' id='line_1_55' title="bbox 939 560 1734 597; baseline 0 -10"><span class='ocrx_word' id='word_1_456' title='bbox 939 560 1089 595; x_wconf 78' lang='lat' dir='ltr'><strong>genitorem</strong></span> <span class='ocrx_word' id='word_1_457' title='bbox 1101 569 1267 597; x_wconf 65' lang='lat' dir='ltr'><strong>quaeramus,</strong></span> <span class='ocrx_word' id='word_1_458' title='bbox 1291 566 1320 589; x_wconf 90' lang='lat' dir='ltr'><strong>ut</strong></span> <span class='ocrx_word' id='word_1_459' title='bbox 1335 569 1369 590; x_wconf 90' lang='lat' dir='ltr'><strong>ne</strong></span> <span class='ocrx_word' id='word_1_460' title='bbox 1389 569 1479 590; x_wconf 87' lang='lat' dir='ltr'><strong>veram</strong></span> <span class='ocrx_word' id='word_1_461' title='bbox 1496 562 1529 590; x_wconf 87' lang='lat' dir='ltr'><strong>de</strong></span> <span class='ocrx_word' id='word_1_462' title='bbox 1549 561 1660 590; x_wconf 79' lang='lat' dir='ltr'><strong>Christo</strong></span> <span class='ocrx_word' id='word_1_463' title='bbox 1675 562 1734 596; x_wconf 81' lang='lat' dir='ltr'><strong>opi-</strong></span> 
     </span>
    </p>
   </div>
   <div class='ocr_carea' id='block_1_56' title="bbox 940 606 1734 643">
    <p class='ocr_par' dir='ltr' id='par_1_56' title="bbox 940 606 1734 643">
     <span class='ocr_line' id='line_1_56' title="bbox 940 606 1734 643; baseline 0.004 -12"><span class='ocrx_word' id='word_1_464' title='bbox 940 606 1048 633; x_wconf 87' lang='lat' dir='ltr'><strong>nionem</strong></span> <span class='ocrx_word' id='word_1_465' title='bbox 1076 607 1251 641; x_wconf 81' lang='lat' dir='ltr'><strong>aniittamus,</strong></span> <span class='ocrx_word' id='word_1_466' title='bbox 1279 615 1333 635; x_wconf 87' lang='lat' dir='ltr'><strong>non</strong></span> <span class='ocrx_word' id='word_1_467' title='bbox 1363 615 1446 635; x_wconf 92' lang='lat' dir='ltr'><strong>unum</strong></span> <span class='ocrx_word' id='word_1_468' title='bbox 1482 608 1600 643; x_wconf 86' lang='lat' dir='ltr'><strong>amplius</strong></span> <span class='ocrx_word' id='word_1_469' title='bbox 1626 606 1734 634; x_wconf 82' lang='lat' dir='ltr'><strong>Patrem</strong></span> 
     </span>
    </p>
   </div>
   <div class='ocr_carea' id='block_1_57' title="bbox 938 652 1734 689">
    <p class='ocr_par' dir='ltr' id='par_1_57' title="bbox 938 652 1734 689">
     <span class='ocr_line' id='line_1_57' title="bbox 938 652 1734 689; baseline 0.001 -11"><span class='ocrx_word' id='word_1_470' title='bbox 938 659 1000 679; x_wconf 85' lang='lat' dir='ltr'><strong>esse</strong></span> <span class='ocrx_word' id='word_1_471' title='bbox 1014 653 1192 687; x_wconf 83' lang='lat' dir='ltr'><strong>reperiemus,</strong></span> <span class='ocrx_word' id='word_1_472' title='bbox 1213 661 1301 689; x_wconf 80' lang='lat' dir='ltr'><strong>neque</strong></span> <span class='ocrx_word' id='word_1_473' title='bbox 1321 655 1407 689; x_wconf 82' lang='lat' dir='ltr'><strong>patris</strong></span> <span class='ocrx_word' id='word_1_474' title='bbox 1423 653 1548 688; x_wconf 81' lang='lat' dir='ltr'><strong>Patrem;</strong></span> <span class='ocrx_word' id='word_1_475' title='bbox 1572 653 1619 682; x_wconf 77' lang='lat' dir='ltr'><strong>sed</strong></span> <span class='ocrx_word' id='word_1_476' title='bbox 1636 652 1734 681; x_wconf 87' lang='lat' dir='ltr'><strong>inliniti</strong></span> 
     </span>
    </p>
   </div>
   <div class='ocr_carea' id='block_1_58' title="bbox 939 700 1734 735">
    <p class='ocr_par' dir='ltr' id='par_1_58' title="bbox 939 700 1734 735">
     <span class='ocr_line' id='line_1_58' title="bbox 939 700 1734 735; baseline 0.003 -11"><span class='ocrx_word' id='word_1_477' title='bbox 939 705 1052 725; x_wconf 83' lang='lat' dir='ltr'><strong>numero</strong></span> <span class='ocrx_word' id='word_1_478' title='bbox 1068 703 1175 733; x_wconf 83' lang='lat' dir='ltr'><strong>patrum</strong></span> <span class='ocrx_word' id='word_1_479' title='bbox 1191 703 1282 735; x_wconf 62' lang='lat' dir='ltr'><strong>patres</strong></span> <span class='ocrx_word' id='word_1_480' title='bbox 1295 701 1447 734; x_wconf 81' lang='lat' dir='ltr'><strong>exsistent;</strong></span> <span class='ocrx_word' id='word_1_481' title='bbox 1463 708 1496 728; x_wconf 88' lang='lat' dir='ltr'><strong>ac</strong></span> <span class='ocrx_word' id='word_1_482' title='bbox 1515 708 1569 728; x_wconf 94' lang='lat' dir='ltr'><strong>non</strong></span> <span class='ocrx_word' id='word_1_483' title='bbox 1592 700 1648 735; x_wconf 83' lang='lat' dir='ltr'><strong>jam</strong></span> <span class='ocrx_word' id='word_1_484' title='bbox 1663 707 1734 727; x_wconf 88' lang='lat' dir='ltr'><strong>unus</strong></span> 
     </span>
    </p>
   </div>
   <div class='ocr_carea' id='block_1_59' title="bbox 939 742 1733 782">
    <p class='ocr_par' dir='ltr' id='par_1_59' title="bbox 939 742 1733 782">
     <span class='ocr_line' id='line_1_59' title="bbox 939 742 1733 782; baseline 0.004 -13"><span class='ocrx_word' id='word_1_485' title='bbox 939 742 1010 771; x_wconf 83' lang='lat' dir='ltr'><strong>Deus</strong></span> <span class='ocrx_word' id='word_1_486' title='bbox 1027 744 1089 776; x_wconf 87' lang='lat' dir='ltr'><strong>erit,</strong></span> <span class='ocrx_word' id='word_1_487' title='bbox 1111 745 1158 780; x_wconf 88' lang='lat' dir='ltr'><strong>qui</strong></span> <span class='ocrx_word' id='word_1_488' title='bbox 1180 753 1288 781; x_wconf 87' lang='lat' dir='ltr'><strong>semper</strong></span> <span class='ocrx_word' id='word_1_489' title='bbox 1312 746 1372 781; x_wconf 80' lang='lat' dir='ltr'><strong>fuit,</strong></span> <span class='ocrx_word' id='word_1_490' title='bbox 1397 747 1499 782; x_wconf 86' lang='lat' dir='ltr'><strong>quique</strong></span> <span class='ocrx_word' id='word_1_491' title='bbox 1513 746 1590 782; x_wconf 86' lang='lat' dir='ltr'><strong>prius</strong></span> <span class='ocrx_word' id='word_1_492' title='bbox 1610 754 1640 774; x_wconf 91' lang='lat' dir='ltr'><strong>se</strong></span> <span class='ocrx_word' id='word_1_493' title='bbox 1665 746 1733 774; x_wconf 87' lang='lat' dir='ltr'><strong>nihil</strong></span> 
     </span>
    </p>
   </div>
   <div class='ocr_carea' id='block_1_60' title="bbox 938 783 1734 824">
    <p class='ocr_par' dir='ltr' id='par_1_60' title="bbox 938 783 1734 824">
     <span class='ocr_line' id='line_1_60' title="bbox 938 783 1734 824; baseline 0.008 -14"><span class='ocrx_word' id='word_1_494' title='bbox 938 783 1034 812; x_wconf 78' lang='lat' dir='ltr'><strong>habuit</strong></span> <span class='ocrx_word' id='word_1_495' title='bbox 1060 793 1092 812; x_wconf 88' lang='lat' dir='ltr'><strong>ac</strong></span> <span class='ocrx_word' id='word_1_496' title='bbox 1108 791 1239 823; x_wconf 79' lang='lat' dir='ltr'><strong>perpetuo</strong></span> <span class='ocrx_word' id='word_1_497' title='bbox 1257 792 1369 816; x_wconf 88' lang='lat' dir='ltr'><strong>manet:</strong></span> <span class='ocrx_word' id='word_1_498' title='bbox 1386 796 1401 815; x_wconf 87' lang='lat' dir='ltr'><strong>a</strong></span> <span class='ocrx_word' id='word_1_499' title='bbox 1414 796 1470 824; x_wconf 89' lang='lat' dir='ltr'><strong>quo</strong></span> <span class='ocrx_word' id='word_1_500' title='bbox 1485 789 1582 817; x_wconf 89' lang='lat' dir='ltr'><strong>unicus</strong></span> <span class='ocrx_word' id='word_1_501' title='bbox 1596 796 1734 824; x_wconf 74' lang='lat' dir='ltr'><strong>vetusque</strong></span> 
     </span>
    </p>
   </div>
   <div class='ocr_carea' id='block_1_61' title="bbox 938 828 1734 870">
    <p class='ocr_par' dir='ltr' id='par_1_61' title="bbox 938 828 1734 870">
     <span class='ocr_line' id='line_1_61' title="bbox 938 828 1734 870; baseline 0.005 -14"><span class='ocrx_word' id='word_1_502' title='bbox 938 828 1024 858; x_wconf 84' lang='lat' dir='ltr'><strong>Filius</strong></span> <span class='ocrx_word' id='word_1_503' title='bbox 1039 831 1148 866; x_wconf 87' lang='lat' dir='ltr'><strong>genitus</strong></span> <span class='ocrx_word' id='word_1_504' title='bbox 1173 838 1225 865; x_wconf 84' lang='lat' dir='ltr'><strong>est,</strong></span> <span class='ocrx_word' id='word_1_505' title='bbox 1251 837 1279 860; x_wconf 93' lang='lat' dir='ltr'><strong>et</strong></span> <span class='ocrx_word' id='word_1_506' title='bbox 1301 834 1420 866; x_wconf 82' lang='lat' dir='ltr'><strong>exsistit,</strong></span> <span class='ocrx_word' id='word_1_507' title='bbox 1445 834 1480 862; x_wconf 88' lang='lat' dir='ltr'><strong>ab</strong></span> <span class='ocrx_word' id='word_1_508' title='bbox 1499 835 1650 870; x_wconf 85' lang='lat' dir='ltr'><strong>eodemque</strong></span> <span class='ocrx_word' id='word_1_509' title='bbox 1669 842 1734 869; x_wconf 83' lang='lat' dir='ltr'><strong>pro-</strong></span> 
     </span>
    </p>
   </div>
   <div class='ocr_carea' id='block_1_62' title="bbox 937 875 1734 916">
    <p class='ocr_par' dir='ltr' id='par_1_62' title="bbox 937 875 1734 916">
     <span class='ocr_line' id='line_1_62' title="bbox 937 875 1734 916; baseline 0.008 -15"><span class='ocrx_word' id='word_1_510' title='bbox 937 875 1036 903; x_wconf 82' lang='lat' dir='ltr'><strong>ductus</strong></span> <span class='ocrx_word' id='word_1_511' title='bbox 1060 881 1102 904; x_wconf 91' lang='lat' dir='ltr'><strong>est</strong></span> <span class='ocrx_word' id='word_1_512' title='bbox 1130 884 1240 906; x_wconf 87' lang='lat' dir='ltr'><strong>sanctus</strong></span> <span class='ocrx_word' id='word_1_513' title='bbox 1265 880 1352 915; x_wconf 76' lang='lat' dir='ltr'><strong>ipsius</strong></span> <span class='ocrx_word' id='word_1_514' title='bbox 1377 880 1515 916; x_wconf 88' lang='lat' dir='ltr'><strong>Spiritus;</strong></span> <span class='ocrx_word' id='word_1_515' title='bbox 1535 880 1584 908; x_wconf 86' lang='lat' dir='ltr'><strong>sed</strong></span> <span class='ocrx_word' id='word_1_516' title='bbox 1598 880 1644 915; x_wconf 91' lang='lat' dir='ltr'><strong>qui</strong></span> <span class='ocrx_word' id='word_1_517' title='bbox 1659 887 1734 915; x_wconf 73' lang='lat' dir='ltr'><strong>qua:—</strong></span> 
     </span>
    </p>
   </div>
   <div class='ocr_carea' id='block_1_63' title="bbox 936 924 1733 962">
    <p class='ocr_par' dir='ltr' id='par_1_63' title="bbox 936 924 1733 962">
     <span class='ocr_line' id='line_1_63' title="bbox 936 924 1733 962; baseline 0.005 -14"><span class='ocrx_word' id='word_1_518' title='bbox 936 926 1033 949; x_wconf 90' lang='lat' dir='ltr'><strong>rentur</strong></span> <span class='ocrx_word' id='word_1_519' title='bbox 1057 924 1213 958; x_wconf 86' lang='lat' dir='ltr'><strong>complures</strong></span> <span class='ocrx_word' id='word_1_520' title='bbox 1235 930 1316 953; x_wconf 84' lang='lat' dir='ltr'><strong>erunt</strong></span> <span class='ocrx_word' id='word_1_521' title='bbox 1333 926 1371 954; x_wconf 91' lang='lat' dir='ltr'><strong>dii</strong></span> <span class='ocrx_word' id='word_1_522' title='bbox 1390 935 1396 954; x_wconf 78' lang='lat' dir='ltr'>z</span> <span class='ocrx_word' id='word_1_523' title='bbox 1419 927 1511 962; x_wconf 81' lang='lat' dir='ltr'><strong>itaque</strong></span> <span class='ocrx_word' id='word_1_524' title='bbox 1536 927 1570 954; x_wconf 88' lang='lat' dir='ltr'><strong>ad</strong></span> <span class='ocrx_word' id='word_1_525' title='bbox 1597 926 1733 953; x_wconf 78' lang='lat' dir='ltr'><strong>fallaciam</strong></span> 
     </span>
    </p>
   </div>
   <div class='ocr_carea' id='block_1_64' title="bbox 905 961 1732 1007">
    <p class='ocr_par' dir='ltr' id='par_1_64' title="bbox 905 961 1732 1007">
     <span class='ocr_line' id='line_1_64' title="bbox 905 961 1732 1007; baseline 0.004 -11"><span class='ocrx_word' id='word_1_526' title='bbox 905 961 925 988; x_wconf 71' lang='grc' dir='ltr'><strong>Β</strong></span> <span class='ocrx_word' id='word_1_527' title='bbox 940 969 1096 996; x_wconf 68' lang='lat' dir='ltr'><strong>relabuntur</strong></span> <span class='ocrx_word' id='word_1_528' title='bbox 1110 970 1212 1005; x_wconf 78' lang='lat' dir='ltr'><strong>omnia,</strong></span> <span class='ocrx_word' id='word_1_529' title='bbox 1224 975 1251 998; x_wconf 91' lang='lat' dir='ltr'><strong>et</strong></span> <span class='ocrx_word' id='word_1_530' title='bbox 1268 978 1283 998; x_wconf 92' lang='lat' dir='ltr'><strong>a</strong></span> <span class='ocrx_word' id='word_1_531' title='bbox 1300 972 1414 1000; x_wconf 82' lang='lat' dir='ltr'><strong>veritate</strong></span> <span class='ocrx_word' id='word_1_532' title='bbox 1429 961 1539 1007; x_wconf 81' lang='lat' dir='ltr'><strong>penitus</strong></span> <span class='ocrx_word' id='word_1_533' title='bbox 1554 972 1732 1000; x_wconf 86' lang='lat' dir='ltr'><strong>aberrabunt.</strong></span> 
     </span>
    </p>
   </div>
   <div class='ocr_carea' id='block_1_65' title="bbox 940 1014 1734 1054">
    <p class='ocr_par' dir='ltr' id='par_1_65' title="bbox 940 1014 1734 1054">
     <span class='ocr_line' id='line_1_65' title="bbox 940 1014 1734 1054; baseline 0.006 -14"><span class='ocrx_word' id='word_1_534' title='bbox 940 1014 1121 1048; x_wconf 77' lang='lat' dir='ltr'><strong>Quamobrem</strong></span> <span class='ocrx_word' id='word_1_535' title='bbox 1141 1025 1211 1045; x_wconf 85' lang='lat' dir='ltr'><strong>unus</strong></span> <span class='ocrx_word' id='word_1_536' title='bbox 1234 1017 1324 1049; x_wconf 83' lang='lat' dir='ltr'><strong>nobis.</strong></span> <span class='ocrx_word' id='word_1_537' title='bbox 1344 1022 1374 1045; x_wconf 93' lang='lat' dir='ltr'><strong>ut</strong></span> <span class='ocrx_word' id='word_1_538' title='bbox 1395 1026 1490 1047; x_wconf 83' lang='lat' dir='ltr'><strong>revera</strong></span> <span class='ocrx_word' id='word_1_539' title='bbox 1510 1022 1563 1050; x_wconf 89' lang='lat' dir='ltr'><strong>est,</strong></span> <span class='ocrx_word' id='word_1_540' title='bbox 1580 1018 1734 1054; x_wconf 81' lang='lat' dir='ltr'><strong>intelligen-</strong></span> 
     </span>
    </p>
   </div>
   <div class='ocr_carea' id='block_1_66' title="bbox 938 1061 1733 1095">
    <p class='ocr_par' dir='ltr' id='par_1_66' title="bbox 938 1061 1733 1095">
     <span class='ocr_line' id='line_1_66' title="bbox 938 1061 1733 1095; baseline 0.009 -7"><span class='ocrx_word' id='word_1_541' title='bbox 938 1061 991 1089; x_wconf 91' lang='lat' dir='ltr'><strong>dus</strong></span> <span class='ocrx_word' id='word_1_542' title='bbox 1013 1065 1055 1089; x_wconf 86' lang='lat' dir='ltr'><strong>est</strong></span> <span class='ocrx_word' id='word_1_543' title='bbox 1072 1062 1152 1095; x_wconf 64' lang='lat' dir='ltr'><strong>Dens,</strong></span> <span class='ocrx_word' id='word_1_544' title='bbox 1178 1062 1258 1091; x_wconf 83' lang='lat' dir='ltr'><strong>Pater</strong></span> <span class='ocrx_word' id='word_1_545' title='bbox 1276 1064 1383 1092; x_wconf 87' lang='lat' dir='ltr'><strong>Domini</strong></span> <span class='ocrx_word' id='word_1_546' title='bbox 1405 1065 1492 1093; x_wconf 85' lang='lat' dir='ltr'><strong>nostri</strong></span> <span class='ocrx_word' id='word_1_547' title='bbox 1515 1064 1580 1093; x_wconf 83' lang='lat' dir='ltr'><strong>.lesu</strong></span> <span class='ocrx_word' id='word_1_548' title='bbox 1598 1065 1697 1093; x_wconf 86' lang='lat' dir='ltr'><strong>Christi</strong></span> <span class='ocrx_word' id='word_1_549' title='bbox 1713 1066 1733 1095; x_wconf 80' lang='lat'><strong>&#39;.</strong></span> 
     </span>
    </p>
   </div>
   <div class='ocr_carea' id='block_1_67' title="bbox 937 1106 1732 1146">
    <p class='ocr_par' dir='ltr' id='par_1_67' title="bbox 937 1106 1732 1146">
     <span class='ocr_line' id='line_1_67' title="bbox 937 1106 1732 1146; baseline 0.008 -14"><span class='ocrx_word' id='word_1_550' title='bbox 937 1113 970 1133; x_wconf 80' lang='lat' dir='ltr'><strong>ex</strong></span> <span class='ocrx_word' id='word_1_551' title='bbox 987 1114 1040 1142; x_wconf 84' lang='lat' dir='ltr'><strong>quo</strong></span> <span class='ocrx_word' id='word_1_552' title='bbox 1056 1106 1175 1142; x_wconf 84' lang='lat' dir='ltr'><strong>Spiritus</strong></span> <span class='ocrx_word' id='word_1_553' title='bbox 1195 1113 1307 1137; x_wconf 83' lang='lat' dir='ltr'><strong>sanctus</strong></span> <span class='ocrx_word' id='word_1_554' title='bbox 1321 1114 1373 1142; x_wconf 89' lang='lat' dir='ltr'><strong>est,</strong></span> <span class='ocrx_word' id='word_1_555' title='bbox 1386 1110 1433 1146; x_wconf 91' lang='lat' dir='ltr'><strong>qui</strong></span> <span class='ocrx_word' id='word_1_556' title='bbox 1449 1118 1463 1137; x_wconf 91' lang='lat' dir='ltr'><strong>a</strong></span> <span class='ocrx_word' id='word_1_557' title='bbox 1485 1110 1565 1138; x_wconf 86' lang='lat' dir='ltr'><strong>Patre</strong></span> <span class='ocrx_word' id='word_1_558' title='bbox 1587 1111 1711 1146; x_wconf 87' lang='lat' dir='ltr'><strong>procedit</strong></span> <span class='ocrx_word' id='word_1_559' title='bbox 1722 1112 1732 1127; x_wconf 88' lang='lat'><strong><em>‘</em></strong></span> 
     </span>
    </p>
   </div>
   <div class='ocr_carea' id='block_1_68' title="bbox 937 1151 1732 1188">
    <p class='ocr_par' dir='ltr' id='par_1_68' title="bbox 937 1151 1732 1188">
     <span class='ocr_line' id='line_1_68' title="bbox 937 1151 1732 1188; baseline 0.009 -11"><span class='ocrx_word' id='word_1_560' title='bbox 937 1155 965 1178; x_wconf 90' lang='lat' dir='ltr'><strong>et</strong></span> <span class='ocrx_word' id='word_1_561' title='bbox 979 1159 993 1178; x_wconf 87' lang='lat' dir='ltr'><strong>a</strong></span> <span class='ocrx_word' id='word_1_562' title='bbox 1014 1151 1082 1179; x_wconf 87' lang='lat' dir='ltr'><strong>Filio</strong></span> <span class='ocrx_word' id='word_1_563' title='bbox 1107 1153 1205 1188; x_wconf 86' lang='lat' dir='ltr'><strong>accipit</strong></span> <span class='ocrx_word' id='word_1_564' title='bbox 1223 1154 1243 1180; x_wconf 91' lang='grc'><strong>³.</strong></span> <span class='ocrx_word' id='word_1_565' title='bbox 1263 1154 1326 1182; x_wconf 63' lang='lat' dir='ltr'><strong>Hinc</strong></span> <span class='ocrx_word' id='word_1_566' title='bbox 1347 1160 1388 1182; x_wconf 88' lang='lat' dir='ltr'><strong>est</strong></span> <span class='ocrx_word' id='word_1_567' title='bbox 1414 1163 1466 1182; x_wconf 91' lang='lat' dir='ltr'><strong>una</strong></span> <span class='ocrx_word' id='word_1_568' title='bbox 1488 1155 1633 1188; x_wconf 85' lang='lat' dir='ltr'><strong>divinitas,</strong></span> <span class='ocrx_word' id='word_1_569' title='bbox 1660 1164 1732 1185; x_wconf 92' lang='lat' dir='ltr'><strong>unus</strong></span> 
     </span>
    </p>
   </div>
   <div class='ocr_carea' id='block_1_69' title="bbox 938 1197 1731 1236">
    <p class='ocr_par' dir='ltr' id='par_1_69' title="bbox 938 1197 1731 1236">
     <span class='ocr_line' id='line_1_69' title="bbox 938 1197 1731 1236; baseline 0.008 -13"><span class='ocrx_word' id='word_1_570' title='bbox 938 1197 1018 1226; x_wconf 86' lang='lat' dir='ltr'><strong>Deus.</strong></span> <span class='ocrx_word' id='word_1_571' title='bbox 1032 1205 1103 1225; x_wconf 87' lang='lat' dir='ltr'><strong>unus</strong></span> <span class='ocrx_word' id='word_1_572' title='bbox 1126 1198 1269 1232; x_wconf 90' lang='lat' dir='ltr'><strong>Dominus,</strong></span> <span class='ocrx_word' id='word_1_573' title='bbox 1288 1198 1379 1232; x_wconf 90' lang='lat' dir='ltr'><strong>Pater,</strong></span> <span class='ocrx_word' id='word_1_574' title='bbox 1405 1203 1431 1228; x_wconf 90' lang='lat' dir='ltr'><strong>et</strong></span> <span class='ocrx_word' id='word_1_575' title='bbox 1446 1199 1543 1231; x_wconf 82' lang='lat' dir='ltr'><strong>Filius.</strong></span> <span class='ocrx_word' id='word_1_576' title='bbox 1558 1205 1585 1228; x_wconf 92' lang='lat' dir='ltr'><strong>et</strong></span> <span class='ocrx_word' id='word_1_577' title='bbox 1612 1201 1731 1236; x_wconf 89' lang='lat' dir='ltr'><strong>Spiritus</strong></span> 
     </span>
    </p>
   </div>
   <div class='ocr_carea' id='block_1_70' title="bbox 935 1244 1731 1282">
    <p class='ocr_par' dir='ltr' id='par_1_70' title="bbox 935 1244 1731 1282">
     <span class='ocr_line' id='line_1_70' title="bbox 935 1244 1731 1282; baseline 0.008 -13"><span class='ocrx_word' id='word_1_578' title='bbox 935 1247 1058 1271; x_wconf 83' lang='lat' dir='ltr'><strong>sanctus.</strong></span> <span class='ocrx_word' id='word_1_579' title='bbox 1088 1244 1116 1271; x_wconf 91' lang='lat' dir='ltr'><strong>ln</strong></span> <span class='ocrx_word' id='word_1_580' title='bbox 1128 1252 1183 1280; x_wconf 90' lang='lat' dir='ltr'><strong>quo</strong></span> <span class='ocrx_word' id='word_1_581' title='bbox 1195 1245 1269 1272; x_wconf 91' lang='lat' dir='ltr'><strong>nulla</strong></span> <span class='ocrx_word' id='word_1_582' title='bbox 1282 1249 1325 1274; x_wconf 90' lang='lat' dir='ltr'><strong>cst</strong></span> <span class='ocrx_word' id='word_1_583' title='bbox 1335 1245 1396 1273; x_wconf 88' lang='lat' dir='ltr'><strong>Filii</strong></span> <span class='ocrx_word' id='word_1_584' title='bbox 1411 1253 1473 1274; x_wconf 91' lang='lat' dir='ltr'><strong>cum</strong></span> <span class='ocrx_word' id='word_1_585' title='bbox 1485 1246 1565 1274; x_wconf 82' lang='lat' dir='ltr'><strong>Patre</strong></span> <span class='ocrx_word' id='word_1_586' title='bbox 1578 1246 1731 1282; x_wconf 88' lang='lat' dir='ltr'><strong>Spiritusve</strong></span> 
     </span>
    </p>
   </div>
   <div class='ocr_carea' id='block_1_71' title="bbox 935 1289 1732 1324">
    <p class='ocr_par' dir='ltr' id='par_1_71' title="bbox 935 1289 1732 1324">
     <span class='ocr_line' id='line_1_71' title="bbox 935 1289 1732 1324; baseline 0.008 -10"><span class='ocrx_word' id='word_1_587' title='bbox 935 1289 1023 1315; x_wconf 80' lang='lat' dir='ltr'><strong>sancti</strong></span> <span class='ocrx_word' id='word_1_588' title='bbox 1047 1289 1184 1323; x_wconf 82' lang='lat' dir='ltr'><strong>confusio,</strong></span> <span class='ocrx_word' id='word_1_589' title='bbox 1206 1290 1253 1318; x_wconf 88' lang='lat' dir='ltr'><strong>sed</strong></span> <span class='ocrx_word' id='word_1_590' title='bbox 1277 1294 1304 1318; x_wconf 88' lang='lat' dir='ltr'><strong>et</strong></span> <span class='ocrx_word' id='word_1_591' title='bbox 1327 1290 1409 1319; x_wconf 83' lang='lat' dir='ltr'><strong>Pater</strong></span> <span class='ocrx_word' id='word_1_592' title='bbox 1431 1290 1513 1319; x_wconf 86' lang='lat' dir='ltr'><strong>Pater</strong></span> <span class='ocrx_word' id='word_1_593' title='bbox 1528 1297 1580 1324; x_wconf 85' lang='lat' dir='ltr'><strong>est,</strong></span> <span class='ocrx_word' id='word_1_594' title='bbox 1601 1296 1628 1319; x_wconf 87' lang='lat' dir='ltr'><strong>et</strong></span> <span class='ocrx_word' id='word_1_595' title='bbox 1644 1292 1732 1321; x_wconf 87' lang='lat' dir='ltr'><strong>Filius</strong></span> 
     </span>
    </p>
   </div>
   <div class='ocr_carea' id='block_1_72' title="bbox 934 1332 1716 1374">
    <p class='ocr_par' dir='ltr' id='par_1_72' title="bbox 934 1332 1716 1374">
     <span class='ocr_line' id='line_1_72' title="bbox 934 1332 1716 1374; baseline 0.006 -14"><span class='ocrx_word' id='word_1_596' title='bbox 934 1332 1029 1366; x_wconf 85' lang='lat' dir='ltr'><strong>Filius,</strong></span> <span class='ocrx_word' id='word_1_597' title='bbox 1045 1338 1072 1362; x_wconf 86' lang='lat' dir='ltr'><strong>et</strong></span> <span class='ocrx_word' id='word_1_598' title='bbox 1093 1334 1212 1371; x_wconf 88' lang='lat' dir='ltr'><strong>Spiritus</strong></span> <span class='ocrx_word' id='word_1_599' title='bbox 1231 1340 1345 1365; x_wconf 86' lang='lat' dir='ltr'><strong>sanctus</strong></span> <span class='ocrx_word' id='word_1_600' title='bbox 1374 1336 1493 1372; x_wconf 75' lang='lat' dir='ltr'><strong>Spit-itus</strong></span> <span class='ocrx_word' id='word_1_601' title='bbox 1513 1341 1649 1365; x_wconf 88' lang='lat' dir='ltr'><strong>sanctus:</strong></span> <span class='ocrx_word' id='word_1_602' title='bbox 1667 1345 1716 1374; x_wconf 87' lang='lat' dir='ltr'><strong>per</strong></span> 
     </span>
    </p>
   </div>
   <div class='ocr_carea' id='block_1_73' title="bbox 934 1378 1719 1416">
    <p class='ocr_par' dir='ltr' id='par_1_73' title="bbox 934 1378 1719 1416">
     <span class='ocr_line' id='line_1_73' title="bbox 934 1378 1719 1416; baseline 0.009 -11"><span class='ocrx_word' id='word_1_603' title='bbox 934 1378 1004 1406; x_wconf 74' lang='lat' dir='ltr'><strong>lecta</strong></span> <span class='ocrx_word' id='word_1_604' title='bbox 1027 1380 1089 1412; x_wconf 89' lang='lat' dir='ltr'><strong>tria,</strong></span> <span class='ocrx_word' id='word_1_605' title='bbox 1111 1388 1164 1408; x_wconf 89' lang='lat' dir='ltr'><strong>una</strong></span> <span class='ocrx_word' id='word_1_606' title='bbox 1189 1381 1330 1416; x_wconf 86' lang='lat' dir='ltr'><strong>divinitas,</strong></span> <span class='ocrx_word' id='word_1_607' title='bbox 1353 1390 1425 1411; x_wconf 88' lang='lat' dir='ltr'><strong>unus</strong></span> <span class='ocrx_word' id='word_1_608' title='bbox 1449 1382 1532 1416; x_wconf 89' lang='lat' dir='ltr'><strong>Deus,</strong></span> <span class='ocrx_word' id='word_1_609' title='bbox 1549 1392 1621 1411; x_wconf 85' lang='lat' dir='ltr'><strong>unus</strong></span> <span class='ocrx_word' id='word_1_610' title='bbox 1641 1383 1719 1412; x_wconf 92' lang='lat' dir='ltr'><strong>Domi</strong></span> 
     </span>
    </p>
   </div>
   <div class='ocr_carea' id='block_1_74' title="bbox 933 1426 1731 1463">
    <p class='ocr_par' dir='ltr' id='par_1_74' title="bbox 933 1426 1731 1463">
     <span class='ocr_line' id='line_1_74' title="bbox 933 1426 1731 1463; baseline 0.011 -13"><span class='ocrx_word' id='word_1_611' title='bbox 933 1431 996 1458; x_wconf 87' lang='lat' dir='ltr'><strong>nus,</strong></span> <span class='ocrx_word' id='word_1_612' title='bbox 1010 1426 1237 1460; x_wconf 77' lang='lat' dir='ltr'><strong>quemadmodum</strong></span> <span class='ocrx_word' id='word_1_613' title='bbox 1263 1435 1336 1463; x_wconf 70' lang='lat' dir='ltr'><strong>saepe</strong></span> <span class='ocrx_word' id='word_1_614' title='bbox 1359 1428 1385 1455; x_wconf 92' lang='lat' dir='ltr'><strong>in</strong></span> <span class='ocrx_word' id='word_1_615' title='bbox 1409 1428 1558 1456; x_wconf 69' lang='lat' dir='ltr'><strong>haeresibus</strong></span> <span class='ocrx_word' id='word_1_616' title='bbox 1580 1429 1731 1459; x_wconf 77' lang='lat' dir='ltr'><strong>refutandis</strong></span> 
     </span>
    </p>
   </div>
   <div class='ocr_carea' id='block_1_75' title="bbox 932 1470 1730 1510">
    <p class='ocr_par' dir='ltr' id='par_1_75' title="bbox 932 1470 1730 1510">
     <span class='ocr_line' id='line_1_75' title="bbox 932 1470 1730 1510; baseline 0.008 -13"><span class='ocrx_word' id='word_1_617' title='bbox 932 1470 1054 1498; x_wconf 78' lang='lat' dir='ltr'><strong>divinum</strong></span> <span class='ocrx_word' id='word_1_618' title='bbox 1073 1480 1173 1500; x_wconf 89' lang='lat' dir='ltr'><strong>numen</strong></span> <span class='ocrx_word' id='word_1_619' title='bbox 1192 1473 1396 1508; x_wconf 76' lang='lat' dir='ltr'><strong>praedicandum</strong></span> <span class='ocrx_word' id='word_1_620' title='bbox 1410 1475 1660 1510; x_wconf 83' lang='lat' dir='ltr'><strong>celebrandumqu</strong></span> <span class='ocrx_word' id='word_1_621' title='bbox 1678 1476 1730 1504; x_wconf 81' lang='lat' dir='ltr'><strong>do—</strong></span> 
     </span>
    </p>
   </div>
   <div class='ocr_carea' id='block_1_76' title="bbox 932 1516 1729 1553">
    <p class='ocr_par' dir='ltr' id='par_1_76' title="bbox 932 1516 1729 1553">
     <span class='ocr_line' id='line_1_76' title="bbox 932 1516 1729 1553; baseline 0.009 -11"><span class='ocrx_word' id='word_1_622' title='bbox 932 1516 1049 1544; x_wconf 87' lang='lat' dir='ltr'><strong>cuimus.</strong></span> <span class='ocrx_word' id='word_1_623' title='bbox 1067 1517 1125 1550; x_wconf 84' lang='lat' dir='ltr'><strong>Qua</strong></span> <span class='ocrx_word' id='word_1_624' title='bbox 1142 1526 1172 1545; x_wconf 91' lang='lat' dir='ltr'><strong>re</strong></span> <span class='ocrx_word' id='word_1_625' title='bbox 1186 1527 1248 1546; x_wconf 88' lang='lat' dir='ltr'><strong>cum</strong></span> <span class='ocrx_word' id='word_1_626' title='bbox 1267 1524 1293 1547; x_wconf 84' lang='lat' dir='ltr'><strong>et</strong></span> <span class='ocrx_word' id='word_1_627' title='bbox 1310 1527 1382 1547; x_wconf 88' lang='lat' dir='ltr'><strong>unus</strong></span> <span class='ocrx_word' id='word_1_628' title='bbox 1408 1519 1480 1548; x_wconf 91' lang='lat' dir='ltr'><strong>Deus</strong></span> <span class='ocrx_word' id='word_1_629' title='bbox 1503 1521 1549 1553; x_wconf 89' lang='lat' dir='ltr'><strong>sit,</strong></span> <span class='ocrx_word' id='word_1_630' title='bbox 1574 1529 1623 1549; x_wconf 90' lang='lat' dir='ltr'><strong>nec</strong></span> <span class='ocrx_word' id='word_1_631' title='bbox 1645 1522 1729 1549; x_wconf 88' lang='lat' dir='ltr'><strong>alium</strong></span> 
     </span>
    </p>
   </div>
   <div class='ocr_carea' id='block_1_77' title="bbox 931 1563 1729 1601">
    <p class='ocr_par' dir='ltr' id='par_1_77' title="bbox 931 1563 1729 1601">
     <span class='ocr_line' id='line_1_77' title="bbox 931 1563 1729 1601; baseline 0.009 -13"><span class='ocrx_word' id='word_1_632' title='bbox 931 1566 1029 1596; x_wconf 59' lang='lat' dir='ltr'><strong>praeter</strong></span> <span class='ocrx_word' id='word_1_633' title='bbox 1045 1563 1118 1591; x_wconf 88' lang='lat' dir='ltr'><strong>hunc</strong></span> <span class='ocrx_word' id='word_1_634' title='bbox 1137 1564 1228 1591; x_wconf 84' lang='lat' dir='ltr'><strong>animo</strong></span> <span class='ocrx_word' id='word_1_635' title='bbox 1248 1566 1392 1600; x_wconf 74' lang='lat' dir='ltr'><strong>concipere</strong></span> <span class='ocrx_word' id='word_1_636' title='bbox 1410 1566 1557 1601; x_wconf 81' lang='lat' dir='ltr'><strong>possimus,</strong></span> <span class='ocrx_word' id='word_1_637' title='bbox 1575 1567 1729 1596; x_wconf 77' lang='lat' dir='ltr'><strong>admirabili</strong></span> 
     </span>
    </p>
   </div>
   <div class='ocr_carea' id='block_1_78' title="bbox 932 1609 1730 1647">
    <p class='ocr_par' dir='ltr' id='par_1_78' title="bbox 932 1609 1730 1647">
     <span class='ocr_line' id='line_1_78' title="bbox 932 1609 1730 1647; baseline 0.01 -14"><span class='ocrx_word' id='word_1_638' title='bbox 932 1610 1023 1635; x_wconf 89' lang='lat' dir='ltr'><strong>tamen</strong></span> <span class='ocrx_word' id='word_1_639' title='bbox 1045 1609 1160 1641; x_wconf 84' lang='lat' dir='ltr'><strong>ratione,</strong></span> <span class='ocrx_word' id='word_1_640' title='bbox 1185 1614 1213 1638; x_wconf 88' lang='lat' dir='ltr'><strong>et</strong></span> <span class='ocrx_word' id='word_1_641' title='bbox 1236 1611 1373 1646; x_wconf 86' lang='lat' dir='ltr'><strong>ingenitus</strong></span> <span class='ocrx_word' id='word_1_642' title='bbox 1389 1616 1471 1647; x_wconf 82' lang='lat' dir='ltr'><strong>atque</strong></span> <span class='ocrx_word' id='word_1_643' title='bbox 1495 1612 1634 1641; x_wconf 87' lang='lat' dir='ltr'><strong>increatus</strong></span> <span class='ocrx_word' id='word_1_644' title='bbox 1649 1612 1730 1642; x_wconf 86' lang='lat' dir='ltr'><strong>Pater</strong></span> 
     </span>
    </p>
   </div>
   <div class='ocr_carea' id='block_1_79' title="bbox 907 1647 1730 1692">
    <p class='ocr_par' dir='ltr' id='par_1_79' title="bbox 907 1647 1730 1692">
     <span class='ocr_line' id='line_1_79' title="bbox 907 1647 1730 1692; baseline 0.01 -13"><span class='ocrx_word' id='word_1_645' title='bbox 907 1647 916 1658; x_wconf 85' lang='grc'><strong><em>¹</em></strong></span> <span class='ocrx_word' id='word_1_646' title='bbox 933 1656 986 1685; x_wconf 84' lang='lat' dir='ltr'><strong>est,</strong></span> <span class='ocrx_word' id='word_1_647' title='bbox 999 1657 1026 1680; x_wconf 89' lang='lat' dir='ltr'><strong>et</strong></span> <span class='ocrx_word' id='word_1_648' title='bbox 1041 1653 1139 1682; x_wconf 88' lang='lat' dir='ltr'><strong>unicus</strong></span> <span class='ocrx_word' id='word_1_649' title='bbox 1157 1654 1202 1682; x_wconf 89' lang='lat' dir='ltr'><strong>Dei</strong></span> <span class='ocrx_word' id='word_1_650' title='bbox 1218 1655 1302 1683; x_wconf 77' lang='lat' dir='ltr'><strong>Filius</strong></span> <span class='ocrx_word' id='word_1_651' title='bbox 1320 1656 1355 1684; x_wconf 89' lang='lat' dir='ltr'><strong>ab</strong></span> <span class='ocrx_word' id='word_1_652' title='bbox 1378 1656 1437 1691; x_wconf 87' lang='lat' dir='ltr'><strong>ipso</strong></span> <span class='ocrx_word' id='word_1_653' title='bbox 1456 1657 1564 1692; x_wconf 80' lang='lat' dir='ltr'><strong>genitus</strong></span> <span class='ocrx_word' id='word_1_654' title='bbox 1588 1659 1663 1686; x_wconf 90' lang='lat' dir='ltr'><strong>nulla</strong></span> <span class='ocrx_word' id='word_1_655' title='bbox 1683 1667 1730 1687; x_wconf 74' lang='lat' dir='ltr'><strong>ra-</strong></span> 
     </span>
    </p>
   </div>
   <div class='ocr_carea' id='block_1_80' title="bbox 934 1698 1728 1736">
    <p class='ocr_par' dir='ltr' id='par_1_80' title="bbox 934 1698 1728 1736">
     <span class='ocr_line' id='line_1_80' title="bbox 934 1698 1728 1736; baseline 0.008 -12"><span class='ocrx_word' id='word_1_656' title='bbox 934 1698 1008 1725; x_wconf 87' lang='lat' dir='ltr'><strong>tione</strong></span> <span class='ocrx_word' id='word_1_657' title='bbox 1022 1698 1164 1727; x_wconf 86' lang='lat' dir='ltr'><strong>dissimilis</strong></span> <span class='ocrx_word' id='word_1_658' title='bbox 1184 1700 1257 1727; x_wconf 87' lang='lat' dir='ltr'><strong>illius</strong></span> <span class='ocrx_word' id='word_1_659' title='bbox 1282 1704 1334 1731; x_wconf 85' lang='lat' dir='ltr'><strong>est.</strong></span> <span class='ocrx_word' id='word_1_660' title='bbox 1359 1701 1406 1728; x_wconf 90' lang='lat' dir='ltr'><strong>sed</strong></span> <span class='ocrx_word' id='word_1_661' title='bbox 1428 1700 1498 1728; x_wconf 86' lang='lat' dir='ltr'><strong>idem</strong></span> <span class='ocrx_word' id='word_1_662' title='bbox 1511 1709 1572 1728; x_wconf 89' lang='lat' dir='ltr'><strong>cum</strong></span> <span class='ocrx_word' id='word_1_663' title='bbox 1590 1701 1681 1736; x_wconf 87' lang='lat' dir='ltr'><strong>Patre,</strong></span> <span class='ocrx_word' id='word_1_664' title='bbox 1699 1707 1728 1731; x_wconf 83' lang='lat' dir='ltr'><strong>et</strong></span> 
     </span>
    </p>
   </div>
   <div class='ocr_carea' id='block_1_81' title="bbox 933 1743 1727 1783">
    <p class='ocr_par' dir='ltr' id='par_1_81' title="bbox 933 1743 1727 1783">
     <span class='ocr_line' id='line_1_81' title="bbox 933 1743 1727 1783; baseline 0.008 -14"><span class='ocrx_word' id='word_1_665' title='bbox 933 1743 1028 1778; x_wconf 69' lang='lat' dir='ltr'><strong>aequali</strong></span> <span class='ocrx_word' id='word_1_666' title='bbox 1047 1743 1074 1770; x_wconf 94' lang='lat' dir='ltr'><strong>in</strong></span> <span class='ocrx_word' id='word_1_667' title='bbox 1098 1744 1225 1772; x_wconf 88' lang='lat' dir='ltr'><strong>omnibus</strong></span> <span class='ocrx_word' id='word_1_668' title='bbox 1245 1744 1378 1780; x_wconf 76' lang='lat' dir='ltr'><strong>dignitate</strong></span> <span class='ocrx_word' id='word_1_669' title='bbox 1395 1745 1528 1780; x_wconf 77' lang='lat' dir='ltr'><strong>gaudens,</strong></span> <span class='ocrx_word' id='word_1_670' title='bbox 1550 1747 1658 1774; x_wconf 85' lang='lat' dir='ltr'><strong>tametsi</strong></span> <span class='ocrx_word' id='word_1_671' title='bbox 1679 1755 1727 1783; x_wconf 86' lang='lat' dir='ltr'><strong>ge-</strong></span> 
     </span>
    </p>
   </div>
   <div class='ocr_carea' id='block_1_82' title="bbox 933 1788 1724 1826">
    <p class='ocr_par' dir='ltr' id='par_1_82' title="bbox 933 1788 1724 1826">
     <span class='ocr_line' id='line_1_82' title="bbox 933 1788 1724 1826; baseline 0.009 -12"><span class='ocrx_word' id='word_1_672' title='bbox 933 1788 1007 1815; x_wconf 87' lang='lat' dir='ltr'><strong>nitus</strong></span> <span class='ocrx_word' id='word_1_673' title='bbox 1019 1788 1082 1821; x_wconf 82' lang='lat' dir='ltr'><strong>iste,</strong></span> <span class='ocrx_word' id='word_1_674' title='bbox 1101 1788 1146 1816; x_wconf 91' lang='lat' dir='ltr'><strong>ille</strong></span> <span class='ocrx_word' id='word_1_675' title='bbox 1161 1797 1226 1816; x_wconf 89' lang='lat' dir='ltr'><strong>vero</strong></span> <span class='ocrx_word' id='word_1_676' title='bbox 1243 1790 1279 1818; x_wconf 90' lang='lat' dir='ltr'><strong>sit</strong></span> <span class='ocrx_word' id='word_1_677' title='bbox 1294 1790 1442 1826; x_wconf 81' lang='lat' dir='ltr'><strong>ingenitus.</strong></span> <span class='ocrx_word' id='word_1_678' title='bbox 1462 1791 1567 1819; x_wconf 84' lang='lat' dir='ltr'><strong>Etenim</strong></span> <span class='ocrx_word' id='word_1_679' title='bbox 1586 1792 1610 1820; x_wconf 91' lang='lat' dir='ltr'><strong>si</strong></span> <span class='ocrx_word' id='word_1_680' title='bbox 1624 1791 1724 1821; x_wconf 81' lang='lat' dir='ltr'><strong>Filium</strong></span> 
     </span>
    </p>
   </div>
   <div class='ocr_carea' id='block_1_83' title="bbox 932 1834 1726 1874">
    <p class='ocr_par' dir='ltr' id='par_1_83' title="bbox 932 1834 1726 1874">
     <span class='ocr_line' id='line_1_83' title="bbox 932 1834 1726 1874; baseline 0.008 -14"><span class='ocrx_word' id='word_1_681' title='bbox 932 1834 1045 1861; x_wconf 92' lang='lat' dir='ltr'><strong>omnino</strong></span> <span class='ocrx_word' id='word_1_682' title='bbox 1056 1835 1160 1869; x_wconf 74' lang='lat' dir='ltr'><strong>genuit.</strong></span> <span class='ocrx_word' id='word_1_683' title='bbox 1174 1834 1232 1863; x_wconf 83' lang='lat' dir='ltr'><strong>ﬁeri</strong></span> <span class='ocrx_word' id='word_1_684' title='bbox 1248 1843 1303 1863; x_wconf 94' lang='lat' dir='ltr'><strong>non</strong></span> <span class='ocrx_word' id='word_1_685' title='bbox 1313 1840 1412 1871; x_wconf 89' lang='lat' dir='ltr'><strong>potest,</strong></span> <span class='ocrx_word' id='word_1_686' title='bbox 1427 1841 1456 1864; x_wconf 90' lang='lat' dir='ltr'><strong>ut</strong></span> <span class='ocrx_word' id='word_1_687' title='bbox 1473 1844 1528 1865; x_wconf 94' lang='lat' dir='ltr'><strong>non</strong></span> <span class='ocrx_word' id='word_1_688' title='bbox 1545 1837 1620 1866; x_wconf 86' lang='lat' dir='ltr'><strong>Patri</strong></span> <span class='ocrx_word' id='word_1_689' title='bbox 1632 1846 1726 1874; x_wconf 68' lang='lat' dir='ltr'><strong>aequa-</strong></span> 
     </span>
    </p>
   </div>
   <div class='ocr_carea' id='block_1_84' title="bbox 932 1878 1725 1918">
    <p class='ocr_par' dir='ltr' id='par_1_84' title="bbox 932 1878 1725 1918">
     <span class='ocr_line' id='line_1_84' title="bbox 932 1878 1725 1918; baseline 0.008 -13"><span class='ocrx_word' id='word_1_690' title='bbox 932 1878 966 1906; x_wconf 88' lang='lat' dir='ltr'><strong>lis</strong></span> <span class='ocrx_word' id='word_1_691' title='bbox 983 1879 1063 1907; x_wconf 88' lang='lat' dir='ltr'><strong>sitae</strong></span> <span class='ocrx_word' id='word_1_692' title='bbox 1080 1879 1189 1908; x_wconf 83' lang='lat' dir='ltr'><strong>similis.</strong></span> <span class='ocrx_word' id='word_1_693' title='bbox 1203 1879 1341 1916; x_wconf 80' lang='lat' dir='ltr'><strong>Quidquid</strong></span> <span class='ocrx_word' id='word_1_694' title='bbox 1357 1882 1431 1909; x_wconf 93' lang='lat' dir='ltr'><strong>enim</strong></span> <span class='ocrx_word' id='word_1_695' title='bbox 1447 1882 1543 1918; x_wconf 84' lang='lat' dir='ltr'><strong>gignit,</strong></span> <span class='ocrx_word' id='word_1_696' title='bbox 1565 1883 1655 1912; x_wconf 88' lang='lat' dir='ltr'><strong>simile</strong></span> <span class='ocrx_word' id='word_1_697' title='bbox 1672 1883 1725 1911; x_wconf 88' lang='lat' dir='ltr'><strong>sibi</strong></span> 
     </span>
    </p>
   </div>
   <div class='ocr_carea' id='block_1_85' title="bbox 931 1925 1727 1966">
    <p class='ocr_par' dir='ltr' id='par_1_85' title="bbox 931 1925 1727 1966">
     <span class='ocr_line' id='line_1_85' title="bbox 931 1925 1727 1966; baseline 0.009 -15"><span class='ocrx_word' id='word_1_698' title='bbox 931 1925 1037 1961; x_wconf 76' lang='lat' dir='ltr'><strong>gignit;</strong></span> <span class='ocrx_word' id='word_1_699' title='bbox 1066 1933 1157 1961; x_wconf 87' lang='lat' dir='ltr'><strong>neque</strong></span> <span class='ocrx_word' id='word_1_700' title='bbox 1188 1927 1278 1955; x_wconf 84' lang='lat' dir='ltr'><strong>simile</strong></span> <span class='ocrx_word' id='word_1_701' title='bbox 1312 1931 1437 1961; x_wconf 85' lang='lat' dir='ltr'><strong>tantum,</strong></span> <span class='ocrx_word' id='word_1_702' title='bbox 1462 1928 1509 1956; x_wconf 87' lang='lat' dir='ltr'><strong>sed</strong></span> <span class='ocrx_word' id='word_1_703' title='bbox 1544 1929 1615 1958; x_wconf 90' lang='lat' dir='ltr'><strong>idem</strong></span> <span class='ocrx_word' id='word_1_704' title='bbox 1645 1933 1727 1966; x_wconf 86' lang='lat' dir='ltr'><strong>atque</strong></span> 
     </span>
    </p>
   </div>
   <div class='ocr_carea' id='block_1_86' title="bbox 931 1971 1727 2011">
    <p class='ocr_par' dir='ltr' id='par_1_86' title="bbox 931 1971 1727 2011">
     <span class='ocr_line' id='line_1_86' title="bbox 931 1971 1727 2011; baseline 0.008 -13"><span class='ocrx_word' id='word_1_705' title='bbox 931 1971 1034 2006; x_wconf 64' lang='lat' dir='ltr'><strong>aquale</strong></span> <span class='ocrx_word' id='word_1_706' title='bbox 1048 1978 1173 2006; x_wconf 89' lang='lat' dir='ltr'><strong>prorsus.</strong></span> <span class='ocrx_word' id='word_1_707' title='bbox 1190 1971 1311 2008; x_wconf 82' lang='lat' dir='ltr'><strong>Exempli</strong></span> <span class='ocrx_word' id='word_1_708' title='bbox 1329 1974 1414 2009; x_wconf 83' lang='lat' dir='ltr'><strong>gratia</strong></span> <span class='ocrx_word' id='word_1_709' title='bbox 1432 1973 1570 2003; x_wconf 85' lang='lat' dir='ltr'><strong>hominem</strong></span> <span class='ocrx_word' id='word_1_710' title='bbox 1588 1977 1671 2004; x_wconf 84' lang='lat' dir='ltr'><strong>homo</strong></span> <span class='ocrx_word' id='word_1_711' title='bbox 1685 1977 1727 2011; x_wconf 73' lang='lat' dir='ltr'><strong>gi-</strong></span> 
     </span>
    </p>
   </div>
   <div class='ocr_carea' id='block_1_87' title="bbox 931 2016 1724 2057">
    <p class='ocr_par' dir='ltr' id='par_1_87' title="bbox 931 2016 1724 2057">
     <span class='ocr_line' id='line_1_87' title="bbox 931 2016 1724 2057; baseline 0.009 -14"><span class='ocrx_word' id='word_1_712' title='bbox 931 2016 1000 2051; x_wconf 76' lang='lat' dir='ltr'><strong>gnit,</strong></span> <span class='ocrx_word' id='word_1_713' title='bbox 1025 2021 1052 2044; x_wconf 87' lang='lat' dir='ltr'><strong>et</strong></span> <span class='ocrx_word' id='word_1_714' title='bbox 1076 2016 1148 2045; x_wconf 88' lang='lat' dir='ltr'><strong>Deus</strong></span> <span class='ocrx_word' id='word_1_715' title='bbox 1173 2017 1283 2046; x_wconf 88' lang='lat' dir='ltr'><strong>Deum:</strong></span> <span class='ocrx_word' id='word_1_716' title='bbox 1301 2019 1347 2046; x_wconf 90' lang='lat' dir='ltr'><strong>ille</strong></span> <span class='ocrx_word' id='word_1_717' title='bbox 1361 2020 1544 2055; x_wconf 74' lang='lat' dir='ltr'><strong>copulatione</strong></span> <span class='ocrx_word' id='word_1_718' title='bbox 1565 2029 1724 2057; x_wconf 83' lang='lat' dir='ltr'><strong>corporum.</strong></span> 
     </span>
    </p>
   </div>
   <div class='ocr_carea' id='block_1_88' title="bbox 930 2061 1724 2098">
    <p class='ocr_par' dir='ltr' id='par_1_88' title="bbox 930 2061 1724 2098">
     <span class='ocr_line' id='line_1_88' title="bbox 930 2061 1724 2098; baseline 0.009 -9"><span class='ocrx_word' id='word_1_719' title='bbox 930 2061 975 2090; x_wconf 91' lang='lat' dir='ltr'><strong>hic</strong></span> <span class='ocrx_word' id='word_1_720' title='bbox 992 2062 1178 2098; x_wconf 78' lang='lat' dir='ltr'><strong>inexplicabili</strong></span> <span class='ocrx_word' id='word_1_721' title='bbox 1198 2064 1316 2098; x_wconf 87' lang='lat' dir='ltr'><strong>quodam</strong></span> <span class='ocrx_word' id='word_1_722' title='bbox 1342 2065 1424 2093; x_wconf 89' lang='lat' dir='ltr'><strong>modo</strong></span> <span class='ocrx_word' id='word_1_723' title='bbox 1450 2074 1521 2094; x_wconf 88' lang='lat' dir='ltr'><strong>unus</strong></span> <span class='ocrx_word' id='word_1_724' title='bbox 1546 2067 1659 2095; x_wconf 90' lang='lat' dir='ltr'><strong>unicum</strong></span> <span class='ocrx_word' id='word_1_725' title='bbox 1676 2067 1724 2095; x_wconf 78' lang='lat' dir='ltr'><strong>Fi-</strong></span> 
     </span>
    </p>
   </div>
   <div class='ocr_carea' id='block_1_89' title="bbox 930 2106 1725 2146">
    <p class='ocr_par' dir='ltr' id='par_1_89' title="bbox 930 2106 1725 2146">
     <span class='ocr_line' id='line_1_89' title="bbox 930 2106 1725 2146; baseline 0.009 -13"><span class='ocrx_word' id='word_1_726' title='bbox 930 2106 996 2134; x_wconf 90' lang='lat' dir='ltr'><strong>lium</strong></span> <span class='ocrx_word' id='word_1_727' title='bbox 1014 2108 1120 2142; x_wconf 84' lang='lat' dir='ltr'><strong>genuit,</strong></span> <span class='ocrx_word' id='word_1_728' title='bbox 1143 2107 1203 2136; x_wconf 86' lang='lat' dir='ltr'><strong>sine</strong></span> <span class='ocrx_word' id='word_1_729' title='bbox 1222 2108 1278 2136; x_wconf 92' lang='lat' dir='ltr'><strong>ullo</strong></span> <span class='ocrx_word' id='word_1_730' title='bbox 1299 2109 1442 2145; x_wconf 84' lang='lat' dir='ltr'><strong>proﬂuvio,</strong></span> <span class='ocrx_word' id='word_1_731' title='bbox 1461 2111 1503 2138; x_wconf 90' lang='lat' dir='ltr'><strong>vel</strong></span> <span class='ocrx_word' id='word_1_732' title='bbox 1524 2113 1725 2146; x_wconf 85' lang='lat' dir='ltr'><strong>contractione,</strong></span> 
     </span>
    </p>
   </div>
   <div class='ocr_carea' id='block_1_90' title="bbox 928 2151 1723 2192">
    <p class='ocr_par' dir='ltr' id='par_1_90' title="bbox 928 2151 1723 2192">
     <span class='ocr_line' id='line_1_90' title="bbox 928 2151 1723 2192; baseline 0.009 -14"><span class='ocrx_word' id='word_1_733' title='bbox 928 2151 1012 2187; x_wconf 77' lang='lat'><strong>919</strong></span> <span class='ocrx_word' id='word_1_734' title='bbox 1025 2153 1066 2180; x_wconf 87' lang='lat' dir='ltr'><strong>vel</strong></span> <span class='ocrx_word' id='word_1_735' title='bbox 1080 2153 1249 2182; x_wconf 87' lang='lat' dir='ltr'><strong>dilatatione.</strong></span> <span class='ocrx_word' id='word_1_736' title='bbox 1263 2154 1344 2182; x_wconf 88' lang='lat' dir='ltr'><strong>Pater</strong></span> <span class='ocrx_word' id='word_1_737' title='bbox 1361 2156 1435 2183; x_wconf 90' lang='lat' dir='ltr'><strong>enim</strong></span> <span class='ocrx_word' id='word_1_738' title='bbox 1458 2162 1521 2183; x_wconf 90' lang='lat' dir='ltr'><strong>cum</strong></span> <span class='ocrx_word' id='word_1_739' title='bbox 1543 2157 1580 2184; x_wconf 85' lang='lat' dir='ltr'><strong>sit</strong></span> <span class='ocrx_word' id='word_1_740' title='bbox 1597 2156 1723 2192; x_wconf 78' lang='lat' dir='ltr'><strong>spiritus,</strong></span> 
     </span>
    </p>
   </div>
   <div class='ocr_carea' id='block_1_91' title="bbox 929 2199 1723 2239">
    <p class='ocr_par' dir='ltr' id='par_1_91' title="bbox 929 2199 1723 2239">
     <span class='ocr_line' id='line_1_91' title="bbox 929 2199 1723 2239; baseline 0.008 -14"><span class='ocrx_word' id='word_1_741' title='bbox 929 2205 962 2226; x_wconf 80' lang='lat' dir='ltr'><strong>ex</strong></span> <span class='ocrx_word' id='word_1_742' title='bbox 979 2199 1072 2234; x_wconf 77' lang='lat' dir='ltr'><strong>seipse</strong></span> <span class='ocrx_word' id='word_1_743' title='bbox 1087 2199 1163 2227; x_wconf 92' lang='lat' dir='ltr'><strong>nullo</strong></span> <span class='ocrx_word' id='word_1_744' title='bbox 1178 2200 1220 2228; x_wconf 87' lang='lat' dir='ltr'><strong>vel</strong></span> <span class='ocrx_word' id='word_1_745' title='bbox 1239 2200 1328 2234; x_wconf 91' lang='lat' dir='ltr'><strong>initio,</strong></span> <span class='ocrx_word' id='word_1_746' title='bbox 1344 2201 1387 2229; x_wconf 88' lang='lat' dir='ltr'><strong>vel</strong></span> <span class='ocrx_word' id='word_1_747' title='bbox 1407 2204 1531 2237; x_wconf 83' lang='lat' dir='ltr'><strong>tempore</strong></span> <span class='ocrx_word' id='word_1_748' title='bbox 1553 2202 1652 2230; x_wconf 80' lang='lat' dir='ltr'><strong>Filium</strong></span> <span class='ocrx_word' id='word_1_749' title='bbox 1676 2211 1723 2239; x_wconf 82' lang='lat' dir='ltr'><strong>ge-</strong></span> 
     </span>
    </p>
   </div>
   <div class='ocr_carea' id='block_1_92' title="bbox 929 2245 1721 2284">
    <p class='ocr_par' dir='ltr' id='par_1_92' title="bbox 929 2245 1721 2284">
     <span class='ocr_line' id='line_1_92' title="bbox 929 2245 1721 2284; baseline 0.009 -13"><span class='ocrx_word' id='word_1_750' title='bbox 929 2245 999 2278; x_wconf 88' lang='lat' dir='ltr'><strong>nuit,</strong></span> <span class='ocrx_word' id='word_1_751' title='bbox 1015 2245 1067 2273; x_wconf 89' lang='lat' dir='ltr'><strong>sibi</strong></span> <span class='ocrx_word' id='word_1_752' title='bbox 1089 2246 1116 2272; x_wconf 92' lang='lat' dir='ltr'><strong>in</strong></span> <span class='ocrx_word' id='word_1_753' title='bbox 1139 2247 1268 2274; x_wconf 90' lang='lat' dir='ltr'><strong>omnibus</strong></span> <span class='ocrx_word' id='word_1_754' title='bbox 1293 2247 1408 2276; x_wconf 87' lang='lat' dir='ltr'><strong>similem</strong></span> <span class='ocrx_word' id='word_1_755' title='bbox 1433 2253 1460 2276; x_wconf 88' lang='lat' dir='ltr'><strong>et</strong></span> <span class='ocrx_word' id='word_1_756' title='bbox 1480 2249 1623 2284; x_wconf 69' lang='lat' dir='ltr'><strong>aequalem,</strong></span> <span class='ocrx_word' id='word_1_757' title='bbox 1641 2255 1671 2278; x_wconf 88' lang='lat' dir='ltr'><strong>ut</strong></span> <span class='ocrx_word' id='word_1_758' title='bbox 1687 2258 1721 2278; x_wconf 77' lang='lat' dir='ltr'><strong>ex</strong></span> 
     </span>
    </p>
   </div>
   <div class='ocr_carea' id='block_1_93' title="bbox 82 2288 882 2331">
    <p class='ocr_par' dir='ltr' id='par_1_93' title="bbox 82 2288 877 2329">
     <span class='ocr_line' id='line_1_93' title="bbox 82 2288 877 2329; baseline -0.005 -11"><span class='ocrx_word' id='word_1_759' title='bbox 82 2291 128 2329; x_wconf 79' lang='grc' dir='ltr'>τρὶ</span> <span class='ocrx_word' id='word_1_760' title='bbox 139 2291 188 2318; x_wconf 73' lang='grc' dir='ltr'>καὶ</span> <span class='ocrx_word' id='word_1_761' title='bbox 201 2291 257 2322; x_wconf 76' lang='grc' dir='ltr'>ἴσος</span> <span class='ocrx_word' id='word_1_762' title='bbox 269 2290 338 2318; x_wconf 80' lang='grc' dir='ltr'>κατὰ</span> <span class='ocrx_word' id='word_1_763' title='bbox 353 2291 452 2322; x_wconf 79' lang='grc' dir='ltr'>πάντα,</span> <span class='ocrx_word' id='word_1_764' title='bbox 471 2291 485 2317; x_wconf 93' lang='lat'><strong>6</strong></span> <span class='ocrx_word' id='word_1_765' title='bbox 499 2291 527 2316; x_wconf 82' lang='grc' dir='ltr'>ὲν</span> <span class='ocrx_word' id='word_1_766' title='bbox 542 2289 617 2324; x_wconf 80' lang='grc' dir='ltr'>αὐτῷ</span> <span class='ocrx_word' id='word_1_767' title='bbox 631 2289 700 2324; x_wconf 79' lang='grc' dir='ltr'>έχων</span> <span class='ocrx_word' id='word_1_768' title='bbox 712 2288 743 2315; x_wconf 82' lang='grc' dir='ltr'>τὸ</span> <span class='ocrx_word' id='word_1_769' title='bbox 753 2288 811 2324; x_wconf 79' lang='grc' dir='ltr'>ζῇν,</span> <span class='ocrx_word' id='word_1_770' title='bbox 830 2289 877 2315; x_wconf 79' lang='grc' dir='ltr'>καὶ</span> 
     </span>
    </p>
   </div>
   <div class='ocr_carea' id='block_1_94' title="bbox 933 2288 1721 2331">
    <p class='ocr_par' dir='ltr' id='par_1_94' title="bbox 933 2289 1721 2331">
     <span class='ocr_line' id='line_1_94' title="bbox 933 2289 1721 2331; baseline 0.01 -15"><span class='ocrx_word' id='word_1_771' title='bbox 933 2289 1067 2325; x_wconf 81' lang='lat' dir='ltr'><strong>Evangelii</strong></span> <span class='ocrx_word' id='word_1_772' title='bbox 1094 2291 1258 2319; x_wconf 83' lang='lat' dir='ltr'><strong>auctoritate</strong></span> <span class='ocrx_word' id='word_1_773' title='bbox 1278 2297 1408 2321; x_wconf 86' lang='lat' dir='ltr'><strong>constat:</strong></span> <span class='ocrx_word' id='word_1_774' title='bbox 1430 2293 1598 2327; x_wconf 74' lang='lat' dir='ltr'><strong>Quwrebant,</strong></span> <span class='ocrx_word' id='word_1_775' title='bbox 1621 2295 1721 2331; x_wconf 85' lang='lat' dir='ltr'><strong>inquit.</strong></span> 
     </span>
    </p>
   </div>
   <div class='ocr_carea' id='block_1_95' title="bbox 80 2334 875 2374">
    <p class='ocr_par' dir='ltr' id='par_1_95' title="bbox 80 2334 875 2374">
     <span class='ocr_line' id='line_1_95' title="bbox 80 2334 875 2374; baseline -0.009 -7"><span class='ocrx_word' id='word_1_776' title='bbox 80 2340 189 2374; x_wconf 82' lang='grc' dir='ltr'>λέγων·</span> <span class='ocrx_word' id='word_1_777' title='bbox 210 2337 324 2372; x_wconf 75' lang='grc' dir='ltr'>Ὥσπερ</span> <span class='ocrx_word' id='word_1_778' title='bbox 347 2338 363 2364; x_wconf 91' lang='lat' dir='ltr'><strong>o&#39;</strong></span> <span class='ocrx_word' id='word_1_779' title='bbox 386 2337 487 2370; x_wconf 84' lang='grc' dir='ltr'>Πατὴρ</span> <span class='ocrx_word' id='word_1_780' title='bbox 514 2336 619 2371; x_wconf 80' lang='grc' dir='ltr'>ἐγείρει</span> <span class='ocrx_word' id='word_1_781' title='bbox 645 2334 716 2368; x_wconf 81' lang='grc' dir='ltr'>τοὺς</span> <span class='ocrx_word' id='word_1_782' title='bbox 738 2334 875 2370; x_wconf 77' lang='grc' dir='ltr'>νεκροὺς,</span> 
     </span>
    </p>
   </div>
   <div class='ocr_carea' id='block_1_96' title="bbox 80 2381 872 2418">
    <p class='ocr_par' dir='ltr' id='par_1_96' title="bbox 80 2381 872 2418">
     <span class='ocr_line' id='line_1_96' title="bbox 80 2381 872 2418; baseline -0.008 -5"><span class='ocrx_word' id='word_1_783' title='bbox 80 2386 158 2413; x_wconf 83' lang='grc' dir='ltr'>οὔτω</span> <span class='ocrx_word' id='word_1_784' title='bbox 172 2383 225 2412; x_wconf 72' lang='grc' dir='ltr'>καὶ</span> <span class='ocrx_word' id='word_1_785' title='bbox 237 2384 255 2411; x_wconf 81' lang='grc' dir='ltr'><em>ὀ</em></span> <span class='ocrx_word' id='word_1_786' title='bbox 264 2383 331 2416; x_wconf 79' lang='grc' dir='ltr'><strong>Υἱὸς</strong></span> <span class='ocrx_word' id='word_1_787' title='bbox 340 2383 444 2418; x_wconf 73' lang='grc' dir='ltr'>ἐγείρει</span> <span class='ocrx_word' id='word_1_788' title='bbox 459 2382 530 2415; x_wconf 81' lang='grc' dir='ltr'>τοὺς</span> <span class='ocrx_word' id='word_1_789' title='bbox 541 2382 662 2416; x_wconf 73' lang='grc' dir='ltr'>νεκρούς</span> <span class='ocrx_word' id='word_1_790' title='bbox 675 2389 684 2413; x_wconf 87' lang='grc'><strong><em>;</em></strong></span> <span class='ocrx_word' id='word_1_791' title='bbox 700 2381 755 2408; x_wconf 76' lang='grc' dir='ltr'><strong>Καὶ</strong></span> <span class='ocrx_word' id='word_1_792' title='bbox 771 2381 857 2415; x_wconf 83' lang='grc' dir='ltr'>λέγων</span> <span class='ocrx_word' id='word_1_793' title='bbox 866 2389 872 2395; x_wconf 93' lang='grc'><strong>·</strong></span> 
     </span>
    </p>
   </div>
   <div class='ocr_carea' id='block_1_97' title="bbox 86 2426 874 2465">
    <p class='ocr_par' dir='ltr' id='par_1_97' title="bbox 86 2426 874 2465">
     <span class='ocr_line' id='line_1_97' title="bbox 86 2426 874 2465; baseline -0.008 -7"><span class='ocrx_word' id='word_1_794' title='bbox 86 2432 113 2458; x_wconf 88' lang='lat'><strong>&#39;0</strong></span> <span class='ocrx_word' id='word_1_795' title='bbox 128 2428 268 2465; x_wconf 74' lang='grc' dir='ltr'>ἑωρακὼς</span> <span class='ocrx_word' id='word_1_796' title='bbox 288 2428 341 2464; x_wconf 71' lang='grc' dir='ltr'><strong>ἐμὲ</strong></span> <span class='ocrx_word' id='word_1_797' title='bbox 366 2428 477 2463; x_wconf 68' lang='grc' dir='ltr'>ἑάψακε</span> <span class='ocrx_word' id='word_1_798' title='bbox 501 2429 554 2455; x_wconf 83' lang='grc' dir='ltr'>τὸν</span> <span class='ocrx_word' id='word_1_799' title='bbox 567 2427 697 2461; x_wconf 76' lang='grc' dir='ltr'>Πατέρα·</span> <span class='ocrx_word' id='word_1_800' title='bbox 714 2427 745 2453; x_wconf 85' lang='grc' dir='ltr'>οὑ</span> <span class='ocrx_word' id='word_1_801' title='bbox 762 2426 874 2454; x_wconf 83' lang='grc' dir='ltr'>δύναται</span> 
     </span>
    </p>
   </div>
   <div class='ocr_carea' id='block_1_98' title="bbox 80 2472 874 2513">
    <p class='ocr_par' dir='ltr' id='par_1_98' title="bbox 80 2472 874 2513">
     <span class='ocr_line' id='line_1_98' title="bbox 80 2472 874 2513; baseline -0.006 -9"><span class='ocrx_word' id='word_1_802' title='bbox 80 2478 276 2513; x_wconf 77' lang='grc' dir='ltr'>διηλλαγμένος</span> <span class='ocrx_word' id='word_1_803' title='bbox 297 2472 380 2506; x_wconf 77' lang='grc' dir='ltr'>εῖναι,</span> <span class='ocrx_word' id='word_1_804' title='bbox 394 2476 408 2502; x_wconf 90' lang='lat'><strong>6</strong></span> <span class='ocrx_word' id='word_1_805' title='bbox 425 2474 459 2501; x_wconf 82' lang='grc' dir='ltr'><strong>δι’</strong></span> <span class='ocrx_word' id='word_1_806' title='bbox 475 2474 571 2501; x_wconf 79' lang='grc' dir='ltr'>ἑαυτοῦ</span> <span class='ocrx_word' id='word_1_807' title='bbox 586 2474 631 2500; x_wconf 79' lang='grc' dir='ltr'>τὸν</span> <span class='ocrx_word' id='word_1_808' title='bbox 646 2473 756 2508; x_wconf 79' lang='grc' dir='ltr'>Πατέρα</span> <span class='ocrx_word' id='word_1_809' title='bbox 774 2473 874 2509; x_wconf 87' lang='grc' dir='ltr'>σημαί-</span> 
     </span>
    </p>
   </div>
   <div class='ocr_carea' id='block_1_99' title="bbox 80 2518 874 2557">
    <p class='ocr_par' dir='ltr' id='par_1_99' title="bbox 80 2518 874 2557">
     <span class='ocr_line' id='line_1_99' title="bbox 80 2518 874 2557; baseline -0.009 -6"><span class='ocrx_word' id='word_1_810' title='bbox 80 2532 134 2550; x_wconf 88' lang='grc' dir='ltr'>νων</span> <span class='ocrx_word' id='word_1_811' title='bbox 145 2532 151 2538; x_wconf 91' lang='grc'><strong>·</strong></span> <span class='ocrx_word' id='word_1_812' title='bbox 167 2524 215 2550; x_wconf 77' lang='grc' dir='ltr'>καὶ</span> <span class='ocrx_word' id='word_1_813' title='bbox 227 2524 241 2550; x_wconf 92' lang='lat'><strong>6</strong></span> <span class='ocrx_word' id='word_1_814' title='bbox 259 2523 357 2557; x_wconf 80' lang='grc' dir='ltr'>λέγων,</span> <span class='ocrx_word' id='word_1_815' title='bbox 378 2520 420 2547; x_wconf 73' lang='grc' dir='ltr'>ὃτι</span> <span class='ocrx_word' id='word_1_816' title='bbox 441 2520 473 2546; x_wconf 90' lang='lat'><strong>&#39;0</strong></span> <span class='ocrx_word' id='word_1_817' title='bbox 497 2519 650 2554; x_wconf 82' lang='grc' dir='ltr'>γινώσκων</span> <span class='ocrx_word' id='word_1_818' title='bbox 664 2519 717 2553; x_wconf 76' lang='grc' dir='ltr'><strong>ἐμὲ</strong></span> <span class='ocrx_word' id='word_1_819' title='bbox 734 2518 874 2553; x_wconf 77' lang='grc' dir='ltr'>γινώσκει</span> 
     </span>
    </p>
   </div>
   <div class='ocr_carea' id='block_1_100' title="bbox 80 2563 875 2602">
    <p class='ocr_par' dir='ltr' id='par_1_100' title="bbox 80 2563 875 2602">
     <span class='ocr_line' id='line_1_100' title="bbox 80 2563 875 2602; baseline -0.005 -8"><span class='ocrx_word' id='word_1_820' title='bbox 80 2568 135 2594; x_wconf 79' lang='grc' dir='ltr'>τὸν</span> <span class='ocrx_word' id='word_1_821' title='bbox 154 2567 288 2602; x_wconf 76' lang='grc' dir='ltr'>Πατέρα·</span> <span class='ocrx_word' id='word_1_822' title='bbox 319 2568 377 2600; x_wconf 81' lang='grc' dir='ltr'>καὶ,</span> <span class='ocrx_word' id='word_1_823' title='bbox 408 2565 440 2594; x_wconf 87' lang='grc'><strong>’0</strong></span> <span class='ocrx_word' id='word_1_824' title='bbox 464 2564 599 2598; x_wconf 71' lang='grc' dir='ltr'>ἑωρακὼς</span> <span class='ocrx_word' id='word_1_825' title='bbox 613 2563 666 2598; x_wconf 78' lang='grc' dir='ltr'><strong>ἐμὲ</strong></span> <span class='ocrx_word' id='word_1_826' title='bbox 688 2564 798 2597; x_wconf 72' lang='grc' dir='ltr'>ἑώρακε</span> <span class='ocrx_word' id='word_1_827' title='bbox 820 2564 875 2591; x_wconf 81' lang='grc' dir='ltr'>τὸν</span> 
     </span>
    </p>
   </div>
   <div class='ocr_carea' id='block_1_101' title="bbox 81 2608 876 2647">
    <p class='ocr_par' dir='ltr' id='par_1_101' title="bbox 81 2608 876 2647">
     <span class='ocr_line' id='line_1_101' title="bbox 81 2608 876 2647; baseline -0.004 -7"><span class='ocrx_word' id='word_1_828' title='bbox 81 2612 208 2647; x_wconf 80' lang='grc' dir='ltr'>Πατέρα·</span> <span class='ocrx_word' id='word_1_829' title='bbox 220 2613 258 2644; x_wconf 86' lang='grc' dir='ltr'>ὡς</span> <span class='ocrx_word' id='word_1_830' title='bbox 271 2612 352 2639; x_wconf 81' lang='grc' dir='ltr'>αὐτοῦ</span> <span class='ocrx_word' id='word_1_831' title='bbox 360 2613 410 2639; x_wconf 81' lang='grc' dir='ltr'>οὐκ</span> <span class='ocrx_word' id='word_1_832' title='bbox 421 2610 503 2640; x_wconf 79' lang='grc' dir='ltr'>ἄλλον</span> <span class='ocrx_word' id='word_1_833' title='bbox 512 2609 588 2641; x_wconf 73' lang='grc' dir='ltr'>ὄντος</span> <span class='ocrx_word' id='word_1_834' title='bbox 604 2608 679 2645; x_wconf 84' lang='grc' dir='ltr'>παρὰ</span> <span class='ocrx_word' id='word_1_835' title='bbox 694 2609 740 2635; x_wconf 82' lang='grc' dir='ltr'>τὸν</span> <span class='ocrx_word' id='word_1_836' title='bbox 755 2609 876 2645; x_wconf 80' lang='grc' dir='ltr'>Πατέρα,</span> 
     </span>
    </p>
   </div>
   <div class='ocr_carea' id='block_1_102' title="bbox 81 2654 875 2694">
    <p class='ocr_par' dir='ltr' id='par_1_102' title="bbox 81 2654 875 2694">
     <span class='ocr_line' id='line_1_102' title="bbox 81 2654 875 2694; baseline -0.004 -9"><span class='ocrx_word' id='word_1_837' title='bbox 81 2659 118 2690; x_wconf 81' lang='grc' dir='ltr'>ὡς</span> <span class='ocrx_word' id='word_1_838' title='bbox 132 2660 180 2686; x_wconf 79' lang='grc' dir='ltr'>καὶ</span> <span class='ocrx_word' id='word_1_839' title='bbox 197 2660 212 2686; x_wconf 80' lang='grc' dir='ltr'>ὁ</span> <span class='ocrx_word' id='word_1_840' title='bbox 228 2659 323 2694; x_wconf 79' lang='grc' dir='ltr'>Πατὴρ</span> <span class='ocrx_word' id='word_1_841' title='bbox 341 2658 387 2685; x_wconf 77' lang='grc' dir='ltr'><strong>καὶ</strong></span> <span class='ocrx_word' id='word_1_842' title='bbox 408 2659 423 2685; x_wconf 81' lang='lat'><strong>6</strong></span> <span class='ocrx_word' id='word_1_843' title='bbox 446 2658 510 2690; x_wconf 84' lang='grc' dir='ltr'><strong>Υῑὸς</strong></span> <span class='ocrx_word' id='word_1_844' title='bbox 532 2654 671 2690; x_wconf 73' lang='grc' dir='ltr'>σημαίνει.</span> <span class='ocrx_word' id='word_1_845' title='bbox 698 2654 875 2689; x_wconf 76' lang='grc' dir='ltr'>Ποιήσωμεν</span> 
     </span>
    </p>
   </div>
   <div class='ocr_carea' id='block_1_103' title="bbox 81 2700 873 2738">
    <p class='ocr_par' dir='ltr' id='par_1_103' title="bbox 81 2700 873 2738">
     <span class='ocr_line' id='line_1_103' title="bbox 81 2700 873 2738; baseline -0.006 -7"><span class='ocrx_word' id='word_1_846' title='bbox 81 2704 239 2738; x_wconf 72' lang='grc' dir='ltr'><strong>ἄνθρωπον</strong></span> <span class='ocrx_word' id='word_1_847' title='bbox 255 2705 319 2731; x_wconf 82' lang='grc' dir='ltr'>κατ’</span> <span class='ocrx_word' id='word_1_848' title='bbox 335 2705 438 2731; x_wconf 65' lang='grc' dir='ltr'>εἰκόνα</span> <span class='ocrx_word' id='word_1_849' title='bbox 451 2700 611 2738; x_wconf 76' lang='grc' dir='ltr'>ἡμετέραν,</span> <span class='ocrx_word' id='word_1_850' title='bbox 624 2700 673 2727; x_wconf 75' lang='grc' dir='ltr'>καὶ</span> <span class='ocrx_word' id='word_1_851' title='bbox 693 2700 757 2727; x_wconf 77' lang='grc' dir='ltr'>καθ’</span> <span class='ocrx_word' id='word_1_852' title='bbox 767 2701 873 2734; x_wconf 83' lang='grc' dir='ltr'><strong>ὁμοίω-</strong></span> 
     </span>
    </p>
   </div>
   <div class='ocr_carea' id='block_1_104' title="bbox 81 2744 872 2785">
    <p class='ocr_par' dir='ltr' id='par_1_104' title="bbox 81 2744 872 2785">
     <span class='ocr_line' id='line_1_104' title="bbox 81 2744 872 2785; baseline -0.005 -11"><span class='ocrx_word' id='word_1_853' title='bbox 81 2756 143 2776; x_wconf 82' lang='grc' dir='ltr'>σιν.</span> <span class='ocrx_word' id='word_1_854' title='bbox 159 2749 190 2775; x_wconf 70' lang='grc' dir='ltr'><strong>Εἰ</strong></span> <span class='ocrx_word' id='word_1_855' title='bbox 204 2749 253 2784; x_wconf 77' lang='grc' dir='ltr'>μὲν</span> <span class='ocrx_word' id='word_1_856' title='bbox 265 2749 319 2785; x_wconf 80' lang='grc' dir='ltr'><strong>γὰρ</strong></span> <span class='ocrx_word' id='word_1_857' title='bbox 332 2750 382 2776; x_wconf 84' lang='grc' dir='ltr'>οὑκ</span> <span class='ocrx_word' id='word_1_858' title='bbox 397 2747 431 2785; x_wconf 82' lang='grc' dir='ltr'>ἦν</span> <span class='ocrx_word' id='word_1_859' title='bbox 443 2749 458 2775; x_wconf 91' lang='lat'><strong>6</strong></span> <span class='ocrx_word' id='word_1_860' title='bbox 469 2749 532 2781; x_wconf 82' lang='grc' dir='ltr'>Υἱὸς</span> <span class='ocrx_word' id='word_1_861' title='bbox 543 2749 637 2784; x_wconf 82' lang='grc' dir='ltr'>ὅμοιος</span> <span class='ocrx_word' id='word_1_862' title='bbox 651 2744 691 2780; x_wconf 84' lang='grc' dir='ltr'>τῷ</span> <span class='ocrx_word' id='word_1_863' title='bbox 705 2745 802 2780; x_wconf 75' lang='grc' dir='ltr'>Πατρὶ,</span> <span class='ocrx_word' id='word_1_864' title='bbox 814 2745 872 2778; x_wconf 58' lang='grc' dir='ltr'>πῶς</span> 
     </span>
    </p>
   </div>
   <div class='ocr_carea' id='block_1_105' title="bbox 82 2789 873 2830">
    <p class='ocr_par' dir='ltr' id='par_1_105' title="bbox 82 2789 873 2830">
     <span class='ocr_line' id='line_1_105' title="bbox 82 2789 873 2830; baseline -0.006 -9"><span class='ocrx_word' id='word_1_865' title='bbox 82 2793 174 2821; x_wconf 78' lang='grc' dir='ltr'>λοιπὸν</span> <span class='ocrx_word' id='word_1_866' title='bbox 183 2794 197 2820; x_wconf 81' lang='grc' dir='ltr'><strong>ό</strong></span> <span class='ocrx_word' id='word_1_867' title='bbox 210 2794 352 2830; x_wconf 71' lang='grc' dir='ltr'>ἄνθρωπος</span> <span class='ocrx_word' id='word_1_868' title='bbox 360 2795 419 2821; x_wconf 80' lang='grc' dir='ltr'>κατ’</span> <span class='ocrx_word' id='word_1_869' title='bbox 430 2794 522 2820; x_wconf 74' lang='grc' dir='ltr'>εἰκόνα</span> <span class='ocrx_word' id='word_1_870' title='bbox 544 2794 590 2821; x_wconf 78' lang='grc' dir='ltr'>καὶ</span> <span class='ocrx_word' id='word_1_871' title='bbox 600 2790 663 2820; x_wconf 75' lang='grc' dir='ltr'>καθ’</span> <span class='ocrx_word' id='word_1_872' title='bbox 673 2789 801 2826; x_wconf 81' lang='grc' dir='ltr'>ὁμοίωσιν</span> <span class='ocrx_word' id='word_1_873' title='bbox 810 2790 873 2825; x_wconf 78' lang='grc' dir='ltr'>ἐγέ-</span> 
     </span>
    </p>
   </div>
   <div class='ocr_carea' id='block_1_106' title="bbox 82 2835 872 2876">
    <p class='ocr_par' dir='ltr' id='par_1_106' title="bbox 82 2835 872 2876">
     <span class='ocr_line' id='line_1_106' title="bbox 82 2835 872 2876; baseline -0.008 -9"><span class='ocrx_word' id='word_1_874' title='bbox 82 2848 162 2873; x_wconf 62' lang='lat' dir='ltr'><strong>veto;</strong></span> <span class='ocrx_word' id='word_1_875' title='bbox 186 2840 224 2867; x_wconf 81' lang='grc' dir='ltr'><strong>Οὐ</strong></span> <span class='ocrx_word' id='word_1_876' title='bbox 240 2840 295 2876; x_wconf 74' lang='grc' dir='ltr'><strong>γὰρ</strong></span> <span class='ocrx_word' id='word_1_877' title='bbox 311 2837 388 2868; x_wconf 76' lang='grc' dir='ltr'>εἶπεν</span> <span class='ocrx_word' id='word_1_878' title='bbox 409 2841 424 2866; x_wconf 95' lang='lat'><strong>6</strong></span> <span class='ocrx_word' id='word_1_879' title='bbox 446 2840 557 2875; x_wconf 79' lang='grc' dir='ltr'>Πατήρ·</span> <span class='ocrx_word' id='word_1_880' title='bbox 582 2839 745 2874; x_wconf 71' lang='grc' dir='ltr'>Ποιήσωμεν</span> <span class='ocrx_word' id='word_1_881' title='bbox 765 2835 872 2872; x_wconf 76' lang='grc' dir='ltr'>ἄνθρω-</span> 
     </span>
    </p>
   </div>
   <div class='ocr_carea' id='block_1_107' title="bbox 121 2894 318 2932">
    <p class='ocr_par' dir='ltr' id='par_1_107' title="bbox 121 2894 318 2932">
     <span class='ocr_line' id='line_1_107' title="bbox 121 2894 318 2932; baseline 0.005 -7"><span class='ocrx_word' id='word_1_882' title='bbox 121 2894 129 2910; x_wconf 91' lang='grc'>¹</span> <span class='ocrx_word' id='word_1_883' title='bbox 143 2897 165 2926; x_wconf 89' lang='lat' dir='ltr'><strong>ll</strong></span> <span class='ocrx_word' id='word_1_884' title='bbox 180 2897 244 2927; x_wconf 84' lang='lat' dir='ltr'><strong>Cor.</strong></span> <span class='ocrx_word' id='word_1_885' title='bbox 263 2899 318 2932; x_wconf 56' lang='grc' dir='ltr'><strong>ηδ.</strong></span> 
     </span>
    </p>
   </div>
   <div class='ocr_carea' id='block_1_108' title="bbox 82 2932 218 2961">
    <p class='ocr_par' dir='ltr' id='par_1_108' title="bbox 82 2932 218 2961">
     <span class='ocr_line' id='line_1_108' title="bbox 82 2932 218 2961; baseline 0 0"><span class='ocrx_word' id='word_1_886' title='bbox 82 2932 95 2950; x_wconf 91' lang='lat'>&#39;</span> <span class='ocrx_word' id='word_1_887' title='bbox 106 2933 173 2961; x_wconf 79' lang='lat' dir='ltr'><strong>ibid.</strong></span> <span class='ocrx_word' id='word_1_888' title='bbox 190 2934 218 2961; x_wconf 88' lang='lat' dir='ltr'><strong>&#39;l.</strong></span> 
     </span>
    </p>
   </div>
   <div class='ocr_carea' id='block_1_109' title="bbox 375 2898 602 2931">
    <p class='ocr_par' dir='ltr' id='par_1_109' title="bbox 375 2898 602 2931">
     <span class='ocr_line' id='line_1_109' title="bbox 375 2898 602 2931; baseline -0.009 -4"><span class='ocrx_word' id='word_1_889' title='bbox 375 2899 386 2915; x_wconf 86' lang='grc'><strong><em>²</em></strong></span> <span class='ocrx_word' id='word_1_890' title='bbox 400 2898 479 2927; x_wconf 82' lang='lat' dir='ltr'><strong>Joan.</strong></span> <span class='ocrx_word' id='word_1_891' title='bbox 498 2907 542 2931; x_wconf 77' lang='lat' dir='ltr'><strong>xv,</strong></span> <span class='ocrx_word' id='word_1_892' title='bbox 558 2898 602 2926; x_wconf 76' lang='lat'><strong>‘26.</strong></span> 
     </span>
    </p>
   </div>
   <div class='ocr_carea' id='block_1_110' title="bbox 660 2894 944 2929">
    <p class='ocr_par' dir='ltr' id='par_1_110' title="bbox 660 2894 944 2929">
     <span class='ocr_line' id='line_1_110' title="bbox 660 2894 944 2929; baseline -0.007 -3"><span class='ocrx_word' id='word_1_893' title='bbox 660 2898 760 2926; x_wconf 78' lang='lat' dir='ltr'><strong>’Joan.</strong></span> <span class='ocrx_word' id='word_1_894' title='bbox 777 2894 944 2929; x_wconf 70' lang='lat'><strong>1&quot;,”,15.</strong></span> 
     </span>
    </p>
   </div>
   <div class='ocr_carea' id='block_1_111' title="bbox 929 2334 1722 2373">
    <p class='ocr_par' dir='ltr' id='par_1_111' title="bbox 929 2334 1722 2373">
     <span class='ocr_line' id='line_1_111' title="bbox 929 2334 1722 2373; baseline 0.009 -11"><span class='ocrx_word' id='word_1_895' title='bbox 929 2334 1004 2362; x_wconf 85' lang='lat' dir='ltr'><strong>illum</strong></span> <span class='ocrx_word' id='word_1_896' title='bbox 1017 2336 1161 2371; x_wconf 77' lang='lat' dir='ltr'><strong>interﬁcere</strong></span> <span class='ocrx_word' id='word_1_897' title='bbox 1174 2336 1274 2370; x_wconf 70' lang='lat' dir='ltr'><strong>Judwi,</strong></span> <span class='ocrx_word' id='word_1_898' title='bbox 1288 2339 1351 2373; x_wconf 79' lang='lat' dir='ltr'><strong>quia</strong></span> <span class='ocrx_word' id='word_1_899' title='bbox 1364 2347 1415 2366; x_wconf 88' lang='lat' dir='ltr'><strong>non</strong></span> <span class='ocrx_word' id='word_1_900' title='bbox 1431 2340 1508 2367; x_wconf 81' lang='lat' dir='ltr'><strong>modo</strong></span> <span class='ocrx_word' id='word_1_901' title='bbox 1519 2340 1635 2368; x_wconf 72' lang='lat' dir='ltr'><strong>solvebat</strong></span> <span class='ocrx_word' id='word_1_902' title='bbox 1651 2341 1722 2369; x_wconf 75' lang='lat' dir='ltr'><strong>Sab-</strong></span> 
     </span>
    </p>
   </div>
   <div class='ocr_carea' id='block_1_112' title="bbox 928 2380 1723 2423">
    <p class='ocr_par' dir='ltr' id='par_1_112' title="bbox 928 2380 1723 2423">
     <span class='ocr_line' id='line_1_112' title="bbox 928 2380 1723 2423; baseline 0.01 -16"><span class='ocrx_word' id='word_1_903' title='bbox 928 2380 1029 2413; x_wconf 77' lang='lat' dir='ltr'><strong>batum,</strong></span> <span class='ocrx_word' id='word_1_904' title='bbox 1044 2381 1089 2409; x_wconf 77' lang='lat' dir='ltr'><strong>sed</strong></span> <span class='ocrx_word' id='word_1_905' title='bbox 1102 2382 1181 2409; x_wconf 86' lang='lat' dir='ltr'><strong>etiam</strong></span> <span class='ocrx_word' id='word_1_906' title='bbox 1195 2381 1296 2410; x_wconf 83' lang='lat' dir='ltr'><strong>Filium</strong></span> <span class='ocrx_word' id='word_1_907' title='bbox 1311 2383 1360 2411; x_wconf 83' lang='lat' dir='ltr'><strong>Dei</strong></span> <span class='ocrx_word' id='word_1_908' title='bbox 1375 2385 1489 2419; x_wconf 79' lang='lat' dir='ltr'><strong>seipsum</strong></span> <span class='ocrx_word' id='word_1_909' title='bbox 1504 2386 1617 2420; x_wconf 78' lang='lat' dir='ltr'><strong>dicebat,</strong></span> <span class='ocrx_word' id='word_1_910' title='bbox 1635 2396 1723 2423; x_wconf 70' lang='lat' dir='ltr'><strong>mqua-</strong></span> 
     </span>
    </p>
   </div>
   <div class='ocr_carea' id='block_1_113' title="bbox 931 2426 1720 2466">
    <p class='ocr_par' dir='ltr' id='par_1_113' title="bbox 931 2426 1720 2466">
     <span class='ocr_line' id='line_1_113' title="bbox 931 2426 1720 2466; baseline 0.011 -13"><span class='ocrx_word' id='word_1_911' title='bbox 931 2426 982 2454; x_wconf 83' lang='lat' dir='ltr'><strong>lem</strong></span> <span class='ocrx_word' id='word_1_912' title='bbox 1005 2436 1033 2454; x_wconf 87' lang='lat' dir='ltr'><strong>se</strong></span> <span class='ocrx_word' id='word_1_913' title='bbox 1057 2428 1158 2462; x_wconf 79' lang='lat' dir='ltr'><strong>faciens</strong></span> <span class='ocrx_word' id='word_1_914' title='bbox 1176 2428 1230 2456; x_wconf 83' lang='lat' dir='ltr'><strong>Deo</strong></span> <span class='ocrx_word' id='word_1_915' title='bbox 1245 2430 1266 2456; x_wconf 76' lang='grc'><strong>⁸.</strong></span> <span class='ocrx_word' id='word_1_916' title='bbox 1298 2429 1331 2457; x_wconf 88' lang='lat' dir='ltr'><strong>Et</strong></span> <span class='ocrx_word' id='word_1_917' title='bbox 1353 2438 1418 2458; x_wconf 88' lang='lat' dir='ltr'><strong>vero</strong></span> <span class='ocrx_word' id='word_1_918' title='bbox 1446 2432 1583 2466; x_wconf 90' lang='lat' dir='ltr'><strong>quomodo</strong></span> <span class='ocrx_word' id='word_1_919' title='bbox 1611 2441 1666 2462; x_wconf 91' lang='lat' dir='ltr'><strong>non</strong></span> <span class='ocrx_word' id='word_1_920' title='bbox 1692 2435 1720 2463; x_wconf 88' lang='lat' dir='ltr'><strong>in</strong></span> 
     </span>
    </p>
   </div>
   <div class='ocr_carea' id='block_1_114' title="bbox 929 2471 1717 2515">
    <p class='ocr_par' dir='ltr' id='par_1_114' title="bbox 929 2471 1717 2515">
     <span class='ocr_line' id='line_1_114' title="bbox 929 2471 1717 2515; baseline 0.013 -18"><span class='ocrx_word' id='word_1_921' title='bbox 929 2471 1056 2499; x_wconf 88' lang='lat' dir='ltr'><strong>omnibus</strong></span> <span class='ocrx_word' id='word_1_922' title='bbox 1070 2471 1144 2499; x_wconf 79' lang='lat' dir='ltr'><strong>Patri</strong></span> <span class='ocrx_word' id='word_1_923' title='bbox 1158 2473 1257 2501; x_wconf 88' lang='lat' dir='ltr'><strong>similis</strong></span> <span class='ocrx_word' id='word_1_924' title='bbox 1275 2477 1318 2502; x_wconf 92' lang='lat' dir='ltr'><strong>est</strong></span> <span class='ocrx_word' id='word_1_925' title='bbox 1331 2479 1358 2503; x_wconf 90' lang='lat' dir='ltr'><strong>et</strong></span> <span class='ocrx_word' id='word_1_926' title='bbox 1370 2476 1493 2512; x_wconf 62' lang='lat' dir='ltr'><strong>aequalis,</strong></span> <span class='ocrx_word' id='word_1_927' title='bbox 1510 2477 1557 2512; x_wconf 89' lang='lat' dir='ltr'><strong>qui</strong></span> <span class='ocrx_word' id='word_1_928' title='bbox 1576 2477 1603 2505; x_wconf 90' lang='lat' dir='ltr'><strong>in</strong></span> <span class='ocrx_word' id='word_1_929' title='bbox 1624 2479 1717 2515; x_wconf 80' lang='lat' dir='ltr'><strong>seipse</strong></span> 
     </span>
    </p>
   </div>
   <div class='ocr_carea' id='block_1_115' title="bbox 927 2516 1717 2556">
    <p class='ocr_par' dir='ltr' id='par_1_115' title="bbox 927 2516 1717 2556">
     <span class='ocr_line' id='line_1_115' title="bbox 927 2516 1717 2556; baseline 0.013 -14"><span class='ocrx_word' id='word_1_930' title='bbox 927 2516 1012 2543; x_wconf 84' lang='lat' dir='ltr'><strong>vitam</strong></span> <span class='ocrx_word' id='word_1_931' title='bbox 1039 2517 1120 2545; x_wconf 88' lang='lat' dir='ltr'><strong>habet</strong></span> <span class='ocrx_word' id='word_1_932' title='bbox 1147 2522 1229 2554; x_wconf 89' lang='lat' dir='ltr'><strong>atque</strong></span> <span class='ocrx_word' id='word_1_933' title='bbox 1259 2519 1295 2547; x_wconf 88' lang='lat' dir='ltr'><strong>ita</strong></span> <span class='ocrx_word' id='word_1_934' title='bbox 1320 2521 1461 2556; x_wconf 86' lang='lat' dir='ltr'><strong>loquitur:</strong></span> <span class='ocrx_word' id='word_1_935' title='bbox 1488 2522 1717 2556; x_wconf 76' lang='lat' dir='ltr'><strong>Quemadmodum</strong></span> 
     </span>
    </p>
   </div>
   <div class='ocr_carea' id='block_1_116' title="bbox 930 2560 1721 2598">
    <p class='ocr_par' dir='ltr' id='par_1_116' title="bbox 930 2560 1721 2598">
     <span class='ocr_line' id='line_1_116' title="bbox 930 2560 1721 2598; baseline 0.013 -11"><span class='ocrx_word' id='word_1_936' title='bbox 930 2560 1012 2588; x_wconf 79' lang='lat' dir='ltr'><strong>Pater</strong></span> <span class='ocrx_word' id='word_1_937' title='bbox 1027 2563 1137 2590; x_wconf 75' lang='lat' dir='ltr'><strong>suscitat</strong></span> <span class='ocrx_word' id='word_1_938' title='bbox 1158 2570 1285 2598; x_wconf 81' lang='lat' dir='ltr'><strong>mortuos,</strong></span> <span class='ocrx_word' id='word_1_939' title='bbox 1308 2566 1347 2593; x_wconf 83' lang='lat' dir='ltr'><strong>ita</strong></span> <span class='ocrx_word' id='word_1_940' title='bbox 1366 2571 1390 2593; x_wconf 81' lang='lat' dir='ltr'><strong>et</strong></span> <span class='ocrx_word' id='word_1_941' title='bbox 1410 2566 1498 2595; x_wconf 66' lang='lat' dir='ltr'><strong>Filius</strong></span> <span class='ocrx_word' id='word_1_942' title='bbox 1520 2570 1632 2596; x_wconf 79' lang='lat' dir='ltr'><strong>suscitat</strong></span> <span class='ocrx_word' id='word_1_943' title='bbox 1650 2579 1721 2597; x_wconf 82' lang='lat' dir='ltr'><strong>mor-</strong></span> 
     </span>
    </p>
   </div>
   <div class='ocr_carea' id='block_1_117' title="bbox 931 2608 1720 2645">
    <p class='ocr_par' dir='ltr' id='par_1_117' title="bbox 931 2608 1720 2645">
     <span class='ocr_line' id='line_1_117' title="bbox 931 2608 1720 2645; baseline 0.011 -11"><span class='ocrx_word' id='word_1_944' title='bbox 931 2612 989 2634; x_wconf 83' lang='lat' dir='ltr'><strong>tuos</strong></span> <span class='ocrx_word' id='word_1_945' title='bbox 1006 2608 1038 2634; x_wconf 63' lang='grc' dir='ltr'><strong>’ἲ</strong></span> <span class='ocrx_word' id='word_1_946' title='bbox 1054 2608 1155 2637; x_wconf 86' lang='lat' dir='ltr'><strong>Deinde</strong></span> <span class='ocrx_word' id='word_1_947' title='bbox 1169 2619 1174 2637; x_wconf 93' lang='lat'>:</span> <span class='ocrx_word' id='word_1_948' title='bbox 1191 2611 1244 2644; x_wconf 80' lang='lat' dir='ltr'><strong>Qui</strong></span> <span class='ocrx_word' id='word_1_949' title='bbox 1265 2611 1334 2638; x_wconf 79' lang='lat' dir='ltr'><strong>videt</strong></span> <span class='ocrx_word' id='word_1_950' title='bbox 1359 2620 1409 2645; x_wconf 79' lang='lat' dir='ltr'><strong>me,</strong></span> <span class='ocrx_word' id='word_1_951' title='bbox 1430 2613 1497 2640; x_wconf 71' lang='lat' dir='ltr'><strong>ridet</strong></span> <span class='ocrx_word' id='word_1_952' title='bbox 1518 2618 1544 2641; x_wconf 80' lang='lat' dir='ltr'><strong>et</strong></span> <span class='ocrx_word' id='word_1_953' title='bbox 1560 2614 1667 2642; x_wconf 82' lang='lat' dir='ltr'><strong>Patrem</strong></span> <span class='ocrx_word' id='word_1_954' title='bbox 1684 2616 1694 2631; x_wconf 86' lang='grc'>⁸</span> <span class='ocrx_word' id='word_1_955' title='bbox 1710 2624 1720 2643; x_wconf 86' lang='lat'><strong>:</strong></span> 
     </span>
    </p>
   </div>
   <div class='ocr_carea' id='block_1_118' title="bbox 926 2655 1719 2694">
    <p class='ocr_par' dir='ltr' id='par_1_118' title="bbox 926 2655 1719 2694">
     <span class='ocr_line' id='line_1_118' title="bbox 926 2655 1719 2694; baseline 0.01 -14"><span class='ocrx_word' id='word_1_956' title='bbox 926 2660 980 2680; x_wconf 91' lang='lat' dir='ltr'><strong>non</strong></span> <span class='ocrx_word' id='word_1_957' title='bbox 996 2658 1086 2688; x_wconf 88' lang='lat' dir='ltr'><strong>potest</strong></span> <span class='ocrx_word' id='word_1_958' title='bbox 1108 2655 1133 2683; x_wconf 88' lang='lat' dir='ltr'><strong>is</strong></span> <span class='ocrx_word' id='word_1_959' title='bbox 1159 2663 1221 2684; x_wconf 84' lang='lat' dir='ltr'><strong>esse</strong></span> <span class='ocrx_word' id='word_1_960' title='bbox 1245 2656 1382 2691; x_wconf 79' lang='lat' dir='ltr'><strong>diversus,</strong></span> <span class='ocrx_word' id='word_1_961' title='bbox 1396 2659 1442 2694; x_wconf 89' lang='lat' dir='ltr'><strong>qui</strong></span> <span class='ocrx_word' id='word_1_962' title='bbox 1459 2667 1507 2692; x_wconf 89' lang='lat' dir='ltr'><strong>per</strong></span> <span class='ocrx_word' id='word_1_963' title='bbox 1530 2667 1590 2688; x_wconf 86' lang='lat' dir='ltr'><strong>sese</strong></span> <span class='ocrx_word' id='word_1_964' title='bbox 1613 2660 1719 2689; x_wconf 86' lang='lat' dir='ltr'><strong>Patrem</strong></span> 
     </span>
    </p>
   </div>
   <div class='ocr_carea' id='block_1_119' title="bbox 925 2700 1718 2741">
    <p class='ocr_par' dir='ltr' id='par_1_119' title="bbox 925 2700 1718 2741">
     <span class='ocr_line' id='line_1_119' title="bbox 925 2700 1718 2741; baseline 0.006 -12"><span class='ocrx_word' id='word_1_965' title='bbox 925 2700 1080 2736; x_wconf 82' lang='lat' dir='ltr'><strong>signiﬁcat;</strong></span> <span class='ocrx_word' id='word_1_966' title='bbox 1103 2706 1160 2730; x_wconf 88' lang='lat' dir='ltr'><strong>tum</strong></span> <span class='ocrx_word' id='word_1_967' title='bbox 1185 2703 1232 2738; x_wconf 90' lang='lat' dir='ltr'><strong>qui</strong></span> <span class='ocrx_word' id='word_1_968' title='bbox 1257 2704 1308 2731; x_wconf 83' lang='lat' dir='ltr'><strong>ista</strong></span> <span class='ocrx_word' id='word_1_969' title='bbox 1333 2704 1421 2732; x_wconf 88' lang='lat' dir='ltr'><strong>dicit:</strong></span> <span class='ocrx_word' id='word_1_970' title='bbox 1438 2705 1491 2738; x_wconf 83' lang='lat' dir='ltr'><strong>Qui</strong></span> <span class='ocrx_word' id='word_1_971' title='bbox 1515 2707 1647 2741; x_wconf 74' lang='lat' dir='ltr'><strong>cognoscit</strong></span> <span class='ocrx_word' id='word_1_972' title='bbox 1667 2715 1718 2738; x_wconf 76' lang='lat' dir='ltr'><strong>me.</strong></span> 
     </span>
    </p>
   </div>
   <div class='ocr_carea' id='block_1_120' title="bbox 924 2746 1718 2784">
    <p class='ocr_par' dir='ltr' id='par_1_120' title="bbox 924 2746 1718 2784">
     <span class='ocr_line' id='line_1_120' title="bbox 924 2746 1718 2784; baseline 0.009 -13"><span class='ocrx_word' id='word_1_973' title='bbox 924 2746 1057 2780; x_wconf 79' lang='lat' dir='ltr'><strong>cognoscit</strong></span> <span class='ocrx_word' id='word_1_974' title='bbox 1078 2751 1102 2774; x_wconf 78' lang='lat' dir='ltr'><strong>et</strong></span> <span class='ocrx_word' id='word_1_975' title='bbox 1124 2747 1272 2782; x_wconf 75' lang='lat' dir='ltr'><strong>Patrem&#39;;</strong></span> <span class='ocrx_word' id='word_1_976' title='bbox 1293 2752 1320 2777; x_wconf 88' lang='lat' dir='ltr'><strong>et</strong></span> <span class='ocrx_word' id='word_1_977' title='bbox 1340 2749 1419 2783; x_wconf 81' lang='lat' dir='ltr'><strong>:Qui</strong></span> <span class='ocrx_word' id='word_1_978' title='bbox 1442 2750 1510 2777; x_wconf 78' lang='lat' dir='ltr'><strong>videt</strong></span> <span class='ocrx_word' id='word_1_979' title='bbox 1526 2758 1576 2784; x_wconf 66' lang='grc' dir='ltr'><strong>ηις,</strong></span> <span class='ocrx_word' id='word_1_980' title='bbox 1603 2750 1671 2778; x_wconf 74' lang='lat' dir='ltr'><strong>videt</strong></span> <span class='ocrx_word' id='word_1_981' title='bbox 1692 2756 1718 2778; x_wconf 66' lang='lat' dir='ltr'><strong>et</strong></span> 
     </span>
    </p>
   </div>
   <div class='ocr_carea' id='block_1_121' title="bbox 927 2790 1716 2831">
    <p class='ocr_par' dir='ltr' id='par_1_121' title="bbox 927 2790 1716 2831">
     <span class='ocr_line' id='line_1_121' title="bbox 927 2790 1716 2831; baseline 0.009 -14"><span class='ocrx_word' id='word_1_982' title='bbox 927 2790 1034 2818; x_wconf 80' lang='lat' dir='ltr'><strong>Patrem</strong></span> <span class='ocrx_word' id='word_1_983' title='bbox 1048 2800 1058 2819; x_wconf 91' lang='lat'><em>:</em></span> <span class='ocrx_word' id='word_1_984' title='bbox 1073 2796 1203 2828; x_wconf 86' lang='lat' dir='ltr'><strong>tanquam</strong></span> <span class='ocrx_word' id='word_1_985' title='bbox 1228 2802 1283 2822; x_wconf 94' lang='lat' dir='ltr'><strong>non</strong></span> <span class='ocrx_word' id='word_1_986' title='bbox 1304 2795 1375 2822; x_wconf 88' lang='lat' dir='ltr'><strong>alius</strong></span> <span class='ocrx_word' id='word_1_987' title='bbox 1389 2796 1503 2830; x_wconf 85' lang='lat' dir='ltr'><strong>ipsemet</strong></span> <span class='ocrx_word' id='word_1_988' title='bbox 1524 2803 1539 2822; x_wconf 90' lang='lat' dir='ltr'><strong>a</strong></span> <span class='ocrx_word' id='word_1_989' title='bbox 1563 2796 1642 2824; x_wconf 84' lang='lat' dir='ltr'><strong>Patre</strong></span> <span class='ocrx_word' id='word_1_990' title='bbox 1659 2796 1716 2831; x_wconf 87' lang='lat' dir='ltr'><strong>sit;</strong></span> 
     </span>
    </p>
   </div>
   <div class='ocr_carea' id='block_1_122' title="bbox 924 2836 1716 2877">
    <p class='ocr_par' dir='ltr' id='par_1_122' title="bbox 924 2836 1716 2877">
     <span class='ocr_line' id='line_1_122' title="bbox 924 2836 1716 2877; baseline 0.01 -14"><span class='ocrx_word' id='word_1_991' title='bbox 924 2836 951 2863; x_wconf 90' lang='lat' dir='ltr'><strong>id</strong></span> <span class='ocrx_word' id='word_1_992' title='bbox 965 2837 1038 2872; x_wconf 89' lang='lat' dir='ltr'><strong>quod</strong></span> <span class='ocrx_word' id='word_1_993' title='bbox 1054 2841 1109 2866; x_wconf 82' lang='lat' dir='ltr'><strong>tam</strong></span> <span class='ocrx_word' id='word_1_994' title='bbox 1126 2838 1206 2868; x_wconf 84' lang='lat' dir='ltr'><strong>Pater</strong></span> <span class='ocrx_word' id='word_1_995' title='bbox 1219 2848 1301 2877; x_wconf 79' lang='lat' dir='ltr'><strong>quam</strong></span> <span class='ocrx_word' id='word_1_996' title='bbox 1321 2840 1406 2869; x_wconf 85' lang='lat' dir='ltr'><strong>Filius</strong></span> <span class='ocrx_word' id='word_1_997' title='bbox 1426 2841 1528 2869; x_wconf 81' lang='lat' dir='ltr'><strong>indicat</strong></span> <span class='ocrx_word' id='word_1_998' title='bbox 1543 2841 1586 2869; x_wconf 84' lang='lat' dir='ltr'><strong>his</strong></span> <span class='ocrx_word' id='word_1_999' title='bbox 1601 2842 1693 2872; x_wconf 84' lang='lat' dir='ltr'><strong>verbis</strong></span> <span class='ocrx_word' id='word_1_1000' title='bbox 1708 2852 1716 2871; x_wconf 88' lang='lat'><strong>:</strong></span> 
     </span>
    </p>
   </div>
   <div class='ocr_carea' id='block_1_123' title="bbox 997 2896 1718 2934">
    <p class='ocr_par' dir='ltr' id='par_1_123' title="bbox 997 2896 1718 2934">
     <span class='ocr_line' id='line_1_123' title="bbox 997 2896 1718 2934; baseline 0.007 -8"><span class='ocrx_word' id='word_1_1001' title='bbox 997 2896 1008 2911; x_wconf 80' lang='grc'><strong><em>⁵</em></strong></span> <span class='ocrx_word' id='word_1_1002' title='bbox 1025 2897 1104 2926; x_wconf 85' lang='lat' dir='ltr'><strong>Joan.</strong></span> <span class='ocrx_word' id='word_1_1003' title='bbox 1131 2906 1158 2933; x_wconf 70' lang='grc' dir='ltr'><strong>ν,</strong></span> <span class='ocrx_word' id='word_1_1004' title='bbox 1188 2899 1231 2928; x_wconf 78' lang='lat' dir='ltr'><strong>is.</strong></span> <span class='ocrx_word' id='word_1_1005' title='bbox 1290 2899 1301 2915; x_wconf 80' lang='lat'><strong>&#39;</strong></span> <span class='ocrx_word' id='word_1_1006' title='bbox 1317 2899 1384 2927; x_wconf 83' lang='lat' dir='ltr'><strong>ibid.</strong></span> <span class='ocrx_word' id='word_1_1007' title='bbox 1400 2899 1445 2926; x_wconf 76' lang='lat'><strong>2|.</strong></span> <span class='ocrx_word' id='word_1_1008' title='bbox 1496 2899 1506 2915; x_wconf 85' lang='lat'><strong>‘</strong></span> <span class='ocrx_word' id='word_1_1009' title='bbox 1520 2898 1600 2928; x_wconf 78' lang='lat' dir='ltr'><strong>Joan.</strong></span> <span class='ocrx_word' id='word_1_1010' title='bbox 1617 2909 1675 2934; x_wconf 77' lang='grc' dir='ltr'>ιιν.</span> <span class='ocrx_word' id='word_1_1011' title='bbox 1688 2901 1718 2931; x_wconf 72' lang='grc' dir='ltr'>ο.</span> 
     </span>
    </p>
   </div>
  </div>
