1931 3041
75 133 131 164 529

404 134 587 163 ADVERSUS
606 134 778 164 ILEDESES
797 135 862 164 LIB.
884 135 928 164 Ill.
948 135 1029 164 ΤΟΜ.
1052 137 1072 163 1.
1093 150 1127 156 -
1148 133 1282 163 lhERES.
1310 133 1429 162 LXXVI.

1670 135 1723 163 530

112 195 153 222 H'.
178 194 245 221 Ἀπὸ
262 195 339 230 μιᾶς,
354 194 402 221 καὶ
421 195 562 230 δευτέρας,
591 195 638 221 καὶ
657 195 753 231 τρίτης
769 204 874 231 paper»

961 194 1029 222 VIII.
1045 195 1112 229 Qua:
1124 201 1186 222 eum
1201 195 1238 222 ita
1251 194 1318 226 sint,
1334 194 1442 222 duobus
1459 193 1582 220 tribusve
1599 194 1723 220 testimo-

76 240 140 277 ρίας
154 239 228 268 οὗτοι
245 240 465 276 φωραθήσονται.
485 241 515 267 El
531 240 585 276 γὰρ
601 241 670 272 ὅλως
692 241 873 276 ὁμολογεῖται,

78 287 126 314 ὑπ’
145 287 230 314 αὐτοῦ
246 286 457 322 γεγεννημένος,
477 286 712 322 ὁμολογηθὴσεται
732 285 803 314 εἶναι
826 288 876 314 ὲπ-

77 332 200 366 άναγκες
209 333 302 368 ὅμοιος
314 331 354 367 τῷ
364 332 550 367 γεγεννηκότι.
559 332 643 368 Δῆλον
655 333 694 366 δὲ,
706 333 746 360 ὅτι
759 334 788 360 ἐν
802 333 875 369 λόγῳ

79 377 128 413 μὲν
144 377 219 412 λέγει
233 378 265 404 rb
279 377 412 412 γέννημα,
427 377 530 412 κτίσμα
543 377 571 404 δὲ
587 378 682 412 σαφῶς
697 377 754 414 ἔχει
770 387 799 406 τε
828 380 875 407 καὶ

77 423 245 449 πεπίστευκε
256 430 264 438 ⁸
278 423 349 449 κατὰ
363 422 443 458 χάριν
459 422 487 450 δὲ
499 423 642 451 καλεῖσθαι
655 425 737 451 αὑτὸν
751 425 824 458 raw,
837 425 876 458 ὡς

76 468 240 503 ἐδοκίμασεν
256 469 270 495 ὸ
285 467 447 504 ὀριγνώμων
459 469 467 484 ²
487 468 542 496 τῶν
560 470 731 505 ἐπουρανίων
747 471 793 497 κα1¹
825 479 875 505 με-

78 513 176 549 ριστῆς
187 513 242 540 τῶν
253 513 416 548 ἀδιαιρέτων
441 514 488 541 καὶ
499 514 661 550 γεωμέτρης
675 515 725 550 τῆς
738 516 876 552 ἡμετέρας

77 560 118 591 εἰς
129 560 249 595 Χριστὸν
264 560 412 595 σωτηρίας.
429 560 575 587 Διαπίπτει
587 561 616 587 δὲ
627 562 642 587 ὁ
655 562 764 588 πάντων
773 562 876 589 τούτων

77 607 168 640 λόγος,
183 606 238 633 τῶν
250 606 409 641 κτισμάτων
420 607 501 633 αὑτὸν
512 608 762 643 παρεισφερόντων.
777 609 816 640 ὡς
828 609 875 635 καὶ

75 654 91 679 ὁ
102 652 199 679 τούτου
215 653 349 680 πεσεῖται.
364 653 441 685 Λέξω
454 653 510 688 γὰρ
524 654 593 688 πρὸς
608 654 689 680 αὑτὸν
703 655 873 682 δικαιότατα·

76 698 147 732 Λέγε
161 707 216 733 μοι,
225 695 247 724 ὧ
257 695 345 730 οὗτος,
353 698 379 724 τί
388 698 420 725 ἂν
429 698 519 733 λέγοις
530 699 595 735 περὶ
605 700 652 726 τοῦ
662 700 726 727 Υἱοῦ
737 701 784 728 τοῦ
790 701 857 728 Θεοῦ
867 710 874 734 ;

77 744 181 779 κτίσμα
192 744 273 771 αὐτὸν
285 745 400 779 φάσκεις
414 745 431 780 ἢ
448 745 528 780 γέννη
534 753 588 780 μσς
604 746 636 772 Εἰ
649 746 697 781 μὲν
708 747 762 782 γὰρ
773 747 876 782 κτίσμα

75 791 159 818 αὑτὸν
175 791 265 826 λέγεις
279 790 359 825 εἶναι,
375 793 474 828 μηκέτι
489 793 610 825 πιθανῶς
632 795 812 830 παράκρυπτε
826 796 876 830 τὴν

76 837 178 872 λύμην,
199 838 312 873 ὀνόματι
334 839 458 874 γέννημα
477 839 558 866 αὑτὸν
583 840 674 866 καλῶν
691 840 738 866 τοῦ
755 841 872 875 Πατρός.

77 883 136 909 Πᾶν
153 883 248 919 γὰρτὸ
263 885 370 911 κτιστὺν
385 885 415 911 οὐ
428 885 573 920 γεννητόν·
592 886 639 912 καὶ
654 887 678 913 εί
689 887 827 922 γεννητὸν,
843 887 873 914 οὗ

79 928 199 956 κτιστύν.
220 929 320 957 Ἔασον
335 931 425 957 τοίνυν
442 931 473 958 τὺ
494 932 563 967 μήτε
580 931 652 968 λόγῳ
670 932 759 966 λέγειν
779 941 875 968 γεννη-

76 974 133 1001 τόν.
157 974 194 1001 Οὐ
212 975 268 1011 γὰρ
286 976 387 1011 πρέπει
406 985 447 1003 σοι
464 977 533 1009 ὅλως
556 978 607 1005 κᾶν
630 978 670 1005 ἑνὶ
687 978 759 1014 λόγῳ
782 978 876 1015 φέρειν

76 1020 127 1054 τῆς
137 1020 266 1055 ἀληθείας
277 1021 312 1048 τὰ
326 1023 436 1057 ῥήματα
452 1023 498 1050 ἐπὶ
509 1023 630 1059 χειλέων.
655 1024 735 1050 Ἀλλὰ
752 1024 813 1059 λέγε
827 1033 874 1052 σου

76 1065 107 1091 τὸ
118 1067 173 1092 πᾶν
185 1067 235 1102 τῆς
248 1067 405 1103 ἐπιϐουλῆς,
418 1068 462 1095 ἵνα
477 1069 607 1104 μάθωμεν
619 1069 662 1101 τίς
676 1067 710 1101 εἴ,
723 1070 771 1096 καὶ
787 1069 875 1101 οὕτως

77 1112 267 1148 ἀποφύγωμεν
287 1113 342 1140 ἀπὸ
364 1114 414 1149 τῆς
430 1114 579 1150 ἐπιϐουλῆς
601 1123 660 1146 σου,
683 1115 805 1150 ἅγρευτὰ
819 1115 876 1142 τῶν

75 1156 182 1191 ψυχῶν,
195 1157 242 1183 καὶ
254 1157 381 1184 ἐπίϐουλε
401 1158 456 1185 τῶν
480 1167 521 1185 σοι
536 1159 752 1195 πεποθημένωνῐ
784 1160 874 1195 Προσ-

76 1203 167 1234 ιιυνεῖς
177 1203 268 1230 τοίνυν
278 1203 323 1229 τὸν
334 1203 397 1230 Υῑδν
405 1204 452 1230 τοῦ
461 1203 540 1235 Θεοῦ,
551 1205 568 1239 ἢ
578 1204 608 1231 οὐ
621 1206 797 1240 προσκυνεῖς;
808 1206 831 1231 Ν
834 1205 873 1238 αὶ,

80 1247 159 1282 φησὶ,
186 1248 333 1284 προσκυνῶ
355 1249 447 1276 αὐτόν.
474 1249 540 1276 Θεὸν
562 1251 735 1285 προσκυνεῖς,
761 1250 777 1286 ἢ
796 1250 873 1285 οὐχί;

75 1292 140 1325 N11,
155 1293 232 1329 φησὶ,
244 1294 310 1320 Θεὸν
322 1295 477 1329 προσκυνῶ.
493 1295 572 1326 Heio;
582 1292 629 1321 οὖν
644 1295 711 1327 Θεδς
723 1295 800 1323 ἔσται
818 1305 875 1323 κτι-

76 1339 141 1371 στὺς
154 1339 230 1375 παρὰ
242 1341 284 1366 σοὶ
294 1340 441 1375 λεγόμενος
453 1341 501 1367 καὶ
514 1342 767 1377 προσκυνούμενος;
782 1344 812 1370 Ei
826 1343 874 1378 μὲν

75 1385 133 1420 γὰρ
145 1385 192 1412 τὸν
205 1386 253 1412 ἕνα
269 1386 375 1413 ἔκτισεν
394 1387 408 1412 ὁ
423 1387 612 1422 προσκυνητδς
630 1387 707 1420 Θεὸς,
721 1388 767 1415 καὶ
781 1388 874 1415 τοῦτον

75 1431 207 1466 εὐδόκησε
225 1432 448 1467 προσκυνεῖσθαι,
469 1432 504 1459 τὰ.
526 1433 550 1459 δ’
572 1432 641 1460 ἄλλα
657 1433 748 1461 πάντα
766 1434 847 1466 αὐτὸς
861 1435 875 1462 ὁ

76 1476 174 1508 κτίσας
189 1477 219 1503 οὺ
235 1476 359 1511 βούλεται
372 1478 595 1513 προσκυνεῖσθαι,
610 1478 678 1506 ἀλλὰ
691 1480 739 1506 καὶ
753 1480 874 1507 αἰτιᾶται

74 1522 140 1553 τοὺς
153 1522 375 1557 προσκυνοῦντας
389 1523 439 1558 τὴν
451 1523 551 1555 κτίσιν,
571 1523 615 1551 διὰ
627 1525 710 1559 νόμου
728 1525 872 1552 διδάσκων·

925 241 980 269 niis
999 242 1107 268 illorum
1127 240 1296 276 detegendus
1311 248 1389 268 error
1404 245 1456 268 est.
1478 239 1545 267 Nam
1564 239 1586 266 si
1603 239 1722 274 genitum

925 286 960 313 ab
975 286 1021 313 illo
1036 285 1135 312 Filium
1156 286 1268 313 omnino
1291 285 1437 317 fateamur,
1457 285 1582 312 euindem
1601 289 1628 311 ct
1650 285 1722 320 geni-

925 331 978 358 tori
995 331 1112 358 similem
1127 330 1285 358 necessario
1300 330 1455 357 fatebimur.
1471 329 1652 363 Perspicuum
1675 337 1725 355 au-

926 382 979 404 tem
999 381 1050 407 est.
1074 384 1135 404 cum
1155 376 1239 404 verbo
1265 381 1344 403 tenus
1367 376 1486 411 genitum
1507 383 1568 402 esse
1585 375 1659 402 dicat
1681 375 1724 402 Fi-

925 422 1003 455 lium,
1021 422 1111 457 reipsa
1136 425 1291 450 creaturam
1315 421 1474 448 existimare
1493 428 1524 447 ac
1541 421 1671 453 credere;
1687 421 1723 447 ita

925 475 955 497 ut
970 471 1027 498 sola
1044 470 1090 498 Dei
1106 471 1192 505 gratia
1208 469 1293 497 Filius
1315 469 1465 504 appelletur
1479 478 1484 495 :
1502 476 1562 503 qua:
1577 474 1620 495 cst
1639 468 1722 495 cuile-

925 517 1007 544 stiuni
1036 516 1152 543 Iinitoris
1180 515 1265 548 illius,
1292 520 1318 542 et
1343 522 1437 542 verum
1463 522 1524 549 qum
1554 514 1637 540 dividi
1669 522 1722 540 non

926 567 1041 598 possunt
1063 562 1203 593 divisoris,
1227 565 1253 588 ct
1277 566 1379 588 nostrze
1397 569 1444 596 per
1462 560 1600 588 Christum
1626 561 1723 587 salutis

926 609 1059 636 mensoris
1082 609 1186 643 opinio.
1215 607 1313 635 Verum
1340 608 1462 634 omnium
1491 607 1603 633 istorum
1634 607 1723 633 oratiu

926 655 1004 682 facile
1026 654 1163 687 concidet,
1189 654 1235 688 qui
1258 662 1306 688 pro
1323 659 1448 680 creatura
1474 653 1549 679 illum
1576 652 1654 679 nobis
1672 653 1722 678 oli-

926 702 1050 732 tI'udunt,
1068 706 1149 735 atque
1172 701 1197 727 in
1221 700 1316 735 primis
1331 699 1449 726 limretici
1465 699 1557 733 huius,
1574 706 1654 733 quem
1681 698 1723 725 bis

925 746 1015 772 verbis
1032 745 1129 772 merito
1151 744 1227 772 all‘ari
1253 752 1333 780 posse
1360 745 1426 772 milii
1450 744 1560 771 videor:
1580 743 1626 770 Dic
1644 743 1722 775 mibi,

924 800 1026 826 qua-so,
1049 792 1113 827 quid
1152 792 1186 819 de
1218 791 1286 819 Filio
1315 792 1361 820 Dei
1389 793 1492 820 sentias
1515 795 1543 820 et
1566 798 1722 819 utrumnam

925 841 1078 864 creaturam
1106 845 1140 864 an
1165 837 1249 864 letum
1267 837 1300 864 ab
1318 837 1413 864 eodem
1438 837 1560 872 genitum
1579 837 1721 863 arbitrere.

926 883 992 910 Nam
1015 884 1038 911 si
1063 888 1217 911 creaturam
1240 891 1302 911 esse
1321 887 1438 911 statuas.
1452 882 1547 910 desine
1563 882 1638 910 virus
1656 882 1722 910 illud

926 933 1003 957 tuum
1021 929 1118 956 callida
1141 930 1360 957 dissimulatione
1377 933 1477 964 tegere,
1490 933 1517 956 et
1539 936 1553 954 a
1573 928 1654 955 Patre
1678 936 1724 963 ge—

925 976 1012 1003 nitum
1032 975 1106 1002 illum
1124 983 1190 1003 voce
1213 979 1294 1002 tenus
1314 975 1504 1010 pronuntiare.
1520 974 1601 1009 921
1617 973 1722 1001 Etenim

925 1022 1058 1057 quidquid
1074 1025 1196 1049 creatum
1212 1027 1264 1053 est,
1289 1022 1411 1056 genitum
1425 1027 1486 1048 esse
1505 1029 1559 1047 non
1583 1024 1681 1056 potest.
1697 1026 1723 1048 et

926 1069 948 1095 si
968 1068 1088 1103 genitqu
1103 1072 1155 1100 ωι,
1167 1072 1291 1096 creatum
1308 1076 1362 1095 non
1377 1071 1429 1095 est.
1451 1066 1635 1100 Quamobrem
1651 1067 1724 1100 geni-

925 1118 982 1140 tum
999 1114 1073 1141 illum
1092 1115 1174 1141 verbo
1185 1114 1328 1141 nominare
1345 1113 1450 1140 desine.
1470 1112 1529 1139 Non
1550 1113 1622 1140 enim
1645 1113 1724 1140 deret

926 1165 951 1187 te
965 1160 1007 1187 vel
1023 1161 1082 1195 ipso
1095 1167 1222 1188 sermone
1236 1159 1358 1187 veritatis
1370 1166 1451 1186 voces
1467 1159 1632 1193 exprimere.
1650 1158 1722 1191 Quin

925 1206 1017 1240 potius
1036 1206 1158 1233 fraudem
1178 1209 1253 1232 tuam
1271 1213 1380 1233 omnem
1405 1205 1537 1235 edissere,
1561 1209 1590 1230 ut
1613 1205 1660 1238 qui
1684 1204 1724 1231 sis

925 1258 1090 1286 cognoscere
1113 1251 1262 1286 possimus.
1288 1259 1319 1278 ac
1346 1250 1511 1278 malitiosum
1536 1254 1612 1276 tuum
1636 1250 1721 1276 artiﬁ-

925 1297 996 1323 cium
1021 1297 1158 1331 eﬂ'ugere,
1183 1304 1200 1324 ο
1222 1301 1346 1331 captator
1374 1295 1547 1326 animarum,
1573 1302 1724 1330 eorumque

926 1350 994 1377 quos
1015 1342 1116 1377 diligis,
1131 1342 1262 1369 insidiose
1288 1345 1445 1376 corruptor.
1466 1341 1518 1368 Sed
1542 1340 1608 1368 illud
1629 1340 1679 1368 abs
1699 1344 1725 1367 te

925 1396 1037 1423 quaero,
1054 1387 1152 1415 Filium
1178 1388 1223 1415 Dei
1240 1388 1350 1419 adores,
1371 1394 1466 1414 necne.
1498 1386 1600 1416 Adero.
1622 1386 1721 1420 inquit.

925 1435 991 1469 Age,
1008 1434 1090 1461 Deum
1104 1433 1253 1464 adoras,an
1270 1433 1344 1460 non?
1356 1432 1411 1467 Ego
1425 1440 1500 1462 vero,
1515 1432 1614 1465 inquit,
1626 1431 1720 1458 adoro.

928 1479 976 1506 Ubi
992 1479 1074 1514 igitur
1090 1479 1135 1506 ille
1159 1477 1231 1505 Deus
1246 1481 1299 1509 est,
1315 1485 1395 1512 quem
1417 1482 1444 1503 tu
1466 1479 1588 1503 creatum
1605 1476 1724 1502 adoran-

926 1523 1046 1559 dumque
1060 1523 1208 1559 pradicas?
1224 1522 1290 1549 Nam
1307 1523 1330 1550 si
1345 1530 1428 1549 unum
1443 1521 1576 1548 duntaxat
1592 1520 1725 1548 colendus

77 1567 120 1594 Οὐ
130 1551 270 1601 συλήσεις
281 1551 399 1599 creavit}
411 1551 474 1594 έιᾶν
487 1551 628 1603 ὁμοίωμα.
639 1551 687 1595 καί
701 1551 875 1604 προσκυκγξ-

927 1569 1086 1596 adoratione
1101 1568 1171 1596 Deus
1184 1575 1198 1594 a
1215 1576 1245 1596 se
1257 1572 1380 1595 creatum
1395 1567 1503 1594 adorari
1518 1567 1614 1599 voiuit,
1626 1577 1632 1591 ‹
1642 1571 1724 1594 :etera

75 1621 143 1646 crsu;
156 1613 237 1646 αὺιῷ
245 1633 252 1646 ,
270 1612 348 1647 μήτε
355 1613 391 1639 ἐν
402 1613 442 1646 τῷ
452 1613 580 1648 οὐρανῷ,
590 1614 668 1648 μήτε
681 1615 730 1642 ἐπὶ
742 1614 797 1649 τῆς
808 1615 875 1651 γῆς,

73 1657 151 1692 μήτε
161 1658 197 1685 ἐν
212 1658 276 1690 τοῖς
285 1657 377 1684 ὕδασι
388 1666 395 1673 ⁸
411 1658 458 1684 καὶ
472 1659 486 1684 ὁ
501 1659 662 1690 ’Δπόστολός
673 1667 756 1694 φησιν
767 1668 774 1675 ·
795 1660 877 1687 Ἐλά-

76 1711 210 1738 τρευσαν
224 1703 261 1738 τῇ
276 1704 374 1731 κτίσει
391 1704 470 1739 παρὰ
487 1705 542 1732 τόν
556 1705 714 1739 κτίσαντα,
735 1706 784 1733 καὶ
803 1707 876 1741 ἐμω-

74 1749 245 1783 ράνθησαν.

927 1623 991 1642 vero
1011 1615 1102 1642 omnia
1117 1615 1162 1642 ille
1179 1614 1248 1649 ipse,
1263 1614 1309 1649 qui
1325 1613 1458 1646 condidit,
1474 1613 1582 1640 adorari
1599 1617 1681 1646 vetat,
1698 1618 1725 1640 et

925 1669 973 1689 eos
990 1661 1112 1692 damnat,
1130 1661 1176 1695 qui
1190 1665 1298 1687 creatas
1314 1667 1357 1686 res
1373 1659 1534 1686 adoratione
1547 1663 1723 1692 venerantur,

925 1715 987 1734 cum
1003 1708 1039 1733 ita
1056 1706 1207 1741 prteseribit
1222 1715 1228 1732 :
1248 1705 1309 1732 Non
1325 1705 1406 1739 facies
1430 1705 1477 1731 tibi
1495 1705 1579 1731 ullam
1598 1704 1725 1731 similitu-

925 1752 1024 1785 dinem,
1049 1757 1073 1779 et
1096 1751 1221 1778 adorabis
1246 1759 1315 1782 eam,
1343 1758 1424 1786 neque
1447 1751 1474 1777 in
1503 1752 1577 1783 ταΙο,
1601 1758 1682 1782 neque
1699 1751 1725 1776 in

76 1801 161 1828 terra,
175 1805 256 1831 neque
277 1798 303 1824 in
322 1798 397 1833 aquis
417 1798 438 1826 ³.
461 1797 516 1825 Sed
534 1801 561 1826 et
581 1798 742 1834 Apostolus,
769 1799 932 1833 Servierant,
951 1800 1059 1835 inquit,
1085 1805 1215 1827 creatura:
1241 1799 1329 1834 potius
1344 1806 1424 1834 quam
1447 1797 1537 1826 Creau
1546 1798 1585 1830 ri,
1602 1803 1626 1825 et
1650 1797 1727 1825 stulti

75 1843 144 1877 facti
157 1849 217 1870 sunt
229 1845 250 1870 ⁵.

115 1891 178 1923 Πῶς
201 1891 290 1918 τοίνυν
312 1893 376 1928 περὶ
392 1893 502 1920 πάντων
519 1893 626 1922 κελεύει
653 1895 690 1931 μὴ
710 1897 872 1932 προσκυνεῖ-

77 1937 162 1970 σθαι;
179 1935 233 1973 ἆρα
253 1935 300 1964 οὖν
317 1939 534 1974 προσωποληψία
556 1940 616 1968 ἐστὶ
636 1942 712 1977 παρᾶ
732 1942 806 1978 Θεῷ;
828 1943 873 1979 Μὴ

76 1983 203 2017 γένοιτοί
228 1984 273 2010 Ἐν
296 1984 334 2020 τῷ
358 1985 412 2020 γὰρ
427 1985 472 2012 τὸν
491 1986 538 2013 ἕνα
556 1989 767 2023 προσκυνεῖσθαι
790 1989 874 2023 ἔδειξε

77 2029 254 2056 παντάπασιν
272 2030 352 2057 ἄλλον
373 2031 437 2058 ὂντα
453 2033 529 2068 παρὰ
551 2033 601 2068 τὴν
617 2034 706 2061 κτίσιν
725 2035 771 2062 τὸν
791 2045 874 2071 προσ-

77 2075 258 2111 κυνούμενον,
282 2077 329 2103 καὶ
349 2077 433 2112 ἄλλην
449 2078 499 2112 τὴν
526 2080 768 2116 προσκυνουμένην
789 2081 877 2109 κτίσιν

81 2121 159 2157 παρὰ
178 2122 224 2149 τὸν
251 2124 439 2159 προσκυνητὸν
460 2123 573 2160 Κύριον,
596 2125 660 2152 Υἰὺν
685 2127 731 2153 τοῦ
752 2128 819 2154 Θεοῦ
844 2129 877 2155 ἐκ

79 2166 191 2202 Harpe;
207 2167 416 2202 γεγεννημένον.
435 2169 484 2195 Διὰ
499 2169 554 2204 γὰρ
575 2169 605 2196 τὸ
627 2171 658 2202 ἐξ
680 2171 762 2198 αὑτοῦ
782 2180 877 2206 γεγεν-

78 2212 282 2248 νῆσθαιόμοιον
302 2214 445 2250 αὐτῷκαὶ
461 2216 522 2242 κατ’
538 2216 625 2242 αὑτὸν
639 2217 715 2244 Υἰόν·
737 2218 780 2244 διὰ
799 2219 878 2246 τοῦτο
897 2213 916 2240 ί)

77 2257 134 2293 γὰρ
144 2258 192 2284 καὶ
211 2260 399 2294 προσκυνητὸν
414 2261 490 2296 παρὰ
501 2262 568 2288 πᾶσι
581 2270 588 2276 ·
605 2262 639 2289 δι’
659 2263 743 2290 αὑτοῦ
765 2265 877 2300 ἐποίησε

77 2304 113 2331 τὰ
132 2303 232 2337 πάντα,
259 2305 307 2331 καὶ
333 2306 418 2341 χωρὶς
441 2307 523 2334 αὑτοῦ
551 2308 661 2342 ἐγένετο
685 2310 744 2336 οὐδὲ
763 2311 801 2337 ἓν.
833 2311 877 2337 Ἑν

77 2350 155 2386 αὐτῷ
172 2351 238 2386 γὰρ,
260 2351 270 2366 ¹
281 2351 320 2386 τῷ
337 2352 409 2387 ἁγίῳ
424 2353 507 2380 αὑτοῦ
531 2355 670 2391 Πνεύματι
687 2357 727 2392 τῷ
749 2356 780 2389 ὲξ
792 2357 876 2384 αὐτοῦ

77 2397 284 2433 ὲκπορευθέντι,
300 2399 349 2425 καὶ
366 2399 414 2425 τοῦ
432 2400 500 2427 Υἱοῦ
517 2401 696 2436 λαμϐάνοντι,
714 2404 826 2438 ἐποίησε
840 2404 875 2431 τὰ

78 2444 170 2472 πάντα
201 2444 248 2471 καὶ
267 2444 429 2481 ἔστερέωσε.
454 2447 498 2480 Τῷ
521 2447 576 2482 γὰρ
611 2449 692 2483 λόγῳ
715 2450 826 2484 Κυρίου
850 2452 877 2478 οἱ

78 2491 204 2525 οὐρανοὶ
230 2491 476 2526 ἐστερεώθησαν,
502 2494 551 2520 καὶ
582 2493 623 2527 τῷ
649 2495 795 2530 πνεύματι
822 2497 877 2524 τοῦ

78 2537 230 2572 στόματος
241 2538 336 2565 αὑτοῦ
348 2537 433 2566 πᾶσα
443 2539 462 2573 ἠ
474 2539 600 2575 δύναμις
613 2540 718 2568 αὐτοῦ.
726 2541 811 2568 Ὅταν
822 2542 876 2579 γὰρ

79 2582 146 2619 εἴπῃ
160 2583 175 2609 ὁ
194 2583 361 2619 Μονογενὴς,
375 2583 415 2616 ὡς
431 2585 488 2612 ἄνω
504 2593 549 2620 μοι
563 2585 672 2622 εἴρηται
685 2595 692 2602 ·
707 2587 770 2614 Ἵνα
792 2589 877 2623 τινᾶν

78 2629 179 2657 σκωσί
191 2638 228 2657 σε
244 2631 299 2657 τὸν
313 2631 408 2666 μόνον
426 2631 572 2666 ἀληθινὸν
587 2633 671 2665 Θεὸν,
696 2633 746 2660 καὶ
763 2634 798 2661 ὃν
820 2635 877 2662 άπ-

78 2675 220 2710 έστειλας
238 2677 357 2712 Ἰησοῦν
378 2679 508 2713 Χριστόν
520 2687 527 2694 ·
548 2678 688 2716 ἀφώρισεν
713 2681 808 2708 ἑαυτὸν
823 2681 878 2708 ἀπὸ

79 2722 130 2757 τῆς
157 2723 284 2755 κτίσεως.
307 2724 351 2756 Ὠς
375 2724 422 2750 καὶ
449 2724 464 2751 ὁ
494 2725 655 2758 ’Λπόστολος
684 2724 799 2760 φάσκει·
823 2725 874 2760 Εἷς

81 2769 164 2802 θεὸς,
179 2769 214 2802 ἐξ
228 2767 264 2798 οὗ
286 2769 322 2797 τὰ
339 2770 448 2803 πάντα,
468 2771 518 2798 καὶ
534 2772 622 2806 ἡμεῖς
639 2772 676 2799 δι’
689 2773 784 2801 αὐτοῦ
796 2782 803 2790 ·
824 2773 874 2800 καὶ

127 2828 135 2843 ¹
199 2829 270 2868 ὁριγε
292 2864 301 2868 _
328 2830 337 2844 '
355 2828 383 2856 F.
395 2829 491 2868 καίὲν.
547 2833 557 2848 ³
572 2832 656 2862 Exod.
672 2843 716 2868 xx,
734 2835 750 2862 1

82 2871 150 2897 xvn,
166 2865 192 2891 3.
218 2863 242 2880 "
259 2863 343 2892 11101·Δ
360 2873 418 2898 vni,
433 2867 460 2893 6.

814 2836 822 2849 ⁵
839 2834 918 2863 Rulli.
935 2843 954 2869 ι,
967 2835 1011 2862 25.

961 1894 1060 1926 Quaero
1081 1891 1164 1927 igitur
1187 1897 1236 1918 cur
1262 1889 1372 1917 adorari
1392 1889 1484 1915 omnia
1501 1887 1547 1915 illa
1564 1886 1728 1922 prohibeat?

927 1939 996 1967 Num
1026 1938 1097 1965 Deus
1121 1943 1300 1972 personarum
1329 1935 1464 1962 rationem
1490 1934 1592 1960 habet?
1617 1933 1726 1959 Minime

927 1995 1002 2014 vero.
1026 1985 1118 2018 Quare
1141 1984 1192 2011 lioc
1219 1983 1280 2018 ipso
1301 1983 1374 2018 quod
1399 1989 1470 2008 unus
1490 1979 1648 2007 adorandus
1666 1984 1724 2010 est,

929 2033 1011 2060 alium
1030 2032 1103 2059 hunc
1118 2038 1131 2057 a
1153 2034 1312 2057 creatarum
1331 2035 1423 2056 rerum
1439 2027 1598 2054 conditione
1609 2034 1671 2053 esse
1687 2025 1726 2052 si~

927 2080 1050 2116 gniﬁcat,
1073 2083 1099 2106 et
1115 2083 1270 2106 creaturam
1286 2077 1426 2106 vieissim.
1449 2083 1510 2109 qua:
1531 2073 1641 2100 adorari
1663 2080 1727 2107 pro-

931 2127 1049 2156 hibetur.
1067 2126 1101 2152 ab
1117 2125 1257 2152 adorando
1283 2123 1398 2150 Domino
1420 2122 1523 2156 Deique
1550 2120 1631 2150 Filio.
1663 2123 1690 2146 et
1710 2127 1725 2146 a

931 2173 1011 2199 Patre
1034 2171 1126 2205 genito
1142 2170 1291 2197 diversam.
1309 2167 1388 2201 Quod
1404 2167 1476 2194 enim
1491 2167 1525 2193 ab
1541 2166 1601 2201 ipso
1615 2165 1724 2200 genitus

931 2224 972 2245 est
985 2218 1045 2252 ejus
1060 2217 1157 2244 similis
1173 2216 1341 2252 aequalisque
1356 2214 1453 2245 Filius,
1472 2213 1533 2239 ideo
1547 2212 1581 2239 ab
1595 2211 1725 2238 omnibus

932 2264 1090 2292 adorandus
1105 2267 1147 2290 est
1164 2272 1170 2289 :
1189 2263 1241 2290 Per
1260 2261 1333 2288 hunc
1348 2260 1441 2287 omnia
1456 2258 1531 2290 fecit,
1547 2261 1574 2285 ct
1591 2257 1650 2285 sine
1665 2257 1725 2292 ipso

932 2312 1035 2338 factum
1064 2315 1106 2337 est
1123 2309 1222 2336 1111111⁵.
1250 2307 1278 2334 111
1305 2307 1376 2343 ipso.
1410 2307 1541 2341 inquam,
1570 2311 1675 2331 nernnn
1699 2308 1726 2331 et

931 2361 1027 2385 sancto
1046 2363 1096 2383 suo
1119 2355 1234 2390 Spiritu,
1250 2354 1297 2389 qui
1318 2360 1332 2380 a
1359 2361 1389 2381 se
1409 2351 1546 2388 procedit,
1561 2355 1588 2382 et
1605 2351 1638 2378 de
1656 2350 1726 2378 Filio

931 2402 1042 2437 accipit,
1054 2401 1178 2429 condidit
1199 2407 1232 2427 ac
1263 2398 1382 2426 ﬁrmavit
1397 2398 1536 2425 universa.
1560 2396 1642 2424 Verbo
1656 2397 1726 2423 enim

931 2450 1038 2478 Domini
1053 2449 1111 2477 σαείὶ
1126 2448 1228 2484 ﬁrmati
1240 2452 1312 2479 sunt,
1327 2451 1352 2474 et
1368 2446 1464 2481 spiritu
1485 2446 1540 2472 oris
1563 2445 1620 2480 ejus
1640 2445 1726 2471 omni:

931 2498 1013 2525 virtus
1026 2505 1117 2524 eorum
1125 2496 1146 2524 ⁸.
1158 2495 1227 2522 Nam
1239 2501 1301 2522 cum
1316 2493 1414 2521 unicus
1428 2492 1475 2521 Dei
1493 2491 1592 2523 Filius,
1614 2495 1644 2518 ut
1663 2495 1727 2518 ante

930 2544 1033 2571 dictum
1049 2547 1106 2574 est,
1124 2543 1162 2569 ita
1182 2540 1306 2576 loquitur
1323 2549 1330 2567 :
1351 2539 1385 2566 Ut
1405 2543 1565 2575 cngnoscant
1590 2542 1614 2564 te
1639 2537 1724 2564 solum

931 2598 1019 2617 rerum
1043 2589 1146 2620 Deum,
1165 2592 1189 2615 et
1201 2595 1277 2623 quem
1297 2586 1393 2613 misisti
1408 2584 1500 2613 Jcsum
1522 2583 1689 2615 Cltristum',
1710 2590 1725 2608 a

931 2641 1084 2663 creatarum
1099 2643 1160 2663 sese
1173 2642 1264 2662 rerum
1280 2639 1395 2660 numero
1408 2631 1571 2667 segregavit.
1585 2630 1646 2662 Quo
1657 2628 1725 2656 illud

931 2682 1012 2710 etiam
1028 2681 1150 2716 Apostoli
1166 2679 1304 2715 pertinet:
1321 2677 1395 2705 Unus
1410 2677 1491 2708 Deus,
1506 2684 1538 2703 ea;
1554 2684 1605 2711 qua
1622 2674 1723 2706 onmia,

927 2733 952 2755 et
970 2735 1016 2754 nos
1032 2734 1078 2761 per
1094 2727 1190 2760 ipsum,
1208 2730 1232 2752 ct
1248 2733 1316 2752 unus
1341 2723 1472 2750 Dominus
1486 2722 1564 2748 Iesus
1586 2719 1722 2750 Christus,

927 2781 972 2807 per
990 2781 1065 2808 queui
1085 2771 1187 2804 omnia,
1201 2775 1224 2798 et
1238 2778 1284 2797 nos
1316 2776 1361 2803 per
1376 2767 1490 2802 ipsum".
1508 2765 1625 2793 Videsne
1640 2771 1724 2799 quam

1067 2833 1078 2849 '
1094 2833 1172 2862 Joan.
1191 2841 1209 2866 1,
1225 2832 1250 2860 5.
1306 2831 1315 2845 ⁸
1331 2829 1404 2857 l‘sal.
1423 2836 1496 2856 uxn
1511 2848 1519 2861 ,
1535 2827 1561 2854 6.
1618 2827 1628 2842 ⁷
1643 2824 1723 2854 Joau.
