  <div class='ocr_page' id='page_1' title='image "/cluster/home/n/w/nwhite01/storage/ocr_20150623/42/njp.32101077772588/279.png"; bbox 0 0 1931 3041; ppageno 0'>
   <div class='ocr_carea' id='block_1_1' title="bbox 202 131 252 159">
    <p class='ocr_par' dir='ltr' id='par_1_1' title="bbox 202 131 252 159">
     <span class='ocr_line' id='line_1_1' title="bbox 202 131 252 159; baseline 0 0"><span class='ocrx_word' id='word_1_1' title='bbox 202 131 252 159; x_wconf 67' lang='grc' dir='ltr'><strong>εει</strong></span> 
     </span>
    </p>
   </div>
   <div class='ocr_carea' id='block_1_2' title="bbox 914 130 1134 160">
    <p class='ocr_par' dir='ltr' id='par_1_2' title="bbox 914 130 1134 160">
     <span class='ocr_line' id='line_1_2' title="bbox 914 130 1134 160; baseline -0.009 0"><span class='ocrx_word' id='word_1_2' title='bbox 914 132 943 160; x_wconf 82' lang='lat' dir='ltr'><strong>S.</strong></span> <span class='ocrx_word' id='word_1_3' title='bbox 964 130 1134 159; x_wconf 79' lang='lat' dir='ltr'><strong>EPIPIIANII</strong></span> 
     </span>
    </p>
   </div>
   <div class='ocr_carea' id='block_1_3' title="bbox 1785 131 1836 160">
    <p class='ocr_par' dir='ltr' id='par_1_3' title="bbox 1785 131 1836 160">
     <span class='ocr_line' id='line_1_3' title="bbox 1785 131 1836 160; baseline 0 -2"><span class='ocrx_word' id='word_1_4' title='bbox 1785 131 1836 160; x_wconf 76' lang='lat'><strong>53’!</strong></span> 
     </span>
    </p>
   </div>
   <div class='ocr_carea' id='block_1_4' title="bbox 201 189 1003 226">
    <p class='ocr_par' dir='ltr' id='par_1_4' title="bbox 201 189 996 224">
     <span class='ocr_line' id='line_1_4' title="bbox 201 189 996 224; baseline -0.003 -6"><span class='ocrx_word' id='word_1_5' title='bbox 201 190 307 218; x_wconf 80' lang='lat' dir='ltr'><strong>diserte</strong></span> <span class='ocrx_word' id='word_1_6' title='bbox 322 198 406 218; x_wconf 89' lang='lat' dir='ltr'><strong>unum</strong></span> <span class='ocrx_word' id='word_1_7' title='bbox 425 189 522 224; x_wconf 90' lang='lat' dir='ltr'><strong>Deum,</strong></span> <span class='ocrx_word' id='word_1_8' title='bbox 532 198 564 219; x_wconf 84' lang='lat' dir='ltr'><strong>ac</strong></span> <span class='ocrx_word' id='word_1_9' title='bbox 580 190 698 223; x_wconf 81' lang='lat' dir='ltr'><strong>Patrem,</strong></span> <span class='ocrx_word' id='word_1_10' title='bbox 712 195 739 219; x_wconf 89' lang='lat' dir='ltr'><strong>et</strong></span> <span class='ocrx_word' id='word_1_11' title='bbox 752 199 836 218; x_wconf 92' lang='lat' dir='ltr'><strong>unum</strong></span> <span class='ocrx_word' id='word_1_12' title='bbox 850 190 996 218; x_wconf 79' lang='lat' dir='ltr'><strong>Dominum</strong></span> 
     </span>
    </p>
   </div>
   <div class='ocr_carea' id='block_1_5' title="bbox 1055 189 1836 226">
    <p class='ocr_par' dir='ltr' id='par_1_5' title="bbox 1055 189 1836 226">
     <span class='ocr_line' id='line_1_5' title="bbox 1055 189 1836 226; baseline 0.003 -9"><span class='ocrx_word' id='word_1_13' title='bbox 1055 189 1090 224; x_wconf 56' lang='lat' dir='ltr'><strong>il;-</strong></span> <span class='ocrx_word' id='word_1_14' title='bbox 1103 191 1211 226; x_wconf 76' lang='grc' dir='ltr'>Κύριος</span> <span class='ocrx_word' id='word_1_15' title='bbox 1227 191 1342 226; x_wconf 83' lang='grc' dir='ltr'>Ἰησοῦς</span> <span class='ocrx_word' id='word_1_16' title='bbox 1361 192 1499 226; x_wconf 71' lang='grc' dir='ltr'>Χριστὸς,</span> <span class='ocrx_word' id='word_1_17' title='bbox 1511 192 1547 219; x_wconf 78' lang='grc' dir='ltr'><strong>δι’</strong></span> <span class='ocrx_word' id='word_1_18' title='bbox 1558 190 1595 220; x_wconf 84' lang='grc' dir='ltr'>οὗ</span> <span class='ocrx_word' id='word_1_19' title='bbox 1613 192 1650 220; x_wconf 82' lang='grc' dir='ltr'><strong>τὰ</strong></span> <span class='ocrx_word' id='word_1_20' title='bbox 1664 193 1775 224; x_wconf 76' lang='grc' dir='ltr'>πάντα,</span> <span class='ocrx_word' id='word_1_21' title='bbox 1789 194 1836 219; x_wconf 75' lang='lat' dir='ltr'><strong>ml</strong></span> 
     </span>
    </p>
   </div>
   <div class='ocr_carea' id='block_1_6' title="bbox 205 236 994 274">
    <p class='ocr_par' dir='ltr' id='par_1_6' title="bbox 205 236 994 274">
     <span class='ocr_line' id='line_1_6' title="bbox 205 236 994 274; baseline 0.003 -12"><span class='ocrx_word' id='word_1_22' title='bbox 205 236 240 263; x_wconf 86' lang='lat' dir='ltr'><strong>ab</strong></span> <span class='ocrx_word' id='word_1_23' title='bbox 264 236 359 264; x_wconf 81' lang='lat' dir='ltr'><strong>eodem</strong></span> <span class='ocrx_word' id='word_1_24' title='bbox 384 238 506 273; x_wconf 84' lang='lat' dir='ltr'><strong>genitum</strong></span> <span class='ocrx_word' id='word_1_25' title='bbox 535 239 721 273; x_wconf 62' lang='lat' dir='ltr'><strong>expresserit?</strong></span> <span class='ocrx_word' id='word_1_26' title='bbox 746 237 839 274; x_wconf 78' lang='lat' dir='ltr'><strong>Neque</strong></span> <span class='ocrx_word' id='word_1_27' title='bbox 865 246 929 266; x_wconf 87' lang='lat' dir='ltr'><strong>vero</strong></span> <span class='ocrx_word' id='word_1_28' title='bbox 957 238 994 264; x_wconf 89' lang='lat' dir='ltr'><strong>ita</strong></span> 
     </span>
    </p>
   </div>
   <div class='ocr_carea' id='block_1_7' title="bbox 204 282 994 320">
    <p class='ocr_par' dir='ltr' id='par_1_7' title="bbox 204 282 994 320">
     <span class='ocr_line' id='line_1_7' title="bbox 204 282 994 320; baseline 0.003 -11"><span class='ocrx_word' id='word_1_29' title='bbox 204 282 288 314; x_wconf 77' lang='lat' dir='ltr'><strong>dixit,</strong></span> <span class='ocrx_word' id='word_1_30' title='bbox 307 282 383 311; x_wconf 89' lang='lat' dir='ltr'><strong>Unus</strong></span> <span class='ocrx_word' id='word_1_31' title='bbox 410 284 496 316; x_wconf 85' lang='lat' dir='ltr'><strong>Dens,</strong></span> <span class='ocrx_word' id='word_1_32' title='bbox 519 284 602 320; x_wconf 70' lang='lat'><strong>922</strong></span> <span class='ocrx_word' id='word_1_33' title='bbox 623 290 649 312; x_wconf 89' lang='lat' dir='ltr'><strong>et</strong></span> <span class='ocrx_word' id='word_1_34' title='bbox 681 293 752 312; x_wconf 83' lang='lat' dir='ltr'><strong>unus</strong></span> <span class='ocrx_word' id='word_1_35' title='bbox 769 284 902 312; x_wconf 86' lang='lat' dir='ltr'><strong>Dominus</strong></span> <span class='ocrx_word' id='word_1_36' title='bbox 931 292 994 311; x_wconf 87' lang='lat' dir='ltr'><strong>Cllm</strong></span> 
     </span>
    </p>
   </div>
   <div class='ocr_carea' id='block_1_8' title="bbox 204 327 995 364">
    <p class='ocr_par' dir='ltr' id='par_1_8' title="bbox 204 327 995 364">
     <span class='ocr_line' id='line_1_8' title="bbox 204 327 995 364; baseline 0.001 -10"><span class='ocrx_word' id='word_1_37' title='bbox 204 327 343 359; x_wconf 85' lang='lat' dir='ltr'><strong>omnibus.</strong></span> <span class='ocrx_word' id='word_1_38' title='bbox 358 336 418 363; x_wconf 66' lang='lat' dir='ltr'><strong>quae</strong></span> <span class='ocrx_word' id='word_1_39' title='bbox 432 328 466 355; x_wconf 84' lang='lat' dir='ltr'><strong>ab</strong></span> <span class='ocrx_word' id='word_1_40' title='bbox 485 328 545 364; x_wconf 87' lang='lat' dir='ltr'><strong>ipso</strong></span> <span class='ocrx_word' id='word_1_41' title='bbox 564 329 635 356; x_wconf 81' lang='lat' dir='ltr'><strong>facta</strong></span> <span class='ocrx_word' id='word_1_42' title='bbox 651 335 715 357; x_wconf 86' lang='lat' dir='ltr'><strong>sunt</strong></span> <span class='ocrx_word' id='word_1_43' title='bbox 732 337 740 361; x_wconf 83' lang='lat'><strong>;</strong></span> <span class='ocrx_word' id='word_1_44' title='bbox 759 329 806 356; x_wconf 86' lang='lat' dir='ltr'><strong>scd</strong></span> <span class='ocrx_word' id='word_1_45' title='bbox 822 336 891 356; x_wconf 71' lang='lat' dir='ltr'><strong>unus</strong></span> <span class='ocrx_word' id='word_1_46' title='bbox 905 328 995 355; x_wconf 87' lang='lat' dir='ltr'><strong>Domi-</strong></span> 
     </span>
    </p>
   </div>
   <div class='ocr_carea' id='block_1_9' title="bbox 205 374 996 409">
    <p class='ocr_par' dir='ltr' id='par_1_9' title="bbox 205 374 996 409">
     <span class='ocr_line' id='line_1_9' title="bbox 205 374 996 409; baseline 0.003 -8"><span class='ocrx_word' id='word_1_47' title='bbox 205 381 254 401; x_wconf 73' lang='lat' dir='ltr'><strong>nus</strong></span> <span class='ocrx_word' id='word_1_48' title='bbox 267 381 312 407; x_wconf 80' lang='lat' dir='ltr'><strong>per</strong></span> <span class='ocrx_word' id='word_1_49' title='bbox 326 383 401 409; x_wconf 84' lang='lat' dir='ltr'><strong>quem</strong></span> <span class='ocrx_word' id='word_1_50' title='bbox 423 376 524 402; x_wconf 78' lang='lat' dir='ltr'><strong>omnia.</strong></span> <span class='ocrx_word' id='word_1_51' title='bbox 543 375 621 408; x_wconf 85' lang='lat' dir='ltr'><strong>Quod</strong></span> <span class='ocrx_word' id='word_1_52' title='bbox 648 376 670 403; x_wconf 88' lang='lat' dir='ltr'><strong>si</strong></span> <span class='ocrx_word' id='word_1_53' title='bbox 689 384 759 402; x_wconf 82' lang='lat' dir='ltr'><strong>unus</strong></span> <span class='ocrx_word' id='word_1_54' title='bbox 785 374 916 403; x_wconf 83' lang='lat' dir='ltr'><strong>Dominus</strong></span> <span class='ocrx_word' id='word_1_55' title='bbox 937 379 996 406; x_wconf 80' lang='lat' dir='ltr'><strong>est.</strong></span> 
     </span>
    </p>
   </div>
   <div class='ocr_carea' id='block_1_10' title="bbox 205 418 998 454">
    <p class='ocr_par' dir='ltr' id='par_1_10' title="bbox 205 418 998 454">
     <span class='ocr_line' id='line_1_10' title="bbox 205 418 998 454; baseline 0.001 -9"><span class='ocrx_word' id='word_1_56' title='bbox 205 427 252 454; x_wconf 85' lang='lat' dir='ltr'><strong>per</strong></span> <span class='ocrx_word' id='word_1_57' title='bbox 266 426 346 453; x_wconf 92' lang='lat' dir='ltr'><strong>quem</strong></span> <span class='ocrx_word' id='word_1_58' title='bbox 372 418 443 446; x_wconf 80' lang='lat' dir='ltr'><strong>facta</strong></span> <span class='ocrx_word' id='word_1_59' title='bbox 459 423 524 447; x_wconf 88' lang='lat' dir='ltr'><strong>sunt</strong></span> <span class='ocrx_word' id='word_1_60' title='bbox 539 420 643 452; x_wconf 85' lang='lat' dir='ltr'><strong>omnia,</strong></span> <span class='ocrx_word' id='word_1_61' title='bbox 664 420 708 447; x_wconf 92' lang='lat' dir='ltr'><strong>ille</strong></span> <span class='ocrx_word' id='word_1_62' title='bbox 725 427 797 447; x_wconf 88' lang='lat' dir='ltr'><strong>unus</strong></span> <span class='ocrx_word' id='word_1_63' title='bbox 812 427 845 447; x_wconf 82' lang='lat' dir='ltr'><strong>ex</strong></span> <span class='ocrx_word' id='word_1_64' title='bbox 869 418 998 446; x_wconf 83' lang='lat' dir='ltr'><strong>omnibus</strong></span> 
     </span>
    </p>
   </div>
   <div class='ocr_carea' id='block_1_11' title="bbox 203 465 996 499">
    <p class='ocr_par' dir='ltr' id='par_1_11' title="bbox 203 465 996 499">
     <span class='ocr_line' id='line_1_11' title="bbox 203 465 996 499; baseline 0.001 -9"><span class='ocrx_word' id='word_1_65' title='bbox 203 472 263 491; x_wconf 66' lang='lat' dir='ltr'><strong>esse</strong></span> <span class='ocrx_word' id='word_1_66' title='bbox 278 472 333 491; x_wconf 87' lang='lat' dir='ltr'><strong>non</strong></span> <span class='ocrx_word' id='word_1_67' title='bbox 355 469 456 499; x_wconf 84' lang='lat' dir='ltr'><strong>potest,</strong></span> <span class='ocrx_word' id='word_1_68' title='bbox 470 465 518 492; x_wconf 88' lang='lat' dir='ltr'><strong>sed</strong></span> <span class='ocrx_word' id='word_1_69' title='bbox 532 465 655 492; x_wconf 91' lang='lat' dir='ltr'><strong>omnium</strong></span> <span class='ocrx_word' id='word_1_70' title='bbox 674 466 812 496; x_wconf 82' lang='lat' dir='ltr'><strong>conditor,</strong></span> <span class='ocrx_word' id='word_1_71' title='bbox 829 469 996 496; x_wconf 82' lang='lat' dir='ltr'><strong>creatarum,</strong></span> 
     </span>
    </p>
   </div>
   <div class='ocr_carea' id='block_1_12' title="bbox 204 511 767 545">
    <p class='ocr_par' dir='ltr' id='par_1_12' title="bbox 204 511 767 545">
     <span class='ocr_line' id='line_1_12' title="bbox 204 511 767 545; baseline 0.004 -8"><span class='ocrx_word' id='word_1_72' title='bbox 204 511 328 545; x_wconf 86' lang='lat' dir='ltr'><strong>inquam,</strong></span> <span class='ocrx_word' id='word_1_73' title='bbox 345 518 436 538; x_wconf 86' lang='lat' dir='ltr'><strong>rerum</strong></span> <span class='ocrx_word' id='word_1_74' title='bbox 450 511 573 539; x_wconf 90' lang='lat' dir='ltr'><strong>omnium</strong></span> <span class='ocrx_word' id='word_1_75' title='bbox 587 512 700 539; x_wconf 81' lang='lat' dir='ltr'><strong>elleclor</strong></span> <span class='ocrx_word' id='word_1_76' title='bbox 713 516 767 539; x_wconf 89' lang='lat' dir='ltr'><strong>est.</strong></span> 
     </span>
    </p>
   </div>
   <div class='ocr_carea' id='block_1_13' title="bbox 239 556 998 594">
    <p class='ocr_par' dir='ltr' id='par_1_13' title="bbox 239 556 998 594">
     <span class='ocr_line' id='line_1_13' title="bbox 239 556 998 594; baseline 0.004 -11"><span class='ocrx_word' id='word_1_77' title='bbox 239 556 284 584; x_wconf 71' lang='lat' dir='ltr'><strong>IX.</strong></span> <span class='ocrx_word' id='word_1_78' title='bbox 305 556 365 584; x_wconf 82' lang='lat' dir='ltr'><strong>Jam</strong></span> <span class='ocrx_word' id='word_1_79' title='bbox 381 566 446 586; x_wconf 89' lang='lat' dir='ltr'><strong>vero</strong></span> <span class='ocrx_word' id='word_1_80' title='bbox 461 558 507 594; x_wconf 90' lang='lat' dir='ltr'><strong>qui</strong></span> <span class='ocrx_word' id='word_1_81' title='bbox 523 566 538 585; x_wconf 87' lang='lat' dir='ltr'><strong>a</strong></span> <span class='ocrx_word' id='word_1_82' title='bbox 553 557 634 586; x_wconf 76' lang='lat' dir='ltr'><strong>Patre</strong></span> <span class='ocrx_word' id='word_1_83' title='bbox 654 559 763 593; x_wconf 77' lang='lat' dir='ltr'><strong>genitus</strong></span> <span class='ocrx_word' id='word_1_84' title='bbox 785 562 812 586; x_wconf 87' lang='lat' dir='ltr'><strong>et</strong></span> <span class='ocrx_word' id='word_1_85' title='bbox 829 558 863 586; x_wconf 88' lang='lat' dir='ltr'><strong>ab</strong></span> <span class='ocrx_word' id='word_1_86' title='bbox 876 565 909 585; x_wconf 91' lang='lat' dir='ltr'><strong>eo</strong></span> <span class='ocrx_word' id='word_1_87' title='bbox 936 564 998 592; x_wconf 88' lang='lat' dir='ltr'><strong>pro-</strong></span> 
     </span>
    </p>
   </div>
   <div class='ocr_carea' id='block_1_14' title="bbox 203 602 999 639">
    <p class='ocr_par' dir='ltr' id='par_1_14' title="bbox 203 602 999 639">
     <span class='ocr_line' id='line_1_14' title="bbox 203 602 999 639; baseline 0.001 -10"><span class='ocrx_word' id='word_1_88' title='bbox 203 602 305 631; x_wconf 86' lang='lat' dir='ltr'><strong>ductus</strong></span> <span class='ocrx_word' id='word_1_89' title='bbox 319 607 361 632; x_wconf 92' lang='lat' dir='ltr'><strong>est</strong></span> <span class='ocrx_word' id='word_1_90' title='bbox 374 602 472 637; x_wconf 83' lang='lat' dir='ltr'><strong>Filius,</strong></span> <span class='ocrx_word' id='word_1_91' title='bbox 489 611 538 639; x_wconf 88' lang='lat' dir='ltr'><strong>per</strong></span> <span class='ocrx_word' id='word_1_92' title='bbox 554 612 636 639; x_wconf 89' lang='lat' dir='ltr'><strong>quem</strong></span> <span class='ocrx_word' id='word_1_93' title='bbox 656 604 747 631; x_wconf 84' lang='lat' dir='ltr'><strong>omnia</strong></span> <span class='ocrx_word' id='word_1_94' title='bbox 765 604 836 631; x_wconf 79' lang='lat' dir='ltr'><strong>facta</strong></span> <span class='ocrx_word' id='word_1_95' title='bbox 853 607 930 635; x_wconf 89' lang='lat' dir='ltr'><strong>sunt,</strong></span> <span class='ocrx_word' id='word_1_96' title='bbox 945 602 999 630; x_wconf 80' lang='lat' dir='ltr'><strong>dis-</strong></span> 
     </span>
    </p>
   </div>
   <div class='ocr_carea' id='block_1_15' title="bbox 203 648 997 686">
    <p class='ocr_par' dir='ltr' id='par_1_15' title="bbox 203 648 997 686">
     <span class='ocr_line' id='line_1_15' title="bbox 203 648 997 686; baseline 0 -11"><span class='ocrx_word' id='word_1_97' title='bbox 203 648 304 677; x_wconf 78' lang='lat' dir='ltr'><strong>similis</strong></span> <span class='ocrx_word' id='word_1_98' title='bbox 326 649 450 677; x_wconf 89' lang='lat' dir='ltr'><strong>onmium</strong></span> <span class='ocrx_word' id='word_1_99' title='bbox 475 654 529 682; x_wconf 88' lang='lat' dir='ltr'><strong>est,</strong></span> <span class='ocrx_word' id='word_1_100' title='bbox 555 655 584 678; x_wconf 89' lang='lat' dir='ltr'><strong>ut</strong></span> <span class='ocrx_word' id='word_1_101' title='bbox 605 651 652 686; x_wconf 92' lang='lat' dir='ltr'><strong>qui</strong></span> <span class='ocrx_word' id='word_1_102' title='bbox 668 654 777 678; x_wconf 85' lang='lat' dir='ltr'><strong>creator</strong></span> <span class='ocrx_word' id='word_1_103' title='bbox 800 651 836 678; x_wconf 91' lang='lat' dir='ltr'><strong>sit</strong></span> <span class='ocrx_word' id='word_1_104' title='bbox 850 649 972 677; x_wconf 91' lang='lat' dir='ltr'><strong>omnium</strong></span> <span class='ocrx_word' id='word_1_105' title='bbox 991 658 997 675; x_wconf 89' lang='lat'><strong>:</strong></span> 
     </span>
    </p>
   </div>
   <div class='ocr_carea' id='block_1_16' title="bbox 204 693 1000 730">
    <p class='ocr_par' dir='ltr' id='par_1_16' title="bbox 204 693 1000 730">
     <span class='ocr_line' id='line_1_16' title="bbox 204 693 1000 730; baseline 0.003 -10"><span class='ocrx_word' id='word_1_106' title='bbox 204 693 430 730; x_wconf 90' lang='lat' dir='ltr'><strong>quandoquidem</strong></span> <span class='ocrx_word' id='word_1_107' title='bbox 448 703 520 723; x_wconf 87' lang='lat' dir='ltr'><strong>unus</strong></span> <span class='ocrx_word' id='word_1_108' title='bbox 547 699 574 723; x_wconf 89' lang='lat' dir='ltr'><strong>et</strong></span> <span class='ocrx_word' id='word_1_109' title='bbox 596 703 667 725; x_wconf 82' lang='lat' dir='ltr'><strong>unus</strong></span> <span class='ocrx_word' id='word_1_110' title='bbox 687 699 730 724; x_wconf 87' lang='lat' dir='ltr'><strong>est</strong></span> <span class='ocrx_word' id='word_1_111' title='bbox 754 695 826 723; x_wconf 76' lang='lat' dir='ltr'><strong>Deus</strong></span> <span class='ocrx_word' id='word_1_112' title='bbox 850 695 939 727; x_wconf 79' lang='lat' dir='ltr'><strong>Pater,</strong></span> <span class='ocrx_word' id='word_1_113' title='bbox 967 702 1000 722; x_wconf 74' lang='lat' dir='ltr'><strong>ea:</strong></span> 
     </span>
    </p>
   </div>
   <div class='ocr_carea' id='block_1_17' title="bbox 205 740 1000 776">
    <p class='ocr_par' dir='ltr' id='par_1_17' title="bbox 205 740 1000 776">
     <span class='ocr_line' id='line_1_17' title="bbox 205 740 1000 776; baseline 0.001 -10"><span class='ocrx_word' id='word_1_114' title='bbox 205 747 256 775; x_wconf 83' lang='lat' dir='ltr'><strong>quo</strong></span> <span class='ocrx_word' id='word_1_115' title='bbox 281 741 382 773; x_wconf 85' lang='lat' dir='ltr'><strong>omnia,</strong></span> <span class='ocrx_word' id='word_1_116' title='bbox 408 746 435 768; x_wconf 83' lang='lat' dir='ltr'><strong>et</strong></span> <span class='ocrx_word' id='word_1_117' title='bbox 456 740 587 769; x_wconf 88' lang='lat' dir='ltr'><strong>Dominus</strong></span> <span class='ocrx_word' id='word_1_118' title='bbox 610 741 702 773; x_wconf 80' lang='lat' dir='ltr'><strong>Jesus,</strong></span> <span class='ocrx_word' id='word_1_119' title='bbox 728 749 773 776; x_wconf 80' lang='lat' dir='ltr'><strong>per</strong></span> <span class='ocrx_word' id='word_1_120' title='bbox 798 749 873 776; x_wconf 80' lang='lat' dir='ltr'><strong>quem</strong></span> <span class='ocrx_word' id='word_1_121' title='bbox 898 741 1000 773; x_wconf 82' lang='lat' dir='ltr'><strong>omnia,</strong></span> 
     </span>
    </p>
   </div>
   <div class='ocr_carea' id='block_1_18' title="bbox 206 786 1000 822">
    <p class='ocr_par' dir='ltr' id='par_1_18' title="bbox 206 786 1000 822">
     <span class='ocr_line' id='line_1_18' title="bbox 206 786 1000 822; baseline -0.001 -9"><span class='ocrx_word' id='word_1_122' title='bbox 206 786 275 813; x_wconf 83' lang='lat' dir='ltr'><strong>adeo</strong></span> <span class='ocrx_word' id='word_1_123' title='bbox 296 789 326 813; x_wconf 92' lang='lat' dir='ltr'><strong>ut</strong></span> <span class='ocrx_word' id='word_1_124' title='bbox 350 787 477 821; x_wconf 85' lang='lat' dir='ltr'><strong>superior</strong></span> <span class='ocrx_word' id='word_1_125' title='bbox 492 786 577 814; x_wconf 92' lang='lat' dir='ltr'><strong>dictio</strong></span> <span class='ocrx_word' id='word_1_126' title='bbox 593 787 735 814; x_wconf 82' lang='lat' dir='ltr'><strong>vocabulis</strong></span> <span class='ocrx_word' id='word_1_127' title='bbox 750 786 826 814; x_wconf 85' lang='lat' dir='ltr'><strong>hisce</strong></span> <span class='ocrx_word' id='word_1_128' title='bbox 844 786 1000 822; x_wconf 89' lang='lat' dir='ltr'><strong>copuletur,</strong></span> 
     </span>
    </p>
   </div>
   <div class='ocr_carea' id='block_1_19' title="bbox 207 832 999 868">
    <p class='ocr_par' dir='ltr' id='par_1_19' title="bbox 207 832 999 868">
     <span class='ocr_line' id='line_1_19' title="bbox 207 832 999 868; baseline 0.001 -10"><span class='ocrx_word' id='word_1_129' title='bbox 207 840 274 859; x_wconf 75' lang='lat' dir='ltr'><strong>unus</strong></span> <span class='ocrx_word' id='word_1_130' title='bbox 287 836 315 860; x_wconf 87' lang='lat' dir='ltr'><strong>et</strong></span> <span class='ocrx_word' id='word_1_131' title='bbox 327 840 407 860; x_wconf 72' lang='lat' dir='ltr'><strong>unus.</strong></span> <span class='ocrx_word' id='word_1_132' title='bbox 422 832 478 860; x_wconf 82' lang='lat' dir='ltr'><strong>Hoc</strong></span> <span class='ocrx_word' id='word_1_133' title='bbox 493 837 596 865; x_wconf 88' lang='lat' dir='ltr'><strong>autem,</strong></span> <span class='ocrx_word' id='word_1_134' title='bbox 611 840 643 859; x_wconf 75' lang='lat' dir='ltr'><strong>ea:</strong></span> <span class='ocrx_word' id='word_1_135' title='bbox 659 840 721 867; x_wconf 83' lang='lat' dir='ltr'><strong>quo,</strong></span> <span class='ocrx_word' id='word_1_136' title='bbox 736 837 764 860; x_wconf 93' lang='lat' dir='ltr'><strong>et</strong></span> <span class='ocrx_word' id='word_1_137' title='bbox 789 840 835 866; x_wconf 84' lang='lat' dir='ltr'><strong>per</strong></span> <span class='ocrx_word' id='word_1_138' title='bbox 847 840 921 868; x_wconf 83' lang='lat' dir='ltr'><strong>quem</strong></span> <span class='ocrx_word' id='word_1_139' title='bbox 937 839 999 859; x_wconf 89' lang='lat' dir='ltr'><strong>cum</strong></span> 
     </span>
    </p>
   </div>
   <div class='ocr_carea' id='block_1_20' title="bbox 207 872 997 915">
    <p class='ocr_par' dir='ltr' id='par_1_20' title="bbox 207 872 997 915">
     <span class='ocr_line' id='line_1_20' title="bbox 207 872 997 915; baseline 0.003 -11"><span class='ocrx_word' id='word_1_140' title='bbox 207 878 274 905; x_wconf 89' lang='lat' dir='ltr'><strong>illud</strong></span> <span class='ocrx_word' id='word_1_141' title='bbox 291 882 385 913; x_wconf 84' lang='lat' dir='ltr'><strong>aperte</strong></span> <span class='ocrx_word' id='word_1_142' title='bbox 400 877 571 911; x_wconf 81' lang='lat' dir='ltr'><strong>declaravit,</strong></span> <span class='ocrx_word' id='word_1_143' title='bbox 587 886 602 906; x_wconf 86' lang='lat' dir='ltr'><strong>a</strong></span> <span class='ocrx_word' id='word_1_144' title='bbox 617 878 698 906; x_wconf 85' lang='lat' dir='ltr'><strong>Patre</strong></span> <span class='ocrx_word' id='word_1_145' title='bbox 713 879 861 915; x_wconf 79' lang='lat' dir='ltr'><strong>procedere</strong></span> <span class='ocrx_word' id='word_1_146' title='bbox 873 872 974 905; x_wconf 72' lang='lat' dir='ltr'><strong>Filium</strong></span> <span class='ocrx_word' id='word_1_147' title='bbox 989 887 997 906; x_wconf 92' lang='lat'><strong>:</strong></span> 
     </span>
    </p>
   </div>
   <div class='ocr_carea' id='block_1_21' title="bbox 207 925 1001 961">
    <p class='ocr_par' dir='ltr' id='par_1_21' title="bbox 207 925 1001 961">
     <span class='ocr_line' id='line_1_21' title="bbox 207 925 1001 961; baseline 0.003 -10"><span class='ocrx_word' id='word_1_148' title='bbox 207 928 266 952; x_wconf 89' lang='lat' dir='ltr'><strong>tum</strong></span> <span class='ocrx_word' id='word_1_149' title='bbox 286 929 447 952; x_wconf 72' lang='lat' dir='ltr'><strong>caeterarum</strong></span> <span class='ocrx_word' id='word_1_150' title='bbox 464 932 557 953; x_wconf 87' lang='lat' dir='ltr'><strong>rerum</strong></span> <span class='ocrx_word' id='word_1_151' title='bbox 574 925 713 961; x_wconf 84' lang='lat' dir='ltr'><strong>disparem</strong></span> <span class='ocrx_word' id='word_1_152' title='bbox 730 925 855 953; x_wconf 89' lang='lat' dir='ltr'><strong>eumdem</strong></span> <span class='ocrx_word' id='word_1_153' title='bbox 869 933 931 954; x_wconf 85' lang='lat' dir='ltr'><strong>esse</strong></span> <span class='ocrx_word' id='word_1_154' title='bbox 951 925 1001 953; x_wconf 81' lang='lat' dir='ltr'><strong>ad-</strong></span> 
     </span>
    </p>
   </div>
   <div class='ocr_carea' id='block_1_22' title="bbox 207 971 1001 1006">
    <p class='ocr_par' dir='ltr' id='par_1_22' title="bbox 207 971 1001 1006">
     <span class='ocr_line' id='line_1_22' title="bbox 207 971 1001 1006; baseline 0.003 -9"><span class='ocrx_word' id='word_1_155' title='bbox 207 971 326 998; x_wconf 84' lang='lat' dir='ltr'><strong>mirabili</strong></span> <span class='ocrx_word' id='word_1_156' title='bbox 342 971 460 1006; x_wconf 86' lang='lat' dir='ltr'><strong>quadam</strong></span> <span class='ocrx_word' id='word_1_157' title='bbox 475 972 583 1000; x_wconf 85' lang='lat' dir='ltr'><strong>ratione</strong></span> <span class='ocrx_word' id='word_1_158' title='bbox 600 971 775 1004; x_wconf 84' lang='lat' dir='ltr'><strong>monstravit.</strong></span> <span class='ocrx_word' id='word_1_159' title='bbox 795 979 858 999; x_wconf 91' lang='lat' dir='ltr'><strong>cum</strong></span> <span class='ocrx_word' id='word_1_160' title='bbox 876 971 912 998; x_wconf 87' lang='lat' dir='ltr'><strong>ita</strong></span> <span class='ocrx_word' id='word_1_161' title='bbox 930 971 1001 999; x_wconf 84' lang='lat' dir='ltr'><strong>scri-</strong></span> 
     </span>
    </p>
   </div>
   <div class='ocr_carea' id='block_1_23' title="bbox 209 1016 1002 1051">
    <p class='ocr_par' dir='ltr' id='par_1_23' title="bbox 209 1016 1002 1051">
     <span class='ocr_line' id='line_1_23' title="bbox 209 1016 1002 1051; baseline 0 -7"><span class='ocrx_word' id='word_1_162' title='bbox 209 1016 279 1051; x_wconf 90' lang='lat' dir='ltr'><strong>psit;</strong></span> <span class='ocrx_word' id='word_1_163' title='bbox 297 1016 350 1044; x_wconf 87' lang='lat' dir='ltr'><strong>Per</strong></span> <span class='ocrx_word' id='word_1_164' title='bbox 361 1025 437 1051; x_wconf 85' lang='lat' dir='ltr'><strong>quem</strong></span> <span class='ocrx_word' id='word_1_165' title='bbox 452 1017 542 1044; x_wconf 81' lang='lat' dir='ltr'><strong>omnia</strong></span> <span class='ocrx_word' id='word_1_166' title='bbox 552 1037 560 1048; x_wconf 88' lang='lat'><strong><em>.</em></strong></span> <span class='ocrx_word' id='word_1_167' title='bbox 575 1022 606 1045; x_wconf 92' lang='lat' dir='ltr'><strong>ut</strong></span> <span class='ocrx_word' id='word_1_168' title='bbox 620 1022 647 1046; x_wconf 93' lang='lat' dir='ltr'><strong>et</strong></span> <span class='ocrx_word' id='word_1_169' title='bbox 662 1017 770 1045; x_wconf 83' lang='lat' dir='ltr'><strong>Patrem</strong></span> <span class='ocrx_word' id='word_1_170' title='bbox 787 1025 858 1050; x_wconf 86' lang='lat' dir='ltr'><strong>esse,</strong></span> <span class='ocrx_word' id='word_1_171' title='bbox 873 1021 902 1044; x_wconf 93' lang='lat' dir='ltr'><strong>et</strong></span> <span class='ocrx_word' id='word_1_172' title='bbox 916 1017 950 1044; x_wconf 89' lang='lat' dir='ltr'><strong>ab</strong></span> <span class='ocrx_word' id='word_1_173' title='bbox 968 1025 1002 1045; x_wconf 90' lang='lat' dir='ltr'><strong>eo</strong></span> 
     </span>
    </p>
   </div>
   <div class='ocr_carea' id='block_1_24' title="bbox 210 1060 1000 1099">
    <p class='ocr_par' dir='ltr' id='par_1_24' title="bbox 210 1060 1000 1099">
     <span class='ocr_line' id='line_1_24' title="bbox 210 1060 1000 1099; baseline 0.003 -11"><span class='ocrx_word' id='word_1_174' title='bbox 210 1060 307 1089; x_wconf 82' lang='lat' dir='ltr'><strong>Filium</strong></span> <span class='ocrx_word' id='word_1_175' title='bbox 323 1063 493 1098; x_wconf 72' lang='lat' dir='ltr'><strong>unigenitum</strong></span> <span class='ocrx_word' id='word_1_176' title='bbox 512 1063 657 1091; x_wconf 89' lang='lat' dir='ltr'><strong>Dominum</strong></span> <span class='ocrx_word' id='word_1_177' title='bbox 673 1063 837 1099; x_wconf 89' lang='lat' dir='ltr'><strong>productum</strong></span> <span class='ocrx_word' id='word_1_178' title='bbox 851 1063 1000 1098; x_wconf 76' lang='lat' dir='ltr'><strong>intelligas.</strong></span> 
     </span>
    </p>
   </div>
   <div class='ocr_carea' id='block_1_25' title="bbox 207 1107 1002 1145">
    <p class='ocr_par' dir='ltr' id='par_1_25' title="bbox 207 1107 1002 1145">
     <span class='ocr_line' id='line_1_25' title="bbox 207 1107 1002 1145; baseline 0.001 -10"><span class='ocrx_word' id='word_1_179' title='bbox 207 1107 274 1141; x_wconf 72' lang='lat' dir='ltr'><strong>Quae</strong></span> <span class='ocrx_word' id='word_1_180' title='bbox 289 1116 352 1136; x_wconf 88' lang='lat' dir='ltr'><strong>cum</strong></span> <span class='ocrx_word' id='word_1_181' title='bbox 375 1110 524 1145; x_wconf 81' lang='lat' dir='ltr'><strong>Apostolus</strong></span> <span class='ocrx_word' id='word_1_182' title='bbox 537 1118 570 1138; x_wconf 80' lang='lat' dir='ltr'><strong>ex</strong></span> <span class='ocrx_word' id='word_1_183' title='bbox 591 1111 680 1138; x_wconf 89' lang='lat' dir='ltr'><strong>sancti</strong></span> <span class='ocrx_word' id='word_1_184' title='bbox 697 1109 817 1145; x_wconf 88' lang='lat' dir='ltr'><strong>Spiritus</strong></span> <span class='ocrx_word' id='word_1_185' title='bbox 834 1109 925 1137; x_wconf 82' lang='lat' dir='ltr'><strong>alliam</strong></span> <span class='ocrx_word' id='word_1_186' title='bbox 942 1117 1002 1144; x_wconf 90' lang='lat' dir='ltr'><strong>pro-</strong></span> 
     </span>
    </p>
   </div>
   <div class='ocr_carea' id='block_1_26' title="bbox 209 1154 1000 1190">
    <p class='ocr_par' dir='ltr' id='par_1_26' title="bbox 209 1154 1000 1190">
     <span class='ocr_line' id='line_1_26' title="bbox 209 1154 1000 1190; baseline 0.001 -8"><span class='ocrx_word' id='word_1_187' title='bbox 209 1154 365 1187; x_wconf 85' lang='lat' dir='ltr'><strong>nuntiaret,</strong></span> <span class='ocrx_word' id='word_1_188' title='bbox 399 1163 514 1184; x_wconf 83' lang='lat' dir='ltr'><strong>neeesse</strong></span> <span class='ocrx_word' id='word_1_189' title='bbox 543 1163 598 1183; x_wconf 91' lang='lat' dir='ltr'><strong>non</strong></span> <span class='ocrx_word' id='word_1_190' title='bbox 629 1156 725 1183; x_wconf 84' lang='lat' dir='ltr'><strong>habuit</strong></span> <span class='ocrx_word' id='word_1_191' title='bbox 757 1155 847 1184; x_wconf 86' lang='lat' dir='ltr'><strong>sancti</strong></span> <span class='ocrx_word' id='word_1_192' title='bbox 881 1154 1000 1190; x_wconf 87' lang='lat' dir='ltr'><strong>Spiritus</strong></span> 
     </span>
    </p>
   </div>
   <div class='ocr_carea' id='block_1_27' title="bbox 209 1198 1001 1237">
    <p class='ocr_par' dir='ltr' id='par_1_27' title="bbox 209 1198 1001 1237">
     <span class='ocr_line' id='line_1_27' title="bbox 209 1198 1001 1237; baseline 0 -9"><span class='ocrx_word' id='word_1_193' title='bbox 209 1198 374 1228; x_wconf 83' lang='lat' dir='ltr'><strong>mentionem</strong></span> <span class='ocrx_word' id='word_1_194' title='bbox 397 1201 488 1230; x_wconf 79' lang='lat' dir='ltr'><strong>facere</strong></span> <span class='ocrx_word' id='word_1_195' title='bbox 502 1210 508 1228; x_wconf 94' lang='lat'>:</span> <span class='ocrx_word' id='word_1_196' title='bbox 524 1202 598 1237; x_wconf 90' lang='lat' dir='ltr'><strong>quod</strong></span> <span class='ocrx_word' id='word_1_197' title='bbox 614 1209 670 1230; x_wconf 90' lang='lat' dir='ltr'><strong>non</strong></span> <span class='ocrx_word' id='word_1_198' title='bbox 688 1203 729 1230; x_wconf 88' lang='lat' dir='ltr'><strong>sic</strong></span> <span class='ocrx_word' id='word_1_199' title='bbox 743 1201 934 1237; x_wconf 87' lang='lat' dir='ltr'><strong>accipiendum</strong></span> <span class='ocrx_word' id='word_1_200' title='bbox 947 1205 1001 1234; x_wconf 86' lang='lat' dir='ltr'><strong>est,</strong></span> 
     </span>
    </p>
   </div>
   <div class='ocr_carea' id='block_1_28' title="bbox 207 1247 1000 1283">
    <p class='ocr_par' dir='ltr' id='par_1_28' title="bbox 207 1247 1000 1283">
     <span class='ocr_line' id='line_1_28' title="bbox 207 1247 1000 1283; baseline 0.003 -10"><span class='ocrx_word' id='word_1_201' title='bbox 207 1247 286 1282; x_wconf 86' lang='lat' dir='ltr'><strong>quasi</strong></span> <span class='ocrx_word' id='word_1_202' title='bbox 309 1247 433 1281; x_wconf 85' lang='lat' dir='ltr'><strong>ejusdem</strong></span> <span class='ocrx_word' id='word_1_203' title='bbox 457 1248 502 1276; x_wconf 86' lang='lat' dir='ltr'><strong>ille</strong></span> <span class='ocrx_word' id='word_1_204' title='bbox 521 1256 583 1276; x_wconf 89' lang='lat' dir='ltr'><strong>cum</strong></span> <span class='ocrx_word' id='word_1_205' title='bbox 601 1248 681 1276; x_wconf 80' lang='lat' dir='ltr'><strong>Patre</strong></span> <span class='ocrx_word' id='word_1_206' title='bbox 697 1247 822 1283; x_wconf 83' lang='lat' dir='ltr'><strong>Filioque</strong></span> <span class='ocrx_word' id='word_1_207' title='bbox 836 1248 929 1283; x_wconf 61' lang='lat' dir='ltr'><strong>gloria;</strong></span> <span class='ocrx_word' id='word_1_208' title='bbox 946 1256 1000 1275; x_wconf 93' lang='lat' dir='ltr'><strong>non</strong></span> 
     </span>
    </p>
   </div>
   <div class='ocr_carea' id='block_1_29' title="bbox 208 1293 1002 1329">
    <p class='ocr_par' dir='ltr' id='par_1_29' title="bbox 208 1293 1002 1329">
     <span class='ocr_line' id='line_1_29' title="bbox 208 1293 1002 1329; baseline 0.003 -10"><span class='ocrx_word' id='word_1_209' title='bbox 208 1293 244 1320; x_wconf 80' lang='lat' dir='ltr'><strong>sit</strong></span> <span class='ocrx_word' id='word_1_210' title='bbox 261 1293 409 1328; x_wconf 82' lang='lat' dir='ltr'><strong>particeps,</strong></span> <span class='ocrx_word' id='word_1_211' title='bbox 427 1299 474 1321; x_wconf 87' lang='lat' dir='ltr'><strong>aut</strong></span> <span class='ocrx_word' id='word_1_212' title='bbox 490 1294 563 1328; x_wconf 89' lang='lat' dir='ltr'><strong>quod</strong></span> <span class='ocrx_word' id='word_1_213' title='bbox 582 1295 609 1322; x_wconf 90' lang='lat' dir='ltr'><strong>in</strong></span> <span class='ocrx_word' id='word_1_214' title='bbox 626 1303 721 1322; x_wconf 89' lang='lat' dir='ltr'><strong>eorum</strong></span> <span class='ocrx_word' id='word_1_215' title='bbox 737 1295 861 1322; x_wconf 86' lang='lat' dir='ltr'><strong>ordinem</strong></span> <span class='ocrx_word' id='word_1_216' title='bbox 877 1294 1002 1329; x_wconf 85' lang='lat' dir='ltr'><strong>redigen-</strong></span> 
     </span>
    </p>
   </div>
   <div class='ocr_carea' id='block_1_30' title="bbox 208 1339 1001 1376">
    <p class='ocr_par' dir='ltr' id='par_1_30' title="bbox 208 1339 1001 1376">
     <span class='ocr_line' id='line_1_30' title="bbox 208 1339 1001 1376; baseline 0 -10"><span class='ocrx_word' id='word_1_217' title='bbox 208 1339 261 1367; x_wconf 87' lang='lat' dir='ltr'><strong>dus</strong></span> <span class='ocrx_word' id='word_1_218' title='bbox 281 1339 333 1372; x_wconf 77' lang='lat' dir='ltr'><strong>sit,</strong></span> <span class='ocrx_word' id='word_1_219' title='bbox 354 1348 415 1376; x_wconf 72' lang='lat' dir='ltr'><strong>qua:</strong></span> <span class='ocrx_word' id='word_1_220' title='bbox 438 1347 454 1366; x_wconf 87' lang='lat' dir='ltr'><strong>a</strong></span> <span class='ocrx_word' id='word_1_221' title='bbox 477 1339 545 1367; x_wconf 82' lang='lat' dir='ltr'><strong>Filio</strong></span> <span class='ocrx_word' id='word_1_222' title='bbox 568 1344 709 1375; x_wconf 77' lang='lat' dir='ltr'><strong>procreata</strong></span> <span class='ocrx_word' id='word_1_223' title='bbox 734 1341 875 1368; x_wconf 87' lang='lat' dir='ltr'><strong>dicuntur.</strong></span> <span class='ocrx_word' id='word_1_224' title='bbox 901 1339 1001 1367; x_wconf 87' lang='lat' dir='ltr'><strong>Verum</strong></span> 
     </span>
    </p>
   </div>
   <div class='ocr_carea' id='block_1_31' title="bbox 209 1384 1002 1422">
    <p class='ocr_par' dir='ltr' id='par_1_31' title="bbox 209 1384 1002 1422">
     <span class='ocr_line' id='line_1_31' title="bbox 209 1384 1002 1422; baseline 0.004 -11"><span class='ocrx_word' id='word_1_225' title='bbox 209 1384 277 1412; x_wconf 87' lang='lat' dir='ltr'><strong>satis</strong></span> <span class='ocrx_word' id='word_1_226' title='bbox 299 1384 365 1412; x_wconf 93' lang='lat' dir='ltr'><strong>illud</strong></span> <span class='ocrx_word' id='word_1_227' title='bbox 383 1389 462 1418; x_wconf 83' lang='lat' dir='ltr'><strong>erat,</strong></span> <span class='ocrx_word' id='word_1_228' title='bbox 477 1385 551 1420; x_wconf 82' lang='lat' dir='ltr'><strong>quod</strong></span> <span class='ocrx_word' id='word_1_229' title='bbox 570 1385 596 1413; x_wconf 90' lang='lat' dir='ltr'><strong>in</strong></span> <span class='ocrx_word' id='word_1_230' title='bbox 622 1385 778 1414; x_wconf 81' lang='lat' dir='ltr'><strong>ﬁrmissima</strong></span> <span class='ocrx_word' id='word_1_231' title='bbox 796 1386 841 1413; x_wconf 90' lang='lat' dir='ltr'><strong>illa</strong></span> <span class='ocrx_word' id='word_1_232' title='bbox 861 1385 921 1413; x_wconf 80' lang='lat' dir='ltr'><strong>tidei</strong></span> <span class='ocrx_word' id='word_1_233' title='bbox 940 1393 1002 1422; x_wconf 87' lang='lat' dir='ltr'><strong>pro-</strong></span> 
     </span>
    </p>
   </div>
   <div class='ocr_carea' id='block_1_32' title="bbox 210 1429 1003 1467">
    <p class='ocr_par' dir='ltr' id='par_1_32' title="bbox 210 1429 1003 1467">
     <span class='ocr_line' id='line_1_32' title="bbox 210 1429 1003 1467; baseline 0.005 -11"><span class='ocrx_word' id='word_1_234' title='bbox 210 1429 329 1457; x_wconf 77' lang='lat' dir='ltr'><strong>fessione</strong></span> <span class='ocrx_word' id='word_1_235' title='bbox 342 1438 405 1458; x_wconf 89' lang='lat' dir='ltr'><strong>cum</strong></span> <span class='ocrx_word' id='word_1_236' title='bbox 422 1430 504 1459; x_wconf 86' lang='lat' dir='ltr'><strong>Patre</strong></span> <span class='ocrx_word' id='word_1_237' title='bbox 526 1430 650 1467; x_wconf 83' lang='lat' dir='ltr'><strong>Filioque</strong></span> <span class='ocrx_word' id='word_1_238' title='bbox 664 1436 826 1460; x_wconf 80' lang='lat' dir='ltr'><strong>numeratus</strong></span> <span class='ocrx_word' id='word_1_239' title='bbox 842 1431 942 1464; x_wconf 76' lang='lat' dir='ltr'><strong>fuerit,</strong></span> <span class='ocrx_word' id='word_1_240' title='bbox 960 1431 1003 1460; x_wconf 83' lang='lat' dir='ltr'><strong>bis</strong></span> 
     </span>
    </p>
   </div>
   <div class='ocr_carea' id='block_1_33' title="bbox 209 1475 1003 1512">
    <p class='ocr_par' dir='ltr' id='par_1_33' title="bbox 209 1475 1003 1512">
     <span class='ocr_line' id='line_1_33' title="bbox 209 1475 1003 1512; baseline 0.006 -12"><span class='ocrx_word' id='word_1_241' title='bbox 209 1475 300 1503; x_wconf 86' lang='lat' dir='ltr'><strong>verbis</strong></span> <span class='ocrx_word' id='word_1_242' title='bbox 318 1484 325 1502; x_wconf 91' lang='lat'><strong>:</strong></span> <span class='ocrx_word' id='word_1_243' title='bbox 346 1475 445 1504; x_wconf 78' lang='lat' dir='ltr'><strong>Euntes</strong></span> <span class='ocrx_word' id='word_1_244' title='bbox 461 1476 595 1512; x_wconf 79' lang='lat' dir='ltr'><strong>baptizale</strong></span> <span class='ocrx_word' id='word_1_245' title='bbox 617 1478 645 1504; x_wconf 80' lang='lat' dir='ltr'><strong>in</strong></span> <span class='ocrx_word' id='word_1_246' title='bbox 660 1478 764 1505; x_wconf 79' lang='lat' dir='ltr'><strong>nomine</strong></span> <span class='ocrx_word' id='word_1_247' title='bbox 781 1477 890 1510; x_wconf 67' lang='lat' dir='ltr'><strong>Patria,</strong></span> <span class='ocrx_word' id='word_1_248' title='bbox 907 1484 932 1505; x_wconf 88' lang='lat' dir='ltr'><strong>et</strong></span> <span class='ocrx_word' id='word_1_249' title='bbox 954 1477 1003 1505; x_wconf 80' lang='lat' dir='ltr'><strong>Fi-</strong></span> 
     </span>
    </p>
   </div>
   <div class='ocr_carea' id='block_1_34' title="bbox 211 1521 1002 1559">
    <p class='ocr_par' dir='ltr' id='par_1_34' title="bbox 211 1521 1002 1559">
     <span class='ocr_line' id='line_1_34' title="bbox 211 1521 1002 1559; baseline 0.001 -10"><span class='ocrx_word' id='word_1_250' title='bbox 211 1521 259 1555; x_wconf 77' lang='lat' dir='ltr'><strong>lii,</strong></span> <span class='ocrx_word' id='word_1_251' title='bbox 280 1527 305 1549; x_wconf 87' lang='lat' dir='ltr'><strong>et</strong></span> <span class='ocrx_word' id='word_1_252' title='bbox 322 1521 439 1556; x_wconf 75' lang='lat' dir='ltr'><strong>Spiritus</strong></span> <span class='ocrx_word' id='word_1_253' title='bbox 464 1523 582 1550; x_wconf 76' lang='lat' dir='ltr'><strong>sancti&#39;.</strong></span> <span class='ocrx_word' id='word_1_254' title='bbox 598 1523 667 1551; x_wconf 90' lang='lat' dir='ltr'><strong>Cum</strong></span> <span class='ocrx_word' id='word_1_255' title='bbox 684 1524 768 1559; x_wconf 83' lang='lat' dir='ltr'><strong>igitur</strong></span> <span class='ocrx_word' id='word_1_256' title='bbox 781 1523 943 1558; x_wconf 85' lang='lat' dir='ltr'><strong>Apostolus,</strong></span> <span class='ocrx_word' id='word_1_257' title='bbox 960 1523 1002 1551; x_wconf 88' lang='lat' dir='ltr'><strong>vel</strong></span> 
     </span>
    </p>
   </div>
   <div class='ocr_carea' id='block_1_35' title="bbox 211 1567 1003 1605">
    <p class='ocr_par' dir='ltr' id='par_1_35' title="bbox 211 1567 1003 1605">
     <span class='ocr_line' id='line_1_35' title="bbox 211 1567 1003 1605; baseline 0.003 -11"><span class='ocrx_word' id='word_1_258' title='bbox 211 1568 301 1603; x_wconf 83' lang='lat' dir='ltr'><strong>potius</strong></span> <span class='ocrx_word' id='word_1_259' title='bbox 319 1567 437 1603; x_wconf 87' lang='lat' dir='ltr'><strong>Spiritus</strong></span> <span class='ocrx_word' id='word_1_260' title='bbox 452 1573 564 1597; x_wconf 86' lang='lat' dir='ltr'><strong>sanctus</strong></span> <span class='ocrx_word' id='word_1_261' title='bbox 582 1577 630 1605; x_wconf 90' lang='lat' dir='ltr'><strong>per</strong></span> <span class='ocrx_word' id='word_1_262' title='bbox 651 1570 811 1605; x_wconf 83' lang='lat' dir='ltr'><strong>Apostolum</strong></span> <span class='ocrx_word' id='word_1_263' title='bbox 834 1569 1003 1605; x_wconf 84' lang='lat' dir='ltr'><strong>loqueretur,</strong></span> 
     </span>
    </p>
   </div>
   <div class='ocr_carea' id='block_1_36' title="bbox 211 1612 1004 1649">
    <p class='ocr_par' dir='ltr' id='par_1_36' title="bbox 211 1612 1004 1649">
     <span class='ocr_line' id='line_1_36' title="bbox 211 1612 1004 1649; baseline 0.003 -10"><span class='ocrx_word' id='word_1_264' title='bbox 211 1612 279 1639; x_wconf 85' lang='lat' dir='ltr'><strong>nihil</strong></span> <span class='ocrx_word' id='word_1_265' title='bbox 294 1617 337 1640; x_wconf 88' lang='lat' dir='ltr'><strong>est</strong></span> <span class='ocrx_word' id='word_1_266' title='bbox 353 1613 388 1640; x_wconf 92' lang='lat' dir='ltr'><strong>de</strong></span> <span class='ocrx_word' id='word_1_267' title='bbox 413 1613 474 1648; x_wconf 92' lang='lat' dir='ltr'><strong>ipso</strong></span> <span class='ocrx_word' id='word_1_268' title='bbox 499 1614 645 1648; x_wconf 85' lang='lat' dir='ltr'><strong>perspicue</strong></span> <span class='ocrx_word' id='word_1_269' title='bbox 661 1613 839 1642; x_wconf 82' lang='lat' dir='ltr'><strong>declaratum.</strong></span> <span class='ocrx_word' id='word_1_270' title='bbox 863 1613 1004 1649; x_wconf 88' lang='lat' dir='ltr'><strong>Siquidem</strong></span> 
     </span>
    </p>
   </div>
   <div class='ocr_carea' id='block_1_37' title="bbox 212 1658 1004 1695">
    <p class='ocr_par' dir='ltr' id='par_1_37' title="bbox 212 1658 1004 1695">
     <span class='ocr_line' id='line_1_37' title="bbox 212 1658 1004 1695; baseline 0.004 -10"><span class='ocrx_word' id='word_1_271' title='bbox 212 1659 284 1686; x_wconf 78' lang='lat' dir='ltr'><strong>haud</strong></span> <span class='ocrx_word' id='word_1_272' title='bbox 297 1658 414 1686; x_wconf 86' lang='lat' dir='ltr'><strong>obscura</strong></span> <span class='ocrx_word' id='word_1_273' title='bbox 428 1659 502 1687; x_wconf 84' lang='lat' dir='ltr'><strong>illius</strong></span> <span class='ocrx_word' id='word_1_274' title='bbox 518 1664 578 1687; x_wconf 85' lang='lat' dir='ltr'><strong>erat</strong></span> <span class='ocrx_word' id='word_1_275' title='bbox 593 1659 730 1695; x_wconf 82' lang='lat' dir='ltr'><strong>cognitio.</strong></span> <span class='ocrx_word' id='word_1_276' title='bbox 748 1667 799 1687; x_wconf 88' lang='lat' dir='ltr'><strong>nec</strong></span> <span class='ocrx_word' id='word_1_277' title='bbox 821 1659 855 1688; x_wconf 93' lang='lat' dir='ltr'><strong>de</strong></span> <span class='ocrx_word' id='word_1_278' title='bbox 871 1668 902 1688; x_wconf 90' lang='lat' dir='ltr'><strong>ea</strong></span> <span class='ocrx_word' id='word_1_279' title='bbox 916 1659 1004 1688; x_wconf 69' lang='lat' dir='ltr'><strong>Judaei</strong></span> 
     </span>
    </p>
   </div>
   <div class='ocr_carea' id='block_1_38' title="bbox 210 1705 1005 1741">
    <p class='ocr_par' dir='ltr' id='par_1_38' title="bbox 210 1705 1005 1741">
     <span class='ocr_line' id='line_1_38' title="bbox 210 1705 1005 1741; baseline 0.004 -10"><span class='ocrx_word' id='word_1_280' title='bbox 210 1705 383 1734; x_wconf 84' lang='lat' dir='ltr'><strong>dubitabant.</strong></span> <span class='ocrx_word' id='word_1_281' title='bbox 398 1705 489 1739; x_wconf 85' lang='lat' dir='ltr'><strong>Quare</strong></span> <span class='ocrx_word' id='word_1_282' title='bbox 500 1705 527 1733; x_wconf 93' lang='lat' dir='ltr'><strong>in</strong></span> <span class='ocrx_word' id='word_1_283' title='bbox 543 1705 617 1733; x_wconf 81' lang='lat' dir='ltr'><strong>aliud</strong></span> <span class='ocrx_word' id='word_1_284' title='bbox 633 1712 740 1741; x_wconf 90' lang='lat' dir='ltr'><strong>tempus</strong></span> <span class='ocrx_word' id='word_1_285' title='bbox 756 1707 959 1739; x_wconf 87' lang='lat' dir='ltr'><strong>reservabatur,</strong></span> <span class='ocrx_word' id='word_1_286' title='bbox 970 1715 1005 1734; x_wconf 90' lang='lat' dir='ltr'><strong>ne</strong></span> 
     </span>
    </p>
   </div>
   <div class='ocr_carea' id='block_1_39' title="bbox 213 1750 1002 1787">
    <p class='ocr_par' dir='ltr' id='par_1_39' title="bbox 213 1750 1002 1787">
     <span class='ocr_line' id='line_1_39' title="bbox 213 1750 1002 1787; baseline 0.001 -9"><span class='ocrx_word' id='word_1_287' title='bbox 213 1750 334 1786; x_wconf 87' lang='lat' dir='ltr'><strong>Spiritus</strong></span> <span class='ocrx_word' id='word_1_288' title='bbox 346 1757 460 1780; x_wconf 88' lang='lat' dir='ltr'><strong>sanctus</strong></span> <span class='ocrx_word' id='word_1_289' title='bbox 473 1759 523 1779; x_wconf 91' lang='lat' dir='ltr'><strong>sua</strong></span> <span class='ocrx_word' id='word_1_290' title='bbox 533 1759 562 1780; x_wconf 89' lang='lat' dir='ltr'><strong>se</strong></span> <span class='ocrx_word' id='word_1_291' title='bbox 578 1752 772 1787; x_wconf 66' lang='lat' dir='ltr'><strong>praedicatione</strong></span> <span class='ocrx_word' id='word_1_292' title='bbox 787 1753 1002 1781; x_wconf 80' lang='lat' dir='ltr'><strong>commendaret.</strong></span> 
     </span>
    </p>
   </div>
   <div class='ocr_carea' id='block_1_40' title="bbox 212 1797 1005 1834">
    <p class='ocr_par' dir='ltr' id='par_1_40' title="bbox 212 1797 1005 1834">
     <span class='ocr_line' id='line_1_40' title="bbox 212 1797 1005 1834; baseline 0 -10"><span class='ocrx_word' id='word_1_293' title='bbox 212 1797 318 1832; x_wconf 84' lang='lat' dir='ltr'><strong>Quippe</strong></span> <span class='ocrx_word' id='word_1_294' title='bbox 334 1797 482 1833; x_wconf 82' lang='lat' dir='ltr'><strong>Apostolus</strong></span> <span class='ocrx_word' id='word_1_295' title='bbox 498 1801 594 1825; x_wconf 81' lang='lat' dir='ltr'><strong>sancto</strong></span> <span class='ocrx_word' id='word_1_296' title='bbox 611 1797 716 1834; x_wconf 83' lang='lat' dir='ltr'><strong>Spiritu</strong></span> <span class='ocrx_word' id='word_1_297' title='bbox 733 1798 878 1834; x_wconf 87' lang='lat' dir='ltr'><strong>impulsus.</strong></span> <span class='ocrx_word' id='word_1_298' title='bbox 905 1798 943 1825; x_wconf 93' lang='lat' dir='ltr'><strong>uti</strong></span> <span class='ocrx_word' id='word_1_299' title='bbox 961 1797 1005 1825; x_wconf 91' lang='lat' dir='ltr'><strong>di-</strong></span> 
     </span>
    </p>
   </div>
   <div class='ocr_carea' id='block_1_41' title="bbox 213 1842 1006 1878">
    <p class='ocr_par' dir='ltr' id='par_1_41' title="bbox 213 1842 1006 1878">
     <span class='ocr_line' id='line_1_41' title="bbox 213 1842 1006 1878; baseline 0.004 -9"><span class='ocrx_word' id='word_1_300' title='bbox 213 1842 315 1874; x_wconf 78' lang='lat' dir='ltr'><strong>ximus,</strong></span> <span class='ocrx_word' id='word_1_301' title='bbox 332 1843 364 1870; x_wconf 90' lang='lat' dir='ltr'><strong>de</strong></span> <span class='ocrx_word' id='word_1_302' title='bbox 378 1842 459 1870; x_wconf 86' lang='lat' dir='ltr'><strong>Patre</strong></span> <span class='ocrx_word' id='word_1_303' title='bbox 474 1842 598 1878; x_wconf 84' lang='lat' dir='ltr'><strong>Filioque</strong></span> <span class='ocrx_word' id='word_1_304' title='bbox 612 1843 722 1872; x_wconf 87' lang='lat' dir='ltr'><strong>loeutus</strong></span> <span class='ocrx_word' id='word_1_305' title='bbox 742 1848 793 1877; x_wconf 86' lang='lat' dir='ltr'><strong>est,</strong></span> <span class='ocrx_word' id='word_1_306' title='bbox 811 1849 841 1871; x_wconf 94' lang='lat' dir='ltr'><strong>ut</strong></span> <span class='ocrx_word' id='word_1_307' title='bbox 860 1852 892 1872; x_wconf 81' lang='lat' dir='ltr'><strong>ex</strong></span> <span class='ocrx_word' id='word_1_308' title='bbox 911 1852 944 1872; x_wconf 86' lang='lat' dir='ltr'><strong>eo</strong></span> <span class='ocrx_word' id='word_1_309' title='bbox 961 1852 1006 1872; x_wconf 84' lang='lat' dir='ltr'><strong>sa-</strong></span> 
     </span>
    </p>
   </div>
   <div class='ocr_carea' id='block_1_42' title="bbox 212 1888 1006 1926">
    <p class='ocr_par' dir='ltr' id='par_1_42' title="bbox 212 1888 1006 1926">
     <span class='ocr_line' id='line_1_42' title="bbox 212 1888 1006 1926; baseline 0.003 -10"><span class='ocrx_word' id='word_1_310' title='bbox 212 1893 359 1916; x_wconf 85' lang='lat' dir='ltr'><strong>crosancta</strong></span> <span class='ocrx_word' id='word_1_311' title='bbox 373 1888 495 1917; x_wconf 85' lang='lat' dir='ltr'><strong>Trinitas</strong></span> <span class='ocrx_word' id='word_1_312' title='bbox 513 1889 694 1922; x_wconf 82' lang='lat' dir='ltr'><strong>indicaretur,</strong></span> <span class='ocrx_word' id='word_1_313' title='bbox 715 1898 777 1925; x_wconf 69' lang='lat' dir='ltr'><strong>qua:</strong></span> <span class='ocrx_word' id='word_1_314' title='bbox 791 1894 818 1918; x_wconf 86' lang='lat' dir='ltr'><strong>et</strong></span> <span class='ocrx_word' id='word_1_315' title='bbox 833 1898 942 1926; x_wconf 81' lang='lat' dir='ltr'><strong>semper</strong></span> <span class='ocrx_word' id='word_1_316' title='bbox 956 1899 1006 1918; x_wconf 79' lang='lat' dir='ltr'><strong>ex-</strong></span> 
     </span>
    </p>
   </div>
   <div class='ocr_carea' id='block_1_43' title="bbox 214 1935 1007 1972">
    <p class='ocr_par' dir='ltr' id='par_1_43' title="bbox 214 1935 1007 1972">
     <span class='ocr_line' id='line_1_43' title="bbox 214 1935 1007 1972; baseline 0.004 -11"><span class='ocrx_word' id='word_1_317' title='bbox 214 1935 308 1967; x_wconf 83' lang='lat' dir='ltr'><strong>sistit,</strong></span> <span class='ocrx_word' id='word_1_318' title='bbox 323 1941 375 1962; x_wconf 88' lang='lat' dir='ltr'><strong>nec</strong></span> <span class='ocrx_word' id='word_1_319' title='bbox 397 1942 518 1970; x_wconf 85' lang='lat' dir='ltr'><strong>unquam</strong></span> <span class='ocrx_word' id='word_1_320' title='bbox 534 1937 668 1964; x_wconf 82' lang='lat' dir='ltr'><strong>exsistere</strong></span> <span class='ocrx_word' id='word_1_321' title='bbox 687 1935 800 1964; x_wconf 89' lang='lat' dir='ltr'><strong>desinit.</strong></span> <span class='ocrx_word' id='word_1_322' title='bbox 825 1935 919 1972; x_wconf 82' lang='lat' dir='ltr'><strong>Neque</strong></span> <span class='ocrx_word' id='word_1_323' title='bbox 943 1944 1007 1964; x_wconf 90' lang='lat' dir='ltr'><strong>vero</strong></span> 
     </span>
    </p>
   </div>
   <div class='ocr_carea' id='block_1_44' title="bbox 215 1980 1007 2018">
    <p class='ocr_par' dir='ltr' id='par_1_44' title="bbox 215 1980 1007 2018">
     <span class='ocr_line' id='line_1_44' title="bbox 215 1980 1007 2018; baseline 0.004 -11"><span class='ocrx_word' id='word_1_324' title='bbox 215 1981 307 2008; x_wconf 87' lang='lat' dir='ltr'><strong>mirari</strong></span> <span class='ocrx_word' id='word_1_325' title='bbox 323 1980 417 2013; x_wconf 82' lang='lat' dir='ltr'><strong>debes,</strong></span> <span class='ocrx_word' id='word_1_326' title='bbox 440 1988 501 2008; x_wconf 88' lang='lat' dir='ltr'><strong>cum</strong></span> <span class='ocrx_word' id='word_1_327' title='bbox 517 1982 582 2009; x_wconf 90' lang='lat' dir='ltr'><strong>illud</strong></span> <span class='ocrx_word' id='word_1_328' title='bbox 598 1982 678 2010; x_wconf 84' lang='lat' dir='ltr'><strong>audis</strong></span> <span class='ocrx_word' id='word_1_329' title='bbox 695 1992 702 2010; x_wconf 88' lang='lat'><strong>:</strong></span> <span class='ocrx_word' id='word_1_330' title='bbox 723 1982 796 2010; x_wconf 70' lang='lat' dir='ltr'><strong>Unus</strong></span> <span class='ocrx_word' id='word_1_331' title='bbox 816 1983 896 2014; x_wconf 70' lang='lat' dir='ltr'><strong>Deus,</strong></span> <span class='ocrx_word' id='word_1_332' title='bbox 910 1991 943 2010; x_wconf 74' lang='lat' dir='ltr'><strong>ea:</strong></span> <span class='ocrx_word' id='word_1_333' title='bbox 956 1992 1007 2018; x_wconf 84' lang='lat' dir='ltr'><strong>quo</strong></span> 
     </span>
    </p>
   </div>
   <div class='ocr_carea' id='block_1_45' title="bbox 215 2027 1006 2064">
    <p class='ocr_par' dir='ltr' id='par_1_45' title="bbox 215 2027 1006 2064">
     <span class='ocr_line' id='line_1_45' title="bbox 215 2027 1006 2064; baseline 0.004 -11"><span class='ocrx_word' id='word_1_334' title='bbox 215 2027 315 2059; x_wconf 79' lang='lat' dir='ltr'><strong>omnia,</strong></span> <span class='ocrx_word' id='word_1_335' title='bbox 326 2032 350 2054; x_wconf 85' lang='lat' dir='ltr'><strong>et</strong></span> <span class='ocrx_word' id='word_1_336' title='bbox 366 2035 433 2055; x_wconf 77' lang='lat' dir='ltr'><strong>unus</strong></span> <span class='ocrx_word' id='word_1_337' title='bbox 448 2027 590 2059; x_wconf 77' lang='lat' dir='ltr'><strong>Dominus.</strong></span> <span class='ocrx_word' id='word_1_338' title='bbox 601 2036 647 2063; x_wconf 83' lang='lat' dir='ltr'><strong>per</strong></span> <span class='ocrx_word' id='word_1_339' title='bbox 657 2037 734 2064; x_wconf 85' lang='lat' dir='ltr'><strong>quem</strong></span> <span class='ocrx_word' id='word_1_340' title='bbox 745 2029 922 2057; x_wconf 84' lang='lat' dir='ltr'><strong>omnia.Cum</strong></span> <span class='ocrx_word' id='word_1_341' title='bbox 934 2030 1006 2057; x_wconf 87' lang='lat' dir='ltr'><strong>enim</strong></span> 
     </span>
    </p>
   </div>
   <div class='ocr_carea' id='block_1_46' title="bbox 215 2072 1006 2109">
    <p class='ocr_par' dir='ltr' id='par_1_46' title="bbox 215 2072 1006 2109">
     <span class='ocr_line' id='line_1_46' title="bbox 215 2072 1006 2109; baseline 0.004 -9"><span class='ocrx_word' id='word_1_342' title='bbox 215 2072 313 2100; x_wconf 84' lang='lat' dir='ltr'><strong>Filium</strong></span> <span class='ocrx_word' id='word_1_343' title='bbox 330 2072 475 2101; x_wconf 88' lang='lat' dir='ltr'><strong>Dominum</strong></span> <span class='ocrx_word' id='word_1_344' title='bbox 493 2074 621 2109; x_wconf 82' lang='lat' dir='ltr'><strong>appellat,</strong></span> <span class='ocrx_word' id='word_1_345' title='bbox 638 2082 692 2102; x_wconf 89' lang='lat' dir='ltr'><strong>non</strong></span> <span class='ocrx_word' id='word_1_346' title='bbox 704 2075 832 2103; x_wconf 83' lang='lat' dir='ltr'><strong>eumdem</strong></span> <span class='ocrx_word' id='word_1_347' title='bbox 849 2083 902 2102; x_wconf 91' lang='lat' dir='ltr'><strong>una</strong></span> <span class='ocrx_word' id='word_1_348' title='bbox 924 2075 1006 2103; x_wconf 89' lang='lat' dir='ltr'><strong>Deum</strong></span> 
     </span>
    </p>
   </div>
   <div class='ocr_carea' id='block_1_47' title="bbox 214 2119 1007 2156">
    <p class='ocr_par' dir='ltr' id='par_1_47' title="bbox 214 2119 1007 2156">
     <span class='ocr_line' id='line_1_47' title="bbox 214 2119 1007 2156; baseline 0.004 -11"><span class='ocrx_word' id='word_1_349' title='bbox 214 2126 276 2146; x_wconf 73' lang='lat' dir='ltr'><strong>eSse</strong></span> <span class='ocrx_word' id='word_1_350' title='bbox 291 2119 398 2154; x_wconf 76' lang='lat' dir='ltr'><strong>negavit</strong></span> <span class='ocrx_word' id='word_1_351' title='bbox 411 2120 578 2154; x_wconf 82' lang='lat' dir='ltr'><strong>Apostolus;</strong></span> <span class='ocrx_word' id='word_1_352' title='bbox 596 2120 722 2148; x_wconf 86' lang='lat' dir='ltr'><strong>similiter</strong></span> <span class='ocrx_word' id='word_1_353' title='bbox 739 2120 811 2156; x_wconf 88' lang='lat' dir='ltr'><strong>quod</strong></span> <span class='ocrx_word' id='word_1_354' title='bbox 827 2121 896 2149; x_wconf 82' lang='lat' dir='ltr'><strong>dixit</strong></span> <span class='ocrx_word' id='word_1_355' title='bbox 911 2130 917 2148; x_wconf 89' lang='lat'><strong>:</strong></span> <span class='ocrx_word' id='word_1_356' title='bbox 934 2121 1007 2149; x_wconf 76' lang='lat' dir='ltr'><strong>Unus</strong></span> 
     </span>
    </p>
   </div>
   <div class='ocr_carea' id='block_1_48' title="bbox 215 2165 1008 2201">
    <p class='ocr_par' dir='ltr' id='par_1_48' title="bbox 215 2165 1008 2201">
     <span class='ocr_line' id='line_1_48' title="bbox 215 2165 1008 2201; baseline 0.004 -9"><span class='ocrx_word' id='word_1_357' title='bbox 215 2165 286 2192; x_wconf 72' lang='lat' dir='ltr'><strong>Deus</strong></span> <span class='ocrx_word' id='word_1_358' title='bbox 305 2173 351 2199; x_wconf 85' lang='lat' dir='ltr'><strong>per</strong></span> <span class='ocrx_word' id='word_1_359' title='bbox 365 2174 441 2201; x_wconf 89' lang='lat' dir='ltr'><strong>quem</strong></span> <span class='ocrx_word' id='word_1_360' title='bbox 461 2166 567 2199; x_wconf 78' lang='lat' dir='ltr'><strong>omnia,</strong></span> <span class='ocrx_word' id='word_1_361' title='bbox 588 2166 715 2194; x_wconf 86' lang='lat' dir='ltr'><strong>eumdem</strong></span> <span class='ocrx_word' id='word_1_362' title='bbox 746 2166 830 2195; x_wconf 86' lang='lat' dir='ltr'><strong>Deum</strong></span> <span class='ocrx_word' id='word_1_363' title='bbox 857 2175 890 2195; x_wconf 82' lang='lat' dir='ltr'><strong>ac</strong></span> <span class='ocrx_word' id='word_1_364' title='bbox 914 2168 1008 2196; x_wconf 90' lang='lat' dir='ltr'><strong>Domi-</strong></span> 
     </span>
    </p>
   </div>
   <div class='ocr_carea' id='block_1_49' title="bbox 1047 236 1839 272">
    <p class='ocr_par' dir='ltr' id='par_1_49' title="bbox 1047 236 1839 272">
     <span class='ocr_line' id='line_1_49' title="bbox 1047 236 1839 272; baseline 0 -9"><span class='ocrx_word' id='word_1_365' title='bbox 1047 236 1131 271; x_wconf 74' lang='grc' dir='ltr'>ἡμεῖς</span> <span class='ocrx_word' id='word_1_366' title='bbox 1141 236 1179 263; x_wconf 77' lang='grc' dir='ltr'><strong>δι’</strong></span> <span class='ocrx_word' id='word_1_367' title='bbox 1195 237 1298 264; x_wconf 81' lang='grc' dir='ltr'>αὑτοῦ.</span> <span class='ocrx_word' id='word_1_368' title='bbox 1314 237 1368 263; x_wconf 77' lang='lat' dir='ltr'><strong>Kal</strong></span> <span class='ocrx_word' id='word_1_369' title='bbox 1378 237 1444 272; x_wconf 77' lang='grc' dir='ltr'>ὁρᾷς</span> <span class='ocrx_word' id='word_1_370' title='bbox 1456 237 1515 272; x_wconf 80' lang='grc' dir='ltr'><strong>μὲν,</strong></span> <span class='ocrx_word' id='word_1_371' title='bbox 1529 237 1588 269; x_wconf 82' lang='grc' dir='ltr'><strong>πῶς</strong></span> <span class='ocrx_word' id='word_1_372' title='bbox 1600 237 1700 269; x_wconf 71' lang='grc' dir='ltr'>ἔδειξεν</span> <span class='ocrx_word' id='word_1_373' title='bbox 1710 237 1760 263; x_wconf 72' lang='grc' dir='ltr'>ἕνα</span> <span class='ocrx_word' id='word_1_374' title='bbox 1773 237 1839 263; x_wconf 69' lang='grc' dir='ltr'>Θεὸν</span> 
     </span>
    </p>
   </div>
   <div class='ocr_carea' id='block_1_50' title="bbox 1046 282 1836 319">
    <p class='ocr_par' dir='ltr' id='par_1_50' title="bbox 1046 282 1836 319">
     <span class='ocr_line' id='line_1_50' title="bbox 1046 282 1836 319; baseline -0.003 -9"><span class='ocrx_word' id='word_1_375' title='bbox 1046 282 1092 310; x_wconf 73' lang='grc' dir='ltr'><strong>τὸν</strong></span> <span class='ocrx_word' id='word_1_376' title='bbox 1103 283 1222 318; x_wconf 75' lang='grc' dir='ltr'>Πατέρα,</span> <span class='ocrx_word' id='word_1_377' title='bbox 1229 282 1277 310; x_wconf 72' lang='grc' dir='ltr'>ἕνα</span> <span class='ocrx_word' id='word_1_378' title='bbox 1286 283 1314 310; x_wconf 84' lang='grc' dir='ltr'><strong>δὲ</strong></span> <span class='ocrx_word' id='word_1_379' title='bbox 1324 283 1425 319; x_wconf 76' lang='grc' dir='ltr'>Κύριον</span> <span class='ocrx_word' id='word_1_380' title='bbox 1435 283 1478 309; x_wconf 79' lang='grc' dir='ltr'><strong>τὸν</strong></span> <span class='ocrx_word' id='word_1_381' title='bbox 1486 283 1517 315; x_wconf 72' lang='grc' dir='ltr'><strong>ἐξ</strong></span> <span class='ocrx_word' id='word_1_382' title='bbox 1527 282 1608 310; x_wconf 80' lang='grc' dir='ltr'>αὑτοῦ</span> <span class='ocrx_word' id='word_1_383' title='bbox 1620 282 1836 317; x_wconf 79' lang='grc' dir='ltr'>·(εγεννημένον;</span> 
     </span>
    </p>
   </div>
   <div class='ocr_carea' id='block_1_51' title="bbox 1047 324 1840 362">
    <p class='ocr_par' dir='ltr' id='par_1_51' title="bbox 1047 324 1840 362">
     <span class='ocr_line' id='line_1_51' title="bbox 1047 324 1840 362; baseline -0.001 -8"><span class='ocrx_word' id='word_1_384' title='bbox 1047 328 1102 354; x_wconf 80' lang='lat' dir='ltr'><strong>Kal</strong></span> <span class='ocrx_word' id='word_1_385' title='bbox 1111 327 1162 354; x_wconf 76' lang='grc' dir='ltr'><strong>οὐκ</strong></span> <span class='ocrx_word' id='word_1_386' title='bbox 1172 326 1249 354; x_wconf 82' lang='grc' dir='ltr'>εἶπεν</span> <span class='ocrx_word' id='word_1_387' title='bbox 1259 335 1266 342; x_wconf 91' lang='grc'><strong>·</strong></span> <span class='ocrx_word' id='word_1_388' title='bbox 1279 325 1326 359; x_wconf 78' lang='grc' dir='ltr'>Εἷς</span> <span class='ocrx_word' id='word_1_389' title='bbox 1337 327 1413 359; x_wconf 77' lang='grc' dir='ltr'>Θεὸς,</span> <span class='ocrx_word' id='word_1_390' title='bbox 1426 328 1471 354; x_wconf 80' lang='grc' dir='ltr'><strong>καὶ</strong></span> <span class='ocrx_word' id='word_1_391' title='bbox 1486 324 1526 359; x_wconf 73' lang='grc' dir='ltr'>εἷς</span> <span class='ocrx_word' id='word_1_392' title='bbox 1537 327 1639 362; x_wconf 82' lang='grc' dir='ltr'>Κύριος</span> <span class='ocrx_word' id='word_1_393' title='bbox 1646 328 1695 354; x_wconf 75' lang='grc' dir='ltr'><strong>σὺν</strong></span> <span class='ocrx_word' id='word_1_394' title='bbox 1707 328 1775 353; x_wconf 76' lang='grc' dir='ltr'>πᾶσι</span> <span class='ocrx_word' id='word_1_395' title='bbox 1784 328 1840 357; x_wconf 74' lang='grc' dir='ltr'>τοῖς</span> 
     </span>
    </p>
   </div>
   <div class='ocr_carea' id='block_1_52' title="bbox 1047 371 1839 408">
    <p class='ocr_par' dir='ltr' id='par_1_52' title="bbox 1047 371 1839 408">
     <span class='ocr_line' id='line_1_52' title="bbox 1047 371 1839 408; baseline -0.003 -8"><span class='ocrx_word' id='word_1_396' title='bbox 1047 374 1078 407; x_wconf 68' lang='grc' dir='ltr'><strong>ἐξ</strong></span> <span class='ocrx_word' id='word_1_397' title='bbox 1086 373 1168 400; x_wconf 87' lang='grc' dir='ltr'>αὐτοῦ</span> <span class='ocrx_word' id='word_1_398' title='bbox 1177 374 1316 408; x_wconf 82' lang='grc' dir='ltr'><strong>γεγονόσιν</strong></span> <span class='ocrx_word' id='word_1_399' title='bbox 1325 380 1331 388; x_wconf 84' lang='grc'><strong><em>⁸</em></strong></span> <span class='ocrx_word' id='word_1_400' title='bbox 1338 371 1456 406; x_wconf 77' lang='grc' dir='ltr'>ἀλλ’,εῖς</span> <span class='ocrx_word' id='word_1_401' title='bbox 1463 375 1579 406; x_wconf 81' lang='grc' dir='ltr'>Κύριος,</span> <span class='ocrx_word' id='word_1_402' title='bbox 1588 373 1625 400; x_wconf 79' lang='grc' dir='ltr'>δι’</span> <span class='ocrx_word' id='word_1_403' title='bbox 1634 371 1670 400; x_wconf 83' lang='grc' dir='ltr'>οὗ</span> <span class='ocrx_word' id='word_1_404' title='bbox 1682 373 1718 399; x_wconf 84' lang='grc' dir='ltr'>τὰ</span> <span class='ocrx_word' id='word_1_405' title='bbox 1730 371 1839 399; x_wconf 73' lang='grc' dir='ltr'>πάντα.</span> 
     </span>
    </p>
   </div>
   <div class='ocr_carea' id='block_1_53' title="bbox 1048 415 1841 455">
    <p class='ocr_par' dir='ltr' id='par_1_53' title="bbox 1048 415 1841 455">
     <span class='ocr_line' id='line_1_53' title="bbox 1048 415 1841 455; baseline -0.004 -8"><span class='ocrx_word' id='word_1_406' title='bbox 1048 420 1080 447; x_wconf 72' lang='grc' dir='ltr'><strong>ΕΞ</strong></span> <span class='ocrx_word' id='word_1_407' title='bbox 1091 420 1120 447; x_wconf 73' lang='grc' dir='ltr'><strong>δὲ</strong></span> <span class='ocrx_word' id='word_1_408' title='bbox 1135 417 1175 452; x_wconf 82' lang='grc' dir='ltr'>εἷς</span> <span class='ocrx_word' id='word_1_409' title='bbox 1186 419 1297 455; x_wconf 83' lang='grc' dir='ltr'>Κύριος,</span> <span class='ocrx_word' id='word_1_410' title='bbox 1307 419 1342 446; x_wconf 84' lang='grc' dir='ltr'><strong>δι’</strong></span> <span class='ocrx_word' id='word_1_411' title='bbox 1354 416 1385 446; x_wconf 78' lang='grc' dir='ltr'>οὗ</span> <span class='ocrx_word' id='word_1_412' title='bbox 1402 419 1436 446; x_wconf 84' lang='grc' dir='ltr'><strong>τὰ</strong></span> <span class='ocrx_word' id='word_1_413' title='bbox 1454 419 1543 446; x_wconf 83' lang='grc' dir='ltr'>πάντα</span> <span class='ocrx_word' id='word_1_414' title='bbox 1553 419 1638 452; x_wconf 67' lang='grc' dir='ltr'>ἐστὶν,</span> <span class='ocrx_word' id='word_1_415' title='bbox 1650 419 1700 446; x_wconf 69' lang='grc' dir='ltr'><strong>οὐχ</strong></span> <span class='ocrx_word' id='word_1_416' title='bbox 1715 418 1790 445; x_wconf 75' lang='grc' dir='ltr'>ἔστιν</span> <span class='ocrx_word' id='word_1_417' title='bbox 1800 415 1841 450; x_wconf 75' lang='grc' dir='ltr'>εἷς</span> 
     </span>
    </p>
   </div>
   <div class='ocr_carea' id='block_1_54' title="bbox 1048 465 1841 500">
    <p class='ocr_par' dir='ltr' id='par_1_54' title="bbox 1048 465 1841 500">
     <span class='ocr_line' id='line_1_54' title="bbox 1048 465 1841 500; baseline -0.001 -8"><span class='ocrx_word' id='word_1_418' title='bbox 1048 465 1081 492; x_wconf 78' lang='grc' dir='ltr'><strong>ὲκ</strong></span> <span class='ocrx_word' id='word_1_419' title='bbox 1096 465 1216 498; x_wconf 84' lang='grc' dir='ltr'>πάντων,</span> <span class='ocrx_word' id='word_1_420' title='bbox 1232 465 1301 492; x_wconf 75' lang='grc' dir='ltr'>ἀλλὰ</span> <span class='ocrx_word' id='word_1_421' title='bbox 1322 465 1436 500; x_wconf 78' lang='grc' dir='ltr'>ποιητὴς</span> <span class='ocrx_word' id='word_1_422' title='bbox 1458 465 1512 491; x_wconf 78' lang='grc' dir='ltr'><strong>τῶν</strong></span> <span class='ocrx_word' id='word_1_423' title='bbox 1530 465 1669 496; x_wconf 82' lang='grc' dir='ltr'>ἁπάντων.</span> <span class='ocrx_word' id='word_1_424' title='bbox 1685 465 1733 492; x_wconf 81' lang='grc' dir='ltr'><strong>καὶ</strong></span> <span class='ocrx_word' id='word_1_425' title='bbox 1746 473 1841 491; x_wconf 78' lang='grc' dir='ltr'>κεκτι-</span> 
     </span>
    </p>
   </div>
   <div class='ocr_carea' id='block_1_55' title="bbox 1050 511 1574 547">
    <p class='ocr_par' dir='ltr' id='par_1_55' title="bbox 1050 511 1574 547">
     <span class='ocr_line' id='line_1_55' title="bbox 1050 511 1574 547; baseline -0.002 -9"><span class='ocrx_word' id='word_1_426' title='bbox 1050 511 1157 546; x_wconf 84' lang='grc' dir='ltr'>σμένων</span> <span class='ocrx_word' id='word_1_427' title='bbox 1176 511 1286 538; x_wconf 78' lang='grc' dir='ltr'>πάντων</span> <span class='ocrx_word' id='word_1_428' title='bbox 1303 511 1415 547; x_wconf 76' lang='grc' dir='ltr'><strong>κτίστης</strong></span> <span class='ocrx_word' id='word_1_429' title='bbox 1432 511 1574 546; x_wconf 82' lang='grc' dir='ltr'><strong>ὑπάρχων.</strong></span> 
     </span>
    </p>
   </div>
   <div class='ocr_carea' id='block_1_56' title="bbox 1083 555 1844 593">
    <p class='ocr_par' dir='ltr' id='par_1_56' title="bbox 1083 555 1844 593">
     <span class='ocr_line' id='line_1_56' title="bbox 1083 555 1844 593; baseline -0.004 -8"><span class='ocrx_word' id='word_1_430' title='bbox 1083 558 1122 585; x_wconf 86' lang='grc' dir='ltr'><strong>Θ’.</strong></span> <span class='ocrx_word' id='word_1_431' title='bbox 1144 558 1198 585; x_wconf 85' lang='grc' dir='ltr'><strong>Τοῦ</strong></span> <span class='ocrx_word' id='word_1_432' title='bbox 1214 558 1243 585; x_wconf 84' lang='grc' dir='ltr'><strong>δὲ</strong></span> <span class='ocrx_word' id='word_1_433' title='bbox 1260 558 1325 585; x_wconf 73' lang='grc' dir='ltr'><strong>1⁵ῑοῦ</strong></span> <span class='ocrx_word' id='word_1_434' title='bbox 1339 559 1372 585; x_wconf 79' lang='grc' dir='ltr'><strong>ὲκ</strong></span> <span class='ocrx_word' id='word_1_435' title='bbox 1394 558 1502 593; x_wconf 83' lang='grc' dir='ltr'>Πατρὸς</span> <span class='ocrx_word' id='word_1_436' title='bbox 1516 556 1728 592; x_wconf 79' lang='grc' dir='ltr'>γεγεννημένου.</span> <span class='ocrx_word' id='word_1_437' title='bbox 1745 555 1793 583; x_wconf 80' lang='grc' dir='ltr'><strong>καὶ</strong></span> <span class='ocrx_word' id='word_1_438' title='bbox 1809 556 1844 582; x_wconf 73' lang='grc' dir='ltr'><strong>ἐκ</strong></span> 
     </span>
    </p>
   </div>
   <div class='ocr_carea' id='block_1_57' title="bbox 1051 601 1844 640">
    <p class='ocr_par' dir='ltr' id='par_1_57' title="bbox 1051 601 1844 640">
     <span class='ocr_line' id='line_1_57' title="bbox 1051 601 1844 640; baseline -0.004 -9"><span class='ocrx_word' id='word_1_439' title='bbox 1051 603 1157 639; x_wconf 57' lang='lat' dir='ltr'><strong>ﬂauo;</strong></span> <span class='ocrx_word' id='word_1_440' title='bbox 1183 604 1381 640; x_wconf 81' lang='grc' dir='ltr'><strong>τυγχάνοντος,</strong></span> <span class='ocrx_word' id='word_1_441' title='bbox 1408 603 1443 630; x_wconf 85' lang='grc' dir='ltr'><strong>δι’</strong></span> <span class='ocrx_word' id='word_1_442' title='bbox 1459 601 1489 631; x_wconf 75' lang='grc' dir='ltr'><strong>οὗ</strong></span> <span class='ocrx_word' id='word_1_443' title='bbox 1516 603 1549 630; x_wconf 83' lang='grc' dir='ltr'><strong>τὰ</strong></span> <span class='ocrx_word' id='word_1_444' title='bbox 1576 603 1664 630; x_wconf 77' lang='grc' dir='ltr'>πάντα</span> <span class='ocrx_word' id='word_1_445' title='bbox 1683 602 1844 637; x_wconf 74' lang='grc' dir='ltr'>γεγένηται,</span> 
     </span>
    </p>
   </div>
   <div class='ocr_carea' id='block_1_58' title="bbox 1051 645 1845 684">
    <p class='ocr_par' dir='ltr' id='par_1_58' title="bbox 1051 645 1845 684">
     <span class='ocr_line' id='line_1_58' title="bbox 1051 645 1845 684; baseline -0.001 -10"><span class='ocrx_word' id='word_1_446' title='bbox 1051 647 1178 684; x_wconf 85' lang='grc' dir='ltr'>ἀνόμοιος</span> <span class='ocrx_word' id='word_1_447' title='bbox 1199 650 1255 681; x_wconf 80' lang='grc' dir='ltr'>τοῖς</span> <span class='ocrx_word' id='word_1_448' title='bbox 1269 649 1354 676; x_wconf 82' lang='grc' dir='ltr'>πᾶσίν</span> <span class='ocrx_word' id='word_1_449' title='bbox 1379 649 1462 681; x_wconf 76' lang='grc' dir='ltr'>ἔστιν,</span> <span class='ocrx_word' id='word_1_450' title='bbox 1480 645 1524 675; x_wconf 73' lang='grc' dir='ltr'>οἷα</span> <span class='ocrx_word' id='word_1_451' title='bbox 1547 647 1579 684; x_wconf 84' lang='grc' dir='ltr'><strong>δὴ</strong></span> <span class='ocrx_word' id='word_1_452' title='bbox 1604 648 1716 682; x_wconf 79' lang='grc' dir='ltr'><strong>κτίστης</strong></span> <span class='ocrx_word' id='word_1_453' title='bbox 1734 646 1773 673; x_wconf 84' lang='grc' dir='ltr'>ὢν</span> <span class='ocrx_word' id='word_1_454' title='bbox 1787 647 1845 673; x_wconf 78' lang='grc' dir='ltr'><strong>τῶν</strong></span> 
     </span>
    </p>
   </div>
   <div class='ocr_carea' id='block_1_59' title="bbox 1051 690 1845 730">
    <p class='ocr_par' dir='ltr' id='par_1_59' title="bbox 1051 690 1845 730">
     <span class='ocr_line' id='line_1_59' title="bbox 1051 690 1845 730; baseline -0.003 -8"><span class='ocrx_word' id='word_1_455' title='bbox 1051 695 1193 722; x_wconf 79' lang='grc' dir='ltr'>ἁπάντων·</span> <span class='ocrx_word' id='word_1_456' title='bbox 1209 695 1304 730; x_wconf 70' lang='grc' dir='ltr'>ἐπειδὴ</span> <span class='ocrx_word' id='word_1_457' title='bbox 1317 692 1357 727; x_wconf 74' lang='grc' dir='ltr'>εἷς</span> <span class='ocrx_word' id='word_1_458' title='bbox 1375 695 1423 722; x_wconf 76' lang='grc' dir='ltr'><strong>καὶ</strong></span> <span class='ocrx_word' id='word_1_459' title='bbox 1446 692 1488 727; x_wconf 74' lang='grc' dir='ltr'>εἷς</span> <span class='ocrx_word' id='word_1_460' title='bbox 1506 694 1573 726; x_wconf 81' lang='grc' dir='ltr'>Θεὸς</span> <span class='ocrx_word' id='word_1_461' title='bbox 1591 694 1606 720; x_wconf 81' lang='grc' dir='ltr'><strong>ό</strong></span> <span class='ocrx_word' id='word_1_462' title='bbox 1623 694 1727 729; x_wconf 70' lang='grc' dir='ltr'>Πατὴρ.</span> <span class='ocrx_word' id='word_1_463' title='bbox 1752 693 1787 725; x_wconf 74' lang='grc' dir='ltr'><strong>ἐξ</strong></span> <span class='ocrx_word' id='word_1_464' title='bbox 1804 690 1845 720; x_wconf 81' lang='grc' dir='ltr'>οὗ</span> 
     </span>
    </p>
   </div>
   <div class='ocr_carea' id='block_1_60' title="bbox 1051 738 1844 777">
    <p class='ocr_par' dir='ltr' id='par_1_60' title="bbox 1051 738 1844 777">
     <span class='ocr_line' id='line_1_60' title="bbox 1051 738 1844 777; baseline -0.004 -8"><span class='ocrx_word' id='word_1_465' title='bbox 1051 742 1087 770; x_wconf 83' lang='grc' dir='ltr'>τὰ</span> <span class='ocrx_word' id='word_1_466' title='bbox 1108 742 1214 775; x_wconf 74' lang='grc' dir='ltr'>πάντα,</span> <span class='ocrx_word' id='word_1_467' title='bbox 1233 742 1281 769; x_wconf 79' lang='grc' dir='ltr'><strong>καὶ</strong></span> <span class='ocrx_word' id='word_1_468' title='bbox 1305 741 1407 777; x_wconf 77' lang='grc' dir='ltr'>Κύριος</span> <span class='ocrx_word' id='word_1_469' title='bbox 1431 740 1545 777; x_wconf 78' lang='grc' dir='ltr'>Ἰησοῦς,</span> <span class='ocrx_word' id='word_1_470' title='bbox 1558 740 1596 767; x_wconf 78' lang='grc' dir='ltr'><strong>δι’</strong></span> <span class='ocrx_word' id='word_1_471' title='bbox 1613 738 1650 769; x_wconf 82' lang='grc' dir='ltr'>οὗ</span> <span class='ocrx_word' id='word_1_472' title='bbox 1673 740 1709 767; x_wconf 81' lang='grc' dir='ltr'>τὰ</span> <span class='ocrx_word' id='word_1_473' title='bbox 1725 739 1844 766; x_wconf 76' lang='grc' dir='ltr'><strong>πάντα·</strong></span> 
     </span>
    </p>
   </div>
   <div class='ocr_carea' id='block_1_61' title="bbox 1053 782 1843 823">
    <p class='ocr_par' dir='ltr' id='par_1_61' title="bbox 1053 782 1843 823">
     <span class='ocr_line' id='line_1_61' title="bbox 1053 782 1843 823; baseline -0.004 -9"><span class='ocrx_word' id='word_1_474' title='bbox 1053 788 1251 823; x_wconf 77' lang='grc' dir='ltr'>συνενουμένης</span> <span class='ocrx_word' id='word_1_475' title='bbox 1267 788 1318 823; x_wconf 82' lang='grc' dir='ltr'>τῆς</span> <span class='ocrx_word' id='word_1_476' title='bbox 1334 788 1391 815; x_wconf 75' lang='grc' dir='ltr'>ἄνω</span> <span class='ocrx_word' id='word_1_477' title='bbox 1411 787 1509 820; x_wconf 78' lang='grc' dir='ltr'>λέξεως</span> <span class='ocrx_word' id='word_1_478' title='bbox 1525 786 1572 814; x_wconf 76' lang='grc' dir='ltr'>διὰ</span> <span class='ocrx_word' id='word_1_479' title='bbox 1584 786 1644 818; x_wconf 83' lang='grc' dir='ltr'>τοῦ.</span> <span class='ocrx_word' id='word_1_480' title='bbox 1659 783 1704 819; x_wconf 69' lang='grc' dir='ltr'>εἷς</span> <span class='ocrx_word' id='word_1_481' title='bbox 1722 786 1770 812; x_wconf 73' lang='grc' dir='ltr'><strong>καὶ</strong></span> <span class='ocrx_word' id='word_1_482' title='bbox 1786 782 1843 818; x_wconf 76' lang='grc' dir='ltr'>εις,</span> 
     </span>
    </p>
   </div>
   <div class='ocr_carea' id='block_1_62' title="bbox 1053 829 1845 866">
    <p class='ocr_par' dir='ltr' id='par_1_62' title="bbox 1053 829 1845 866">
     <span class='ocr_line' id='line_1_62' title="bbox 1053 829 1845 866; baseline -0.005 -6"><span class='ocrx_word' id='word_1_483' title='bbox 1053 833 1100 860; x_wconf 74' lang='grc' dir='ltr'><strong>καὶ</strong></span> <span class='ocrx_word' id='word_1_484' title='bbox 1120 831 1165 860; x_wconf 73' lang='grc' dir='ltr'>διὰ</span> <span class='ocrx_word' id='word_1_485' title='bbox 1184 832 1242 864; x_wconf 80' lang='grc' dir='ltr'>τοῦ.</span> <span class='ocrx_word' id='word_1_486' title='bbox 1268 833 1304 865; x_wconf 71' lang='grc' dir='ltr'><strong><em>ἐξ</em></strong></span> <span class='ocrx_word' id='word_1_487' title='bbox 1323 830 1360 860; x_wconf 83' lang='grc' dir='ltr'>οὗ</span> <span class='ocrx_word' id='word_1_488' title='bbox 1383 833 1431 860; x_wconf 82' lang='grc' dir='ltr'>καὶ</span> <span class='ocrx_word' id='word_1_489' title='bbox 1453 831 1491 859; x_wconf 76' lang='grc' dir='ltr'><strong>δι’</strong></span> <span class='ocrx_word' id='word_1_490' title='bbox 1508 829 1556 864; x_wconf 83' lang='grc' dir='ltr'><strong>οὖ,</strong></span> <span class='ocrx_word' id='word_1_491' title='bbox 1580 831 1612 858; x_wconf 79' lang='grc' dir='ltr'>τὸ</span> <span class='ocrx_word' id='word_1_492' title='bbox 1627 831 1677 866; x_wconf 82' lang='grc' dir='ltr'><strong>μὲν</strong></span> <span class='ocrx_word' id='word_1_493' title='bbox 1694 831 1789 865; x_wconf 70' lang='grc' dir='ltr'>σαφῶς</span> <span class='ocrx_word' id='word_1_494' title='bbox 1811 831 1845 856; x_wconf 79' lang='grc' dir='ltr'><strong>ὲκ</strong></span> 
     </span>
    </p>
   </div>
   <div class='ocr_carea' id='block_1_63' title="bbox 1019 861 1844 916">
    <p class='ocr_par' dir='ltr' id='par_1_63' title="bbox 1019 861 1844 916">
     <span class='ocr_line' id='line_1_63' title="bbox 1019 861 1844 916; baseline -0.005 -10"><span class='ocrx_word' id='word_1_495' title='bbox 1019 861 1039 890; x_wconf 76' lang='lat' dir='ltr'><strong>B</strong></span> <span class='ocrx_word' id='word_1_496' title='bbox 1054 879 1160 916; x_wconf 86' lang='grc' dir='ltr'>Πατρὸς</span> <span class='ocrx_word' id='word_1_497' title='bbox 1177 879 1223 906; x_wconf 80' lang='grc' dir='ltr'><strong>τὸν</strong></span> <span class='ocrx_word' id='word_1_498' title='bbox 1235 861 1304 906; x_wconf 41' lang='grc' dir='ltr'>’Υἱὺν</span> <span class='ocrx_word' id='word_1_499' title='bbox 1322 879 1458 915; x_wconf 75' lang='grc' dir='ltr'><strong>δεδήλωκε</strong></span> <span class='ocrx_word' id='word_1_500' title='bbox 1469 887 1476 894; x_wconf 87' lang='lat'>&#39;</span> <span class='ocrx_word' id='word_1_501' title='bbox 1500 878 1531 905; x_wconf 80' lang='grc' dir='ltr'>τὸ</span> <span class='ocrx_word' id='word_1_502' title='bbox 1599 861 1693 904; x_wconf 54' lang='grc' dir='ltr'>οδκέτι</span> <span class='ocrx_word' id='word_1_503' title='bbox 1718 861 1764 903; x_wconf 61' lang='grc' dir='ltr'><strong>τον</strong></span> <span class='ocrx_word' id='word_1_504' title='bbox 1778 861 1844 903; x_wconf 72' lang='grc' dir='ltr'>Ῡὶὸν</span> 
     </span>
    </p>
   </div>
   <div class='ocr_carea' id='block_1_64' title="bbox 1051 918 1842 960">
    <p class='ocr_par' dir='ltr' id='par_1_64' title="bbox 1051 918 1842 960">
     <span class='ocr_line' id='line_1_64' title="bbox 1051 918 1842 960; baseline -0.006 -7"><span class='ocrx_word' id='word_1_505' title='bbox 1051 925 1084 953; x_wconf 72' lang='grc' dir='ltr'><strong>ὲκ</strong></span> <span class='ocrx_word' id='word_1_506' title='bbox 1100 925 1155 952; x_wconf 81' lang='grc' dir='ltr'><strong>τῶν</strong></span> <span class='ocrx_word' id='word_1_507' title='bbox 1171 926 1274 953; x_wconf 82' lang='grc' dir='ltr'>λοιπῶν</span> <span class='ocrx_word' id='word_1_508' title='bbox 1297 922 1367 954; x_wconf 77' lang='grc' dir='ltr'>εἶναι</span> <span class='ocrx_word' id='word_1_509' title='bbox 1386 923 1551 960; x_wconf 77' lang='grc' dir='ltr'><strong>θαυμαστῶς</strong></span> <span class='ocrx_word' id='word_1_510' title='bbox 1566 924 1737 958; x_wconf 82' lang='grc' dir='ltr'>ἀπεφήνατο,</span> <span class='ocrx_word' id='word_1_511' title='bbox 1750 922 1788 948; x_wconf 84' lang='grc' dir='ltr'><strong>δι’</strong></span> <span class='ocrx_word' id='word_1_512' title='bbox 1804 918 1842 949; x_wconf 77' lang='grc' dir='ltr'>οὗ</span> 
     </span>
    </p>
   </div>
   <div class='ocr_carea' id='block_1_65' title="bbox 1051 968 1845 1007">
    <p class='ocr_par' dir='ltr' id='par_1_65' title="bbox 1051 968 1845 1007">
     <span class='ocr_line' id='line_1_65' title="bbox 1051 968 1845 1007; baseline -0.006 -8"><span class='ocrx_word' id='word_1_513' title='bbox 1051 972 1088 1000; x_wconf 80' lang='grc' dir='ltr'>τὰ</span> <span class='ocrx_word' id='word_1_514' title='bbox 1107 972 1224 1005; x_wconf 77' lang='grc' dir='ltr'>πάντα,</span> <span class='ocrx_word' id='word_1_515' title='bbox 1243 972 1371 1006; x_wconf 77' lang='grc' dir='ltr'><strong>φάσκων,</strong></span> <span class='ocrx_word' id='word_1_516' title='bbox 1397 971 1442 998; x_wconf 71' lang='grc' dir='ltr'>ἵνα</span> <span class='ocrx_word' id='word_1_517' title='bbox 1465 970 1540 1007; x_wconf 78' lang='grc' dir='ltr'>δείξῃ</span> <span class='ocrx_word' id='word_1_518' title='bbox 1564 969 1675 1005; x_wconf 79' lang='grc' dir='ltr'>Πατέρα</span> <span class='ocrx_word' id='word_1_519' title='bbox 1698 969 1779 1000; x_wconf 71' lang='grc' dir='ltr'>ὂντα,</span> <span class='ocrx_word' id='word_1_520' title='bbox 1796 968 1845 994; x_wconf 72' lang='grc' dir='ltr'>καὶ</span> 
     </span>
    </p>
   </div>
   <div class='ocr_carea' id='block_1_66' title="bbox 1053 1014 1844 1052">
    <p class='ocr_par' dir='ltr' id='par_1_66' title="bbox 1053 1014 1844 1052">
     <span class='ocr_line' id='line_1_66' title="bbox 1053 1014 1844 1052; baseline -0.006 -7"><span class='ocrx_word' id='word_1_521' title='bbox 1053 1018 1116 1045; x_wconf 84' lang='grc' dir='ltr'><strong>Υιδν</strong></span> <span class='ocrx_word' id='word_1_522' title='bbox 1135 1018 1202 1045; x_wconf 75' lang='grc' dir='ltr'>ὄντα</span> <span class='ocrx_word' id='word_1_523' title='bbox 1225 1017 1279 1044; x_wconf 83' lang='grc' dir='ltr'><strong>ὑπὸ</strong></span> <span class='ocrx_word' id='word_1_524' title='bbox 1295 1017 1402 1052; x_wconf 78' lang='grc' dir='ltr'>Πατρὸς</span> <span class='ocrx_word' id='word_1_525' title='bbox 1418 1017 1495 1048; x_wconf 70' lang='grc' dir='ltr'>ὄντος</span> <span class='ocrx_word' id='word_1_526' title='bbox 1516 1016 1562 1043; x_wconf 75' lang='grc' dir='ltr'>τὸν</span> <span class='ocrx_word' id='word_1_527' title='bbox 1581 1015 1711 1051; x_wconf 88' lang='grc' dir='ltr'>μονογενῆ</span> <span class='ocrx_word' id='word_1_528' title='bbox 1730 1014 1844 1050; x_wconf 82' lang='grc' dir='ltr'>Κύριον.</span> 
     </span>
    </p>
   </div>
   <div class='ocr_carea' id='block_1_67' title="bbox 1054 1059 1845 1097">
    <p class='ocr_par' dir='ltr' id='par_1_67' title="bbox 1054 1059 1845 1097">
     <span class='ocr_line' id='line_1_67' title="bbox 1054 1059 1845 1097; baseline -0.006 -7"><span class='ocrx_word' id='word_1_529' title='bbox 1054 1063 1151 1097; x_wconf 84' lang='grc' dir='ltr'>Ἔλεγε</span> <span class='ocrx_word' id='word_1_530' title='bbox 1162 1063 1190 1089; x_wconf 83' lang='grc' dir='ltr'><strong>δὲ</strong></span> <span class='ocrx_word' id='word_1_531' title='bbox 1203 1062 1290 1089; x_wconf 82' lang='grc' dir='ltr'>ταῦτα</span> <span class='ocrx_word' id='word_1_532' title='bbox 1306 1063 1320 1089; x_wconf 85' lang='grc' dir='ltr'><strong>ό</strong></span> <span class='ocrx_word' id='word_1_533' title='bbox 1339 1061 1498 1093; x_wconf 80' lang='grc' dir='ltr'>’Δπόστολος</span> <span class='ocrx_word' id='word_1_534' title='bbox 1511 1060 1650 1096; x_wconf 83' lang='grc' dir='ltr'>Πνεύματι</span> <span class='ocrx_word' id='word_1_535' title='bbox 1673 1060 1743 1095; x_wconf 78' lang='grc' dir='ltr'>ἁγιῳ</span> <span class='ocrx_word' id='word_1_536' title='bbox 1761 1059 1845 1095; x_wconf 79' lang='grc' dir='ltr'>φερό-</span> 
     </span>
    </p>
   </div>
   <div class='ocr_carea' id='block_1_68' title="bbox 1054 1105 1846 1144">
    <p class='ocr_par' dir='ltr' id='par_1_68' title="bbox 1054 1105 1846 1144">
     <span class='ocr_line' id='line_1_68' title="bbox 1054 1105 1846 1144; baseline -0.005 -9"><span class='ocrx_word' id='word_1_537' title='bbox 1054 1117 1148 1144; x_wconf 73' lang='grc' dir='ltr'>μενος’</span> <span class='ocrx_word' id='word_1_538' title='bbox 1166 1108 1206 1135; x_wconf 82' lang='grc' dir='ltr'>διὸ</span> <span class='ocrx_word' id='word_1_539' title='bbox 1217 1108 1266 1135; x_wconf 79' lang='grc' dir='ltr'><strong>οὐκ</strong></span> <span class='ocrx_word' id='word_1_540' title='bbox 1278 1107 1340 1143; x_wconf 73' lang='grc' dir='ltr'>ἔσχε</span> <span class='ocrx_word' id='word_1_541' title='bbox 1355 1108 1448 1143; x_wconf 81' lang='grc' dir='ltr'><strong>χρείαν</strong></span> <span class='ocrx_word' id='word_1_542' title='bbox 1463 1107 1528 1143; x_wconf 68' lang='grc' dir='ltr'>περὶ</span> <span class='ocrx_word' id='word_1_543' title='bbox 1543 1106 1702 1142; x_wconf 54' lang='lat' dir='ltr'><strong>mamma;</strong></span> <span class='ocrx_word' id='word_1_544' title='bbox 1717 1114 1746 1132; x_wconf 87' lang='grc' dir='ltr'><strong>τι</strong></span> <span class='ocrx_word' id='word_1_545' title='bbox 1757 1105 1846 1140; x_wconf 74' lang='grc' dir='ltr'>δηλῶ-</span> 
     </span>
    </p>
   </div>
   <div class='ocr_carea' id='block_1_69' title="bbox 1054 1152 1847 1190">
    <p class='ocr_par' dir='ltr' id='par_1_69' title="bbox 1054 1152 1847 1190">
     <span class='ocr_line' id='line_1_69' title="bbox 1054 1152 1847 1190; baseline -0.004 -9"><span class='ocrx_word' id='word_1_546' title='bbox 1054 1162 1116 1181; x_wconf 88' lang='grc' dir='ltr'>σαι·</span> <span class='ocrx_word' id='word_1_547' title='bbox 1129 1154 1178 1189; x_wconf 83' lang='grc' dir='ltr'>οὺχ</span> <span class='ocrx_word' id='word_1_548' title='bbox 1191 1155 1229 1186; x_wconf 86' lang='grc' dir='ltr'><strong>ὡς</strong></span> <span class='ocrx_word' id='word_1_549' title='bbox 1247 1154 1284 1190; x_wconf 79' lang='grc' dir='ltr'><strong>μὴ</strong></span> <span class='ocrx_word' id='word_1_550' title='bbox 1300 1153 1529 1189; x_wconf 78' lang='grc' dir='ltr'>συνδοξαζομένου</span> <span class='ocrx_word' id='word_1_551' title='bbox 1548 1152 1596 1180; x_wconf 85' lang='grc' dir='ltr'>τοῦ</span> <span class='ocrx_word' id='word_1_552' title='bbox 1614 1152 1773 1188; x_wconf 83' lang='grc' dir='ltr'>Πνεύματος</span> <span class='ocrx_word' id='word_1_553' title='bbox 1789 1153 1847 1179; x_wconf 85' lang='grc' dir='ltr'>Πα-</span> 
     </span>
    </p>
   </div>
   <div class='ocr_carea' id='block_1_70' title="bbox 1053 1198 1848 1235">
    <p class='ocr_par' dir='ltr' id='par_1_70' title="bbox 1053 1198 1848 1235">
     <span class='ocr_line' id='line_1_70' title="bbox 1053 1198 1848 1235; baseline -0.003 -9"><span class='ocrx_word' id='word_1_554' title='bbox 1053 1199 1098 1235; x_wconf 72' lang='grc' dir='ltr'>τρὶ</span> <span class='ocrx_word' id='word_1_555' title='bbox 1115 1199 1161 1226; x_wconf 77' lang='grc' dir='ltr'><strong>καὶ</strong></span> <span class='ocrx_word' id='word_1_556' title='bbox 1179 1199 1246 1234; x_wconf 85' lang='grc' dir='ltr'><strong>Υἰῷ,</strong></span> <span class='ocrx_word' id='word_1_557' title='bbox 1263 1199 1317 1226; x_wconf 75' lang='grc' dir='ltr'><strong>οὐδ’</strong></span> <span class='ocrx_word' id='word_1_558' title='bbox 1333 1199 1375 1226; x_wconf 80' lang='grc' dir='ltr'>ἵνα</span> <span class='ocrx_word' id='word_1_559' title='bbox 1391 1199 1458 1227; x_wconf 82' lang='grc' dir='ltr'>αὐτὸ</span> <span class='ocrx_word' id='word_1_560' title='bbox 1471 1199 1525 1226; x_wconf 77' lang='grc' dir='ltr'><strong>ἀπὸ</strong></span> <span class='ocrx_word' id='word_1_561' title='bbox 1538 1199 1594 1225; x_wconf 83' lang='grc' dir='ltr'><strong>τῶν</strong></span> <span class='ocrx_word' id='word_1_562' title='bbox 1608 1198 1718 1225; x_wconf 78' lang='grc' dir='ltr'>πάντων</span> <span class='ocrx_word' id='word_1_563' title='bbox 1734 1198 1848 1233; x_wconf 79' lang='grc' dir='ltr'><strong>σημάνῃ</strong></span> 
     </span>
    </p>
   </div>
   <div class='ocr_carea' id='block_1_71' title="bbox 1053 1245 1850 1282">
    <p class='ocr_par' dir='ltr' id='par_1_71' title="bbox 1053 1245 1850 1282">
     <span class='ocr_line' id='line_1_71' title="bbox 1053 1245 1850 1282; baseline -0.001 -10"><span class='ocrx_word' id='word_1_564' title='bbox 1053 1245 1108 1272; x_wconf 84' lang='grc' dir='ltr'><strong>τῶν</strong></span> <span class='ocrx_word' id='word_1_565' title='bbox 1125 1246 1160 1273; x_wconf 89' lang='grc' dir='ltr'><strong>δι’</strong></span> <span class='ocrx_word' id='word_1_566' title='bbox 1169 1246 1233 1272; x_wconf 81' lang='grc' dir='ltr'><strong>Υίοῦ</strong></span> <span class='ocrx_word' id='word_1_567' title='bbox 1244 1246 1440 1281; x_wconf 76' lang='grc' dir='ltr'>κεκτισμένων.</span> <span class='ocrx_word' id='word_1_568' title='bbox 1453 1247 1552 1282; x_wconf 81' lang='grc' dir='ltr'>Ἤρκει</span> <span class='ocrx_word' id='word_1_569' title='bbox 1567 1245 1622 1281; x_wconf 83' lang='grc' dir='ltr'><strong>γὰρ</strong></span> <span class='ocrx_word' id='word_1_570' title='bbox 1635 1245 1666 1272; x_wconf 81' lang='grc' dir='ltr'><strong>τὺ</strong></span> <span class='ocrx_word' id='word_1_571' title='bbox 1677 1245 1850 1281; x_wconf 77' lang='grc' dir='ltr'>συναριθμηο</span> 
     </span>
    </p>
   </div>
   <div class='ocr_carea' id='block_1_72' title="bbox 1054 1290 1849 1328">
    <p class='ocr_par' dir='ltr' id='par_1_72' title="bbox 1054 1290 1849 1328">
     <span class='ocr_line' id='line_1_72' title="bbox 1054 1290 1849 1328; baseline -0.004 -9"><span class='ocrx_word' id='word_1_572' title='bbox 1054 1291 1134 1327; x_wconf 82' lang='grc' dir='ltr'>θῆναι</span> <span class='ocrx_word' id='word_1_573' title='bbox 1152 1292 1197 1319; x_wconf 77' lang='grc' dir='ltr'><strong>διὰ</strong></span> <span class='ocrx_word' id='word_1_574' title='bbox 1218 1292 1268 1328; x_wconf 79' lang='grc' dir='ltr'>τῆς</span> <span class='ocrx_word' id='word_1_575' title='bbox 1292 1292 1404 1328; x_wconf 79' lang='grc' dir='ltr'>βεὸαίας</span> <span class='ocrx_word' id='word_1_576' title='bbox 1423 1292 1568 1328; x_wconf 79' lang='grc' dir='ltr'>ὁμολογίας</span> <span class='ocrx_word' id='word_1_577' title='bbox 1591 1291 1637 1318; x_wconf 82' lang='grc' dir='ltr'>τοῦ</span> <span class='ocrx_word' id='word_1_578' title='bbox 1661 1290 1737 1323; x_wconf 82' lang='grc' dir='ltr'><strong>Υιοῦ,</strong></span> <span class='ocrx_word' id='word_1_579' title='bbox 1757 1290 1849 1325; x_wconf 85' lang='grc' dir='ltr'>Πατρὶ</span> 
     </span>
    </p>
   </div>
   <div class='ocr_carea' id='block_1_73' title="bbox 1054 1337 1850 1375">
    <p class='ocr_par' dir='ltr' id='par_1_73' title="bbox 1054 1337 1850 1375">
     <span class='ocr_line' id='line_1_73' title="bbox 1054 1337 1850 1375; baseline -0.004 -9"><span class='ocrx_word' id='word_1_580' title='bbox 1054 1340 1102 1367; x_wconf 81' lang='grc' dir='ltr'><strong>καὶ</strong></span> <span class='ocrx_word' id='word_1_581' title='bbox 1117 1339 1184 1374; x_wconf 84' lang='grc' dir='ltr'><strong>Υίῷ,</strong></span> <span class='ocrx_word' id='word_1_582' title='bbox 1201 1340 1230 1366; x_wconf 82' lang='grc' dir='ltr'>ὲν</span> <span class='ocrx_word' id='word_1_583' title='bbox 1242 1339 1283 1375; x_wconf 85' lang='grc' dir='ltr'>τῷ</span> <span class='ocrx_word' id='word_1_584' title='bbox 1296 1339 1394 1371; x_wconf 72' lang='grc' dir='ltr'>εἰπεῖν,</span> <span class='ocrx_word' id='word_1_585' title='bbox 1410 1339 1605 1372; x_wconf 74' lang='grc' dir='ltr'><strong>Ἀπελθόντες</strong></span> <span class='ocrx_word' id='word_1_586' title='bbox 1614 1338 1786 1371; x_wconf 77' lang='grc' dir='ltr'>βαπτίσατε</span> <span class='ocrx_word' id='word_1_587' title='bbox 1802 1337 1850 1370; x_wconf 81' lang='grc' dir='ltr'>εις</span> 
     </span>
    </p>
   </div>
   <div class='ocr_carea' id='block_1_74' title="bbox 1055 1384 1848 1421">
    <p class='ocr_par' dir='ltr' id='par_1_74' title="bbox 1055 1384 1848 1421">
     <span class='ocr_line' id='line_1_74' title="bbox 1055 1384 1848 1421; baseline -0.005 -8"><span class='ocrx_word' id='word_1_588' title='bbox 1055 1386 1149 1421; x_wconf 83' lang='grc' dir='ltr'>ὄνομα</span> <span class='ocrx_word' id='word_1_589' title='bbox 1174 1386 1299 1420; x_wconf 79' lang='grc' dir='ltr'>Πατρὸς,</span> <span class='ocrx_word' id='word_1_590' title='bbox 1315 1386 1364 1412; x_wconf 75' lang='grc' dir='ltr'><strong>καὶ</strong></span> <span class='ocrx_word' id='word_1_591' title='bbox 1384 1385 1465 1416; x_wconf 82' lang='grc' dir='ltr'><strong>Υιοῦ.</strong></span> <span class='ocrx_word' id='word_1_592' title='bbox 1482 1384 1532 1412; x_wconf 76' lang='grc' dir='ltr'><strong>καὶ</strong></span> <span class='ocrx_word' id='word_1_593' title='bbox 1552 1384 1640 1419; x_wconf 77' lang='grc' dir='ltr'>ἁγίου</span> <span class='ocrx_word' id='word_1_594' title='bbox 1660 1384 1848 1418; x_wconf 80' lang='grc' dir='ltr'>Πνεύματος.</span> 
     </span>
    </p>
   </div>
   <div class='ocr_carea' id='block_1_75' title="bbox 1053 1429 1850 1468">
    <p class='ocr_par' dir='ltr' id='par_1_75' title="bbox 1053 1429 1850 1468">
     <span class='ocr_line' id='line_1_75' title="bbox 1053 1429 1850 1468; baseline -0.005 -8"><span class='ocrx_word' id='word_1_595' title='bbox 1053 1432 1241 1468; x_wconf 72' lang='grc' dir='ltr'>Φθεγγὸμενος</span> <span class='ocrx_word' id='word_1_596' title='bbox 1258 1432 1323 1467; x_wconf 77' lang='grc' dir='ltr'>γοῦν</span> <span class='ocrx_word' id='word_1_597' title='bbox 1331 1433 1346 1459; x_wconf 85' lang='grc' dir='ltr'><strong><em>ὸ</em></strong></span> <span class='ocrx_word' id='word_1_598' title='bbox 1359 1431 1532 1463; x_wconf 82' lang='grc' dir='ltr'>Ἀπόστολος,</span> <span class='ocrx_word' id='word_1_599' title='bbox 1542 1431 1643 1466; x_wconf 81' lang='grc' dir='ltr'>μᾶλλον</span> <span class='ocrx_word' id='word_1_600' title='bbox 1653 1430 1681 1457; x_wconf 71' lang='grc' dir='ltr'><strong>δὲ</strong></span> <span class='ocrx_word' id='word_1_601' title='bbox 1692 1430 1722 1457; x_wconf 75' lang='grc' dir='ltr'>τὸ</span> <span class='ocrx_word' id='word_1_602' title='bbox 1735 1429 1850 1465; x_wconf 80' lang='grc' dir='ltr'><strong>Πνεῦμα</strong></span> 
     </span>
    </p>
   </div>
   <div class='ocr_carea' id='block_1_76' title="bbox 1053 1476 1850 1514">
    <p class='ocr_par' dir='ltr' id='par_1_76' title="bbox 1053 1476 1850 1514">
     <span class='ocr_line' id='line_1_76' title="bbox 1053 1476 1850 1514; baseline -0.005 -8"><span class='ocrx_word' id='word_1_603' title='bbox 1053 1478 1085 1506; x_wconf 75' lang='grc' dir='ltr'>τὸ</span> <span class='ocrx_word' id='word_1_604' title='bbox 1110 1479 1188 1513; x_wconf 72' lang='grc' dir='ltr'>ἅγιον</span> <span class='ocrx_word' id='word_1_605' title='bbox 1213 1478 1399 1514; x_wconf 79' lang='grc' dir='ltr'>φθεγγόμενον</span> <span class='ocrx_word' id='word_1_606' title='bbox 1423 1479 1453 1505; x_wconf 77' lang='grc' dir='ltr'>ἐν</span> <span class='ocrx_word' id='word_1_607' title='bbox 1479 1477 1563 1513; x_wconf 81' lang='grc' dir='ltr'>αὐτῷ,</span> <span class='ocrx_word' id='word_1_608' title='bbox 1587 1477 1637 1504; x_wconf 86' lang='grc' dir='ltr'><strong>οὐκ</strong></span> <span class='ocrx_word' id='word_1_609' title='bbox 1664 1477 1759 1512; x_wconf 71' lang='grc' dir='ltr'>ἐδήλου</span> <span class='ocrx_word' id='word_1_610' title='bbox 1782 1476 1850 1511; x_wconf 80' lang='grc' dir='ltr'>περὶ</span> 
     </span>
    </p>
   </div>
   <div class='ocr_carea' id='block_1_77' title="bbox 1017 1523 1849 1565">
    <p class='ocr_par' dir='ltr' id='par_1_77' title="bbox 1017 1523 1849 1565">
     <span class='ocr_line' id='line_1_77' title="bbox 1017 1523 1849 1565; baseline -0.004 -13"><span class='ocrx_word' id='word_1_611' title='bbox 1017 1535 1039 1565; x_wconf 78' lang='lat' dir='ltr'><strong>c</strong></span> <span class='ocrx_word' id='word_1_612' title='bbox 1055 1524 1149 1552; x_wconf 80' lang='grc' dir='ltr'>αὐτοῦ.</span> <span class='ocrx_word' id='word_1_613' title='bbox 1171 1525 1262 1561; x_wconf 78' lang='grc' dir='ltr'>Σαφὴς</span> <span class='ocrx_word' id='word_1_614' title='bbox 1276 1525 1330 1562; x_wconf 80' lang='grc' dir='ltr'>γὰρ</span> <span class='ocrx_word' id='word_1_615' title='bbox 1354 1523 1389 1560; x_wconf 78' lang='grc' dir='ltr'>ἦν</span> <span class='ocrx_word' id='word_1_616' title='bbox 1413 1525 1513 1561; x_wconf 78' lang='grc' dir='ltr'>ἡπερὶ</span> <span class='ocrx_word' id='word_1_617' title='bbox 1535 1524 1620 1551; x_wconf 72' lang='grc' dir='ltr'>αὑτοῦ</span> <span class='ocrx_word' id='word_1_618' title='bbox 1641 1523 1759 1558; x_wconf 82' lang='grc' dir='ltr'>γνῶσις,</span> <span class='ocrx_word' id='word_1_619' title='bbox 1786 1523 1849 1550; x_wconf 62' lang='lat' dir='ltr'><strong>om</strong></span> 
     </span>
    </p>
   </div>
   <div class='ocr_carea' id='block_1_78' title="bbox 1056 1569 1848 1606">
    <p class='ocr_par' dir='ltr' id='par_1_78' title="bbox 1056 1569 1848 1606">
     <span class='ocr_line' id='line_1_78' title="bbox 1056 1569 1848 1606; baseline -0.004 -8"><span class='ocrx_word' id='word_1_620' title='bbox 1056 1571 1109 1598; x_wconf 79' lang='grc' dir='ltr'><strong>ὕπὸ</strong></span> <span class='ocrx_word' id='word_1_621' title='bbox 1121 1570 1177 1598; x_wconf 81' lang='grc' dir='ltr'><strong>τῶν</strong></span> <span class='ocrx_word' id='word_1_622' title='bbox 1196 1571 1330 1598; x_wconf 76' lang='grc' dir='ltr'>Ἰουδαίων</span> <span class='ocrx_word' id='word_1_623' title='bbox 1348 1570 1584 1606; x_wconf 75' lang='grc' dir='ltr'>ἀμφιϐαλλομένη.</span> <span class='ocrx_word' id='word_1_624' title='bbox 1610 1569 1788 1604; x_wconf 84' lang='grc' dir='ltr'>Ἐταμιεύετο</span> <span class='ocrx_word' id='word_1_625' title='bbox 1806 1569 1848 1600; x_wconf 75' lang='grc' dir='ltr'><strong>δὲ,</strong></span> 
     </span>
    </p>
   </div>
   <div class='ocr_carea' id='block_1_79' title="bbox 1056 1615 1850 1653">
    <p class='ocr_par' dir='ltr' id='par_1_79' title="bbox 1056 1615 1850 1653">
     <span class='ocr_line' id='line_1_79' title="bbox 1056 1615 1850 1653; baseline -0.004 -9"><span class='ocrx_word' id='word_1_626' title='bbox 1056 1618 1100 1644; x_wconf 83' lang='grc' dir='ltr'>ἵνα</span> <span class='ocrx_word' id='word_1_627' title='bbox 1120 1617 1158 1653; x_wconf 78' lang='grc' dir='ltr'><strong>μὴ</strong></span> <span class='ocrx_word' id='word_1_628' title='bbox 1185 1617 1386 1644; x_wconf 79' lang='grc' dir='ltr'>αὐτοσύστατον</span> <span class='ocrx_word' id='word_1_629' title='bbox 1411 1616 1454 1652; x_wconf 86' lang='grc' dir='ltr'><strong>είη</strong></span> <span class='ocrx_word' id='word_1_630' title='bbox 1476 1616 1507 1642; x_wconf 76' lang='grc' dir='ltr'>τὸ</span> <span class='ocrx_word' id='word_1_631' title='bbox 1532 1616 1612 1650; x_wconf 72' lang='grc' dir='ltr'>ἅγιον</span> <span class='ocrx_word' id='word_1_632' title='bbox 1641 1615 1850 1649; x_wconf 75' lang='grc' dir='ltr'><strong>Πνεῦμα,ὂὸ“</strong></span> 
     </span>
    </p>
   </div>
   <div class='ocr_carea' id='block_1_80' title="bbox 1062 1661 1851 1698">
    <p class='ocr_par' dir='ltr' id='par_1_80' title="bbox 1062 1661 1851 1698">
     <span class='ocr_line' id='line_1_80' title="bbox 1062 1661 1851 1698; baseline -0.004 -8"><span class='ocrx_word' id='word_1_633' title='bbox 1062 1663 1223 1694; x_wconf 75' lang='grc' dir='ltr'>Ἀπόστολος</span> <span class='ocrx_word' id='word_1_634' title='bbox 1240 1662 1288 1689; x_wconf 77' lang='grc' dir='ltr'><strong>σὺν</strong></span> <span class='ocrx_word' id='word_1_635' title='bbox 1305 1663 1446 1698; x_wconf 83' lang='grc' dir='ltr'>Πνεύματι</span> <span class='ocrx_word' id='word_1_636' title='bbox 1467 1662 1539 1697; x_wconf 74' lang='grc' dir='ltr'>ἁγίῳ</span> <span class='ocrx_word' id='word_1_637' title='bbox 1563 1662 1685 1697; x_wconf 74' lang='grc' dir='ltr'>ἐφέρετο.</span> <span class='ocrx_word' id='word_1_638' title='bbox 1707 1661 1763 1688; x_wconf 81' lang='grc' dir='ltr'><strong>Καὶ</strong></span> <span class='ocrx_word' id='word_1_639' title='bbox 1785 1661 1851 1696; x_wconf 86' lang='grc' dir='ltr'>περὶ</span> 
     </span>
    </p>
   </div>
   <div class='ocr_carea' id='block_1_81' title="bbox 1055 1706 1849 1745">
    <p class='ocr_par' dir='ltr' id='par_1_81' title="bbox 1055 1706 1849 1745">
     <span class='ocr_line' id='line_1_81' title="bbox 1055 1706 1849 1745; baseline -0.004 -9"><span class='ocrx_word' id='word_1_640' title='bbox 1055 1709 1163 1745; x_wconf 82' lang='grc' dir='ltr'>Πατρδς</span> <span class='ocrx_word' id='word_1_641' title='bbox 1179 1708 1255 1743; x_wconf 74' lang='grc' dir='ltr'>ἔλεγε</span> <span class='ocrx_word' id='word_1_642' title='bbox 1272 1709 1319 1735; x_wconf 81' lang='grc' dir='ltr'><strong>καὶ</strong></span> <span class='ocrx_word' id='word_1_643' title='bbox 1330 1708 1406 1739; x_wconf 78' lang='grc' dir='ltr'><strong>Υῑοῦ,</strong></span> <span class='ocrx_word' id='word_1_644' title='bbox 1424 1709 1468 1735; x_wconf 85' lang='grc' dir='ltr'>ἶνα</span> <span class='ocrx_word' id='word_1_645' title='bbox 1477 1708 1568 1744; x_wconf 84' lang='grc' dir='ltr'>δειχθῇ</span> <span class='ocrx_word' id='word_1_646' title='bbox 1585 1709 1602 1744; x_wconf 82' lang='grc' dir='ltr'>ὴ</span> <span class='ocrx_word' id='word_1_647' title='bbox 1613 1708 1698 1743; x_wconf 69' lang='grc' dir='ltr'>Τριὲς</span> <span class='ocrx_word' id='word_1_648' title='bbox 1712 1708 1756 1734; x_wconf 74' lang='grc' dir='ltr'><strong>ἀεὶ</strong></span> <span class='ocrx_word' id='word_1_649' title='bbox 1768 1706 1849 1739; x_wconf 77' lang='grc' dir='ltr'>οὖσα.</span> 
     </span>
    </p>
   </div>
   <div class='ocr_carea' id='block_1_82' title="bbox 1056 1753 1850 1791">
    <p class='ocr_par' dir='ltr' id='par_1_82' title="bbox 1056 1753 1850 1791">
     <span class='ocr_line' id='line_1_82' title="bbox 1056 1753 1850 1791; baseline -0.003 -9"><span class='ocrx_word' id='word_1_650' title='bbox 1056 1755 1103 1782; x_wconf 77' lang='grc' dir='ltr'><strong>καὶ</strong></span> <span class='ocrx_word' id='word_1_651' title='bbox 1116 1755 1250 1791; x_wconf 84' lang='grc' dir='ltr'>μηδέποτε</span> <span class='ocrx_word' id='word_1_652' title='bbox 1265 1755 1441 1782; x_wconf 86' lang='grc' dir='ltr'>διαλείπουσα</span> <span class='ocrx_word' id='word_1_653' title='bbox 1455 1754 1503 1782; x_wconf 83' lang='grc' dir='ltr'>τοῦ</span> <span class='ocrx_word' id='word_1_654' title='bbox 1518 1753 1653 1790; x_wconf 81' lang='grc' dir='ltr'>εἷναι.Μὴ</span> <span class='ocrx_word' id='word_1_655' title='bbox 1668 1753 1793 1789; x_wconf 75' lang='grc' dir='ltr'>θαύμαζε</span> <span class='ocrx_word' id='word_1_656' title='bbox 1809 1753 1850 1787; x_wconf 79' lang='grc' dir='ltr'><strong>δὲ,</strong></span> 
     </span>
    </p>
   </div>
   <div class='ocr_carea' id='block_1_83' title="bbox 1055 1797 1851 1837">
    <p class='ocr_par' dir='ltr' id='par_1_83' title="bbox 1055 1797 1851 1837">
     <span class='ocr_line' id='line_1_83' title="bbox 1055 1797 1851 1837; baseline -0.005 -7"><span class='ocrx_word' id='word_1_657' title='bbox 1055 1803 1104 1830; x_wconf 77' lang='grc' dir='ltr'>ἐὰν</span> <span class='ocrx_word' id='word_1_658' title='bbox 1123 1801 1261 1837; x_wconf 79' lang='grc' dir='ltr'><strong>ἀκούσῃς·</strong></span> <span class='ocrx_word' id='word_1_659' title='bbox 1280 1799 1333 1835; x_wconf 78' lang='grc' dir='ltr'><strong>Εἷς</strong></span> <span class='ocrx_word' id='word_1_660' title='bbox 1355 1801 1439 1834; x_wconf 78' lang='grc' dir='ltr'>Θεὸς.</span> <span class='ocrx_word' id='word_1_661' title='bbox 1454 1801 1489 1834; x_wconf 82' lang='grc' dir='ltr'><strong>ἐξ</strong></span> <span class='ocrx_word' id='word_1_662' title='bbox 1506 1798 1543 1829; x_wconf 86' lang='grc' dir='ltr'>οὗ</span> <span class='ocrx_word' id='word_1_663' title='bbox 1560 1801 1596 1828; x_wconf 80' lang='grc' dir='ltr'>τὰ</span> <span class='ocrx_word' id='word_1_664' title='bbox 1615 1799 1724 1832; x_wconf 78' lang='grc' dir='ltr'><strong>πάντα,</strong></span> <span class='ocrx_word' id='word_1_665' title='bbox 1741 1800 1791 1826; x_wconf 75' lang='grc' dir='ltr'><strong>καὶ</strong></span> <span class='ocrx_word' id='word_1_666' title='bbox 1805 1797 1851 1833; x_wconf 79' lang='grc' dir='ltr'>εἷς</span> 
     </span>
    </p>
   </div>
   <div class='ocr_carea' id='block_1_84' title="bbox 1056 1846 1852 1884">
    <p class='ocr_par' dir='ltr' id='par_1_84' title="bbox 1056 1846 1852 1884">
     <span class='ocr_line' id='line_1_84' title="bbox 1056 1846 1852 1884; baseline -0.004 -8"><span class='ocrx_word' id='word_1_667' title='bbox 1056 1850 1172 1883; x_wconf 81' lang='grc' dir='ltr'>Κύριος.</span> <span class='ocrx_word' id='word_1_668' title='bbox 1188 1848 1225 1875; x_wconf 76' lang='grc' dir='ltr'><strong>δι’</strong></span> <span class='ocrx_word' id='word_1_669' title='bbox 1242 1846 1278 1876; x_wconf 88' lang='grc' dir='ltr'>οὗ</span> <span class='ocrx_word' id='word_1_670' title='bbox 1300 1848 1337 1875; x_wconf 82' lang='grc' dir='ltr'>τὰ</span> <span class='ocrx_word' id='word_1_671' title='bbox 1358 1848 1466 1875; x_wconf 84' lang='grc' dir='ltr'><strong>πάντα.</strong></span> <span class='ocrx_word' id='word_1_672' title='bbox 1483 1847 1529 1883; x_wconf 86' lang='grc' dir='ltr'>Τῷ</span> <span class='ocrx_word' id='word_1_673' title='bbox 1544 1847 1600 1884; x_wconf 79' lang='grc' dir='ltr'><strong>γὰρ</strong></span> <span class='ocrx_word' id='word_1_674' title='bbox 1621 1848 1708 1874; x_wconf 82' lang='grc' dir='ltr'>εἰπεῖν</span> <span class='ocrx_word' id='word_1_675' title='bbox 1724 1847 1772 1873; x_wconf 73' lang='grc' dir='ltr'>τὸν</span> <span class='ocrx_word' id='word_1_676' title='bbox 1786 1846 1852 1873; x_wconf 77' lang='grc' dir='ltr'>Υἱὺν</span> 
     </span>
    </p>
   </div>
   <div class='ocr_carea' id='block_1_85' title="bbox 1057 1890 1851 1930">
    <p class='ocr_par' dir='ltr' id='par_1_85' title="bbox 1057 1890 1851 1930">
     <span class='ocr_line' id='line_1_85' title="bbox 1057 1890 1851 1930; baseline -0.003 -9"><span class='ocrx_word' id='word_1_677' title='bbox 1057 1894 1172 1930; x_wconf 75' lang='grc' dir='ltr'>Κύριον,</span> <span class='ocrx_word' id='word_1_678' title='bbox 1188 1894 1218 1921; x_wconf 85' lang='grc' dir='ltr'>οὺ</span> <span class='ocrx_word' id='word_1_679' title='bbox 1241 1895 1351 1926; x_wconf 82' lang='grc' dir='ltr'>πάντως</span> <span class='ocrx_word' id='word_1_680' title='bbox 1373 1894 1511 1930; x_wconf 71' lang='grc' dir='ltr'>ἠρνήσατο</span> <span class='ocrx_word' id='word_1_681' title='bbox 1525 1894 1540 1921; x_wconf 82' lang='grc' dir='ltr'>ὁ</span> <span class='ocrx_word' id='word_1_682' title='bbox 1559 1893 1719 1924; x_wconf 80' lang='grc' dir='ltr'>’Δπόστολος</span> <span class='ocrx_word' id='word_1_683' title='bbox 1737 1893 1768 1919; x_wconf 78' lang='grc' dir='ltr'>τδ</span> <span class='ocrx_word' id='word_1_684' title='bbox 1781 1890 1851 1920; x_wconf 76' lang='grc' dir='ltr'>εἶναι</span> 
     </span>
    </p>
   </div>
   <div class='ocr_carea' id='block_1_86' title="bbox 1056 1937 1850 1976">
    <p class='ocr_par' dir='ltr' id='par_1_86' title="bbox 1056 1937 1850 1976">
     <span class='ocr_line' id='line_1_86' title="bbox 1056 1937 1850 1976; baseline 0 -8"><span class='ocrx_word' id='word_1_685' title='bbox 1056 1941 1104 1968; x_wconf 74' lang='grc' dir='ltr'><strong>τὸν</strong></span> <span class='ocrx_word' id='word_1_686' title='bbox 1131 1941 1233 1976; x_wconf 83' lang='grc' dir='ltr'>Κύριον</span> <span class='ocrx_word' id='word_1_687' title='bbox 1259 1941 1306 1968; x_wconf 76' lang='grc' dir='ltr'><strong>καὶ</strong></span> <span class='ocrx_word' id='word_1_688' title='bbox 1323 1940 1407 1967; x_wconf 76' lang='grc' dir='ltr'>Θεὸν·</span> <span class='ocrx_word' id='word_1_689' title='bbox 1435 1940 1483 1967; x_wconf 68' lang='grc' dir='ltr'><strong>καὶ</strong></span> <span class='ocrx_word' id='word_1_690' title='bbox 1504 1940 1543 1975; x_wconf 86' lang='grc' dir='ltr'>τῷ</span> <span class='ocrx_word' id='word_1_691' title='bbox 1561 1940 1666 1971; x_wconf 74' lang='grc' dir='ltr'>εἰπεῖν,</span> <span class='ocrx_word' id='word_1_692' title='bbox 1693 1937 1747 1972; x_wconf 76' lang='grc' dir='ltr'><strong>Εἷς</strong></span> <span class='ocrx_word' id='word_1_693' title='bbox 1767 1939 1850 1971; x_wconf 75' lang='grc' dir='ltr'>Θεὸς.</span> 
     </span>
    </p>
   </div>
   <div class='ocr_carea' id='block_1_87' title="bbox 1057 1982 1851 2021">
    <p class='ocr_par' dir='ltr' id='par_1_87' title="bbox 1057 1982 1851 2021">
     <span class='ocr_line' id='line_1_87' title="bbox 1057 1982 1851 2021; baseline -0.001 -9"><span class='ocrx_word' id='word_1_694' title='bbox 1057 1985 1094 2012; x_wconf 78' lang='grc' dir='ltr'><strong>δι’</strong></span> <span class='ocrx_word' id='word_1_695' title='bbox 1112 1983 1149 2013; x_wconf 87' lang='grc' dir='ltr'>οὗ</span> <span class='ocrx_word' id='word_1_696' title='bbox 1167 1985 1204 2013; x_wconf 78' lang='grc' dir='ltr'>τὰ</span> <span class='ocrx_word' id='word_1_697' title='bbox 1225 1985 1338 2017; x_wconf 76' lang='grc' dir='ltr'>πάντα,</span> <span class='ocrx_word' id='word_1_698' title='bbox 1357 1986 1408 2012; x_wconf 78' lang='grc' dir='ltr'><strong>οὐκ</strong></span> <span class='ocrx_word' id='word_1_699' title='bbox 1426 1986 1566 2021; x_wconf 67' lang='grc' dir='ltr'>ἠρνήσατο</span> <span class='ocrx_word' id='word_1_700' title='bbox 1579 1985 1610 2011; x_wconf 81' lang='grc' dir='ltr'><strong>τὸ</strong></span> <span class='ocrx_word' id='word_1_701' title='bbox 1632 1982 1703 2012; x_wconf 77' lang='grc' dir='ltr'>εἶναι</span> <span class='ocrx_word' id='word_1_702' title='bbox 1724 1985 1771 2012; x_wconf 79' lang='grc' dir='ltr'>τὸν</span> <span class='ocrx_word' id='word_1_703' title='bbox 1784 1984 1851 2011; x_wconf 79' lang='grc' dir='ltr'>Θεὸν</span> 
     </span>
    </p>
   </div>
   <div class='ocr_carea' id='block_1_88' title="bbox 1057 2030 1852 2068">
    <p class='ocr_par' dir='ltr' id='par_1_88' title="bbox 1057 2030 1852 2068">
     <span class='ocr_line' id='line_1_88' title="bbox 1057 2030 1852 2068; baseline -0.004 -9"><span class='ocrx_word' id='word_1_704' title='bbox 1057 2032 1105 2060; x_wconf 75' lang='grc' dir='ltr'><strong>καὶ</strong></span> <span class='ocrx_word' id='word_1_705' title='bbox 1127 2031 1240 2068; x_wconf 79' lang='grc' dir='ltr'>Κύριον.</span> <span class='ocrx_word' id='word_1_706' title='bbox 1262 2031 1345 2067; x_wconf 83' lang='grc' dir='ltr'><strong>ὐμοῦ</strong></span> <span class='ocrx_word' id='word_1_707' title='bbox 1364 2031 1419 2067; x_wconf 83' lang='grc' dir='ltr'>γὰρ</span> <span class='ocrx_word' id='word_1_708' title='bbox 1437 2031 1484 2058; x_wconf 74' lang='grc' dir='ltr'><strong>καὶ</strong></span> <span class='ocrx_word' id='word_1_709' title='bbox 1511 2031 1613 2066; x_wconf 78' lang='grc' dir='ltr'>Κύριος</span> <span class='ocrx_word' id='word_1_710' title='bbox 1640 2030 1687 2057; x_wconf 75' lang='grc' dir='ltr'>καὶ</span> <span class='ocrx_word' id='word_1_711' title='bbox 1707 2030 1786 2062; x_wconf 81' lang='grc' dir='ltr'>Θεὸς,</span> <span class='ocrx_word' id='word_1_712' title='bbox 1804 2030 1852 2056; x_wconf 76' lang='grc' dir='ltr'><strong>καὶ</strong></span> 
     </span>
    </p>
   </div>
   <div class='ocr_carea' id='block_1_89' title="bbox 1057 2074 1853 2113">
    <p class='ocr_par' dir='ltr' id='par_1_89' title="bbox 1057 2074 1853 2113">
     <span class='ocr_line' id='line_1_89' title="bbox 1057 2074 1853 2113; baseline -0.004 -9"><span class='ocrx_word' id='word_1_713' title='bbox 1057 2077 1123 2110; x_wconf 76' lang='grc' dir='ltr'>Θεὸς</span> <span class='ocrx_word' id='word_1_714' title='bbox 1144 2078 1192 2104; x_wconf 75' lang='grc' dir='ltr'>καὶ</span> <span class='ocrx_word' id='word_1_715' title='bbox 1223 2076 1340 2113; x_wconf 57' lang='lat' dir='ltr'><strong>Koma;-</strong></span> <span class='ocrx_word' id='word_1_716' title='bbox 1366 2077 1414 2103; x_wconf 65' lang='grc' dir='ltr'><strong>καὶ</strong></span> <span class='ocrx_word' id='word_1_717' title='bbox 1434 2076 1511 2103; x_wconf 75' lang='grc' dir='ltr'>οὐδὲν</span> <span class='ocrx_word' id='word_1_718' title='bbox 1533 2076 1628 2103; x_wconf 82' lang='grc' dir='ltr'>διοίσει</span> <span class='ocrx_word' id='word_1_719' title='bbox 1653 2074 1718 2111; x_wconf 80' lang='grc' dir='ltr'>περὶ</span> <span class='ocrx_word' id='word_1_720' title='bbox 1733 2075 1790 2102; x_wconf 85' lang='grc' dir='ltr'>τῶν</span> <span class='ocrx_word' id='word_1_721' title='bbox 1813 2075 1853 2106; x_wconf 76' lang='grc' dir='ltr'>εἰς</span> 
     </span>
    </p>
   </div>
   <div class='ocr_carea' id='block_1_90' title="bbox 1059 2121 1854 2160">
    <p class='ocr_par' dir='ltr' id='par_1_90' title="bbox 1059 2121 1854 2160">
     <span class='ocr_line' id='line_1_90' title="bbox 1059 2121 1854 2160; baseline -0.003 -10"><span class='ocrx_word' id='word_1_722' title='bbox 1059 2125 1134 2160; x_wconf 77' lang='grc' dir='ltr'><strong>ἡμᾶς</strong></span> <span class='ocrx_word' id='word_1_723' title='bbox 1150 2124 1179 2150; x_wconf 77' lang='grc' dir='ltr'>ἐν</span> <span class='ocrx_word' id='word_1_724' title='bbox 1192 2123 1307 2159; x_wconf 81' lang='grc' dir='ltr'><strong>ἀληθείᾳ</strong></span> <span class='ocrx_word' id='word_1_725' title='bbox 1326 2122 1506 2158; x_wconf 79' lang='grc' dir='ltr'>σωτηριωδὼς</span> <span class='ocrx_word' id='word_1_726' title='bbox 1520 2123 1552 2149; x_wconf 81' lang='grc' dir='ltr'><strong>ὲκ</strong></span> <span class='ocrx_word' id='word_1_727' title='bbox 1568 2121 1636 2148; x_wconf 82' lang='grc' dir='ltr'>Θεοῦ</span> <span class='ocrx_word' id='word_1_728' title='bbox 1657 2122 1702 2148; x_wconf 84' lang='grc' dir='ltr'>διὰ</span> <span class='ocrx_word' id='word_1_729' title='bbox 1715 2121 1769 2148; x_wconf 81' lang='grc' dir='ltr'>τῶν</span> <span class='ocrx_word' id='word_1_730' title='bbox 1785 2122 1854 2148; x_wconf 76' lang='grc' dir='ltr'><strong>ἁπο-</strong></span> 
     </span>
    </p>
   </div>
   <div class='ocr_carea' id='block_1_91' title="bbox 1060 2167 1853 2204">
    <p class='ocr_par' dir='ltr' id='par_1_91' title="bbox 1060 2167 1853 2204">
     <span class='ocr_line' id='line_1_91' title="bbox 1060 2167 1853 2204; baseline -0.003 -9"><span class='ocrx_word' id='word_1_731' title='bbox 1060 2169 1161 2195; x_wconf 74' lang='grc' dir='ltr'>στόλων</span> <span class='ocrx_word' id='word_1_732' title='bbox 1174 2168 1399 2204; x_wconf 84' lang='grc' dir='ltr'>κεκηρυγμένων.</span> <span class='ocrx_word' id='word_1_733' title='bbox 1414 2167 1588 2202; x_wconf 69' lang='grc' dir='ltr'>Καταλείψας</span> <span class='ocrx_word' id='word_1_734' title='bbox 1601 2167 1630 2194; x_wconf 72' lang='grc' dir='ltr'><strong>δὲ</strong></span> <span class='ocrx_word' id='word_1_735' title='bbox 1657 2168 1672 2193; x_wconf 70' lang='grc' dir='ltr'><strong>ὁ</strong></span> <span class='ocrx_word' id='word_1_736' title='bbox 1691 2167 1774 2199; x_wconf 74' lang='grc' dir='ltr'>αὐτὸς</span> <span class='ocrx_word' id='word_1_737' title='bbox 1795 2168 1853 2193; x_wconf 79' lang='grc' dir='ltr'><strong>’Δν-</strong></span> 
     </span>
    </p>
   </div>
   <div class='ocr_carea' id='block_1_92' title="bbox 216 2211 1003 2251">
    <p class='ocr_par' dir='ltr' id='par_1_92' title="bbox 216 2212 1003 2249">
     <span class='ocr_line' id='line_1_92' title="bbox 216 2212 1003 2249; baseline 0.004 -11"><span class='ocrx_word' id='word_1_738' title='bbox 216 2219 281 2239; x_wconf 90' lang='lat' dir='ltr'><strong>num</strong></span> <span class='ocrx_word' id='word_1_739' title='bbox 304 2219 366 2240; x_wconf 87' lang='lat' dir='ltr'><strong>esse</strong></span> <span class='ocrx_word' id='word_1_740' title='bbox 384 2219 556 2247; x_wconf 88' lang='lat' dir='ltr'><strong>nequaquam</strong></span> <span class='ocrx_word' id='word_1_741' title='bbox 582 2212 719 2241; x_wconf 77' lang='lat' dir='ltr'><strong>inliciatus</strong></span> <span class='ocrx_word' id='word_1_742' title='bbox 741 2218 794 2241; x_wconf 90' lang='lat' dir='ltr'><strong>est.</strong></span> <span class='ocrx_word' id='word_1_743' title='bbox 815 2214 909 2249; x_wconf 86' lang='lat' dir='ltr'><strong>itaque</strong></span> <span class='ocrx_word' id='word_1_744' title='bbox 925 2214 1003 2241; x_wconf 89' lang='lat' dir='ltr'><strong>simul</strong></span> 
     </span>
    </p>
   </div>
   <div class='ocr_carea' id='block_1_93' title="bbox 1055 2211 1853 2251">
    <p class='ocr_par' dir='ltr' id='par_1_93' title="bbox 1059 2213 1853 2251">
     <span class='ocr_line' id='line_1_93' title="bbox 1059 2213 1853 2251; baseline -0.003 -9"><span class='ocrx_word' id='word_1_745' title='bbox 1059 2215 1152 2251; x_wconf 77' lang='grc' dir='ltr'>ὁμοιος</span> <span class='ocrx_word' id='word_1_746' title='bbox 1168 2215 1215 2241; x_wconf 78' lang='grc' dir='ltr'><strong>καὶ</strong></span> <span class='ocrx_word' id='word_1_747' title='bbox 1233 2215 1258 2241; x_wconf 73' lang='grc' dir='ltr'>οἱ</span> <span class='ocrx_word' id='word_1_748' title='bbox 1280 2213 1309 2246; x_wconf 77' lang='grc' dir='ltr'>ἐξ</span> <span class='ocrx_word' id='word_1_749' title='bbox 1323 2214 1409 2241; x_wconf 79' lang='grc' dir='ltr'>αὑτοῦ</span> <span class='ocrx_word' id='word_1_750' title='bbox 1427 2214 1570 2249; x_wconf 81' lang='grc' dir='ltr'>γεγονότες</span> <span class='ocrx_word' id='word_1_751' title='bbox 1584 2213 1632 2249; x_wconf 80' lang='grc' dir='ltr'>τὴν</span> <span class='ocrx_word' id='word_1_752' title='bbox 1652 2213 1711 2240; x_wconf 74' lang='grc' dir='ltr'>ὁδὸν</span> <span class='ocrx_word' id='word_1_753' title='bbox 1722 2213 1773 2248; x_wconf 80' lang='grc' dir='ltr'>τῆς</span> <span class='ocrx_word' id='word_1_754' title='bbox 1786 2213 1853 2249; x_wconf 75' lang='grc' dir='ltr'><strong>ἁλη-</strong></span> 
     </span>
    </p>
   </div>
   <div class='ocr_carea' id='block_1_94' title="bbox 216 2257 1009 2291">
    <p class='ocr_par' dir='ltr' id='par_1_94' title="bbox 216 2257 1009 2291">
     <span class='ocr_line' id='line_1_94' title="bbox 216 2257 1009 2291; baseline 0.006 -7"><span class='ocrx_word' id='word_1_755' title='bbox 216 2257 348 2286; x_wconf 87' lang='lat' dir='ltr'><strong>Dominus</strong></span> <span class='ocrx_word' id='word_1_756' title='bbox 369 2262 396 2286; x_wconf 92' lang='lat' dir='ltr'><strong>et</strong></span> <span class='ocrx_word' id='word_1_757' title='bbox 411 2257 502 2291; x_wconf 86' lang='lat' dir='ltr'><strong>Deus,</strong></span> <span class='ocrx_word' id='word_1_758' title='bbox 525 2263 553 2286; x_wconf 87' lang='lat' dir='ltr'><strong>et</strong></span> <span class='ocrx_word' id='word_1_759' title='bbox 575 2259 646 2287; x_wconf 88' lang='lat' dir='ltr'><strong>Dens</strong></span> <span class='ocrx_word' id='word_1_760' title='bbox 670 2267 702 2287; x_wconf 91' lang='lat' dir='ltr'><strong>ac</strong></span> <span class='ocrx_word' id='word_1_761' title='bbox 723 2259 856 2289; x_wconf 86' lang='lat' dir='ltr'><strong>Dominus</strong></span> <span class='ocrx_word' id='word_1_762' title='bbox 871 2268 933 2289; x_wconf 89' lang='lat' dir='ltr'><strong>esse</strong></span> <span class='ocrx_word' id='word_1_763' title='bbox 947 2268 1009 2288; x_wconf 87' lang='lat' dir='ltr'><strong>cre-</strong></span> 
     </span>
    </p>
   </div>
   <div class='ocr_carea' id='block_1_95' title="bbox 215 2303 1009 2342">
    <p class='ocr_par' dir='ltr' id='par_1_95' title="bbox 215 2303 1009 2342">
     <span class='ocr_line' id='line_1_95' title="bbox 215 2303 1009 2342; baseline 0.005 -11"><span class='ocrx_word' id='word_1_764' title='bbox 215 2303 322 2332; x_wconf 90' lang='lat' dir='ltr'><strong>dendus</strong></span> <span class='ocrx_word' id='word_1_765' title='bbox 339 2307 398 2337; x_wconf 82' lang='lat' dir='ltr'><strong>est;</strong></span> <span class='ocrx_word' id='word_1_766' title='bbox 416 2312 505 2339; x_wconf 89' lang='lat' dir='ltr'><strong>neque</strong></span> <span class='ocrx_word' id='word_1_767' title='bbox 519 2305 668 2340; x_wconf 88' lang='lat' dir='ltr'><strong>quidquam</strong></span> <span class='ocrx_word' id='word_1_768' title='bbox 683 2310 725 2334; x_wconf 89' lang='lat' dir='ltr'><strong>est</strong></span> <span class='ocrx_word' id='word_1_769' title='bbox 743 2305 770 2334; x_wconf 92' lang='lat' dir='ltr'><strong>in</strong></span> <span class='ocrx_word' id='word_1_770' title='bbox 788 2307 841 2340; x_wconf 84' lang='lat' dir='ltr'><strong>bis,</strong></span> <span class='ocrx_word' id='word_1_771' title='bbox 854 2315 915 2342; x_wconf 70' lang='lat' dir='ltr'><strong>qua:</strong></span> <span class='ocrx_word' id='word_1_772' title='bbox 929 2307 1009 2335; x_wconf 86' lang='lat' dir='ltr'><strong>nobis</strong></span> 
     </span>
    </p>
   </div>
   <div class='ocr_carea' id='block_1_96' title="bbox 216 2348 1010 2385">
    <p class='ocr_par' dir='ltr' id='par_1_96' title="bbox 216 2348 1010 2385">
     <span class='ocr_line' id='line_1_96' title="bbox 216 2348 1010 2385; baseline 0.006 -10"><span class='ocrx_word' id='word_1_773' title='bbox 216 2357 231 2376; x_wconf 75' lang='grc' dir='ltr'><strong>ο</strong></span> <span class='ocrx_word' id='word_1_774' title='bbox 249 2348 304 2376; x_wconf 89' lang='lat' dir='ltr'><strong>Deo</strong></span> <span class='ocrx_word' id='word_1_775' title='bbox 321 2355 369 2383; x_wconf 89' lang='lat' dir='ltr'><strong>per</strong></span> <span class='ocrx_word' id='word_1_776' title='bbox 392 2349 532 2384; x_wconf 86' lang='lat' dir='ltr'><strong>apostolos</strong></span> <span class='ocrx_word' id='word_1_777' title='bbox 549 2350 697 2378; x_wconf 86' lang='lat' dir='ltr'><strong>salubriter</strong></span> <span class='ocrx_word' id='word_1_778' title='bbox 711 2352 834 2378; x_wconf 84' lang='lat' dir='ltr'><strong>nuntiata</strong></span> <span class='ocrx_word' id='word_1_779' title='bbox 853 2357 927 2385; x_wconf 90' lang='lat' dir='ltr'><strong>sunt,</strong></span> <span class='ocrx_word' id='word_1_780' title='bbox 954 2352 1010 2380; x_wconf 85' lang='lat' dir='ltr'><strong>dis-</strong></span> 
     </span>
    </p>
   </div>
   <div class='ocr_carea' id='block_1_97' title="bbox 216 2393 1010 2429">
    <p class='ocr_par' dir='ltr' id='par_1_97' title="bbox 216 2393 1010 2429">
     <span class='ocr_line' id='line_1_97' title="bbox 216 2393 1010 2429; baseline 0.006 -9"><span class='ocrx_word' id='word_1_781' title='bbox 216 2401 335 2429; x_wconf 83' lang='lat' dir='ltr'><strong>crepans</strong></span> <span class='ocrx_word' id='word_1_782' title='bbox 363 2401 395 2420; x_wconf 86' lang='lat' dir='ltr'><strong>ac</strong></span> <span class='ocrx_word' id='word_1_783' title='bbox 423 2393 573 2422; x_wconf 83' lang='lat' dir='ltr'><strong>diversum.</strong></span> <span class='ocrx_word' id='word_1_784' title='bbox 608 2394 660 2423; x_wconf 87' lang='lat' dir='ltr'><strong>Sed</strong></span> <span class='ocrx_word' id='word_1_785' title='bbox 702 2395 831 2424; x_wconf 87' lang='lat' dir='ltr'><strong>nimirum</strong></span> <span class='ocrx_word' id='word_1_786' title='bbox 859 2397 1010 2426; x_wconf 77' lang='lat' dir='ltr'><strong>Anommus</strong></span> 
     </span>
    </p>
   </div>
   <div class='ocr_carea' id='block_1_98' title="bbox 216 2440 1008 2476">
    <p class='ocr_par' dir='ltr' id='par_1_98' title="bbox 216 2440 1008 2476">
     <span class='ocr_line' id='line_1_98' title="bbox 216 2440 1008 2476; baseline 0.005 -10"><span class='ocrx_word' id='word_1_787' title='bbox 216 2440 299 2476; x_wconf 69' lang='lat'><strong>923</strong></span> <span class='ocrx_word' id='word_1_788' title='bbox 315 2440 360 2467; x_wconf 90' lang='lat' dir='ltr'><strong>ille</strong></span> <span class='ocrx_word' id='word_1_789' title='bbox 376 2447 438 2467; x_wconf 90' lang='lat' dir='ltr'><strong>cum</strong></span> <span class='ocrx_word' id='word_1_790' title='bbox 456 2441 515 2468; x_wconf 86' lang='lat' dir='ltr'><strong>suis</strong></span> <span class='ocrx_word' id='word_1_791' title='bbox 529 2441 622 2468; x_wconf 83' lang='lat' dir='ltr'><strong>relicta</strong></span> <span class='ocrx_word' id='word_1_792' title='bbox 635 2441 758 2469; x_wconf 86' lang='lat' dir='ltr'><strong>veritatis</strong></span> <span class='ocrx_word' id='word_1_793' title='bbox 769 2443 823 2474; x_wconf 85' lang='lat' dir='ltr'><strong>via,</strong></span> <span class='ocrx_word' id='word_1_794' title='bbox 837 2442 871 2470; x_wconf 87' lang='lat' dir='ltr'><strong>ad</strong></span> <span class='ocrx_word' id='word_1_795' title='bbox 884 2451 1008 2470; x_wconf 82' lang='lat' dir='ltr'><strong>errorum</strong></span> 
     </span>
    </p>
   </div>
   <div class='ocr_carea' id='block_1_99' title="bbox 194 2483 1010 2523">
    <p class='ocr_par' dir='ltr' id='par_1_99' title="bbox 194 2483 1010 2523">
     <span class='ocr_line' id='line_1_99' title="bbox 194 2483 1010 2523; baseline 0.005 -11"><span class='ocrx_word' id='word_1_796' title='bbox 194 2483 380 2513; x_wconf 57' lang='lat' dir='ltr'><strong>&#39;divcrticula</strong></span> <span class='ocrx_word' id='word_1_797' title='bbox 410 2486 554 2513; x_wconf 83' lang='lat' dir='ltr'><strong>traductus</strong></span> <span class='ocrx_word' id='word_1_798' title='bbox 582 2490 645 2519; x_wconf 82' lang='lat' dir='ltr'><strong>est,</strong></span> <span class='ocrx_word' id='word_1_799' title='bbox 675 2495 874 2523; x_wconf 84' lang='lat' dir='ltr'><strong>perperamque</strong></span> <span class='ocrx_word' id='word_1_800' title='bbox 904 2488 1010 2517; x_wconf 85' lang='lat' dir='ltr'><strong>divinas</strong></span> 
     </span>
    </p>
   </div>
   <div class='ocr_carea' id='block_1_100' title="bbox 216 2531 1009 2570">
    <p class='ocr_par' dir='ltr' id='par_1_100' title="bbox 216 2531 1009 2570">
     <span class='ocr_line' id='line_1_100' title="bbox 216 2531 1009 2570; baseline 0.004 -10"><span class='ocrx_word' id='word_1_801' title='bbox 216 2531 370 2560; x_wconf 86' lang='lat' dir='ltr'><strong>sententias</strong></span> <span class='ocrx_word' id='word_1_802' title='bbox 384 2531 531 2560; x_wconf 79' lang='lat' dir='ltr'><strong>intellexn.</strong></span> <span class='ocrx_word' id='word_1_803' title='bbox 547 2532 586 2560; x_wconf 88' lang='lat' dir='ltr'><strong>Ita</strong></span> <span class='ocrx_word' id='word_1_804' title='bbox 601 2533 730 2570; x_wconf 75' lang='lat' dir='ltr'><strong>deinceps</strong></span> <span class='ocrx_word' id='word_1_805' title='bbox 749 2533 782 2561; x_wconf 91' lang='lat' dir='ltr'><strong>ad</strong></span> <span class='ocrx_word' id='word_1_806' title='bbox 797 2533 1009 2570; x_wconf 86' lang='lat' dir='ltr'><strong>disputationes,</strong></span> 
     </span>
    </p>
   </div>
   <div class='ocr_carea' id='block_1_101' title="bbox 216 2578 1010 2614">
    <p class='ocr_par' dir='ltr' id='par_1_101' title="bbox 216 2578 1010 2614">
     <span class='ocr_line' id='line_1_101' title="bbox 216 2578 1010 2614; baseline 0.005 -9"><span class='ocrx_word' id='word_1_807' title='bbox 216 2578 433 2614; x_wconf 80' lang='lat' dir='ltr'><strong>vocularumque</strong></span> <span class='ocrx_word' id='word_1_808' title='bbox 446 2578 659 2614; x_wconf 83' lang='lat' dir='ltr'><strong>disceptationes</strong></span> <span class='ocrx_word' id='word_1_809' title='bbox 684 2579 776 2609; x_wconf 83' lang='lat' dir='ltr'><strong>animo</strong></span> <span class='ocrx_word' id='word_1_810' title='bbox 798 2587 830 2608; x_wconf 89' lang='lat' dir='ltr'><strong>ac</strong></span> <span class='ocrx_word' id='word_1_811' title='bbox 855 2585 945 2608; x_wconf 87' lang='lat' dir='ltr'><strong>mente</strong></span> <span class='ocrx_word' id='word_1_812' title='bbox 965 2581 1010 2610; x_wconf 87' lang='lat' dir='ltr'><strong>isti</strong></span> 
     </span>
    </p>
   </div>
   <div class='ocr_carea' id='block_1_102' title="bbox 216 2624 1011 2657">
    <p class='ocr_par' dir='ltr' id='par_1_102' title="bbox 216 2624 1011 2657">
     <span class='ocr_line' id='line_1_102' title="bbox 216 2624 1011 2657; baseline 0.005 -5"><span class='ocrx_word' id='word_1_813' title='bbox 216 2624 345 2653; x_wconf 80' lang='lat' dir='ltr'><strong>conversi</strong></span> <span class='ocrx_word' id='word_1_814' title='bbox 356 2644 363 2657; x_wconf 82' lang='lat'><em>.</em></span> <span class='ocrx_word' id='word_1_815' title='bbox 381 2632 397 2652; x_wconf 88' lang='lat' dir='ltr'><strong>a</strong></span> <span class='ocrx_word' id='word_1_816' title='bbox 412 2624 528 2655; x_wconf 84' lang='lat' dir='ltr'><strong>veritate</strong></span> <span class='ocrx_word' id='word_1_817' title='bbox 546 2626 712 2657; x_wconf 80' lang='lat' dir='ltr'><strong>resilientes.</strong></span> <span class='ocrx_word' id='word_1_818' title='bbox 728 2626 887 2655; x_wconf 75' lang='lat' dir='ltr'><strong>cmlestibns</strong></span> <span class='ocrx_word' id='word_1_819' title='bbox 901 2628 1011 2656; x_wconf 82' lang='lat' dir='ltr'><strong>excide-</strong></span> 
     </span>
    </p>
   </div>
   <div class='ocr_carea' id='block_1_103' title="bbox 217 2671 1011 2707">
    <p class='ocr_par' dir='ltr' id='par_1_103' title="bbox 217 2671 1011 2707">
     <span class='ocr_line' id='line_1_103' title="bbox 217 2671 1011 2707; baseline 0.004 -9"><span class='ocrx_word' id='word_1_820' title='bbox 217 2675 292 2698; x_wconf 87' lang='lat' dir='ltr'><strong>runt.</strong></span> <span class='ocrx_word' id='word_1_821' title='bbox 310 2671 362 2706; x_wconf 86' lang='lat' dir='ltr'><strong>Qui</strong></span> <span class='ocrx_word' id='word_1_822' title='bbox 378 2671 401 2699; x_wconf 90' lang='lat' dir='ltr'><strong>si</strong></span> <span class='ocrx_word' id='word_1_823' title='bbox 417 2671 604 2707; x_wconf 77' lang='lat' dir='ltr'><strong>evangelicum</strong></span> <span class='ocrx_word' id='word_1_824' title='bbox 620 2672 708 2699; x_wconf 80' lang='lat' dir='ltr'><strong>lucem</strong></span> <span class='ocrx_word' id='word_1_825' title='bbox 725 2673 863 2700; x_wconf 83' lang='lat' dir='ltr'><strong>tuentibus</strong></span> <span class='ocrx_word' id='word_1_826' title='bbox 882 2673 941 2701; x_wconf 88' lang='lat' dir='ltr'><strong>suis</strong></span> <span class='ocrx_word' id='word_1_827' title='bbox 961 2673 1011 2701; x_wconf 82' lang='lat' dir='ltr'><strong>ad-</strong></span> 
     </span>
    </p>
   </div>
   <div class='ocr_carea' id='block_1_104' title="bbox 217 2718 1011 2758">
    <p class='ocr_par' dir='ltr' id='par_1_104' title="bbox 217 2718 1011 2758">
     <span class='ocr_line' id='line_1_104' title="bbox 217 2718 1011 2758; baseline -0.004 -14"><span class='ocrx_word' id='word_1_828' title='bbox 217 2718 328 2746; x_wconf 86' lang='lat' dir='ltr'><strong>mittere</strong></span> <span class='ocrx_word' id='word_1_829' title='bbox 344 2719 492 2758; x_wconf 70' lang='lat' dir='ltr'><strong>voluerint,</strong></span> <span class='ocrx_word' id='word_1_830' title='bbox 516 2718 552 2746; x_wconf 83' lang='lat' dir='ltr'><strong>ab</strong></span> <span class='ocrx_word' id='word_1_831' title='bbox 572 2726 737 2754; x_wconf 84' lang='lat' dir='ltr'><strong>unaquaque</strong></span> <span class='ocrx_word' id='word_1_832' title='bbox 752 2719 948 2754; x_wconf 84' lang='lat' dir='ltr'><strong>propemodum</strong></span> <span class='ocrx_word' id='word_1_833' title='bbox 969 2721 1011 2748; x_wconf 94' lang='lat' dir='ltr'><strong>di-</strong></span> 
     </span>
    </p>
   </div>
   <div class='ocr_carea' id='block_1_105' title="bbox 219 2763 1011 2801">
    <p class='ocr_par' dir='ltr' id='par_1_105' title="bbox 219 2763 1011 2801">
     <span class='ocr_line' id='line_1_105' title="bbox 219 2763 1011 2801; baseline 0.003 -9"><span class='ocrx_word' id='word_1_834' title='bbox 219 2765 312 2793; x_wconf 78' lang='lat' dir='ltr'><strong>ctione</strong></span> <span class='ocrx_word' id='word_1_835' title='bbox 339 2765 509 2793; x_wconf 76' lang='lat' dir='ltr'><strong>refellentur.</strong></span> <span class='ocrx_word' id='word_1_836' title='bbox 534 2763 674 2801; x_wconf 85' lang='lat' dir='ltr'><strong>Nusquam</strong></span> <span class='ocrx_word' id='word_1_837' title='bbox 692 2766 764 2793; x_wconf 88' lang='lat' dir='ltr'><strong>enim</strong></span> <span class='ocrx_word' id='word_1_838' title='bbox 785 2766 882 2794; x_wconf 70' lang='lat' dir='ltr'><strong>unicus</strong></span> <span class='ocrx_word' id='word_1_839' title='bbox 897 2765 946 2794; x_wconf 58' lang='lat' dir='ltr'><strong>Dei</strong></span> <span class='ocrx_word' id='word_1_840' title='bbox 967 2767 1011 2794; x_wconf 85' lang='lat' dir='ltr'><strong>Fi-</strong></span> 
     </span>
    </p>
   </div>
   <div class='ocr_carea' id='block_1_106' title="bbox 258 2845 970 2883">
    <p class='ocr_par' dir='ltr' id='par_1_106' title="bbox 258 2845 970 2883">
     <span class='ocr_line' id='line_1_106' title="bbox 258 2845 970 2883; baseline 0.018 -12"><span class='ocrx_word' id='word_1_841' title='bbox 258 2845 548 2879; x_wconf 66' lang='lat' dir='ltr'><strong>‘M.tltlt.xxvltt,19.</strong></span> <span class='ocrx_word' id='word_1_842' title='bbox 589 2845 725 2873; x_wconf 57' lang='lat' dir='ltr'><strong>&#39;l“.&#39;;5;’.</strong></span> <span class='ocrx_word' id='word_1_843' title='bbox 764 2845 970 2883; x_wconf 53' lang='grc' dir='ltr'><strong>’ϐλιλῐῐκτήρο</strong></span> 
     </span>
    </p>
   </div>
   <div class='ocr_carea' id='block_1_107' title="bbox 1061 2259 1854 2296">
    <p class='ocr_par' dir='ltr' id='par_1_107' title="bbox 1061 2259 1854 2296">
     <span class='ocr_line' id='line_1_107' title="bbox 1061 2259 1854 2296; baseline -0.003 -8"><span class='ocrx_word' id='word_1_844' title='bbox 1061 2261 1146 2294; x_wconf 80' lang='grc' dir='ltr'>θείας,</span> <span class='ocrx_word' id='word_1_845' title='bbox 1164 2261 1336 2296; x_wconf 74' lang='grc' dir='ltr'>ἐτράπησαν,</span> <span class='ocrx_word' id='word_1_846' title='bbox 1349 2261 1441 2293; x_wconf 74' lang='grc' dir='ltr'>κακῶς</span> <span class='ocrx_word' id='word_1_847' title='bbox 1456 2261 1506 2292; x_wconf 88' lang='grc' dir='ltr'>τὰς</span> <span class='ocrx_word' id='word_1_848' title='bbox 1520 2259 1587 2287; x_wconf 86' lang='grc' dir='ltr'>Θεοῦ</span> <span class='ocrx_word' id='word_1_849' title='bbox 1604 2261 1698 2296; x_wconf 76' lang='grc' dir='ltr'>ῥήσεις</span> <span class='ocrx_word' id='word_1_850' title='bbox 1712 2260 1854 2295; x_wconf 70' lang='grc' dir='ltr'>ἐπινενοη-</span> 
     </span>
    </p>
   </div>
   <div class='ocr_carea' id='block_1_108' title="bbox 1060 2306 1854 2342">
    <p class='ocr_par' dir='ltr' id='par_1_108' title="bbox 1060 2306 1854 2342">
     <span class='ocr_line' id='line_1_108' title="bbox 1060 2306 1854 2342; baseline -0.003 -8"><span class='ocrx_word' id='word_1_851' title='bbox 1060 2307 1148 2340; x_wconf 79' lang='grc' dir='ltr'>κότες.</span> <span class='ocrx_word' id='word_1_852' title='bbox 1168 2307 1224 2334; x_wconf 84' lang='lat' dir='ltr'><strong>Kal</strong></span> <span class='ocrx_word' id='word_1_853' title='bbox 1238 2307 1331 2334; x_wconf 62' lang='grc' dir='ltr'>λοιπὸν</span> <span class='ocrx_word' id='word_1_854' title='bbox 1344 2308 1383 2339; x_wconf 83' lang='grc' dir='ltr'><strong>είς</strong></span> <span class='ocrx_word' id='word_1_855' title='bbox 1396 2306 1589 2342; x_wconf 77' lang='grc' dir='ltr'>διαλογισμοὺς</span> <span class='ocrx_word' id='word_1_856' title='bbox 1605 2307 1652 2333; x_wconf 79' lang='grc' dir='ltr'><strong>καὶ</strong></span> <span class='ocrx_word' id='word_1_857' title='bbox 1671 2307 1711 2338; x_wconf 76' lang='grc' dir='ltr'><strong>εἰς</strong></span> <span class='ocrx_word' id='word_1_858' title='bbox 1725 2306 1854 2341; x_wconf 76' lang='grc' dir='ltr'>διαλογὰς</span> 
     </span>
    </p>
   </div>
   <div class='ocr_carea' id='block_1_109' title="bbox 1060 2352 1854 2390">
    <p class='ocr_par' dir='ltr' id='par_1_109' title="bbox 1060 2352 1854 2390">
     <span class='ocr_line' id='line_1_109' title="bbox 1060 2352 1854 2390; baseline -0.003 -9"><span class='ocrx_word' id='word_1_859' title='bbox 1060 2354 1160 2388; x_wconf 79' lang='grc' dir='ltr'>λέξεων</span> <span class='ocrx_word' id='word_1_860' title='bbox 1180 2354 1421 2390; x_wconf 76' lang='grc' dir='ltr'>παρεκτρέψαντες</span> <span class='ocrx_word' id='word_1_861' title='bbox 1445 2353 1491 2380; x_wconf 81' lang='grc' dir='ltr'>τὸν</span> <span class='ocrx_word' id='word_1_862' title='bbox 1515 2352 1589 2385; x_wconf 86' lang='grc' dir='ltr'>νοῦν,</span> <span class='ocrx_word' id='word_1_863' title='bbox 1606 2352 1790 2388; x_wconf 74' lang='grc' dir='ltr'>ἁπεπήδησαν</span> <span class='ocrx_word' id='word_1_864' title='bbox 1804 2352 1854 2388; x_wconf 86' lang='grc' dir='ltr'>τῆς</span> 
     </span>
    </p>
   </div>
   <div class='ocr_carea' id='block_1_110' title="bbox 1060 2398 1854 2436">
    <p class='ocr_par' dir='ltr' id='par_1_110' title="bbox 1060 2398 1854 2436">
     <span class='ocr_line' id='line_1_110' title="bbox 1060 2398 1854 2436; baseline -0.004 -9"><span class='ocrx_word' id='word_1_865' title='bbox 1060 2400 1199 2436; x_wconf 71' lang='grc' dir='ltr'>ἀληθείας.</span> <span class='ocrx_word' id='word_1_866' title='bbox 1217 2400 1264 2427; x_wconf 78' lang='grc' dir='ltr'>καὶ</span> <span class='ocrx_word' id='word_1_867' title='bbox 1286 2399 1415 2432; x_wconf 79' lang='grc' dir='ltr'>ἐξέπεσον</span> <span class='ocrx_word' id='word_1_868' title='bbox 1432 2398 1487 2426; x_wconf 81' lang='grc' dir='ltr'>τῶν</span> <span class='ocrx_word' id='word_1_869' title='bbox 1509 2398 1689 2434; x_wconf 77' lang='grc' dir='ltr'>ἐπουρανίων.</span> <span class='ocrx_word' id='word_1_870' title='bbox 1705 2399 1787 2426; x_wconf 81' lang='grc' dir='ltr'>Πᾶσα</span> <span class='ocrx_word' id='word_1_871' title='bbox 1801 2398 1854 2435; x_wconf 78' lang='grc' dir='ltr'><strong>γὰρ</strong></span> 
     </span>
    </p>
   </div>
   <div class='ocr_carea' id='block_1_111' title="bbox 1060 2445 1854 2481">
    <p class='ocr_par' dir='ltr' id='par_1_111' title="bbox 1060 2445 1854 2481">
     <span class='ocr_line' id='line_1_111' title="bbox 1060 2445 1854 2481; baseline -0.003 -7"><span class='ocrx_word' id='word_1_872' title='bbox 1060 2447 1134 2480; x_wconf 78' lang='grc' dir='ltr'>λέξις</span> <span class='ocrx_word' id='word_1_873' title='bbox 1157 2446 1262 2481; x_wconf 80' lang='grc' dir='ltr'>ἐλέγξει</span> <span class='ocrx_word' id='word_1_874' title='bbox 1286 2446 1399 2479; x_wconf 76' lang='grc' dir='ltr'>αὐτοὺς,</span> <span class='ocrx_word' id='word_1_875' title='bbox 1419 2445 1468 2472; x_wconf 78' lang='grc' dir='ltr'>ἐὰν</span> <span class='ocrx_word' id='word_1_876' title='bbox 1487 2445 1586 2472; x_wconf 81' lang='grc' dir='ltr'>θέλωσι</span> <span class='ocrx_word' id='word_1_877' title='bbox 1599 2445 1646 2472; x_wconf 81' lang='grc' dir='ltr'><strong>τὸν</strong></span> <span class='ocrx_word' id='word_1_878' title='bbox 1665 2446 1772 2472; x_wconf 78' lang='grc' dir='ltr'>ἑαυτῶν</span> <span class='ocrx_word' id='word_1_879' title='bbox 1792 2445 1854 2472; x_wconf 74' lang='grc' dir='ltr'>νοῦν</span> 
     </span>
    </p>
   </div>
   <div class='ocr_carea' id='block_1_112' title="bbox 1061 2490 1854 2528">
    <p class='ocr_par' dir='ltr' id='par_1_112' title="bbox 1061 2490 1854 2528">
     <span class='ocr_line' id='line_1_112' title="bbox 1061 2490 1854 2528; baseline -0.004 -8"><span class='ocrx_word' id='word_1_880' title='bbox 1061 2493 1153 2520; x_wconf 79' lang='grc' dir='ltr'>δοῦναι</span> <span class='ocrx_word' id='word_1_881' title='bbox 1165 2493 1205 2525; x_wconf 80' lang='grc' dir='ltr'><strong>είς</strong></span> <span class='ocrx_word' id='word_1_882' title='bbox 1215 2491 1358 2528; x_wconf 77' lang='grc' dir='ltr'>φωτισμὸν</span> <span class='ocrx_word' id='word_1_883' title='bbox 1368 2491 1416 2518; x_wconf 85' lang='grc' dir='ltr'>τοῦ</span> <span class='ocrx_word' id='word_1_884' title='bbox 1431 2490 1609 2525; x_wconf 84' lang='grc' dir='ltr'>Εὑαγγελίου.</span> <span class='ocrx_word' id='word_1_885' title='bbox 1618 2490 1755 2526; x_wconf 71' lang='grc' dir='ltr'><strong>οὐδαμοῦ</strong></span> <span class='ocrx_word' id='word_1_886' title='bbox 1775 2491 1830 2526; x_wconf 79' lang='grc' dir='ltr'>γὰρ</span> <span class='ocrx_word' id='word_1_887' title='bbox 1841 2492 1854 2517; x_wconf 85' lang='grc' dir='ltr'><strong>ό</strong></span> 
     </span>
    </p>
   </div>
   <div class='ocr_carea' id='block_1_113' title="bbox 1061 2537 1853 2574">
    <p class='ocr_par' dir='ltr' id='par_1_113' title="bbox 1061 2537 1853 2574">
     <span class='ocr_line' id='line_1_113' title="bbox 1061 2537 1853 2574; baseline -0.004 -8"><span class='ocrx_word' id='word_1_888' title='bbox 1061 2539 1217 2574; x_wconf 81' lang='grc' dir='ltr'>Μονογενὴς</span> <span class='ocrx_word' id='word_1_889' title='bbox 1231 2538 1316 2573; x_wconf 85' lang='grc' dir='ltr'>λέγει,</span> <span class='ocrx_word' id='word_1_890' title='bbox 1331 2537 1422 2564; x_wconf 82' lang='grc' dir='ltr'>καίτοι</span> <span class='ocrx_word' id='word_1_891' title='bbox 1432 2545 1464 2571; x_wconf 88' lang='grc' dir='ltr'><strong>γε</strong></span> <span class='ocrx_word' id='word_1_892' title='bbox 1481 2538 1509 2564; x_wconf 77' lang='grc' dir='ltr'>ὲν</span> <span class='ocrx_word' id='word_1_893' title='bbox 1523 2537 1605 2574; x_wconf 76' lang='grc' dir='ltr'>σαρκὶ</span> <span class='ocrx_word' id='word_1_894' title='bbox 1620 2537 1853 2573; x_wconf 78' lang='grc' dir='ltr'>παραγενόμενος,</span> 
     </span>
    </p>
   </div>
   <div class='ocr_carea' id='block_1_114' title="bbox 1061 2583 1854 2620">
    <p class='ocr_par' dir='ltr' id='par_1_114' title="bbox 1061 2583 1854 2620">
     <span class='ocr_line' id='line_1_114' title="bbox 1061 2583 1854 2620; baseline -0.004 -8"><span class='ocrx_word' id='word_1_895' title='bbox 1061 2586 1102 2613; x_wconf 77' lang='grc' dir='ltr'>ὃτι</span> <span class='ocrx_word' id='word_1_896' title='bbox 1132 2586 1161 2612; x_wconf 89' lang='lat'>&#39;0</span> <span class='ocrx_word' id='word_1_897' title='bbox 1185 2585 1282 2617; x_wconf 78' lang='grc' dir='ltr'>κτίσας</span> <span class='ocrx_word' id='word_1_898' title='bbox 1314 2593 1348 2620; x_wconf 79' lang='grc' dir='ltr'>με</span> <span class='ocrx_word' id='word_1_899' title='bbox 1377 2584 1473 2620; x_wconf 85' lang='grc' dir='ltr'>Πατὴρ</span> <span class='ocrx_word' id='word_1_900' title='bbox 1497 2583 1654 2611; x_wconf 67' lang='grc' dir='ltr'>ἀπέσταλκε</span> <span class='ocrx_word' id='word_1_901' title='bbox 1682 2591 1732 2618; x_wconf 84' lang='grc' dir='ltr'>με·</span> <span class='ocrx_word' id='word_1_902' title='bbox 1756 2584 1817 2610; x_wconf 80' lang='grc' dir='ltr'>οὐδὲ</span> <span class='ocrx_word' id='word_1_903' title='bbox 1841 2583 1854 2609; x_wconf 84' lang='grc' dir='ltr'><strong>ό</strong></span> 
     </span>
    </p>
   </div>
   <div class='ocr_carea' id='block_1_115' title="bbox 1063 2630 1854 2667">
    <p class='ocr_par' dir='ltr' id='par_1_115' title="bbox 1063 2630 1854 2667">
     <span class='ocr_line' id='line_1_115' title="bbox 1063 2630 1854 2667; baseline -0.005 -8"><span class='ocrx_word' id='word_1_904' title='bbox 1063 2631 1182 2667; x_wconf 82' lang='grc' dir='ltr'>Σωτήρ³</span> <span class='ocrx_word' id='word_1_905' title='bbox 1198 2640 1249 2659; x_wconf 81' lang='grc' dir='ltr'><strong>που</strong></span> <span class='ocrx_word' id='word_1_906' title='bbox 1275 2632 1304 2658; x_wconf 76' lang='grc' dir='ltr'>ἐν</span> <span class='ocrx_word' id='word_1_907' title='bbox 1329 2630 1369 2666; x_wconf 83' lang='grc' dir='ltr'>τῷ</span> <span class='ocrx_word' id='word_1_908' title='bbox 1393 2630 1552 2666; x_wconf 80' lang='grc' dir='ltr'>Εὑαγγελίῳ</span> <span class='ocrx_word' id='word_1_909' title='bbox 1576 2630 1720 2666; x_wconf 75' lang='grc' dir='ltr'>διελέχθη,</span> <span class='ocrx_word' id='word_1_910' title='bbox 1739 2630 1802 2656; x_wconf 70' lang='grc' dir='ltr'>οὐδὲ</span> <span class='ocrx_word' id='word_1_911' title='bbox 1827 2630 1854 2655; x_wconf 81' lang='grc' dir='ltr'>ὲν</span> 
     </span>
    </p>
   </div>
   <div class='ocr_carea' id='block_1_116' title="bbox 1063 2675 1852 2713">
    <p class='ocr_par' dir='ltr' id='par_1_116' title="bbox 1063 2675 1852 2713">
     <span class='ocr_line' id='line_1_116' title="bbox 1063 2675 1852 2713; baseline -0.004 -9"><span class='ocrx_word' id='word_1_912' title='bbox 1063 2678 1170 2713; x_wconf 78' lang='grc' dir='ltr'>Παλαιᾷ</span> <span class='ocrx_word' id='word_1_913' title='bbox 1186 2677 1320 2713; x_wconf 81' lang='grc' dir='ltr'><strong>Διαθήκῃ.</strong></span> <span class='ocrx_word' id='word_1_914' title='bbox 1339 2677 1380 2704; x_wconf 85' lang='grc' dir='ltr'>ὅτι</span> <span class='ocrx_word' id='word_1_915' title='bbox 1400 2677 1515 2704; x_wconf 81' lang='grc' dir='ltr'>Ἐκτισα</span> <span class='ocrx_word' id='word_1_916' title='bbox 1535 2677 1600 2712; x_wconf 80' lang='grc' dir='ltr'>ὑμῖν</span> <span class='ocrx_word' id='word_1_917' title='bbox 1623 2676 1670 2702; x_wconf 81' lang='grc' dir='ltr'><strong>τὸν</strong></span> <span class='ocrx_word' id='word_1_918' title='bbox 1689 2675 1765 2707; x_wconf 64' lang='grc' dir='ltr'><strong>Υιδν,</strong></span> <span class='ocrx_word' id='word_1_919' title='bbox 1785 2675 1852 2707; x_wconf 78' lang='grc' dir='ltr'>ἀλλ’,</span> 
     </span>
    </p>
   </div>
   <div class='ocr_carea' id='block_1_117' title="bbox 1069 2721 1853 2758">
    <p class='ocr_par' dir='ltr' id='par_1_117' title="bbox 1069 2721 1853 2758">
     <span class='ocr_line' id='line_1_117' title="bbox 1069 2721 1853 2758; baseline -0.003 -8"><span class='ocrx_word' id='word_1_920' title='bbox 1069 2724 1096 2749; x_wconf 90' lang='lat'><strong>&#39;0</strong></span> <span class='ocrx_word' id='word_1_921' title='bbox 1120 2723 1222 2758; x_wconf 80' lang='grc' dir='ltr'>Πατήρ</span> <span class='ocrx_word' id='word_1_922' title='bbox 1244 2732 1284 2758; x_wconf 74' lang='grc' dir='ltr'>με</span> <span class='ocrx_word' id='word_1_923' title='bbox 1305 2723 1484 2750; x_wconf 75' lang='grc' dir='ltr'>ἀπέστειλε·</span> <span class='ocrx_word' id='word_1_924' title='bbox 1500 2723 1561 2755; x_wconf 73' lang='grc' dir='ltr'><strong>καὶ,</strong></span> <span class='ocrx_word' id='word_1_925' title='bbox 1593 2723 1644 2750; x_wconf 73' lang='grc' dir='ltr'><strong>Ἐκ</strong></span> <span class='ocrx_word' id='word_1_926' title='bbox 1666 2721 1720 2749; x_wconf 78' lang='grc' dir='ltr'>τοῦ</span> <span class='ocrx_word' id='word_1_927' title='bbox 1740 2721 1853 2755; x_wconf 66' lang='grc' dir='ltr'>Πατρός</span> 
     </span>
    </p>
   </div>
   <div class='ocr_carea' id='block_1_118' title="bbox 1063 2768 1851 2805">
    <p class='ocr_par' dir='ltr' id='par_1_118' title="bbox 1063 2768 1851 2805">
     <span class='ocr_line' id='line_1_118' title="bbox 1063 2768 1851 2805; baseline -0.003 -8"><span class='ocrx_word' id='word_1_928' title='bbox 1063 2769 1207 2805; x_wconf 64' lang='grc' dir='ltr'><strong>ἐξῆλθον,</strong></span> <span class='ocrx_word' id='word_1_929' title='bbox 1232 2769 1282 2797; x_wconf 77' lang='grc' dir='ltr'><strong>καὶ</strong></span> <span class='ocrx_word' id='word_1_930' title='bbox 1313 2769 1391 2803; x_wconf 62' lang='grc' dir='ltr'><strong>ἥκωη</strong></span> <span class='ocrx_word' id='word_1_931' title='bbox 1411 2770 1473 2803; x_wconf 77' lang='grc' dir='ltr'><strong>καὶ,</strong></span> <span class='ocrx_word' id='word_1_932' title='bbox 1490 2769 1516 2796; x_wconf 90' lang='lat'><strong>&#39;0</strong></span> <span class='ocrx_word' id='word_1_933' title='bbox 1534 2769 1576 2797; x_wconf 82' lang='grc' dir='ltr'><strong>ῶν</strong></span> <span class='ocrx_word' id='word_1_934' title='bbox 1596 2770 1640 2803; x_wconf 78' lang='grc' dir='ltr'>εἰς</span> <span class='ocrx_word' id='word_1_935' title='bbox 1662 2768 1715 2796; x_wconf 80' lang='grc' dir='ltr'><strong>τὸν</strong></span> <span class='ocrx_word' id='word_1_936' title='bbox 1738 2769 1851 2796; x_wconf 63' lang='grc' dir='ltr'><strong>κόλποι·</strong></span> 
     </span>
    </p>
   </div>
  </div>
