1931 3041
90 81 144 110 535

432 85 616 113 ADVERSUS
636 87 804 115 ll/ERESES
824 87 887 115 LIB.
901 88 943 116 Ill.
956 88 1036 116 TOM.
1058 88 1077 116 l.
1097 104 1125 110 —
1144 88 1280 116 ﬂ/EliES.
1302 88 1415 116 LXXVI.

1660 92 1715 119 55$

89 138 145 165 τοῦ
165 139 296 174 Πατρός-⁸
319 141 376 173 καὶ,
399 141 431 168 ’0
455 143 549 177 Λόγος
569 141 609 178 ἦν
627 144 700 178 πρὸς
719 145 772 172 τὸν
792 145 876 177 Θεὸν.

941 146 993 179 ius,
1019 147 1100 174 etiam
1123 151 1184 182 post
1208 151 1375 182 assumptam
1398 146 1516 174 hominis
1532 154 1654 178 carnem.
1675 149 1713 176 ita

90 185 140 211 καὶ
155 185 229 218 Θεὸς
250 184 290 221 ἦν
312 188 329 214 ὀ
355 187 456 222 Λόγος.
479 189 533 215 Καὶ
558 189 642 215 πολλὰ
660 189 718 216 ἐστι
744 191 808 226 περὶ
830 192 881 226 τῆς

90 230 173 266 ἡμῶν
190 231 327 267 σωτηρίας
344 233 522 269 κατανοῆσαι,
543 235 590 261 καὶ
608 235 645 270 μὴ
661 236 880 271 συναρπάζεσθαι

89 277 146 303 ἀπὸ
155 277 207 312 τῆς
217 277 264 304 τοῦ
279 278 404 305 διαϐόλου
417 279 512 306 τούτου
526 281 687 317 κυδευτικῆς
696 282 878 313 διδασκαλίας.

96 322 128 349 '0
138 322 194 359 γὰρ
205 323 338 356 διάϐολος,
349 323 508 361 βουλόμενος
519 327 650 353 ἀπολέσαι
662 327 693 353 τὸ
707 327 762 354 τῶν
775 327 880 364 ἀνθρώ-

91 377 152 395 πων
165 369 254 403 γένος,
272 369 362 405 φθόνῳ
376 372 556 407 κατεχόμενος
571 372 638 407 πρὸς
651 372 700 408 τὴν
712 372 760 399 τοῦ
773 371 879 409 ἀνθρώ-

89 423 142 442 που
157 414 247 447 δόξαν,
261 419 384 452 μηχανάς
399 417 530 452 ἐπενόησε
545 417 703 453 διαφόρους
723 419 753 445 τὺ
773 418 882 454 πρῶτον

91 460 142 495 μὲν
156 461 202 487 διὰ
217 461 267 496 τῆς
289 462 408 495 ἀγνοίας,
424 463 454 490 τὸ
468 463 594 498 δεύτερον
610 463 638 490 δὲ
651 463 697 490 διὰ
711 464 761 499 τῆς
774 463 881 490 είδωλο-

89 506 231 542 λατρείας,
252 507 346 534 ἄλλοτε
369 508 398 534 δὲ
415 508 459 535 διὰ
477 509 675 544 κακοτροπίας,
694 510 752 536 νυνὶ
776 509 805 536 δὲ
826 510 882 536 εἰσ-

90 551 207 586 ύστερον
221 552 266 579 διὰ
282 553 332 588 τῆς
347 553 452 589 πλάνης
468 554 515 580 καὶ
531 555 639 590 ἀπάτης
654 554 708 582 τῶν
727 554 861 590 αἱρέσεων
872 563 880 570 ·

89 597 134 623 ἵνα
149 598 320 633 πανταχόθεν
339 600 516 635 καταστρέψῃ
530 600 575 627 τὸν
589 600 733 635 ἄνθρωπον
750 601 805 627 ἀπὸ
826 600 882 628 τῶν

88 642 157 669 ὲπου
161 643 272 678 ρανίων.

930 196 1038 222 loculus
1052 199 1093 222 est
1110 203 1117 221 :
1135 195 1186 228 Qui
1201 195 1304 223 creavit
1316 203 1358 222 me
1368 195 1448 223 Pater
1459 195 1535 223 misit
1549 204 1608 230 me;
1623 205 1714 231 neque

930 244 976 267 aut
993 241 1020 267 in
1036 239 1192 275 Evangelio,
1210 244 1257 267 aut
1274 241 1300 267 in
1319 240 1416 268 Vetere
1443 241 1620 274 Testamento
1635 241 1733 269 Pater"

931 293 1050 319 unquam
1072 285 1105 311 ad
1119 293 1181 312 eum
1200 285 1309 312 modum
1335 285 1466 312 disseruit
1488 294 1495 312 :
1518 284 1613 312 Creavi
1638 285 1715 312 vobis

930 329 1044 363 Filium;
1061 330 1119 363 sed.
1133 329 1209 357 Misit
1222 338 1262 357 me
1276 330 1355 357 Pater
1366 331 1372 346 ¹
1384 339 1392 363 ;
1404 333 1449 357 et:
1467 330 1542 357 Exivi
1555 338 1571 356 α
1586 329 1678 360 Patre.
1690 335 1716 356 et

928 375 1032 408 vado”;
1048 375 1111 403 item
1127 385 1133 402 ε
1151 375 1203 408 Qui
1217 381 1256 402 est
1270 375 1298 402 in
1311 376 1371 402 sinu
1388 375 1479 402 Patris
1490 375 1518 408 '-,
1533 379 1560 402 et
1574 384 1580 402 :
1605 374 1715 402 Verbum

928 422 987 446 erat
1008 419 1079 452 apud
1105 418 1202 451 Deum.
1223 424 1248 446 et
1269 418 1340 446 Deus
1367 424 1425 447 erat
1452 419 1592 446 Verbum‘.
1608 419 1716 451 inﬁnita

930 469 1004 496 sunt,
1025 472 1086 500 qua:
1104 464 1137 492 de
1155 465 1253 493 salutis
1268 469 1369 493 nostra:
1392 465 1530 500 mysteriis
1544 466 1636 493 animo
1650 473 1717 493 con-

930 509 983 544 cipi
1001 514 1135 544 possunt.
1169 517 1203 537 ne
1226 517 1278 538 nos
1292 511 1393 538 diaboli
1419 511 1498 538 istius
1518 511 1716 546 praestigiarum

932 556 1094 591 artiﬁciique
1119 557 1197 592 plena
1221 557 1345 584 doctrina
1373 558 1581 586 circumveniat.
1612 558 1718 593 Quippe

932 599 1058 627 diabolus
1081 600 1210 634 perdendi
1227 601 1335 635 generis
1358 601 1469 628 humani
1495 602 1622 636 cupidus.
1643 603 1717 636 ejus,

932 645 1048 680 demque
1062 646 1156 681 gloria
1172 647 1296 675 invidens
1310 647 1401 675 varias
1424 647 1544 674 admovit
1563 649 1723 680 machinas;

90 688 212 722 primum
236 690 418 724 ignorantiae,
439 694 497 718 tum
525 691 694 725 idololatria,
723 696 785 727 post
800 692 869 720 ‘lnee
895 691 1101 726 improbitatis:
1126 692 1179 719 hoc
1199 700 1264 719 vero
1286 693 1416 727 deinceps
1440 698 1560 728 tempore
1586 693 1726 721 haereticis

89 735 253 763 calliditatis
276 740 303 763 et
324 737 438 769 erroris,
468 741 498 765 ut
511 746 675 774 quacunque
694 739 802 766 ratione
818 741 911 773 posset
926 738 1063 765 hominem
1077 745 1093 766 ο
1111 738 1182 765 ccelo
1198 738 1341 773 dejicerct.

127 780 155 807 l'.
178 780 252 807 Πόσα
264 779 311 808 οὖν
326 781 430 817 ἰσχύσει
444 783 459 809 6
473 782 536 814 νοῦς
548 783 598 818 τῆς
612 783 691 818 ἡμῶν
704 783 880 818 μετριότητος

968 782 1002 808 Χ.
1023 782 1109 816 Quam
1135 783 1218 810 multa
1245 791 1310 810 vero
1329 788 1410 816 sunt,
1436 791 1453 810 0
1479 784 1624 817 Anomcee,
1662 792 1720 819 qua

90 826 180 851 εἰπεῖν
197 825 264 860 πρὸς
284 826 324 857 σὲ,
348 824 371 853 ὦ
391 827 529 862 ’Ᾱνόμοιεί
546 828 645 860 Καλῶς
666 828 721 863 γὰρ
745 828 881 864 Ἀνόμοιος

938 827 1063 856 Idversus
1077 832 1153 855 tuum
1169 828 1234 855 illud
1249 829 1346 864 dogma
1359 829 1458 865 ingenii
1475 831 1560 857 nostri
1573 830 1719 857 mcdioeri—

90 871 248 907 τυγχάνεις,
265 873 280 899 ό
302 873 349 899 καὶ
372 874 427 900 ἀπὸ
446 874 501 901 τῶν
519 874 671 910 ἀνθρώπων
685 875 748 907 τοὺς
765 875 882 911 τρόπους

92 918 138 944 καὶ
155 918 204 953 τὴν
219 918 338 946 διάνοιαν
355 920 547 955 παρεκτρέψας
567 921 621 947 τῶν
640 921 688 956 τὴν
710 921 817 948 σύνεσιν
833 921 882 948 τοῦ

91 964 159 990 Θεοῦ
178 965 363 1001 κεκτημένων,
379 967 427 993 καὶ
446 966 496 1002 τὴν
513 967 605 994 ¹ιιτίσιιτιν
620 967 737 1002 ἐχόντων
752 968 801 1003 τῆς
814 969 881 1003 ἀλη-

91 1007 178 1040 θείας.
192 1009 230 1036 Οὔ
242 1009 296 1045 γὰρ
307 1012 346 1043 εἰς
357 1011 459 1045 ἀγαθὸν
473 1012 613 1048 προκόψας
627 1013 752 1048 ἀνόμοιος
767 1014 883 1048 γέγονας

91 1054 258 1089 ἀνθρώποις,
280 1056 337 1083 ἀλλ’
361 1057 393 1083 ἐκ
416 1057 466 1093 τῆς
489 1058 549 1085 ὀδοῦ
566 1059 615 1093 τῆς
629 1059 758 1094 ἀληθείας
778 1067 882 1093 παρεκ-

93 1099 205 1132 κλίνας,
230 1102 356 1137 ἀνόμοιος
383 1103 477 1137 ἐγένου
502 1103 557 1130 τῶν
579 1103 645 1130 υἱῶν
666 1104 716 1138 τῆς
744 1103 791 1130 τοῦ
813 1104 882 1130 Θεοῦ

99 1145 275 1182 Ἑκκλησίας,
291 1148 427 1183 πρόφασιν
449 1149 539 1176 λαϐὼν
552 1149 598 1176 τὸν
616 1149 680 1176 Υίὸν
694 1148 742 1175 τοῦ
755 1149 822 1176 Θεοῦ
836 1149 883 1176 τὸν

93 1191 165 1218 κατὰ
184 1191 230 1219 τὸν
249 1193 333 1219 αὑτοῦ
350 1195 461 1230 Πατέρα
486 1195 562 1228 ὂντα,
588 1195 636 1221 καὶ
654 1195 779 1230 ἀνόμοιον
796 1196 884 1231 Πατρὶ

93 1236 195 1271 λέγων,
228 1238 261 1265 σὺ
281 1239 407 1271 ἀνόμοιος
421 1239 554 1274 γέγονας,
574 1239 623 1274 κλη
630 1239 726 1275 ρωϐεὶς
752 1239 832 1266 τοῦτο
853 1240 885 1267 τὸ

93 1281 190 1317 ὄνομα,
212 1283 311 1318 μηκέτι
329 1284 422 1319 ὅμοιος
445 1284 575 1320 ὑπάρχων
592 1285 647 1312 τῶν
671 1286 701 1312 ἐν
725 1284 784 1320 Θεῷ
800 1285 887 1318 σωζοο

97 1328 195 1363 μένων.

131 1417 192 1444 Ἰνα
205 1417 233 1443 δὲ
248 1418 286 1453 μὴ
310 1419 375 1454 περὶ
398 1419 448 1451 τὰς
473 1418 556 1446 αὐτοῦ
574 1419 701 1455 ζητήσεις
721 1420 884 1456 κατατριϐό-

933 874 981 901 tati
1002 875 1164 909 suppetunt!
1180 874 1313 902 Praeclare
1333 883 1397 902 vero
1423 876 1590 908 Anommus,
1607 876 1658 902 hoc
1678 880 1720 903 est

931 919 1090 951 dissimilis,
1111 919 1258 954 appellaris
1280 927 1286 945 :
1309 919 1410 954 quippe
1433 920 1479 954 qui
1502 920 1537 947 ab
1562 920 1722 948 hominibus

933 963 978 990 Dei
1002 963 1153 998 sapientia,
1167 971 1288 998 veraque
1310 963 1361 991 lide
1385 963 1516 999 praeditis,
1539 965 1661 991 moribus
1687 973 1723 992 ae

932 1013 1023 1037 monte
1035 1009 1181 1037 dissideas.
1210 1009 1269 1037 Non
1283 1010 1356 1037 enim
1373 1017 1405 1037 ex
1424 1017 1456 1038 eo
1471 1010 1542 1044 quod
1558 1018 1726 1045 progressus

933 1054 960 1082 in
976 1055 1077 1083 virtute
1101 1055 1198 1082 feceris
1209 1075 1216 1088 ,
1233 1059 1393 1082 caeli-mrum
1419 1055 1558 1082 hominum
1577 1056 1721 1083 dissimilis

932 1101 1055 1132 evasisti,
1069 1100 1116 1128 sed
1134 1109 1196 1128 cum
1210 1101 1244 1128 ab
1257 1101 1383 1129 veritatis
1395 1101 1437 1128 via
1452 1101 1605 1134 deﬂexeris,
1622 1102 1655 1127 ab
1670 1101 1720 1127 Ec-

932 1146 1023 1174 clesia:
1047 1145 1092 1174 Dei
1120 1147 1183 1174 iil.is
1207 1146 1334 1174 diversus
1355 1153 1386 1174 es
1406 1145 1511 1178 factus;
1532 1154 1649 1181 cumque
1675 1146 1719 1173 Dei

933 1191 1044 1226 Filium,
1058 1192 1103 1227 qui
1119 1192 1193 1219 Patri
1213 1199 1265 1220 suo
1281 1191 1395 1227 mqualis
1412 1195 1464 1224 est,
1485 1192 1573 1219 Patris
1587 1192 1723 1219 nihilomi—

933 1247 985 1267 nus
1000 1239 1162 1267 dissimilem
1177 1246 1239 1266 esse
1262 1238 1392 1271 voluisti,
1417 1242 1475 1265 tute
1493 1238 1551 1273 ipse
1575 1238 1724 1265 dissimilis

935 1284 1009 1312 fuisti
1032 1292 1038 1311 :
1058 1288 1086 1312 et
1111 1285 1163 1311 hoc
1187 1292 1286 1311 nomen
1312 1284 1411 1311 merito
1435 1291 1465 1311 es
1482 1287 1665 1315 consecutus,
1689 1292 1723 1311 eo

933 1331 1005 1366 quod
1022 1335 1183 1358 ealerorum
1199 1330 1246 1365 qui
1261 1330 1352 1358 divina
1374 1337 1425 1365 ope
1448 1330 1563 1358 salutem
1588 1331 1722 1362 obtinent,

934 1378 1032 1405 similis
1047 1384 1108 1404 esse
1124 1376 1243 1404 desiisti.

970 1423 1070 1452 Verum
1090 1431 1125 1451 ne
1147 1424 1174 1451 in
1200 1423 1395 1458 persequendis
1423 1423 1497 1450 illius
1524 1424 1724 1458 quaestionibus

96 1472 177 1498 μενος
200 1464 336 1492 ἀναλίσκω
364 1465 470 1501 χρόνον,
491 1466 538 1499 ἀφ’
563 1462 600 1492 ὦν
616 1465 714 1498 λέξεων
736 1466 815 1497 αὐτὸς
833 1467 884 1500 ὐφ-

938 1473 1044 1504 tempus
1057 1473 1208 1502 conteram,
1229 1477 1278 1504 age
1291 1477 1323 1497 ex
1338 1469 1482 1504 ipsiusmct
1501 1469 1603 1500 verbis,
1620 1477 1681 1504 quae
1696 1470 1724 1496 in

93 1510 228 1544 ηγήσατο,
234 1510 411 1543 διαλεκτικῶς
418 1511 531 1547 γράφων
537 1511 602 1544 τισὶ,
612 1511 678 1546 φέρε
690 1511 724 1538 τά
731 1512 791 1538 κατ’
803 1511 884 1538 αὐτὸν

93 1555 286 1591 διελέγξωμεν.
297 1557 391 1589 Ἔδοξε
402 1557 457 1593 γάρ
466 1557 638 1593 διαλεκτικήν
651 1566 712 1584 τινα
724 1558 884 1592 ὑποφαίνειν

96 1601 201 1637 πλάνην
210 1603 238 1628 ὲν
248 1603 322 1638 αὐτῷ
333 1604 372 1639 τῷ
387 1604 469 1631 αὐτοῦ
478 1604 657 1638 συντάγματι,
673 1603 712 1639 τῷ
723 1604 776 1630 οὐδ’
784 1604 833 1631 ἕνα
841 1604 885 1631 λό-

95 1655 144 1682 γον
150 1647 238 1682 ἔχοντι
246 1649 364 1679 πίστεως
371 1650 421 1684 τῆς
428 1649 614 1684 ἀφελεστάτης
620 1649 666 1676 καὶ
675 1650 882 1686 ἁκεραιοτάτης,

96 1694 143 1720 καὶ
158 1694 187 1720 ὲν
198 1692 335 1730 Πνεύματι
349 1696 418 1731 ἁγίῳ
429 1697 476 1723 καὶ
488 1697 567 1732 πράῳ
578 1696 797 1732 κεκοσμημένης.
805 1697 885 1724 ’Ὁλον

95 1739 124 1765 δὲ
137 1739 224 1766 διόλου
235 1740 265 1767 τὸ
278 1741 372 1767 δοκοῦν
382 1741 464 1768 αὐτοῦ
481 1741 647 1777 πονημάτιον
658 1741 689 1768 τὸ
702 1742 742 1773 είς
756 1743 830 1777 ἡμᾶς
842 1742 886 1768 ὲλ-

96 1785 142 1812 οὺν
155 1787 185 1812 ὲν
197 1786 316 1821 πρώτοις
332 1788 479 1820 κατέταξα,
495 1788 538 1814 ἵνα
550 1788 596 1814 ἀπ’
611 1786 693 1814 αὑτοῦ
708 1787 885 1823 ποιησώμεθα

97 1833 166 1868 πρὸς
180 1833 262 1860 αὑτὸν
277 1834 328 1869 τὴν
346 1833 444 1869 λοιπὴν
458 1834 614 1869 ἀνατροπὴν
628 1833 678 1868 τῆς
694 1833 847 1867 διαλέξεως.

938 1514 1078 1542 nonnullis
1095 1514 1128 1542 ad
1143 1514 1277 1550 quosdam
1298 1514 1533 1550 disputationibus
1554 1514 1674 1549 scripsit.
1692 1515 1727 1542 ad

937 1561 1013 1588 illum
1037 1561 1234 1588 eonfutandum
1259 1561 1460 1596 aggrediamur.
1492 1560 1597 1588 Etenim
1626 1561 1673 1587 illo
1698 1561 1725 1588 in

937 1613 1036 1641 opere,
1064 1607 1145 1634 unde,
1165 1608 1222 1634 haec
1244 1611 1372 1641 excerpta
1404 1611 1484 1639 sunt,
1512 1607 1730 1642 disputationem

937 1652 1083 1687 quamdam
1105 1652 1208 1680 erroris
1226 1653 1333 1687 plenam
1349 1653 1483 1685 instituit;
1499 1661 1549 1680 nec
1568 1654 1594 1680 in
1608 1662 1642 1681 co
1658 1655 1727 1681 lihro

937 1697 979 1725 vel
997 1697 1109 1725 minima
1126 1706 1176 1725 vox
1192 1703 1251 1730 est,
1271 1706 1333 1733 qnze
1352 1707 1414 1725 cum
1434 1699 1540 1734 integra
1555 1699 1728 1734 simplicique

939 1743 1000 1775 ﬁde,
1016 1743 1098 1779 924
1113 1751 1194 1778 quam
1212 1747 1324 1773 sanctus
1351 1751 1383 1771 ac
1399 1749 1559 1772 mansuetus
1577 1744 1620 1770 ille
1641 1743 1728 1778 Spiri-

938 1793 983 1816 tus
1004 1789 1150 1819 ordinavit,
1170 1789 1307 1816 coluerere
1333 1789 1467 1816 videatur.
1491 1789 1543 1816 Sed
1559 1790 1647 1824 primo
1669 1790 1728 1816 loco

939 1835 1204 1862 lucubratiunculam
1232 1835 1314 1868 illius,
1340 1843 1401 1869 qua:
1432 1835 1467 1862 ad
1494 1843 1591 1862 manus
1619 1839 1728 1862 nostras

98 1880 231 1913 pcsrvenit,
257 1880 449 1908 ascrihendum
466 1881 633 1917 putavimus,
654 1883 683 1907 ut.
694 1887 726 1907 ex
741 1880 885 1915 ipsiusmct
902 1882 1012 1916 scriptis
1026 1882 1157 1909 adversus
1181 1881 1256 1908 illum
1272 1881 1430 1916 disputare,
1460 1885 1488 1908 et
1513 1889 1575 1908 eum
1606 1880 1733 1908 refellere

99 1925 247 1960 possintne.

98 1983 153 2010 Kal
175 1982 243 2010 ἐστι
266 1983 332 2010 τόδε
354 1983 387 2010 τὸ
414 1983 637 2046 σεχ-ταγμάτων
660 1984 712 2012 τοῦ
736 1985 887 2019 Ἀνομοίου

469 2027 561 2046 ετιου.

469 2027 561 2046 ετιου.

134 2073 187 2101 1Α¹.
209 2074 360 2120 Ἐπειδὴ-ὲν
373 2075 463 2110 καιρῷ
482 2075 536 2110 (89)
550 2075 598 2102 τοῦ
615 2074 807 2110 ἐπενεχθέντος
821 2076 888 2109 ἡμῖν

1065 1985 1189 2020 Sequitur
1205 1985 1273 2011 Aetii
1288 1985 1406 2011 Anonnri
1424 1984 1590 2019 opusculum.

974 2075 1018 2102 XI.
1042 2075 1175 2108 Quoniam
1192 2074 1389 2109 persecutionis
1411 2073 1484 2099 illius
1499 2077 1631 2106 tempore,
1648 2081 1735 2106 quaar

97 2120 219 2155 διωγμοῦ
237 2121 289 2147 ὑπὸ
300 2119 355 2148 τῶν
365 2121 508 2157 χρονιτῶν,
519 2121 592 2153 τινὲς
608 2121 661 2148 τῶν
670 2121 884 2156 προειρημένων.

939 2128 1035 2148 contra
1053 2129 1103 2148 nos
1120 2120 1277 2155 lcmpnrarii
1293 2120 1401 2154 quidam
1419 2119 1543 2145 homines
1563 2119 1730 2149 exritarunt.

100 2166 326 2202 σφετερισάμενοι
347 2167 416 2202 μετὰ
433 2168 480 2194 καὶ
494 2167 581 2195 ἄλλων
597 2167 703 2193 πολλῶν
720 2166 889 2201 πονημάτιον

100 2213 268 2239 σπουδασῦὲν
285 2214 351 2249 ἡμῖν
377 2214 531 2246 ἰδιαζόντως
559 2214 624 2249 περὶ
651 2213 799 2248 ἀγεννήτου
822 2211 890 2238 Θεοῦ

100 2260 148 2287 καὶ
166 2260 308 2295 γεννητοῦ,
329 2260 516 2296 παρενθήκαις
529 2269 559 2288 τε
585 2261 632 2287 καὶ
652 2259 814 2295 ἀφαιρέσεσι
832 2259 886 2285 δια.

99 2305 261 2342 ᾳοείραντες
290 2306 444 2340 ἐξέδωκαν,
471 2307 520 2343 τὴν
545 2306 692 2334 ἀκόλουθον
723 2305 889 2342 ἀμείψαντες

942 2166 1064 2194 nonnulli
1089 2174 1121 2193 ex
1145 2165 1179 2193 iis
1208 2173 1277 2199 quos
1299 2164 1428 2194 diximus,
1455 2164 1526 2189 inter
1550 2163 1602 2189 alia
1632 2163 1729 2192 multa.

940 2213 1102 2247 opusculum
1120 2211 1255 2246 quoddam
1274 2210 1397 2245 privatim
1414 2217 1428 2235 a
1445 2209 1523 2235 nobis
1539 2208 1731 2235 elucubratum

941 2259 974 2285 de
992 2258 1113 2292 ingenito
1133 2256 1186 2283 Deo
1209 2264 1240 2282 ac
1269 2257 1361 2290 genito
1379 2255 1573 2289 snhripicntes,
1592 2254 1731 2288 plerisque

940 2304 1051 2336 additis,
1068 2308 1114 2330 aut
1127 2302 1268 2333 detractis,
1286 2300 1477 2335 interpolatum
1506 2307 1537 2326 ac
1552 2299 1731 2333 depravatum

139 2383 240 2411 ‘Joan.
254 2392 302 2417 xtl,
317 2385 361 2412 49.
399 2386 409 2400 ¹
424 2384 503 2412 Joan.
521 2393 577 2416 xw,
588 2384 632 2411 ‘28.
671 2384 682 2399 ³
697 2383 776 2410 Joan.
795 2392 813 2416 ι,
831 2383 872 2410 i-S.
911 2383 920 2398 ‘
936 2382 1004 2410 ibid.
1017 2382 1059 2408 Η.

137 2443 193 2479 (89)
216 2442 332 2476 Ἐπειδὴ
352 2443 388 2479 ἐν
410 2441 507 2479 καιρῷ
523 2441 577 2468 τοῦ
599 2440 823 2479 ἐπενεχθείη-ος.
853 2439 891 2479 Es

101 2474 154 2506 huc
172 2474 243 2506 Aetii
263 2474 398 2512 opusculo
413 2474 586 2504 verissimum
609 2484 672 2504 esse
690 2476 803 2512 senties.
818 2474 891 2512 quod

101 2517 135 2541 ne
147 2513 242 2541 eodem
261 2510 387 2541 Sbcrates
399 2533 406 2545 ,
433 2512 541 2540 Sozom.
561 2517 587 2539 et
599 2512 680 2546 paulo
697 2516 760 2538 ante
777 2510 894 2545 Epipha-

103 2557 166 2576 mns
182 2553 274 2576 noster
291 2549 468 2576 asseverabat
482 2569 489 2578 ,
511 2555 608 2581 nempe
623 2546 782 2582 sophisticis
810 2553 893 2582 argu-

102 2585 148 2612 tiis
178 2588 205 2611 et
222 2584 444 2611 cavillationilms
469 2583 568 2610 fretum
582 2582 691 2609 Aetium
711 2581 803 2609 lucum
820 2581 893 2608 veri-

103 2620 151 2646 tati
171 2618 280 2647 l'ccisse.
302 2619 354 2646 Sed
383 2627 433 2645 cur
457 2618 584 2654 χρονίτας
606 2621 684 2654 vocat
698 2625 745 2654 eos
762 2624 776 2642 a
793 2616 894 2654 quibus

102 2655 250 2682 tlatnnalus
262 2659 314 2685 est.
330 2651 592 2681 nimiruui'Arianos
614 2652 709 2687 ipsos?
724 2651 894 2687 Epiphanius

103 2690 213 2724 qui-lem
238 2690 265 2717 in
281 2689 488 2724 Responsione,
502 2688 566 2715 dum
583 2686 714 2724 χρονιτὼν
732 2686 892 2724 vocabulum

105 2722 130 2752 iii
153 2723 228 2759 ipsns
253 2722 392 2759 retorquet
417 2725 585 2753 Anommos,
604 2722 704 2757 aitque
730 2722 893 2759 catholicam

105 2756 255 2788 Ecclesium
279 2756 456 2798 temporalem
476 2759 529 2786 dici
550 2766 619 2798 non,
635 2756 728 2792 pusse,
762 2757 834 2798 quod
859 2756 895 2798 ab

103 2800 206 2824 aeterno
227 2795 308 2824 luerit
321 2793 382 2828 ,ita
405 2795 511 2822 videtur
530 2793 685 2829 accepisse,
703 2793 780 2828 quasi
806 2793 894 2827 χρονί-

940 2448 990 2470 τας
1005 2438 1177 2466 adversarios
1196 2445 1261 2464 suos
1274 2436 1367 2463 Aetius
1382 2435 1568 2474 appellaverit,
1581 2433 1654 2467 quod
1675 2433 1733 2474 illn-

942 2469 1001 2502 rurn
1018 2475 1084 2501 tides
1099 2481 1170 2500 nova
1188 2476 1262 2500 esset
1284 2479 1318 2508 ac
1336 2469 1451 2508 nupera.
1485 2469 1542 2496 lloe
1569 2474 1662 2508 utrum
1693 2469 1734 2508 in-

943 2510 1078 2537 tellexerit
1093 2509 1187 2536 Aetius
1201 2528 1208 2539 ,
1229 2515 1284 2534 non
1308 2504 1387 2534 facile
1407 2506 1481 2532 dictu
1496 2508 1548 2532 est.
1576 2504 1617 2530 An
1644 2504 1735 2538 potius
1766 2507 1768 2511 '

942 2545 1069 2580 χρονίτας
1094 2544 1181 2575 dixit,
1205 2544 1255 2570 hoc
1283 2547 1325 2569 est
1350 2540 1549 2580 temporarios.
1568 2539 1736 2580 minimeque

943 2550 1069 2580 χρονιτας
1094 2550 1181 2575 uult,
1205 2550 1255 2570 hoc
1283 2550 1325 2569 est
1350 2550 1549 2602 ttélllporartos.
1568 2550 1734 2578 utiturneque

943 2581 1066 2610 stabiles,
1089 2587 1177 2612 neque
1190 2579 1217 2605 in
1236 2581 1362 2614 suscepta
1382 2577 1406 2603 ίὶι
1418 2584 1433 2603 e
1448 2579 1617 2614 constantes.
1628 2581 1685 2614 qui
1700 2573 1734 2599 ad

944 2615 1117 2650 imperatoris
1133 2609 1227 2641 nutum
1243 2617 1270 2640 et
1283 2609 1397 2650 gratiam
1414 2619 1474 2650 sese
1498 2619 1531 2650 ac
1542 2609 1734 2650 credulitatem

946 2643 1023 2677 suam
1043 2643 1300 2676 accomtmvlarcnt?
1312 2646 1471 2681 Cujusmodi
1491 2646 1608 2681 Aeacius
1621 2665 1628 2676 ,
1644 2643 1735 2670 Eudo-

947 2686 1018 2717 xius.
1036 2693 1068 2711 ac
1087 2685 1177 2711 exteri
1197 2685 1317 2714 luerunt,
1337 2680 1383 2717 qui
1401 2682 1519 2710 Aetium.
1541 2680 1583 2717 cu_i
1600 2680 1735 2717 hactenus

946 2712 1080 2750 faverant.
1099 2723 1173 2746 metu
1186 2712 1357 2753 imperatoris
1372 2718 1547 2753 damnarunt.
1565 2715 1636 2753 sane
1652 2712 1735 2753 πρότς

946 2764 1051 2791 καιρος,
1069 2748 1231 2791 (eruperit/is:
1254 2754 1345 2791 \latth.
1366 2760 1426 2782 XIII,
1444 2751 1490 2790 21ἵ
1510 2748 1733 2791 appellator_i||e,

948 2785 1138 2826 qui'susccpto
1155 2789 1199 2817 Dei
1219 2789 1301 2821 verbo
1319 2789 1344 2815 in
1359 2786 1547 2822 persecutione
1559 2785 1698 2810 desciscit.
