1931 3041
203 82 255 114 555

897 84 926 113 3.
947 84 1115 114 EPIPHANII

1779 81 1844 109 556

202 143 360 177 ediderunt,
377 144 534 179 perturbata
552 149 664 180 Insuper
679 143 785 173 ordinis
803 144 894 178 serie;
913 150 996 182 atque

1063 146 1160 182 ηγωγήν
1171 153 1178 161 ·
1192 142 1257 180 ἦλθε
1277 144 1305 171 δὲ
1328 143 1398 180 μετά
1412 143 1499 170 ταῦτα
1513 141 1581 170 αὐτὸ
1604 141 1644 174 είς
1659 141 1745 176 ἡμᾶς,
1763 140 1848 172 τινος

203 189 272 217 illud
293 190 363 218 idem
390 195 484 225 postea
510 191 663 218 litterarum
681 190 793 226 quidam
814 191 847 218 ad
864 199 915 219 nos
934 196 994 219 stu-

203 235 301 262 diosus
316 236 424 269 attulit,
443 243 556 263 necesse
574 236 666 269 habui,
691 240 783 271 utpote
799 236 873 264 illius
887 242 993 268 auctor,

204 281 370 308 recensitum
397 288 429 308 ac
445 285 620 316 repnrgatnm
633 288 703 316 opus
726 281 798 309 istud
816 282 850 309 ad
866 289 914 309 vos
932 282 994 310 mit-

203 333 272 358 tere.
299 327 456 362 quicunque
481 327 591 362 pietatis
617 328 725 355 athleta:
749 329 893 362 utriusque
910 336 993 356 sexus

203 373 288 403 estis,
312 376 342 399 ut
358 372 528 408 intelligatis,
545 373 613 400 nihil
635 381 690 401 non
709 374 782 401 ineo
797 382 830 401 ex
849 381 992 402 sacrarum

203 417 368 445 Litterarum
387 425 518 452 germano
545 425 607 446 esse
629 425 712 446 sensu
738 418 883 453 prolatum.
906 419 994 453 Cujus

203 462 312 496 quidem
329 462 456 496 prmsidio
479 470 528 490 eos
545 470 652 494 omnes,
677 463 724 498 qui
739 463 928 491 contradicere
949 471 995 491 vo-

203 507 319 539 luerint,
342 507 438 542 paucis
453 507 618 542 quibusdam
640 507 759 535 breviter
773 507 891 543 objectis
904 528 912 540 ,
930 515 994 543 pro-

203 552 298 580 hibere
312 553 450 588 poteritis,
466 561 501 580 ne
517 552 551 580 de
568 553 688 588 ingenito
701 553 757 581 Deo
773 561 806 580 ac
830 554 922 588 genito
939 561 995 581 ser-

203 607 312 626 monem
327 598 502 634 itnpudentcr
513 599 669 631 instituant,
687 606 720 626 ac
735 599 917 633 temporarios
932 599 994 627 illos

203 645 230 672 in
251 645 356 680 primis,
385 653 455 679 quos
472 645 560 680 attigi.
587 644 672 672 Porro
695 645 765 671 hanc
781 644 994 680 disputationem

202 692 231 718 in
249 691 340 725 capita
359 698 487 717 versuum
504 691 530 716 in
547 690 656 716 modum
676 690 713 717 ita
727 690 904 725 digessimus.
926 696 955 717 ut
968 694 995 717 et

202 737 375 773 objecliones
398 737 467 764 alias
493 744 524 763 ex
544 736 615 768 aliis,
638 740 666 763 et
698 736 881 771 quaestionum
899 736 1096 765 dissolutiones
1115 743 1290 766 necteremus

1046 192 1101 218 τῶν
1115 191 1269 218 σπουδαίων
1285 191 1351 226 ήμϊν
1372 189 1439 216 αὐτὸ
1460 188 1727 225 προσκεκομικύτος·
1753 187 1848 221 ἡναγ-

1047 237 1154 272 κάσθην
1169 233 1213 263 οἷα
1226 235 1318 270 πατὴρ
1339 233 1418 267 αὖθις
1432 233 1602 269 διακαθάρας
1617 232 1759 267 ἐκπέμψαι
1774 232 1848 267 ὑμῖν

1045 283 1076 310 τὸ
1094 282 1274 319 σύγγραμμα,
1293 279 1316 309 ὦ
1338 282 1440 313 πάντες
1457 279 1580 311 εὐσεῦεῐς
1603 278 1720 313 ἀθληταί
1740 285 1770 304 τε
1790 277 1849 303 καὶ

1046 329 1204 364 ἀολήτριαι,
1218 329 1293 360 ὅπως
1311 328 1344 355 ἃν
1367 327 1467 354 εἰδέναι
1482 327 1580 361 ἔχοιτε.
1593 326 1653 352 κατ’
1665 325 1771 352 ἔννοιαν
1784 323 1849 349 τῶν

1047 376 1132 410 ἁγίων
1155 375 1272 410 Γραφῶν
1296 374 1423 410 εἰρῆσθαι
1451 372 1530 408 ἡμῶν
1554 371 1586 398 τὸ
1614 371 1723 405 λόγιον·
1751 370 1783 396 δι’
1811 365 1850 394 οὖ

1048 421 1138 448 πάντα
1153 421 1296 455 ἄνθρωπον
1312 419 1465 452 ἀντιλέγειν
1485 418 1550 453 ύμῖν
1570 415 1764 451 ἐπιχειροῦντα
1777 415 1850 449 περὶ

1048 467 1198 501 ἀγεννήτου
1222 465 1291 492 Θεοῦ
1313 465 1362 492 καὶ
1377 464 1509 499 γεννητοῦ
1531 463 1628 490 παύειν
1652 461 1849 496 ἀναισχυντεῖν

1050 513 1193 548 συντόμοις
1205 513 1350 548 ἐπιφοραῖς
1365 510 1514 546 δυνήσεσθε
1525 509 1659 538 ’.πάντων
1671 508 1700 534 δὲ
1724 506 1849 542 μάλιστα

1047 556 1111 587 τοὺς
1126 556 1354 592 προειρημένους,
1367 556 1397 582 ἐν
1411 555 1476 581 εῐδει
1490 554 1544 581 τῶν
1560 552 1698 589 στιχηρῶν
1716 552 1761 578 ἐπ’
1775 550 1849 577 ἀπὸ·

1050 609 1128 636 ρησιν
1143 601 1315 636 ἀπορήσεως,
1334 601 1382 627 καὶ
1398 599 1474 626 λύσιν
1489 599 1603 630 λύσεως.
1620 597 1664 624 διὰ
1681 597 1713 623 τὸ
1728 595 1850 630 εὐπερί-

1047 645 1163 681 δρακτον
1179 646 1226 673 καὶ
1240 646 1326 681 σαφὲς
1341 645 1395 673 τῶν
1411 645 1645 681 ἐπιχειρημάτων,
1656 643 1850 677 ποιησάμενος

1048 692 1098 727 τὴν
1108 692 1196 728 ἀρχὴν
1209 692 1274 727 περὶ
1284 692 1434 727 ἀγεννήτου
1448 691 1527 718 Θεοῦ.

1322 746 1328 763 :
1359 745 1415 773 quo
1446 742 1474 765 et
1497 737 1530 764 ad
1553 733 1848 771 comprehendendum

203 783 328 811 taciliora
347 787 374 810 et
397 782 520 817 planiora
533 801 540 814 ,
565 781 668 817 quibus
693 782 812 815 utimur,
834 785 996 817 argumenta
1013 783 1092 811 vobis
1107 787 1212 811 essent.
1232 783 1273 811 Ab
1290 783 1414 818 ingenito
1428 789 1494 810 vero
1518 781 1574 810 Deo
1598 779 1760 816 disputandi
1789 778 1848 806 ini-

205 829 272 855 tium
291 827 418 854 fecimus.

240 871 260 900 1.
283 871 312 901 Si
333 871 472 906 ingenitus
499 870 582 902 Deus.
603 870 678 906 quod
690 871 812 906 genitum
831 875 885 904 est,
909 870 999 899 facere

1086 873 1126 899 A'.
1146 872 1178 899 Et
1192 871 1305 899 δυνατόν
1316 872 1375 898 ἐστι
1390 871 1428 907 τῷ
1439 871 1579 906 ὰγεννήτῳ
1592 869 1652 905 Θεῷ
1667 869 1698 896 τὸ
1711 870 1849 906 γεννητὸν

205 917 356 952 ingenitum
382 919 483 951 potest,
510 915 646 950 siqnidem
675 917 831 944 substantia
848 917 939 944 omnis
957 917 998 944 in-

204 961 296 997 genita
321 964 374 991 est.
390 963 499 991 neutra,
515 959 587 994 quod
603 960 637 987 ad
651 967 711 987 eam
727 961 914 988 conditionem
934 962 999 988 atti-

205 1011 268 1038 net.
285 1006 387 1034 nullius
405 1009 434 1033 ut
451 1006 604 1033 dominatui
622 1005 724 1039 subsit,
741 1006 775 1033 ab
791 1006 877 1034 altera
891 1006 998 1034 discre-

164 1060 167 1063 '
206 1051 292 1086 pabit.
318 1050 436 1084 Quinam
459 1051 543 1086 igitur
567 1051 621 1078 diei
650 1055 740 1086 potest
761 1052 862 1080 mutari
888 1052 998 1087 quidem

205 1098 336 1130 alteram,
355 1097 469 1124 alteram
492 1101 615 1131 mutare,
639 1104 702 1124 cum
724 1105 757 1125 ex
775 1098 850 1125 nulla
876 1098 999 1133 subjecta

205 1143 322 1171 materia
344 1142 494 1178 quidquam
524 1142 579 1171 Deo
611 1143 766 1179 producere
792 1144 905 1172 minime
936 1151 999 1179 per-

205 1189 334 1217 mittant?

241 1233 274 1262 ιι.
301 1234 330 1261 Si
354 1234 492 1268 ingenitus
514 1232 588 1261 Deus
611 1241 695 1261 causa
714 1238 757 1261 est
778 1234 852 1261 omni
872 1238 1001 1269 praestan-

206 1279 271 1312 tior.
288 1280 341 1307 erit
363 1279 445 1307 etiam
471 1279 649 1314 generatione
672 1280 731 1314 ipsa
750 1280 946 1315 praestantior:
965 1281 999 1311 si.

207 1327 340 1361 inquam,
366 1326 459 1353 causis
483 1325 614 1352 omnibus
643 1326 802 1358 antecellit.
830 1326 1000 1361 generationi

207 1372 301 1399 itidem
324 1372 478 1399 antecellet.
500 1370 594 1405 Neque
612 1371 684 1399 enim
711 1376 760 1398 aut
783 1372 817 1399 ab
842 1372 929 1399 altera
951 1379 997 1399 na-

207 1423 288 1452 tura,
311 1423 341 1446 ut
367 1422 455 1451 esset,
482 1417 603 1453 accepit,
625 1422 673 1445 aut
695 1418 761 1445 illud
789 1417 849 1453 ipse
861 1417 914 1445 sibi
934 1424 1000 1445 con-

208 1465 282 1493 tulit.

242 1511 324 1547 925
337 1509 382 1538 lll.
395 1510 454 1538 Jam
468 1518 544 1541 vero.
557 1510 581 1538 si
598 1509 657 1545 ipse
667 1509 731 1543 sibi,
749 1513 779 1537 ut
791 1513 875 1543 esset,
885 1508 1000 1537 minime

1049 918 1198 953 ἀγέννητον
1212 918 1334 953 ποιῆσαι,
1352 918 1378 944 εἱ
1392 918 1467 944 πᾶσα
1492 916 1571 943 οὐσία
1588 916 1662 942 ἐστὶν
1682 916 1849 952 ἀγέννητος,

1049 962 1213 997 οὐδοποτέρα
1236 961 1331 988 διοίσει
1356 961 1408 996 τῆς
1430 960 1514 996 ἄλλης
1533 959 1605 986 κατά
1630 959 1662 986 τὺ
1681 959 1848 988 ἀδέσποτον.

1050 1007 1112 1039 Πῶς
1128 1005 1176 1034 οὖν
1201 1007 1234 1034 ἀν
1253 1016 1295 1038 τις
1316 1007 1384 1042 φαίη
1404 1006 1453 1041 τὴν
1471 1005 1521 1041 μὲν
1542 1004 1778 1040 μεταδάλλεσθαι,
1796 1006 1851 1041 τὴν

1049 1053 1079 1080 δὲ
1096 1053 1284 1088 μεταϐάλλειν,
1302 1052 1354 1079 οὐκ
1373 1050 1574 1087 ἐπιτρεπόντων
1592 1049 1632 1084 τῷ
1648 1049 1708 1085 Θεῷ
1723 1050 1847 1086 ὑφιστᾷν

1051 1101 1084 1127 ἐκ
1098 1100 1137 1135 μὴ
1150 1099 1336 1134 ὑποκειμένης
1349 1098 1434 1134 ὖλης;

1088 1239 1126 1265 B’.
1141 1237 1173 1265 Et
1190 1238 1280 1273 πάσης
1295 1238 1386 1269 αἰτίας
1399 1238 1532 1274 κρείττων
1541 1237 1659 1273 ὑπάρχει
1669 1236 1685 1263 6
1696 1236 1851 1272 ἀγέννητος

1051 1284 1128 1316 Θεὸς,
1141 1283 1186 1310 διὰ
1199 1283 1279 1310 τοῦτο
1291 1284 1338 1310 καὶ
1353 1284 1486 1318 γενέσεως
1501 1283 1632 1319 κρείττων
1648 1283 1682 1310 ἂν
1695 1283 1742 1318 εἴη
1751 1292 1759 1299 ·
1773 1283 1800 1309 εἰ
1819 1282 1851 1309 ἃ

1052 1330 1186 1366 κρείττων
1202 1330 1261 1356 ἐστὶ
1275 1329 1367 1365 πάσης
1383 1329 1484 1362 αἰτίας,
1501 1329 1623 1365 δηλονότι
1639 1329 1687 1355 καὶ⁹
1699 1329 1851 1363 γενέσεως.

1052 1375 1122 1402 υῠτε
1133 1376 1188 1410 γάρ
1203 1376 1268 1411 παρ’
1285 1376 1384 1411 ἐτέρας
1403 1375 1511 1410 φύσεως
1533 1375 1627 1410 εἴληφε
1642 1375 1672 1401 τὸ
1685 1372 1767 1408 εἶναι,
1785 1374 1852 1401 οὔτι

1052 1422 1134 1454 αὐτὸς
1151 1422 1241 1457 ἐαυτῷ
1257 1422 1288 1449 τὸ
1306 1419 1378 1449 εἶναι
1393 1421 1544 1458 παρέσχεν.

1088 1511 1125 1538 Γ¹.
1146 1511 1178 1538 Εἰ
1188 1510 1216 1537 δὲ
1232 1511 1313 1543 αὐτὸς
1328 1510 1418 1547 ἐαυτῷ
1440 1511 1472 1538 τὸ
1488 1509 1558 1538 εἶναι
1584 1509 1622 1546 μὴ
1646 1509 1799 1544 παρέσχεν,
1820 1509 1854 1536 οὗ

207 1546 336 1590 contulit,
353 1564 408 1584 non
423 1561 533 1592 propter
550 1556 632 1583 ullam
647 1560 753 1584 natura:
768 1555 996 1587 imbecillitatem,

1063 1559 1095 1585 ἱιά
1111 1557 1142 1585 τὸ
1153 1557 1266 1588 ἀσθενὲς
1283 1557 1332 1592 τῆς
1344 1557 1462 1591 φύσεως,
1478 1556 1548 1584 ἀλλά
1557 1556 1602 1583 διὰ
1617 1556 1648 1582 τὸ
1660 1555 1853 1590 ὑπερϐεϐηκὲ-

208 1604 256 1632 sed
271 1603 343 1640 quod
359 1611 442 1632 causa
464 1604 501 1638 sit
518 1602 594 1629 omni
619 1602 755 1637 superior,
769 1602 832 1638 quis
847 1601 1002 1629 subsisten-

210 1654 265 1678 tem
292 1654 418 1677 naturam
436 1650 471 1677 ab
485 1657 517 1677 ea
533 1656 594 1684 qua:
614 1648 810 1676 subsistentem
832 1647 1002 1684 produxerit,

209 1696 279 1724 nihil
307 1696 334 1723 in
361 1695 516 1724 substantia
539 1694 710 1722 discriminis
734 1694 835 1722 habere
860 1694 1002 1726 fatebitur,

208 1749 271 1770 cum
287 1741 422 1777 ejusmodi
450 1739 861 1782 subsistentia‘generationem
893 1745 1002 1766 omnem

207 1789 355 1816 excludat”!

245 1833 288 1861 IV.
311 1834 339 1861 Si
365 1839 497 1869 perpetuo
516 1841 547 1861 ac
567 1834 627 1862 sine
658 1833 714 1860 ullo
732 1831 785 1859 ﬁne
798 1831 871 1859 Deus
885 1830 912 1858 in
928 1831 1004 1865 inge-

212 1879 271 1907 nita
285 1884 382 1907 natura
398 1879 531 1914 persistit.
547 1887 579 1906 ac
596 1880 617 1907 si
635 1879 726 1914 genita
742 1877 851 1905 soboles
871 1877 931 1904 sine
947 1877 1003 1903 ullo

210 1925 264 1952 line
275 1925 365 1960 genita
381 1929 434 1956 est,
450 1932 534 1959 prava
550 1924 594 1951 illa
609 1924 643 1951 de
661 1923 824 1951 homoousio
857 1927 884 1950 et
897 1922 1003 1949 bomm-

209 1971 289 1998 onsio
321 1970 457 1997 sententia
484 1969 684 2005 proﬂigabitur.
711 1968 778 1996 Cum
809 1968 876 1995 illud
894 1967 1002 1995 interim

210 2017 238 2042 in
265 2015 409 2049 utriusque
426 2019 532 2042 natum
547 2015 682 2050 dignitate
698 2016 850 2045 remaneat,
871 2016 913 2044 ut,
930 2013 1002 2047 quod

210 2063 244 2092 ad
275 2061 460 2089 substantiam
487 2061 596 2093 attinet,
618 2059 778 2095 comparari
803 2058 874 2086 inter
897 2065 928 2086 se
954 2066 1003 2086 ne-

209 2111 325 2144 queant.

246 2154 278 2181 V.
300 2154 328 2181 Si
357 2153 495 2188 ingenitus
520 2150 675 2180 substantia
698 2150 769 2177 Deus
789 2153 842 2183 est,
864 2149 936 2184 quod
957 2156 1002 2183 ge-

209 2203 297 2230 nitum
322 2205 364 2229 est
381 2208 435 2227 non
452 2198 632 2227 distractione
645 2196 764 2233 quadam
778 2195 942 2223 substantia:
956 2203 1000 2230 ge-

208 2248 298 2275 nitum
323 2250 375 2276 est.
397 2245 445 2272 scd
471 2244 505 2271 ab
530 2243 698 2275 substantia,
723 2249 738 2268 a
761 2249 814 2277 qua
839 2241 1000 2276 productum

208 2299 261 2327 est,
274 2292 406 2320 manavit.
422 2291 528 2326 Quippe
540 2290 663 2318 eamdem
681 2288 863 2317 substantiam
881 2287 1001 2322 genitam

209 2340 290 2366 simul
306 2343 333 2366 et
349 2338 498 2373 ingenitam
511 2344 582 2369 esse,
597 2335 672 2363 nulla
689 2342 750 2362 cum
768 2334 870 2369 pietate
885 2333 1002 2368 conjun-

209 2390 253 2413 cta
267 2386 337 2412 ratio
352 2385 467 2420 patitur.

246 2431 290 2458 VI.
311 2431 340 2458 Si
355 2431 477 2466 genitum
495 2433 538 2457 est
551 2428 616 2456 illud
633 2428 733 2464 ipsum,
754 2427 826 2462 quod
841 2430 885 2455 est
899 2427 1004 2462 ingeni-

210 2483 280 2508 tum,
291 2477 356 2512 quid
367 2476 449 2504 etiam
460 2475 595 2511 prohibet,
612 2475 684 2510 quod
693 2474 814 2510 genitum
826 2478 882 2504 est,
897 2473 1003 2508 ingeni-

211 2529 268 2552 tum
296 2524 398 2552 fuisse?
426 2522 567 2559 Siquidem
594 2526 691 2549 natura
708 2520 799 2548 omnis
816 2520 849 2547 ad
866 2520 911 2552 id,
929 2519 1003 2554 quod

210 2574 357 2606 cognatum
382 2569 433 2598 sibi
456 2573 509 2601 est,
536 2568 624 2604 magis
639 2575 719 2603 quam
740 2566 772 2593 ad
788 2566 907 2595 alienum
925 2572 1002 2601 perc-

211 2618 374 2653 grinnmquc
385 2617 506 2644 festinat.

247 2663 303 2690 VII.
325 2663 353 2690 Si
376 2667 450 2690 totus
474 2669 528 2689 non
550 2665 593 2688 est
614 2659 753 2694 ingenitus
777 2657 859 2692 Deus,
880 2657 947 2685 nihil
965 2661 1008 2684 est

213 2711 285 2746 quod
302 2711 403 2742 obstet,
419 2699 568 2744 quominus
590 2705 739 2736 secundum
761 2704 942 2733 substantiam
961 2712 1006 2742 ge-

249 2790 258 2807 ¹
276 2789 340 2821 Cor.
365 2787 555 2825 προσιεμένης.

1053 1612 1097 1631 ναι
1111 1604 1202 1630 πᾶσαν
1221 1602 1326 1630 αἰτίαν
1343 1603 1424 1630 πόθεν
1437 1603 1470 1630 ἄν
1484 1611 1526 1634 τις
1542 1602 1591 1637 τὴν
1607 1602 1765 1629 ὕποστᾶσαν
1782 1600 1854 1636 προς

1053 1651 1103 1686 τὴν
1119 1650 1314 1686 ύποστήσασαν
1329 1650 1410 1685 φύσιν
1423 1649 1455 1676 τὺ
1473 1648 1685 1684 ἀπαράλλακτον
1700 1648 1741 1676 εἰς
1755 1647 1854 1674 οὐσίαν

1053 1697 1125 1732 ἔχειν
1149 1697 1354 1732 συγχωρήσειε,
1375 1696 1405 1723 οὺ
1435 1695 1600 1732 προϊεμένης
1615 1695 1623 1710 ¹
1641 1694 1692 1729 τῆς
1719 1693 1854 1728 τοιαύτης

1054 1743 1232 1775 ὑποστάσεως
1245 1742 1368 1778 γένεσιν;

1089 1834 1127 1859 Δ’.
1147 1832 1180 1859 Et
1209 1831 1398 1866 ἀτελευτήτως
1414 1830 1428 1857 ὁ
1445 1829 1511 1861 Θεὸς
1527 1828 1649 1865 διαμένει
1665 1827 1695 1853 ὲν
1709 1826 1854 1860 ἀγεννήτῳ

1055 1879 1145 1913 φύσει,
1160 1878 1209 1905 καὶ
1232 1877 1417 1913 ἀτελευτήτως
1439 1875 1470 1902 τὸ
1485 1874 1608 1910 γέννημα
1624 1872 1749 1908 γέννημα
1764 1871 1851 1903 ἐστιν,

1053 1925 1070 1959 ἠ
1086 1924 1133 1951 τοῦ
1149 1924 1295 1960 ὀμοουσίου
1318 1923 1366 1950 καὶ
1379 1921 1426 1948 τοῦ
1437 1921 1591 1957 ὀμοιουσίου
1607 1918 1754 1951 κακοδοξία
1780 1925 1853 1952 παρ⁴

1054 1969 1279 2005 εισφϐαρήσεται.
1296 1969 1419 1996 Ἵσταται
1434 1967 1462 1994 δὲ
1482 1966 1512 1993 τὺ
1531 1967 1559 1993 ἐν
1581 1965 1660 2000 οὐσίᾳ
1683 1962 1854 1998 ἀσύγκριτον

1055 2016 1190 2052 ἑκατέρας
1204 2016 1312 2050 φύσεως
1330 2013 1476 2048 ἀξιώματι.

1087 2156 1125 2184 Ε’.
1161 2157 1192 2183 Εἰ
1217 2155 1365 2191 ἀγέννητός
1389 2156 1462 2182 ἐστιν
1484 2155 1498 2180 ὁ
1520 2154 1586 2186 Θεὸς
1611 2153 1661 2189 τὴν
1677 2152 1785 2182 οὐσίαν.
1803 2152 1854 2179 οὐκ

1019 2219 1039 2245 ι)
1054 2203 1148 2234 οὐσίας
1161 2202 1301 2229 διαστάσει
1315 2202 1345 2228 τὸ
1361 2200 1490 2236 γεννητὸν
1513 2199 1658 2234 ἐγεννήθη,
1681 2198 1739 2225 ἀλλ’
1757 2198 1788 2231 ἐξ
1806 2199 1854 2224 οὺ-

1057 2248 1117 2279 σίας
1135 2247 1328 2282 ὑποστησάσης
1354 2246 1430 2273 αὐτό.
1446 2245 1501 2281 Τὴν
1519 2245 1572 2280 γὰρ
1584 2245 1670 2280 αὐτὴν
1680 2243 1776 2271 οὐσίαν
1807 2244 1855 2270 καὶ

1056 2293 1188 2328 γεννητὴν
1215 2290 1285 2320 εἷναι
1310 2293 1357 2320 καὶ
1374 2292 1521 2327 ἀγέννητον
1534 2291 1620 2322 οὐδεὶς
1643 2290 1722 2323 λόγος
1739 2290 1855 2324 εὐσεϐὴς

1055 2339 1207 2375 ἐπιτρέπει.

1097 2431 1142 2464 q'.
1164 2431 1194 2458 Εἰ
1216 2431 1246 2458 τὸ
1265 2431 1414 2466 ἀγέννητον
1429 2429 1573 2464 ἐγεννήθη,
1588 2429 1615 2455 τί
1630 2427 1731 2454 κωλύει
1746 2428 1777 2454 τὸ
1795 2436 1854 2461 γεν-

1059 2477 1138 2513 νητὸν
1163 2477 1312 2513 ἀγέννητον
1327 2477 1484 2512 γεγονέναις
1509 2475 1617 2503 Μᾶλλον
1634 2474 1690 2511 γὰρ
1710 2474 1757 2500 τοῦ
1784 2474 1856 2500 ἀνοιο

1059 2523 1134 2551 κείου
1152 2525 1197 2551 ἐπὶ
1212 2524 1241 2551 τὸ
1255 2523 1340 2559 αὐτῆς
1354 2524 1454 2550 οἰκεῖον
1469 2522 1608 2556 ἐπείγεται
1622 2522 1697 2548 πᾶσα
1715 2520 1807 2556 φύσις.

1095 2658 1132 2684 Ζ’.
1154 2657 1185 2683 Εἰ
1203 2656 1240 2692 μὴ
1259 2656 1320 2688 ὅλος
1334 2657 1348 2683 ὁ
1362 2656 1428 2688 Θεὸς
1444 2654 1592 2690 ἀγέννητὸς
1612 2654 1698 2685 ἐστιν,
1712 2653 1788 2680 οὐδὲν
1801 2660 1854 2679 κω-

1059 2702 1118 2730 λύει
1145 2703 1175 2730 τὸ
1202 2702 1394 2738 γεγεννηκέναι
1420 2702 1564 2733 οὐσιωδῶς.
1594 2701 1626 2728 Et
1650 2700 1679 2727 δὲ
1701 2700 1762 2732 ἧλος
1783 2698 1854 2726 ἐστὶν
