1931 3041
131 121 184 150 537

439 121 625 152 Αυγειιδιιε
645 124 817 153 ΙΙΑΞΙιΕΘΕὸ
836 126 901 154 LIB.

987 127 1069 157 TOM.
1090 131 1111 157 I.
1132 144 1166 150 —
1185 128 1323 157 HERES.
1345 129 1464 158 LXXVI.

1720 133 1773 160 558

126 178 287 214 ἁγέννητος.
301 178 352 206 οὐκ
365 178 501 213 οὑσιωδῶς
518 181 559 213 εις
571 181 678 216 γένεσιν
691 183 793 220 διέστη,
813 184 906 218 ἐξουσίη

974 188 1074 214 nuerit.
1095 187 1143 215 Sin
1167 190 1243 216 totus
1264 188 1403 223 ingenitus
1418 192 1472 219 est,
1488 196 1544 216 non
1559 193 1603 217 est
1617 190 1767 218 secundum

125 223 156 251 δὲ
170 224 310 261 ὑπέστησε
323 225 354 252 τὸ
368 224 503 261 γέννημα.

163 319 205 345 H’.
225 319 257 345 Εί
280 318 341 351 ὅλος
366 318 424 346 ἐστὶ
445 319 603 355 γεννητικὸς
627 320 641 347 6
669 320 816 356 ἀγέννητος
843 321 920 354 Θεὸς,

121 365 173 390 οὐκ
189 364 327 395 οὺσιωδῶς
342 363 373 390 τὸ
398 363 526 400 γεννηθὲν
547 365 691 401 ἐγεννήθη,
714 366 778 402 ὅλης
804 367 921 403 ἐχούσης

120 410 171 444 τῆς
188 409 281 440 οὐσίας
289 409 372 436 αὑτοῦ
390 410 420 436 τὸ
436 410 544 446 γεννᾷν,
560 410 617 438 ἀλλ’
634 412 664 438 οὐ
682 411 713 438 τὺ
726 413 884 447 γεννᾶσθαι.

160 511 198 537 Θ’.
221 511 253 537 El
278 511 307 537 δὲ
327 512 615 547 μετασχηματισθεῑσα
643 513 660 549 ὴ
678 513 759 540 οὐσία
781 513 828 541 τοῦ
851 514 919 541 Θεοῦ

121 557 247 601 γέννημα
262 556 381 591 λέγεται,
399 557 449 584 οὐκ
471 558 660 594 ἁμετάὸλητος
682 560 699 595 ἡ
723 559 803 587 οὐσία
823 560 918 601 αὐτοῦ,

121 600 174 637 τῆς
189 601 342 637 μεταϐολῆς
357 602 549 639 ἐργασαμένης
565 604 616 640 τὴν
629 604 694 631 Υίοῦ
710 605 881 641 ἰδιοποίησιν.

157 699 185 726 I'.
206 699 238 726 Εἰ
252 699 280 726 δὲ
293 700 337 735 εἴη
348 701 396 728 καὶ
407 701 605 738 ἀμετάϐλητος,
619 703 667 730 καὶ
680 704 814 738 γενέσεως
827 705 919 741 κρείτ-

119 752 175 772 των
190 746 207 781 ἡ
221 746 301 773 οὐσία
317 746 364 773 τοῦ
381 747 460 780 Θεοῦ,
477 748 508 774 τὺ
529 749 599 776 κατὰ
623 749 669 776 τὸν
690 750 754 777 Υἰὺν
773 750 825 784 ἕως
837 751 918 788 ψιλῆς

119 791 308 827 προσηγορίας
325 791 570 829 ὸμολογηθήσεται.

973 232 1156 260 substantiam
1183 233 1358 267 generatione
1385 234 1547 267 distractus,
1572 235 1620 263 sed
1644 244 1678 263 ex
1703 237 1768 263 sub-

972 278 1075 304 stantia
1091 285 1140 306 sua
1155 279 1275 314 genitam
1291 279 1364 306 illam
1377 287 1392 306 a
1405 287 1435 307 se
1450 280 1572 308 sobolem
1589 282 1732 316 produxit.

1009 321 1077 350 VIII.
1099 322 1128 350 Si
1141 323 1278 358 ingenitus
1292 324 1364 352 Deus
1383 329 1458 353 totus
1473 329 1515 353 est
1532 326 1642 361 genitali
1658 327 1683 354 vi
1700 335 1768 362 pm

971 368 1065 400 ditus,
1089 369 1161 403 quod
1188 370 1310 404 genitum
1334 375 1377 398 est
1399 371 1550 398 secundant
1570 371 1766 406 substantiam,

970 421 1025 441 non
1043 418 1085 442 est
1099 415 1234 450 genitum,
1254 423 1317 443 cum
1336 416 1386 443 toti
1403 416 1476 444 illius
1488 417 1652 445 substantia:
1665 426 1719 445 non
1737 423 1767 445 ut

970 464 1128 495 generetur,
1145 461 1193 488 sed
1209 465 1238 488 ut
1252 466 1375 496 generet,
1388 462 1501 490 insitum
1518 463 1570 490 sit.

1003 516 1050 545 IX.
1070 516 1148 550 Quod
1174 517 1197 545 si
1225 517 1253 544 in
1280 518 1362 545 aliam
1386 517 1502 546 formam
1525 522 1690 546 commutata
1715 518 1763 547 Dei

968 563 1125 590 substantia
1147 563 1256 592 soboles
1280 564 1394 596 dicitur,
1417 572 1472 592 non
1497 565 1549 592 erit
1573 565 1619 592 illa
1637 565 1695 600 ipsa
1715 564 1762 592 Dei

969 608 1124 636 substantia
1152 609 1313 637 mutationis
1335 618 1454 645 expers,
1476 618 1539 638 cum
1565 612 1676 646 propria
1700 610 1762 639 Filii

969 653 1092 681 conditio
1109 655 1264 683 mutatione
1278 656 1430 683 constituta
1445 656 1492 684 sit.

1004 708 1038 736 Χ.
1062 708 1139 742 Quod
1170 709 1194 736 si
1222 709 1313 737 divina
1343 710 1498 738 substantia
1529 712 1688 740 mutationis
1719 717 1762 740 est

968 755 1059 782 omnis
1080 762 1190 789 expers,
1214 758 1241 782 et
1264 756 1441 789 generatione
1467 757 1604 792 superior,
1627 758 1760 794 quidquid

968 799 1001 827 ad
1014 799 1113 827 Filium
1128 801 1256 836 pertinet,
1274 801 1332 829 sola
1347 801 1480 829 duntaxat
1499 803 1681 838 appellatione
1697 812 1761 839 pro-

969 846 1120 875 tuebimur.

154 901 207 928 IA'.
228 902 261 929 El.
277 902 472 938 σπερματικῶς
486 900 520 939 ἦν
536 903 566 930 ὲν
581 903 620 939 τῷ
636 904 777 940 ἀγεννήτῳ
802 903 860 940 Θεῷ
887 904 906 931 τί

1004 901 1049 929 XI.
1071 901 1101 929 Si
1116 901 1143 929 in
1161 902 1284 937 ingenito
1306 902 1361 930 Deo
1376 903 1467 938 genita
1483 904 1604 938 soboles,
1624 906 1699 933 Vciul.
1714 914 1759 934 εει

118 946 253 982 γέννημα,
270 948 341 983 μετὰ
358 949 408 984 τὴν
427 949 555 985 γέννησιν
571 949 670 982 ἔξωθεν
687 950 859 986 προσλαβὼν.
878 950 916 982 ὡς

116 992 153 1020 ἂν
174 992 247 1020 εῐποι
264 1002 317 1026 τις,
340 994 477 1030 ἠνδρώθη.
502 995 612 1027 Τέλειος
637 994 685 1023 οὗν
704 996 778 1023 ἐστιν
803 997 817 1022 6
840 995 915 1028 Υἱὸς,

116 1038 168 1065 οὑκ
185 1038 215 1071 ἐξ
230 1035 268 1066 ὧν
283 1040 428 1076 ἐγεννήθη,
447 1040 505 1067 ἀλλ’
520 1040 549 1074 ἐξ
568 1038 606 1068 ὧν
621 1041 784 1077 προσέλαϐε.
802 1042 843 1069 Τὰ
859 1041 916 1077 γὰρ

115 1085 289 1120 συγγενικῶς
316 1086 572 1122 προσλαμσάνοντα,
597 1087 635 1119 ὡς
650 1088 681 1120 ὲξ
707 1088 820 1115 ἐκείνων
853 1097 916 1116 συν-

114 1131 234 1168 εστῶτα,
248 1132 280 1158 τὸ
293 1132 341 1159 τοῦ
361 1133 466 1160 τελείου
491 1133 578 1169 ὄνομα
601 1133 738 1170 διαφόρως
751 1133 912 1170 προσίεσθαι

113 1177 233 1212 πέφυκε.

965 947 1039 974 mine
1068 948 1198 983 quodam.
1224 948 1435 979 continebatur.
1464 954 1527 985 post
1556 951 1760 986 generationem

965 992 1057 1028 aliqua
1071 1000 1100 1020 re
1119 993 1294 1021 extrinsecus
1306 999 1458 1030 assumpta,
1484 995 1644 1024 conﬁrmata
1667 1005 1761 1025 corro-

964 1039 1116 1074 borataque
1133 1039 1225 1067 fuerit.
1242 1040 1425 1072 Quamobrem
1439 1045 1492 1068 n0n
1509 1050 1542 1070 ex
1560 1043 1594 1070 iis
1607 1051 1669 1078 qua:
1681 1051 1761 1079 gene-

964 1084 1069 1111 ratione
1095 1084 1211 1112 sortitus
1234 1089 1288 1114 est.
1311 1086 1360 1113 sed
1387 1094 1421 1114 ex
1441 1087 1525 1123 926
1549 1088 1678 1117 ascititiis
1703 1089 1759 1117 illis

965 1129 1048 1157 habet
1069 1129 1166 1162 Filius,
1185 1135 1213 1157 ut
1235 1130 1376 1166 perlectus
1399 1133 1597 1168 absolutusque
1623 1134 1670 1161 sit.
1691 1134 1758 1162 Nam

967 1176 1140 1212 quiscunque
1163 1177 1327 1205 naturaliter
1355 1179 1542 1207 accessionem
1564 1180 1685 1215 aliquam
1708 1188 1758 1209 ea-

113 1223 211 1258 piunt,
240 1228 334 1260 utpote
350 1232 383 1253 ex
399 1224 454 1253 illis
474 1225 543 1261 ipsis
562 1226 729 1259 constituta,
750 1225 864 1262 perfecti
890 1231 990 1252 nomen
1004 1222 1114 1250 diversa
1136 1222 1255 1257 quadam
1278 1222 1386 1252 ratione
1403 1224 1492 1252 solent
1514 1225 1668 1253 admittere.

149 1279 199 1307 IB’.
220 1281 253 1307 Εἰ
269 1281 372 1308 τέλειον
387 1278 422 1317 ἦν
438 1281 563 1317 γέννημα
577 1283 606 1308 ὲν
616 1282 768 1318 ἀγεννήτῳ,
785 1281 910 1317 γέννημά

112 1325 183 1355 ἔστι.
210 1325 257 1352 καὶ
279 1326 329 1352 οὐκ
353 1326 383 1359 ἐξ
407 1323 445 1353 ὦν
463 1328 478 1354 6
501 1327 647 1363 ἀγέννητος
663 1328 729 1355 αὐτὸ
752 1328 906 1363 ἐγέννησεν.

112 1371 249 1406 Γεννητὴν
265 1371 321 1408 γὰρ
337 1372 418 1406 φύσιν
429 1373 458 1399 ἐν
474 1373 615 1409 ἀγεννήτῳ
629 1374 708 1409 οὐσίᾳ
729 1374 780 1400 οὐκ
804 1374 908 1409 ἐνδέχε-

109 1426 157 1445 ται
172 1415 260 1444 εἶναι*
280 1418 311 1444 τὸ
324 1417 379 1454 γὰρ
393 1418 459 1446 αὐτὸ
475 1416 546 1446 εἷναί
560 1419 591 1446 τέ
611 1421 680 1452 ἐστι,
695 1421 743 1447 καὶ
769 1420 807 1456 μὴ
825 1418 906 1448 εἶναι.

111 1463 238 1499 Γέννημα
250 1464 304 1500 γὰρ
321 1464 472 1500 ἀγέννητον
494 1465 545 1492 οὐκ
568 1465 637 1499 ἐστι,
653 1466 701 1492 καὶ
714 1466 862 1501 ἀγέννητον
878 1465 908 1493 ὃν

999 1278 1058 1306 XII.
1080 1278 1109 1306 Si
1132 1278 1254 1314 perfecta
1268 1279 1295 1306 in
1311 1279 1435 1314 ingenito
1453 1280 1546 1316 genita
1563 1281 1672 1309 soboles
1685 1286 1758 1315 erat,

961 1325 1054 1361 genita
1072 1325 1182 1353 soboles
1195 1329 1239 1352 est
1253 1333 1309 1353 non
1324 1333 1357 1354 ex
1375 1326 1420 1358 iis,
1433 1334 1495 1362 qua:
1509 1335 1571 1354 cum
1588 1327 1623 1355 ab
1635 1327 1755 1363 ingenito

961 1371 1119 1407 gigneretur
1136 1371 1270 1398 obtinuit.
1287 1371 1355 1398 Nam
1371 1372 1463 1407 genita
1478 1376 1576 1400 natura
1592 1373 1619 1400 in
1633 1372 1755 1409 ingenita

961 1417 1117 1446 substantia
1131 1425 1193 1446 esse
1203 1425 1260 1445 non
1277 1422 1368 1453 potest
1381 1427 1389 1451 ;
1408 1423 1483 1447 esset
1495 1420 1569 1447 enim
1582 1420 1664 1448 simul
1683 1419 1755 1448 idem

961 1471 1058 1494 etnon
1073 1468 1157 1493 esset.
1183 1463 1252 1491 Nam
1275 1465 1349 1499 quod
1373 1465 1498 1500 genitum
1522 1469 1574 1498 est,
1603 1465 1754 1500 ingenitum

109 1510 237 1545 γέννημα
249 1511 300 1537 οὐκ
313 1509 359 1546 ἦν,
374 1511 422 1538 τοῦ
437 1511 564 1547 ἀνομοίου
575 1512 676 1548 μέρους
683 1513 730 1540 ἐπὶ
741 1513 810 1540 Θεοῦ
823 1513 906 1549 βλασ-

967 1519 1018 1539 non
1033 1516 1086 1544 est.
1101 1516 1128 1539 et
1145 1511 1219 1547 quod
1234 1511 1386 1547 ingenitum
1407 1515 1461 1544 est,
1482 1512 1602 1547 genitum
1619 1519 1674 1539 non
1691 1512 1754 1540 fuit.

110 1557 218 1593 φημίας
234 1557 319 1585 τύπον
334 1558 381 1585 καὶ
397 1558 476 1594 ὗὸριν
492 1558 650 1594 ἐπέχοντος.

145 1690 195 1718 Il".
216 1691 248 1718 El
264 1691 411 1726 ἀγεννήτου
426 1691 533 1727 φύσεως
548 1692 679 1728 ὑπάρχων
693 1693 708 1720 ὁ
721 1693 788 1724 Θεὸς
802 1693 816 1720 6
834 1701 904 1720 πανο

107 1737 264 1773 τοκράτωρ,
287 1738 420 1774 γεννητῆς
437 1738 545 1773 φύσεως
567 1739 617 1765 οὐκ
631 1738 702 1766 οἶδεν
724 1739 829 1772 ἑαυτὸν,
845 1740 860 1766 6
875 1739 904 1766 δὲ

109 1781 185 1814 Υἱὸς,
211 1783 344 1818 raw-nsi};
368 1782 476 1817 φύσεως
500 1783 648 1818 ὑπάρχων,
674 1782 754 1810 τοῦτο
775 1783 904 1818 γινώσκει

108 1828 216 1860 ἑαυτὸν,
230 1829 300 1864 ὅπερ
313 1828 383 1855 ἐστί·
400 1828 460 1860 πῶς
472 1829 522 1855 οὐκ
537 1829 570 1856 ἂν
585 1829 629 1864 εἴη
637 1829 667 1856 τὸ
676 1829 820 1865 ὀμοούσιον
835 1829 904 1864 ψεῦ-

107 1875 165 1907 δος,
179 1874 226 1901 τοῦ
252 1875 301 1910 μὲν
321 1874 502 1909 γινώσκοντος
518 1874 614 1902 ἑαυτὸν
635 1876 792 1912 ἀγέννητον,
809 1876 856 1903 τοῦ
875 1875 904 1903 δὲ

107 1920 240 1956 γεννητόν
251 1929 259 1954 ;
301 1919 304 1923 ’

147 1970 197 1996 ΙΔ’.
218 1969 249 1996 Εἰ
270 1969 308 2005 μὴ
331 1969 362 1996 τὺ
376 1969 524 2007 ἀγέννητον
540 1971 590 2006 τὴν
607 1970 756 1998 ὑπόστασιν
768 1971 816 1998 τοῦ
835 1971 903 1998 Θεοῦ

108 2016 295 2051 παρίστησιν,
335 2016 393 2043 ἀλλ’
423 2017 545 2048 ἐπινοίας
572 2017 646 2044 ἐστὶν
673 2017 846 2053 ἀνθρωπίνης
873 2018 904 2045 τὸ

109 2062 276 2098 ἀσύγκριτον
293 2062 388 2097 ὄνομα,
408 2062 489 2099 χάριν
512 2059 569 2094 τοῖς
588 2063 749 2099 ἐπινοήσασι
773 2063 903 2098 γινώσκει

109 2110 125 2136 6
145 2109 223 2140 Θεὸς,
249 2108 293 2135 διὰ
315 2109 365 2144 τὴν
389 2109 538 2144 ἀγέννητον
559 2108 680 2136 ἐπίνοιαν
700 2109 750 2144 τὴν
767 2108 903 2144 ὑπεροχὴν

107 2154 157 2182 τοῦ
171 2154 304 2190 ὀνόματος
319 2154 351 2182 οὺ
361 2154 452 2190 φέρων
469 2155 498 2182 ὲν
512 2155 600 2190 οὐσίᾳ.

144 2246 196 2272 ιε’.
217 2246 248 2272 EI
272 2245 372 2278 ἔξωθεν
386 2246 580 2283 ἑπιθεωρείται
600 2246 639 2282 τῷ
662 2245 722 2281 Θεῷ
745 2244 902 2280 ἀγέννητον,

107 2293 133 2319 οἱ
157 2291 396 2328 ὲπιθεωρήσαντες
411 2292 458 2318 τοῦ
486 2291 720 2328 ὲπιθεωρηθέντος
735 2290 804 2316 εἰσὶν
825 2288 904 2324 ἀμεί-

108 2346 189 2369 νους,
217 2338 341 2372 κρεῖττον
372 2336 457 2372 ὕνομα
481 2337 531 2371 τῆς
557 2336 666 2372 φύσεως
689 2335 765 2370 αὑτῷ
790 2333 903 2368 πορισά-

109 2392 196 2419 μενοι.

146 2430 194 2463 tq'
234 2429 264 2456 Εἰ
291 2429 330 2465 μὴ
357 2428 420 2466 εῐκῃ
449 2429 466 2464 ἡ
498 2428 644 2463 ἀγέννητος
676 2426 757 2461 φύσις
786 2426 902 2460 γενέσει,

107 2475 180 2502 τοῦτ’
197 2474 271 2502 ἔστιν
285 2475 299 2501 6
311 2474 430 2509 λέγεται.
448 2475 480 2501 Ei
492 2474 521 2500 δὲ
538 2475 599 2509 εῐκῃ
611 2473 726 2508 γενέσει,
746 2471 779 2500 τὰ
794 2472 844 2507 τῆς
857 2480 903 2506 γε-

109 2522 210 2553 νέσεως
226 2520 300 2556 πάοη
316 2521 365 2556 τῆς
377 2520 553 2552 ὑποστάσεως
566 2520 613 2547 τοῦ
634 2518 701 2546 Θεοῦ
724 2519 766 2554 εἴη
780 2517 900 2553 ἄμεινον.

145 2609 193 2636 ΙΖ¹.
216 2608 246 2635 El
282 2608 312 2635 τὸ
337 2608 461 2643 γέννημα
487 2607 622 2643 ἄτρεπτον
646 2607 695 2642 τὴν
723 2606 804 2641 φύσιν
832 2605 900 2637 ἐστὶ,

107 2654 152 2681 διὰ
167 2654 213 2680 τὸν
225 2655 404 2690 γεννήσαντα,
417 2653 449 2680 τὸ
470 2653 616 2688 ἀγέννητον
630 2653 709 2680 οὐσία
732 2652 805 2679 ἐστὶν
822 2651 901 2686 ἄτρε-

109 2709 187 2733 πτος,
202 2701 233 2727 οὺ
252 2701 297 2727 διὰ
319 2700 443 2735 γνώμην,
461 2699 529 2726 ἀλλὰ
542 2700 585 2726 διὰ
601 2699 631 2726 τὸ
647 2700 676 2726 ὲν
690 2699 768 2733 οὐσίᾳ
781 2698 901 2733 ἀξίωμα.

145 2834 199 2863 III'.
221 2835 251 2862 Ei
271 2835 299 2862 τὸ
327 2835 476 2870 ἀγέννητον
499 2834 594 2867 οὐσίας
615 2835 672 2862 ἐστὶ
692 2835 850 2871 δηλωιικὸν,
865 2837 902 2862 εξ-

958 1557 1068 1594 Quippe
1089 1557 1253 1586 dissimilem
1277 1557 1397 1592 aliquam
1424 1557 1479 1586 Deo
1494 1562 1599 1593 partem
1616 1558 1754 1593 alIingere,

955 1603 1093 1631 maledicti
1108 1603 1136 1630 in
1161 1602 1283 1630 divinum
1309 1602 1414 1630 Numen
1439 1610 1472 1630 ac
1495 1603 1668 1631 contumelia:
1692 1611 1755 1639 spe-

954 1649 1028 1677 ciem
1045 1648 1168 1683 praefert.

993 1694 1062 1722 XIII.
1091 1694 1119 1721 Si
1145 1695 1266 1729 ingenita
1291 1698 1389 1722 natura
1412 1690 1541 1728 praeditus
1569 1693 1640 1722 Deus
1663 1694 1754 1722 omni-

953 1745 1052 1776 potens
1077 1740 1175 1776 genita:
1206 1744 1313 1768 natura:
1339 1739 1525 1767 conditionem
1556 1740 1584 1767 in
1610 1747 1671 1768 sese
1696 1747 1753 1768 non

954 1786 1098 1822 agnoscit;
1116 1785 1202 1814 Filius
1218 1794 1293 1819 vero,
1320 1787 1440 1822 genitam
1471 1790 1600 1813 naturam
1629 1786 1748 1819 habens,

955 1831 1094 1866 ejusmodi
1110 1839 1151 1864 se,
1167 1832 1258 1867 qualis
1271 1836 1325 1865 est,
1347 1831 1483 1866 agnoscit,
1509 1839 1601 1859 nonne
1623 1835 1682 1858 tota
1705 1831 1752 1858 illa

954 1877 1201 1906 consubstantialis
1226 1878 1298 1906 ratio
1324 1877 1442 1905 mendax
1467 1883 1510 1905 est
1524 1885 1557 1905 ac
1585 1877 1666 1909 falsa,
1688 1884 1752 1905 eum

954 1924 1022 1952 alter
1038 1924 1188 1960 ingenitum
1206 1931 1278 1957 sese,
1296 1923 1420 1958 genitum
1437 1924 1506 1951 alter
1521 1923 1681 1959 agnoscat?

993 1969 1063 1997 XIV.
1087 1969 1117 1997 Si
1141 1970 1256 2004 ingeniti
1282 1977 1334 1997 vox
1356 1969 1403 1997 Dei
1431 1969 1615 1998 substantiam
1639 1969 1752 1997 minime

955 2014 1112 2051 signilicat,
1131 2014 1179 2042 sed
1197 2014 1414 2049 incomparabile
1439 2014 1507 2043 illud
1531 2021 1631 2041 nomen
1648 2014 1683 2041 ab
1701 2014 1752 2041 hu-

954 2060 1044 2088 manis
1068 2060 1187 2096 ingeniis
1210 2060 1394 2095 exeogitatum
1424 2063 1483 2092 est,
1511 2059 1588 2087 Deus
1615 2059 1651 2086 ob
1677 2059 1752 2087 istud

954 2106 1046 2141 ipsum
1063 2106 1176 2141 ingeniti
1188 2110 1374 2133 commentum
1393 2105 1439 2138 iis,
1454 2105 1500 2140 qui
1515 2105 1676 2140 repererint,
1690 2112 1752 2140 gra-

955 2152 1000 2179 tiae
1020 2151 1128 2179 debitor
1142 2154 1195 2184 est,
1227 2158 1290 2178 cum
1314 2154 1392 2178 tanto
1413 2150 1515 2178 nomini
1541 2149 1751 2185 respondentem

919 2190 941 2218 Ι)
954 2197 1145 2225 excellentiam
1161 2197 1189 2224 in
1208 2197 1329 2224 essentia
1345 2204 1395 2223 sua
1411 2203 1464 2223 non
1483 2195 1593 2224 habeat.

990 2242 1048 2270 XV.
1070 2243 1099 2270 Si
1122 2243 1236 2278 ingenili
1257 2242 1381 2270 conditio
1399 2241 1454 2270 Deo
1469 2242 1646 2270 extrinsecus
1668 2241 1748 2268 aliin-

954 2290 1040 2325 gitur,
1056 2289 1103 2325 qui
1126 2289 1260 2325 allingunt
1275 2289 1300 2316 ei
1317 2288 1381 2323 ipsi,
1400 2289 1444 2316 cui
1462 2288 1608 2323 allingitur,
1625 2288 1748 2316 anteet-I-

955 2336 1025 2367 lunt.
1050 2343 1113 2363 cum
1140 2335 1328 2370 praestantius,
1350 2342 1432 2370 quatn
1456 2339 1554 2362 natura
1569 2335 1702 2369 patiatur,
1723 2334 1750 2364 ei

954 2388 1055 2408 nomen
1072 2381 1236 2418 attribuant.
1349 2380 1352 2383 ⁷

992 2425 1060 2452 XVI.
1083 2425 1111 2452 Si
1128 2425 1249 2461 ingenita
1268 2429 1367 2451 natura
1389 2421 1559 2458 generationi
1575 2421 1688 2449 minime
1704 2428 1749 2449 ee-

953 2472 1003 2504 dit,
1018 2471 1162 2503 habemus,
1175 2469 1248 2505 quod
1263 2469 1401 2496 volumus.
1418 2467 1466 2495 Sin
1477 2467 1647 2504 generationi
1657 2466 1747 2498 cedat,

953 2517 1141 2553 generationis
1173 2515 1334 2543 alIectioncs
1358 2513 1459 2541 divina:
1486 2512 1649 2541 substantia:
1676 2518 1748 2546 pra:-

953 2562 1075 2589 stabunt.

942 2596 952 2606 ’
989 2606 1070 2633 XVII.
1092 2607 1120 2633 Si
1134 2607 1227 2642 genita
1255 2606 1365 2634 soboles
1391 2610 1489 2633 natura
1511 2606 1546 2632 ob
1571 2608 1746 2640 generantem

954 2653 1132 2680 immutabilis
1157 2658 1217 2685 est,
1243 2653 1316 2688 quod
1344 2652 1495 2688 ingenitum
1521 2655 1574 2683 est,
1594 2650 1747 2678 substantia

954 2699 1079 2734 quzedatn
1097 2699 1275 2727 immutabilis
1292 2704 1345 2729 est,
1365 2707 1421 2726 non
1440 2698 1568 2728 arbitrio,
1590 2700 1638 2722 aut
1651 2695 1748 2722 volun-

955 2750 1010 2773 tate
1033 2746 1218 2781 cujnsquam,
1254 2746 1301 2773 sed
1331 2745 1414 2773 insita
1440 2743 1559 2780 quadam
1586 2741 1748 2770 substantia:

956 2790 1097 2824 dignitate.

992 2835 1080 2864 XVIII.
1117 2836 1145 2864 Si
1173 2835 1287 2871 ingeniti
1314 2843 1364 2862 vox
1395 2834 1574 2863 substantiam
1603 2829 1744 2868 exprimit.
