1931 3041
184 121 237 151 539

880 120 908 148 S.
931 120 1101 149 EPIPIIANII

1764 122 1813 150 5W

182 177 281 204 merito
297 176 332 203 ab
348 176 432 211 geniti
455 175 611 204 substantia
634 175 708 202 velut
730 176 882 204 membrum
905 178 972 205 divi-

1038 179 1112 209 ιὸτως
1126 177 1195 213 πρὸς
1212 177 1262 213 τὴν
1276 177 1323 204 τοῦ
1341 178 1508 213 γεννήματος
1521 177 1616 205 οὐσίαν
1633 178 1816 205 ἀντιδιαστέλ-

184 222 273 250 sionis
289 222 444 257 oppositum
457 223 635 249 discernitur.
659 221 707 249 Sin
722 227 814 249 autent
829 223 894 250 nihil
914 232 972 251 om-

185 269 251 295 nino
279 268 444 295 vocabulum
471 267 538 294 illud
563 268 676 303 ingeniti
705 268 856 303 signiﬁcat,
887 270 973 298 multo

185 314 277 341 minus
300 313 383 348 geniti
411 321 462 340 vox
489 314 593 348 aliquid
619 315 757 350 exprimit.
784 314 857 342 Nihil
880 321 972 344 autem

185 359 324 394 quomodo
343 359 427 385 nihilo
442 359 469 386 in
485 358 619 387 divisione
634 359 832 394 respondebit?

221 404 292 432 XIX.
314 404 391 437 Quod
415 404 438 431 si
466 406 523 445 ipsa
543 405 656 440 ingeniti
684 405 872 440 prommtiatio
889 406 972 441 927

185 450 403 484 pronuntiationi
428 450 511 484 geniti
537 450 704 485 opponitur,
730 458 792 477 cum
822 451 971 478 secundum

185 494 438 529 pronuntiationem
463 495 603 522 silentium
631 496 825 530 subsequatur,
840 496 975 524 Christia-

186 547 283 566 norum
309 547 373 574 spes
395 540 475 567 modo
491 541 616 573 exsistet,
641 541 797 569 modoesse
813 542 931 575 desinet,
946 543 973 570 in

184 584 293 612 diversa
306 586 530 620 pronuntiatione
545 587 652 621 posita;
670 595 723 614 non
739 587 765 614 in
780 588 899 621 naturis,
915 596 976 624 qua:

186 631 223 657 ita
247 639 308 658 sese
332 631 465 663 habeant.
490 633 719 666 quemadmodum
747 634 889 662 nominum
916 635 975 670 ipsa

184 677 350 712 signiﬁcatio
365 677 495 705 declarat.

222 722 280 750 XX.
303 722 499 758 Siingenitum
519 724 587 751 nihil
609 725 643 752 ad
669 726 832 755 substantia:
857 727 977 763 dignita-

185 771 240 794 tem
267 768 385 802 amplius
407 768 524 800 confert,
548 776 630 804 quam
646 770 778 805 genitum,
805 770 892 799 Filius
916 772 976 799 sola

187 813 313 840 vocabuli
341 814 562 848 pronuntiatione
593 820 739 850 superatus
768 817 975 851 praestantiores

1024 224 1109 249 λεται.
1136 223 1167 249 Εἰ
1185 223 1214 249 δὲ
1238 222 1320 258 μηδὲν
1335 222 1462 258 σημαίνει
1486 222 1516 248 τὸ
1541 222 1701 257 ἀγέννητον.
1726 221 1815 258 πολλῷ

1025 269 1124 304 μᾶλλον
1137 269 1213 295 οὐδὲν
1229 268 1304 304 δηλοῖ
1314 268 1345 295 τὸ
1357 267 1490 303 γέννημα.
1510 267 1613 303 Μηδενὶ
1632 267 1717 303 μηδὲν
1732 268 1741 283 ¹
1758 268 1814 300 πῶς

1023 313 1240 350 ἀντιδιασταλείη
1250 322 1257 345 ς
1819 326 1822 328 ·

1059 405 1109 433 ΙΘ¹.
1125 406 1156 432 Et
1171 405 1200 432 δὲ
1223 405 1240 440 ἡ
1264 405 1411 440 ἀγέννητος
1426 404 1549 439 προφορὰ
1564 402 1632 439 πρὸς
1650 405 1700 439 τὴν
1720 412 1817 439 γεννη-

1024 451 1073 486 τὴν
1089 450 1227 486 προφορὰν
1243 450 1499 481 ἀντιδιαστέλλεται,
1515 450 1620 484 σιωπῆς
1641 450 1692 484 τὴν
1714 450 1818 483 ὑποφο-

1026 497 1076 532 ρὰν
1101 496 1303 532 διαδεχομένης,
1330 495 1454 529 γίνεσθαι
1482 495 1624 530 συμϐαίνει
1647 496 1693 521 καὶ
1717 495 1816 528 ἀπαγι-

1024 543 1117 570 νεσθαι
1141 542 1189 578 τὴν
1217 542 1272 569 τῶν
1302 541 1470 576 Χριστιανῶν
1498 540 1606 573 ἐλπίδα,
1636 542 1665 567 ἐν
1695 540 1819 576 διαφόρῳ

1026 589 1151 625 προφορᾷ
1167 588 1306 624 κειμένην,
1324 587 1380 614 ἀλλ’
1391 587 1440 614 οὐκ
1456 587 1486 614 ὲν
1506 587 1618 621 φύσεσιν
1633 586 1721 618 οὕτως
1741 586 1820 622 ἑχού-

1027 642 1096 666 σαις,
1112 633 1150 665 ὡς
1167 634 1184 668 ἡ
1199 632 1254 660 τῶν
1270 632 1408 667 ὀνομάτων
1425 631 1548 666 βούλεται
1568 631 1701 667 σημασία.

1061 720 1103 747 ις’.
1123 721 1155 747 EI
1172 719 1254 756 μηδὲν
1271 718 1351 746 πλέον
1366 717 1442 754 νέμει
1457 719 1496 750 είς
1514 718 1650 754 ὑπεροχὴν
1672 718 1769 750 οὐσίας
1788 717 1821 745 τδ

1026 765 1172 801 ἀγέννητον
1194 764 1262 799 πρὸς
1279 764 1310 790 τὸ
1327 763 1467 799 γέννημα.
1488 764 1614 799 προφορᾷ
1630 763 1710 798 μόνον
1731 764 1821 798 ὑπερ.

1027 809 1156 845 εχόμενος
1167 809 1263 840 ὁΥἱὺς,
1272 808 1394 843 βελτίους
1407 807 1504 835 ἑαυτοῦ
1515 807 1648 842 γνώσεται
1657 808 1720 840 τοὺς
1734 817 1822 843 προσ-

185 865 246 885 sese
265 859 435 893 appellantes
449 859 523 894 ipsos
538 866 667 894 agnoscet
681 870 688 894 ;
708 869 762 888 non
778 869 851 895 eum,
870 864 916 898 qui
933 864 975 899 ip-

1038 855 1239 890 ιγορεύσαντας,
1257 855 1287 881 οὺ
1308 854 1353 881 τὸν
1374 854 1630 890 προσαγορευθέντα
1652 854 1718 881 Θεὸν
1733 854 1822 881 αὑτοῦ

185 903 244 930 sius
261 903 332 930 Deus
347 905 508 939 appellatur,
522 910 549 932 et
564 905 656 933 Pater.

221 948 292 976 XXI.
315 949 342 976 Si
358 950 477 985 ingenita
498 950 651 978 substantia
667 953 838 987 generationi
854 959 976 989 praestat,

189 994 300 1023 insitam
313 995 340 1022 in
354 1003 415 1023 sese
434 996 538 1023 habens
553 997 755 1029 esi-ellentiam,
771 1003 867 1034 suapte
881 1003 978 1028 natura

187 1038 308 1073 ingenita
330 1045 372 1066 est
400 1040 563 1067 substantia.
592 1041 685 1076 Neque
709 1041 781 1068 enim
805 1044 849 1070 cui
868 1043 976 1071 libitum

184 1086 238 1115 est,
253 1090 302 1117 pro
314 1090 346 1110 eo
362 1083 434 1118 quod
455 1083 560 1110 libitum
574 1088 627 1116 est,
641 1086 810 1120 generatioui
824 1087 975 1118 antecellit,

185 1127 233 1154 sed
258 1128 330 1162 quod
354 1129 391 1155 ita
417 1133 514 1156 natura
535 1135 709 1164 comparatus
733 1133 785 1157 cst.
799 1129 889 1163 Quare
914 1138 976 1158 cum

187 1172 258 1200 Deus
272 1181 320 1207 per
333 1181 394 1201 sese
410 1174 530 1209 ingenita
547 1175 582 1202 sit
600 1175 765 1207 substantia,
787 1176 887 1203 rationi
910 1176 978 1203 nulli

186 1219 329 1254 permittit,
346 1221 396 1247 sibi
412 1224 441 1247 ut
457 1221 660 1255 generationem
674 1221 804 1256 aﬁingat;
826 1222 874 1250 sed
888 1223 976 1258 inqui-

186 1265 313 1292 sitionem
326 1273 434 1292 omnem
456 1274 489 1293 ae
517 1267 755 1296 ratiocinationem
768 1268 802 1296 ad
815 1277 858 1296 res
874 1270 978 1304 genitas

187 1311 316 1338 amandnt
329 1318 360 1338 ae
373 1312 473 1346 reiicit.

221 1355 305 1385 XXII.
326 1356 355 1383 Si
370 1357 481 1391 iugeniti
499 1365 550 1385 vox
569 1359 748 1393 privationem
763 1360 791 1387 in
806 1360 862 1388 Deo
874 1361 979 1396 signiﬁ-

186 1407 242 1435 cat,
266 1410 356 1437 neque
377 1403 526 1438 quidquam
543 1404 656 1431 omnino
675 1405 710 1432 sit
729 1405 891 1441 ingenitum,
906 1415 980 1442 qua:-

188 1455 251 1475 uam
273 1450 343 1475 ratio
365 1450 398 1476 ab
417 1457 461 1482 eo,
484 1450 557 1484 quod
572 1458 625 1477 non
650 1454 708 1482 est,
733 1451 801 1478 nihil
828 1452 915 1487 possit
929 1460 979 1480 alu-

1029 901 1074 927 καὶ
1091 899 1210 935 Πατέρα.

1065 946 1131 972 KA'.
1151 946 1183 972 Et
1204 945 1221 980 ἡ
1244 945 1392 980 ἀγέννητος
1407 945 1485 972 οὐσία
1509 945 1643 981 κρείττων
1664 945 1724 972 ἐστὶ
1739 946 1822 980 γενέ-

1030 999 1108 1023 σεως⁷
1122 990 1228 1018 οἴκοθεν
1243 990 1342 1026 ἔχουσα
1360 990 1391 1017 τὸ
1411 992 1534 1026 κρεῖττον
1546 991 1623 1023 αὐτὸ,
1642 991 1721 1017 οὐσία
1744 992 1823 1018 ἐστὶν

1028 1036 1184 1071 ἀγέννητος.
1200 1035 1237 1063 Οὐ
1255 1036 1309 1071 γὰρ
1325 1035 1498 1070 βουλόμενος,
1519 1035 1561 1062 ὅτι
1579 1035 1721 1071 βούλεται,
1744 1037 1823 1071 γενέ-

1030 1080 1098 1113 σεώς
1121 1081 1178 1107 ἐστι
1204 1081 1356 1117 κρείττων,
1378 1081 1436 1108 ἀλλ’
1455 1081 1496 1108 ὅτι
1521 1081 1650 1116 πέφυκεν.
1674 1082 1745 1108 Αὐτὸ
1772 1082 1823 1109 οὖν

1029 1127 1190 1162 ὑπάρχουσα
1214 1126 1296 1153 οὐσία
1322 1127 1469 1163 ἀγέννητος
1491 1129 1506 1154 ὁ
1529 1127 1614 1160 Θεὸς,
1634 1128 1723 1154 οὐδενὶ
1747 1128 1823 1163 λόγῳ

1029 1174 1172 1210 ἐπιτρέπει
1197 1175 1257 1201 καθ’
1282 1175 1383 1210 ἑαυτῆς
1405 1175 1512 1208 γένεσιν
1534 1175 1689 1210 ἐπινοῆσαι,
1711 1175 1823 1201 ὠθοῦσα

1030 1221 1159 1257 φέρεσθαι
1185 1221 1256 1248 κατὰ
1277 1220 1331 1247 τῶν
1348 1221 1485 1257 γεννητῶν
1505 1222 1595 1248 πᾶσαν
1627 1221 1751 1255 ἐξέτασιν
1773 1222 1824 1248 καὶ

1030 1268 1122 1295 πάντα
1136 1267 1276 1302 λογισμόν.

1065 1361 1129 1387 ΚΒ’.
1148 1360 1180 1386 Εἰ
1201 1359 1357 1395 στερήσεώς
1381 1359 1439 1386 ἐστι
1460 1359 1608 1395 δηλωτικὸν
1629 1360 1677 1386 ἐπὶ
1700 1359 1769 1386 Θεοῦ
1789 1360 1824 1387 τὸ

1029 1407 1186 1441 ἀγέννητον,
1206 1405 1289 1440 μηδὲν
1306 1404 1334 1431 δὲ
1349 1405 1392 1439 εἵη
1410 1405 1440 1431 τὸ
1461 1405 1625 1440 ἀγέννητον·
1650 1406 1726 1437 ποῖος
1743 1405 1823 1439 λόγος

1030 1452 1063 1478 ἂν
1083 1450 1239 1486 ἀφαιρέσειε
1262 1450 1309 1477 τοῦ
1331 1449 1368 1485 μὴ
1385 1450 1461 1481 ὄντος
1484 1450 1587 1486 μηδέν;
1609 1451 1640 1477 Ei
1665 1451 1694 1478 δὲ
1714 1451 1745 1477 ὃν
1771 1460 1823 1486 ση-

189 1493 280 1521 ferre?
299 1494 346 1521 Sin
367 1495 502 1522 exsisteus
522 1495 664 1530 quidpiam
687 1500 784 1529 sonat,
805 1497 867 1532 quis
889 1497 923 1525 ab
944 1505 977 1525 eo

1038 1497 1137 1528 ιαῐνει,
1159 1495 1201 1527 τις
1225 1495 1259 1522 ἂν
1277 1495 1412 1531 χωρήσειε
1429 1495 1506 1527 ὄντος
1524 1496 1593 1531 ὅπερ
1607 1496 1683 1523 ἐστὶν
1702 1497 1770 1523 αὑτό
1788 1506 1824 1532 τε

188 1539 261 1573 quod
287 1543 341 1573 est,
364 1539 484 1574 idipsum
507 1540 580 1576 quod
593 1545 647 1574 est,
672 1541 725 1570 hoc
743 1546 786 1570 est
804 1543 894 1578 ipsum
910 1551 925 1571 a
940 1552 981 1573 se-

189 1585 306 1620 metipso
320 1587 466 1613 secernat?
723 1594 725 1597 '

225 1630 320 1660 XXIII.
341 1631 410 1659 Cum
437 1633 604 1667 privationes
619 1634 771 1662 ablationes
787 1635 842 1663 sint
860 1635 980 1664 aﬁ‘ectio-

189 1685 266 1709 num,
292 1678 363 1714 quod
392 1679 419 1706 in
443 1678 498 1706 Deo
513 1683 556 1707 est
571 1680 734 1715 ingenitum,
760 1682 801 1709 vel
828 1682 981 1711 affectionis

188 1723 304 1758 privatio
324 1729 377 1757 est,
397 1725 440 1753 vel
460 1725 568 1753 aﬂ'ectio
587 1727 732 1761 privationi
749 1729 899 1756 contraria.
928 1729 981 1765 lgi-

188 1774 236 1797 tur
251 1771 274 1799 si
291 1771 445 1799 aﬁectiouis
468 1772 585 1806 privatio
611 1777 665 1804 est,
693 1774 830 1808 quomodo
854 1774 881 1802 id
907 1775 980 1811 quod

189 1823 245 1843 non
257 1817 331 1845 inest
342 1816 398 1845 Deo
413 1821 543 1852 tauquam
560 1818 627 1845 insit
639 1819 768 1847 tribuitur
783 1820 795 1847 ?

225 1862 321 1889 XXIV.
341 1863 377 1889 At
393 1863 416 1890 si
431 1862 539 1890 aﬁ'ectio
552 1864 677 1898 quaedam
692 1869 735 1892 est
747 1865 912 1900 ingenitum,
930 1875 978 1903 ge-

190 1908 275 1935 nitam
292 1908 477 1936 substantiam
501 1909 635 1937 exsistere
656 1914 731 1943 ante,
756 1919 789 1938 ac
815 1913 889 1940 velut
914 1915 980 1941 sub-

189 1953 275 1979 sterni
295 1960 407 1980 necesse
430 1957 482 1985 est,
507 1958 538 1981 ut
560 1954 704 1983 aﬁ'ectione
720 1955 765 1983 illa
780 1957 815 1984 ad
828 1965 888 1985 eam
905 1951 991 1986 accc:

190 1998 282 2029 dente,
295 1998 414 2033 ingenita
428 1999 592 2027 nominetur.

225 2041 310 2082 XXV.
332 2041 360 2069 Si
375 2050 440 2069 vero
463 2043 554 2078 genita
580 2043 737 2072 substantia
753 2045 883 2081 ingenita
895 2048 981 2082 parti-

189 2080 255 2123 ceps
287 2088 348 2122 fuit,
378 2088 531 2117 affectionis
554 2089 663 2124 jactura
694 2091 764 2119 facta
789 2080 981 2122 conditi-onem

189 2135 282 2164 amisit
307 2136 431 2172 ingeniti.
458 2135 549 2169 Quare
571 2136 727 2165 substantia
752 2139 862 2174 quidem
890 2141 981 2176 genita

189 2181 282 2212 fuerit,
297 2181 449 2217 ingenitum
466 2185 556 2210 autem
572 2182 689 2211 affectio.

223 2227 319 2254 XXVI.
340 2228 418 2260 Quod
435 2228 458 2256 si
475 2228 565 2264 genita
589 2229 697 2257 soboles
721 2231 870 2258 transitum
886 2240 982 2266 quem-

188 2273 250 2301 dam
268 2273 414 2308 signiﬁcat,
440 2282 495 2301 non
519 2274 632 2302 dubium
654 2279 695 2302 est
714 2275 887 2312 aﬂ'ectionem
912 2277 982 2305 indi-

188 2327 253 2346 care
270 2323 385 2353 certam,
413 2320 471 2347 sive
486 2320 611 2355 lquadam
625 2328 640 2348 e
655 2321 809 2349 substantia
831 2323 982 2351 mutatione

189 2365 361 2393 conformata
383 2365 429 2399 sit,
446 2366 506 2393 sive
521 2366 572 2394 hoc
591 2367 678 2402 ipsum
696 2372 738 2396 ast
754 2369 844 2404 genita
859 2370 979 2403 soboles,

188 2410 260 2445 quod
276 2410 388 2438 dicitur.

226 2455 331 2491 XXVII.
355 2456 383 2486 Si
395 2460 451 2484 tam
464 2456 627 2492 ingenitum,
641 2465 722 2494 quam
737 2459 857 2494 genitum
874 2459 982 2488 aﬁ‘ectio

189 2501 244 2534 sit;
261 2502 423 2530 substantiae
437 2503 547 2538 quidem
565 2504 756 2533 aﬁ‘ectionibus
773 2506 879 2541 priores
893 2516 903 2540 ς
917 2507 982 2535 ειπε-

189 2547 295 2577 ctioncs
310 2555 392 2583 porro
404 2548 488 2586 928
510 2553 539 2576 ut
557 2549 720 2578 substantiis
743 2552 920 2586 posteriores.
941 2553 982 2581 sic

189 2593 285 2622 iisdem
303 2585 498 2629 anteponendas
514 2594 626 2627 fuerint.
744 2585 750 2586 ί
942 2631 943 2635 η

226 2639 345 2668 XXVIII.
372 2640 400 2668 Si
430 2641 581 2677 ingenitum
604 2641 687 2677 geniti
712 2649 796 2670 causa
821 2647 873 2676 est,
899 2644 981 2679 eique

190 2685 298 2712 confert
321 2690 350 2712 ut
373 2686 508 2718 exsistat;
530 2686 651 2721 genitum
670 2694 735 2714 vero
757 2695 869 2715 causam
893 2689 980 2723 ipsam

192 2730 353 2758 substantia:
375 2738 431 2761 sum
454 2731 564 2758 notione
581 2731 827 2765 comprehenderis,
852 2732 982 2760 substan-

229 2808 236 2825 '
252 2807 284 2836 Ε.
303 2808 397 2844 μηδενὶ
408 2809 435 2836 δὲ
449 2809 542 2844 μηδέν.
581 2810 590 2825 ²
611 2807 677 2838 Vide
688 2809 758 2837 infra
777 2810 803 2837 in
817 2809 934 2837 liciutat.
953 2810 997 2836 2|.

1031 1541 1114 1569 αὑτοῦ
1126 1550 1133 1574 ς

1066 1630 1129 1657 Kl".
1151 1630 1183 1657 Et
1206 1630 1234 1657 αἱ
1251 1630 1393 1666 στερήσεις
1414 1628 1497 1662 έξεών
1515 1630 1584 1655 εἰσιν
1605 1629 1775 1665 ἀφαιρέσεις,
1791 1629 1824 1656 τὸ

1030 1676 1077 1702 ἐπὶ
1101 1675 1169 1703 Θεοῦ
1187 1677 1334 1713 ἀγέννητον
1355 1676 1415 1711 ἦτοι
1445 1675 1574 1711 στέρησίς
1599 1676 1673 1702 ἐστιν
1689 1675 1784 1708 ἕξεων,
1804 1676 1822 1711 ἢ

1030 1722 1087 1754 ἕξις
1104 1722 1269 1757 στερήσεως.
1293 1722 1361 1748 Ἀλλ’
1378 1723 1403 1748 εὶ
1421 1722 1471 1757 μὲν
1488 1721 1616 1758 στέρησίς
1639 1722 1713 1748 ἐστιν
1727 1721 1821 1754 ἕξεως,

1031 1767 1090 1800 πῶς
1114 1767 1147 1795 ἂν
1171 1768 1202 1795 τὸ
1234 1768 1272 1803 μὴ
1298 1768 1398 1803 προσὸν
1428 1769 1467 1804 τῷ
1493 1768 1553 1803 Θεῷ
1583 1768 1822 1805 συναριθμηθήσε-

1030 1821 1074 1840 ται
1085 1822 1093 1846 ;

1066 1859 1130 1886 KA’.
1151 1859 1183 1886 Et
1198 1859 1226 1886 δὲ
1246 1859 1302 1892 ἕξις
1315 1860 1375 1886 ἐστὶ
1396 1859 1426 1886 τὸ
1441 1859 1600 1896 ἀγέννητον,
1625 1861 1734 1896 ἀνάγκη
1754 1869 1822 1896 προ-

1032 1905 1181 1933 ῠποοέσθαι
1197 1906 1330 1942 γεννητὴν
1349 1905 1455 1939 οὐσίαν,
1470 1907 1504 1934 ἵν’
1516 1907 1613 1940 οὕτως,
1633 1907 1690 1940 ἕξιν
1703 1907 1822 1943 προσλα-

1032 1952 1126 1987 ϐοῦσα,
1140 1953 1289 1989 ἀγέννητος
1306 1954 1484 1990 ὀνομάζηται.

1067 2042 1133 2069 ΚΕ’.
1152 2043 1184 2069 Εἰ
1198 2042 1226 2069 δὲ
1241 2044 1257 2079 ὴ
1270 2043 1387 2079 γεννητὴ
1406 2044 1555 2079 ἀγεννήτω
1570 2044 1665 2077 οὐσίας
1680 2045 1822 2080 μετέσχεν,

1031 2088 1115 2121 ἕξεως
1130 2089 1302 2123 ὑπομείνασα
1320 2090 1468 2125 ἀποϐολὴν,
1482 2091 1646 2126 ἀγεννησίας
1666 2093 1821 2128 ἐστέρηται.

1035 2133 1083 2168 Εῖη
1107 2133 1140 2160 ἂν
1165 2131 1212 2160 οὖν
1235 2134 1314 2161 οὐσία
1338 2135 1387 2170 μὲν
1410 2137 1544 2172 γεννητὴ,
1569 2136 1601 2163 τὸ
1625 2136 1653 2163 δὲ
1676 2137 1823 2173 ἀγέννητον

996 2169 1018 2196 D
1033 2178 1097 2211 ἕξις.

1069 2225 1141 2258 KG’.
1162 2225 1193 2252 Et
1210 2226 1239 2252 δὲ
1257 2226 1289 2252 τὸ
1303 2225 1426 2262 γέννημα
1449 2227 1568 2262 παρόδου
1587 2228 1647 2255 ἐστὶ
1664 2228 1822 2263 δηλωτικὸν,

1032 2269 1119 2306 δῆλον,
1136 2271 1176 2298 ὅτι
1192 2272 1274 2305 έξεὼς
1288 2273 1346 2299 ἐστι
1362 2274 1539 2308 σημαντικὸν,
1555 2273 1588 2300 ἄν
1600 2282 1628 2300 τε
1648 2276 1822 2309 μεταπέπλα·

1033 2326 1094 2344 σται
1118 2318 1148 2350 ὲξ
1170 2319 1263 2351 οὐσίας
1284 2320 1368 2351 τινὸς,
1396 2319 1427 2348 ἄν
1445 2328 1476 2347 τε
1491 2320 1570 2349 τοῦτό
1585 2321 1659 2348 ἐστιν
1679 2321 1694 2348 ὃ
1716 2322 1824 2356 λέγεται

1033 2364 1113 2400 γέννη
1119 2373 1167 2399 μα.

1068 2457 1131 2484 KZ'.
1153 2457 1184 2483 EI.
1199 2457 1232 2484 τὺ
1251 2456 1400 2492 ἀγέννητον
1413 2457 1480 2491 ἕξις,
1497 2458 1545 2485 καὶ
1564 2457 1595 2485 τὸ
1611 2459 1742 2494 γεννητῖη
1757 2460 1824 2492 ἕξις.

1031 2504 1060 2530 αι
1077 2503 1126 2539 μὲν
1144 2503 1234 2531 οὐσίαι
1255 2503 1309 2531 τῶν
1335 2503 1418 2536 ἕξεων
1437 2504 1560 2540 πρῶται,
1579 2504 1607 2532 αἱ
1624 2505 1652 2531 δὲ
1671 2505 1743 2537 ἔξεις
1771 2505 1825 2532 τῶν

1031 2549 1147 2582 οὐσιῶν,
1179 2550 1204 2576 εἰ
1235 2550 1283 2577 καὶ
1305 2549 1447 2585 δεύτεραι,
1481 2550 1539 2578 ἀλλ’
1563 2549 1610 2578 οὖν
1636 2559 1667 2586 γε
1693 2551 1822 2586 προτιμό

1033 2604 1122 2631 τεραι.

1069 2642 1138 2668 KH’.
1162 2643 1194 2669 Ei
1221 2642 1250 2669 δὲ
1275 2642 1306 2669 τὸ
1331 2643 1480 2677 ἀγέννητον
1503 2643 1550 2670 τοῦ
1581 2643 1712 2679 γεννητοῦ
1739 2642 1823 2670 αἴτιόν

1035 2688 1093 2714 ἐστι
1108 2687 1155 2714 τοῦ
1171 2686 1251 2721 εἶναι,
1274 2689 1442 2724 σημαίνων¹,
1455 2689 1577 2725 γέννημα
1601 2689 1779 2725 συνεισφέρον
1790 2690 1823 2724 τῇ

1034 2733 1131 2763 ἑαυτοῦ
1155 2734 1234 2770 οὐσίᾳ
1255 2735 1300 2762 τὸν
1319 2735 1414 2767 αἴτιον,
1432 2735 1525 2768 οὐσίας
1547 2735 1605 2762 ἐστὶ
1629 2735 1780 2771 δηλωτικὸν
1796 2738 1823 2760 το
