1931 3041
111 106 151 133 54
159 107 172 134 Ι

429 107 616 137 ADVERSUS
635 108 806 138 IIERESES
822 110 886 138 LIB.
905 110 950 141 III.
969 110 1052 139 TOM.
1073 110 1283 140 L—IIERES.
1303 111 1420 140 LXXVI.

1708 113 1762 142 5&2

86 158 92 160 ζ
111 165 259 202 γέννημα.
283 166 341 194 ἀλλ’
358 167 406 203 οὑχ
430 167 531 202 ἕξεως,
557 169 607 204 τῆς
633 169 782 206 ἀγεννήτου
808 171 909 206 φύσεως

968 172 1033 198 tiam
1057 171 1156 206 ipsam,
1188 179 1243 199 non
1272 171 1443 200 aﬂ‘ectionem
1460 171 1610 206 exprimat,
1631 178 1693 198 cum
1718 172 1761 198 in-

110 210 199 238 οὺδὲν
216 211 298 246 ἑαυτῇ
318 213 549 249 συνεπαγούσης·
569 213 629 246 πῶς
646 215 696 242 οὐχ
710 215 745 243 ἂν
761 216 912 252 εῐηνοὺσὶα,

111 256 180 282 ἀλλ’
193 255 250 289 ἕξις
264 257 282 292 ὴ
297 257 445 293 ἁγέννητος
461 259 556 292 οὐσίας

153 356 224 383 ΚΘν.
250 356 282 383 Εἰ
312 358 387 384 πᾶσα
418 359 498 386 οὐσία
525 359 599 387 ἐστὶν
626 360 794 396 ἀγέννητος,
820 358 866 388 οἷα
896 361 913 397 ἡ

112 401 189 427 Θεοῦ
208 401 255 428 τοῦ
280 404 517 440 παντοκράτορος,
541 406 600 438 πῶς
619 406 653 433 ἂν
680 407 729 442 τὴν
751 409 800 442 μὲν
824 407 913 444 παθη-

113 446 169 481 τὴν
187 447 247 480 ἐρεῖ
269 457 327 480 τις,
355 449 406 484 τὴν
426 450 456 476 δὲ
479 451 593 486 dmbﬁ;
612 452 643 479 Εἰ
669 452 697 479 δὲ
718 452 826 487 φύσεως
845 454 913 480 ἁπο-

114 490 258 527 κληρώσει
275 493 425 530 ἀγεννήτου
445 495 462 530 ἡ
492 495 541 531 μὲν
559 489 682 532 διαμένει
703 497 851 532 ποσότητος
866 498 914 525 καὶ

115 537 277 573 ποιότητος,
299 540 366 572 καὶ,
393 541 488 573 ἁπλῶς
513 543 616 573 εἰπεῖν,
646 543 737 578 πάσης
762 543 914 579 μεταϐολῆς

114 582 281 620 ἀμείνων,ή
296 585 325 611 δὲ
340 586 433 614 παθῶν
445 587 518 615 ἐστιν
532 588 693 621 ὑπεύθυνος,
708 590 915 625 συγχωρηθεῖσα

114 628 148 655 τὸ
171 629 383 666 ἀπαράλλακτον
407 634 449 666 εἰς
474 634 570 662 οὐσίαν
590 634 674 670 ἔχειν,
699 635 739 671 τῷ
766 635 913 671 αὐτομάτῳ

115 674 268 711 ἐπιτρέψαι
282 678 359 712 φίλον
379 679 414 707 τὰ
440 681 511 708 κατὰ
520 680 571 713 τὰς
587 681 804 717 προειρημένας·
820 682 837 718 ἦ
850 683 913 717 τόγε

114 718 167 747 οὖν
186 721 335 751 ἁκῶουοον
355 723 406 761 τὴν
429 725 479 761 μὲν
497 726 627 754 ποιοῦσαν
642 727 790 764 ἀγέννητον
812 729 910 762 ειπετν,

114 766 254 802 γεννητὴν
269 768 298 795 δὲ
312 768 363 805 τὴν
374 770 626 807 μεταὸαλλομένην.

966 218 1056 252 genita
1081 221 1179 244 natura
1205 218 1273 244 nihil
1301 218 1361 252 ipsa
1387 224 1481 245 secum
1506 216 1638 248 includat,
1669 223 1761 244 nonne

967 262 1122 290 substantia
1155 263 1248 298 potius
1277 270 1360 298 quam
1384 262 1493 290 all‘ectio
1521 262 1646 298 quaedam
1680 261 1761 289 debet

966 306 1071 334 videri?

1004 361 1099 390 XXIX.
1120 362 1149 390 Si
1171 363 1325 391 substantia
1343 364 1433 391 omnis
1456 363 1578 398 ingenita
1602 362 1649 394 sit,
1666 362 1761 397 cujus-

968 408 1042 436 modi
1058 413 1102 447 est
1120 409 1320 444 omnipotentis
1338 408 1396 442 Dei,
1413 409 1479 444 quid
1498 409 1596 437 attinet
1610 409 1681 436 hanc
1698 407 1761 443 qui-

967 454 1028 482 dem
1046 455 1220 490 passionibus
1244 455 1401 487 obnoxiam,
1421 455 1495 482 illam
1515 463 1580 482 vero
1599 453 1759 482 earumdem

967 505 1104 535 expenem
1124 501 1236 528 dicere?
1254 500 1331 534 Quod
1344 501 1367 528 si
1383 500 1501 535 quadam
1515 500 1640 536 ingenitae
1654 503 1759 526 natura!

967 551 1042 574 sorte
1055 554 1088 574 ac
1102 547 1272 579 conditione,
1307 547 1481 582 quantitatis.
1506 550 1534 574 et
1550 545 1699 582 qualitatis,
1719 548 1758 578 et,

967 599 996 621 ut
1017 601 1073 621 uno
1096 594 1181 622 verbo
1201 593 1303 625 dicam,
1322 593 1484 620 mutationis
1500 593 1589 620 omnis
1606 599 1703 627 expers
1717 591 1758 617 al-

966 644 1025 666 tera
1039 643 1092 672 est,
1110 639 1197 667 altera
1219 646 1284 666 vero
1301 639 1446 674 passiones
1463 638 1593 670 admittit,
1614 643 1640 664 ct
1658 636 1758 665 nihilo-

965 684 1057 712 minus
1083 684 1171 712 eidem
1196 684 1406 712 immutabilitas
1419 688 1461 712 est
1478 691 1620 716 concessa,
1644 690 1758 710 necesse

963 732 1006 756 est
1022 732 1051 756 ut
1064 737 1124 765 quae
1137 729 1363 757 commemoratis
1374 728 1451 756 hisce
1465 728 1573 756 naturis
1586 728 1692 759 insunt,
1710 731 1758 754 aut

963 782 1030 803 casu
1042 775 1160 810 quodam
1182 775 1294 802 fortuito
1307 774 1442 803 accidisse
1455 773 1594 807 dicantur,
1608 778 1666 806 aut,
1682 772 1757 808 quod

115 817 336 841 consentaneum
360 820 412 848 est,
437 822 499 844 eam
525 816 614 852 ipsam
637 817 747 852 quidem
763 825 824 854 quae
836 817 902 855 agit,
918 819 1086 856 ingenitam;
1110 828 1171 856 quae
1193 827 1260 849 vero
1287 819 1389 856 patitur
1414 827 1447 848 ac
1478 824 1611 854 mutatur,
1635 820 1756 856 genitam

116 859 300 893 appellemus.

152 919 194 944 A'.
216 918 248 945 Ει
271 918 322 954 τῆς
343 920 494 957 γενομένης
521 921 538 956 ἡ
564 921 710 958 ἀγέννητος
733 923 815 958 φύσις
836 922 909 950 ἐστὶν

997 918 1084 947 XXX.
1105 919 1134 947 Si
1153 919 1251 955 genitae
1270 922 1377 947 natura:
1398 926 1483 947 causa
1507 923 1551 948 est
1565 919 1697 956 ingenita,
1715 920 1758 948 iu-

115 963 204 996 αἰτία,
223 964 254 990 τδ
276 964 305 991 δὲ
327 965 475 1001 ἀγέννητον
494 967 577 1002 μηδὲν
600 965 643 1003 εἴη
664 967 765 994 αῐτιον¹
779 976 786 984 ·
802 967 862 1000 πῶς
877 967 911 995 ἂν

115 1009 160 1044 εἴη
176 1009 263 1037 αἴτιον
277 1010 307 1037 τὺ
325 1011 408 1048 μηδὲν
422 1011 470 1039 τοῦ
485 1013 644 1048 γεγονότος;

152 1109 218 1137 ΔΑ¹⁸
232 1110 262 1137 EI
272 1110 303 1137 τὸ
312 1110 460 1148 ἀγέννητον
473 1111 611 1149 στέρησις,
622 1113 638 1149 ἡ
649 1113 678 1140 δὲ
689 1114 816 1150 στέρησις
827 1113 911 1147 ἕξεως

116 1156 239 1192 ἀποΰολή
256 1157 342 1191 ἐστιν,
360 1158 377 1194 ὴ
399 1158 427 1184 δὲ
449 1159 569 1195 ἀποϐολὴ
591 1160 731 1192 παντελῶς
748 1161 909 1194 ἀπόλλυται,

116 1201 134 1237 ἢ
152 1202 315 1238 μεθίσταται
328 1204 372 1239 ἐφ’
385 1203 496 1240 ἕτερον·
514 1205 573 1237 πῶς
592 1204 648 1232 οἷόν
662 1215 691 1232 τε
703 1206 759 1239 ἔξει
780 1206 910 1242 μεθιστα-

118 1249 187 1285 μὲνῃ
205 1249 440 1286 κατονομάζεσθαι
454 1251 504 1288 τὴν
521 1252 616 1280 οὐσίαν
626 1252 673 1279 τοῦ
688 1252 755 1279 Θεοῦ
768 1254 909 1289 ἀγεννήτῳ

117 1296 303 1332 προσηγορίας

153 1382 216 1411 ΛΒ’.
237 1384 269 1411 Εἰ
292 1384 323 1412 τὸ
352 1385 502 1422 ἀγέννητον
526 1386 601 1422 δηλοῖ
617 1386 744 1423 στέρησιν
765 1387 802 1424 μὴ
824 1396 909 1424 προσ-

116 1428 202 1455 οῦσαν
212 1429 251 1464 τῷ
268 1430 338 1466 Θεῷ,
349 1431 407 1464 πῶς
423 1432 569 1468 ἀγέννητον
585 1430 654 1460 εἶναι
673 1433 798 1469 λέγομεν,
813 1442 909 1469 γεννη-

117 1474 163 1501 τὸν
177 1475 207 1501 δὲ
224 1475 262 1511 μὴ
279 1474 367 1510 εἴναι;

152 1520 213 1547 ΛΡ.
232 1521 263 1547 Et
278 1521 357 1556 ψιλὸν
370 1521 456 1557 όνομά
472 1523 545 1549 ἐστιν
556 1522 609 1549 ἀπὸ
622 1521 690 1549 Θεοῦ
705 1522 733 1549 τὸ
749 1522 907 1559 ἀγέννητον,

117 1566 134 1602 ἡ
152 1566 180 1592 δὲ
195 1566 260 1602 ψιλὴ
279 1569 404 1604 προφορὰ
418 1569 467 1604 τὴν
489 1569 637 1596 ὑπόστασιν
651 1569 699 1595 τοῦ
714 1569 781 1596 Θεοῦ
800 1569 908 1606 ἐπαίρει

962 964 1085 1001 genitum
1106 971 1184 997 vero,
1202 963 1278 999 quod
1295 962 1461 999 principium
1477 962 1591 995 dicitur,
1607 963 1678 991 nihil
1696 970 1757 991 om-

962 1011 1028 1038 nino
1042 1012 1088 1042 sit,
1102 1010 1214 1045 quinam
1229 1012 1319 1044 potest
1335 1008 1361 1036 id
1377 1007 1451 1043 quod
1460 1007 1529 1035 nihil
1543 1011 1586 1035 est
1599 1007 1757 1043 ejus,quod

961 1056 1126 1092 productum
1142 1058 1196 1088 est,
1212 1062 1274 1082 esse
1289 1052 1475 1089 principium?

999 1100 1097 1128 XXXI.
1119 1100 1149 1127 Si
1167 1100 1317 1135 ingenitum
1340 1099 1459 1134 privatio
1482 1099 1608 1134 quaedam
1630 1102 1690 1132 est;
1713 1101 1758 1127 est

960 1150 1052 1174 autem
1077 1145 1194 1181 privatio
1219 1144 1374 1172 aﬂ'eclionis
1398 1144 1522 1178 amissio,
1541 1145 1654 1173 amissio
1673 1151 1758 1180 porro

961 1192 1073 1228 penitus
1086 1199 1101 1218 e
1115 1190 1206 1218 medio
1222 1189 1340 1221 tollitur,
1366 1193 1415 1216 aut
1429 1189 1457 1216 in
1471 1189 1587 1218 alterum
1603 1193 1757 1217 commuta-

960 1234 1016 1271 tui',
1043 1245 1162 1272 quonam
1184 1239 1265 1272 pacto
1288 1235 1433 1264 all‘ectionc
1455 1237 1501 1264 illa
1524 1239 1756 1268 transeunte.aut

960 1288 1101 1319 pereunte,
1120 1283 1172 1310 hoc
1183 1284 1225 1309 est
1238 1281 1352 1317 ingeniti
1364 1283 1546 1318 appellatione
1564 1281 1612 1311 Dei
1627 1282 1757 1310 substan-

960 1330 996 1357 tia
1011 1328 1267 1365 cognominahilur?

998 1373 1108 1401 XXXII.
1131 1374 1160 1402 Si
1175 1375 1325 1411 ingenitum
1343 1374 1536 1410 privationem,
1551 1381 1612 1409 quae
1631 1374 1687 1402 Deo
1700 1381 1755 1402 non

960 1416 1041 1454 inest,
1056 1420 1204 1456 signiﬁcat,
1225 1428 1276 1448 cur
1308 1421 1460 1456 ingenitum
1474 1427 1546 1453 esse,
1561 1420 1682 1456 genitum
1691 1427 1756 1447 vero

959 1474 1015 1495 non
1030 1474 1092 1494 esse
1107 1467 1246 1495 dicimus?

995 1512 1117 1539 XXXIII.
1132 1512 1161 1540 Si
1176 1513 1327 1549 ingenitum
1345 1512 1417 1540 nuda
1431 1511 1459 1539 in
1473 1511 1527 1539 Deo
1542 1515 1584 1539 est
1597 1510 1755 1546 appellatio,

960 1559 1028 1586 adeo
1050 1563 1079 1586 ut
1102 1566 1185 1594 supra
1201 1564 1357 1587 creatarum
1374 1566 1465 1586 rerum
1481 1558 1605 1585 omnium
1623 1557 1756 1585 conditio-

117 1613 187 1640 κατὰ
206 1613 317 1641 πάντων
335 1615 391 1642 τῶν
408 1615 563 1651 γεννητῶνυ
583 1616 734 1652 τιμιωτέρα
758 1616 812 1652 ἄρα
834 1616 908 1642 ἐστὶν

969 1612 1021 1632 tem
1041 1605 1099 1632 sola
1115 1604 1305 1640 pronuntiatio
1321 1604 1442 1631 divinam
1466 1603 1648 1632 substantiam
1668 1603 1756 1630 extol-

117 1658 134 1693 ὴ
154 1658 306 1694 ἀνθρώπων
330 1660 456 1696 προφορὰ
471 1660 520 1695 τῆς
533 1659 580 1686 τοῦ
603 1660 823 1696 παντοκράτορος
842 1660 908 1686 ὑπο-

119 1704 258 1738 στάσεως,
281 1706 441 1742 ἁσυγκρίτῳ
470 1706 591 1742 ὑπεροχῇ
616 1705 812 1733 καλλωπίσασα
842 1705 908 1732 Θεὸν

119 1751 339 1786 παντοκράτορα.

152 1837 212 1864 AA’.
234 1838 266 1865 El
284 1838 366 1865 παντὶ
382 1837 504 1874 γεννητῷ
522 1837 598 1865 αἰτία
613 1836 850 1872 συγκεκλήρωται,
867 1836 909 1863 αἷς

116 1891 173 1916 τιος
189 1884 217 1911 δὲ
233 1885 250 1920 ἡ
265 1884 412 1920 ἀγέννητος
427 1884 519 1920 φύσις,
534 1884 584 1911 οὐκ
599 1883 685 1911 αἴτιον
697 1883 772 1918 δηλοί
787 1883 817 1910 τὺ
828 1883 908 1918 ἀγέν-

117 1938 212 1966 νητον,
228 1930 287 1957 ἀλλ’
303 1930 451 1958 ὑπόστασιν
467 1931 604 1965 σημαίνει.

152 2062 213 2091 ᾹΕ’.
229 2063 261 2090 Ei
276 2064 330 2090 πᾶν
351 2062 383 2090 τδ
401 2062 514 2098 γεγονὸς
537 2063 582 2098 ὑφ’
599 2063 693 2099 ἐτέρου
707 2063 829 2098 γέγονεν,
847 2063 864 2098 ὴ
879 2062 908 2089 δὲ

117 2109 263 2144 ἀγέννητος
291 2109 440 2141 ὑπόστασις
469 2109 532 2136 οὔτε
571 2109 617 2144 ὑφ’
645 2110 745 2145 ἑαυτῆς
775 2109 837 2136 οὕτε
862 2109 908 2144 ὑφ’

118 2155 213 2192 ἑτέρας
225 2155 336 2191 γέγονεν
345 2163 353 2171 ⁸
368 2155 475 2191 ἀνάγκη
490 2155 584 2182 οὐσίαν
596 2154 693 2191 δηλοῦν
706 2154 738 2182 τδ
749 2155 907 2191 ἀγέννητον.

92 2268 99 2274 ·
152 2257 222 2290 Aq’.
237 2256 311 2292 Ειτῇ
327 2255 374 2283 τοῦ
387 2255 558 2292 γεννήματος
571 2255 651 2291 οὐσίᾳ
671 2255 851 2291 συμφαῐνεται
869 2256 908 2288 ὡς
924 2278 946 2305 D

117 2302 190 2329 αἰτία
203 2302 219 2337 ὴ
233 2301 379 2338 ἀγέννητος
396 2302 555 2334 ὑπόστασις,
580 2302 651 2329 κατὰ
667 2302 758 2338 πάσης
773 2302 863 2334 αἰτίας
878 2303 908 2330 τὸ

117 2347 324 2383 ἀπαράλλακτον
345 2347 455 2383 ἔχουσα,
475 2348 608 2375 αὑτουσία
630 2348 704 2374 ἐστὶν
724 2348 906 2383 ἀσύγκριτος,

117 2394 166 2422 οὑκ
187 2393 287 2427 ἔξωθεν
314 2393 536 2430 συνεμφαινουσα
565 2395 596 2421 τὸ
614 2395 773 2430 ἀπρόσιτον,
790 2394 856 2421 αὐτὸ
879 2394 907 2421 δὲ

117 2441 286 2476 ὑπάρχουσα,
317 2440 484 2476 ἀσύγκριτος
510 2440 558 2468 καὶ
583 2440 740 2476 ἀπρόσιτος.
771 2441 849 2468 Ἔστι
874 2441 906 2477 δὴ

118 2485 164 2512 καὶ
178 2484 337 2520 ἁγέννητος.

154 2629 213 2658 ΛΖ¹.
229 2631 261 2657 Εἰ
278 2630 412 2666 ὑπεράγει
427 2630 520 2667 πάσης
543 2631 652 2665 φύσεως
666 2632 680 2659 ό
694 2630 906 2666 Παντοκράτωρ,

119 2676 173 2704 δια
183 2676 214 2703 τὸ
242 2677 389 2712 ἀγέννητον
405 2677 549 2712 ὑπεράγει,
571 2677 639 2712 ὅπερ
652 2677 727 2703 ἐστὶν
749 2677 836 2704 αἴτιον
852 2678 908 2709 τοῖς

118 2724 256 2759 γεννητοῖς
265 2723 409 2759 διαμονῆς.
427 2723 458 2751 Εἰ
471 2723 500 2751 δὲ
518 2723 555 2759 μὴ
569 2722 642 2752 εστιν
652 2723 747 2756 οὐσίας
760 2722 908 2759 δηλωτικὸν

153 2814 161 2830 ¹
171 2822 217 2850 γρ.
234 2814 335 2849 ἄρτιον.

960 1650 1005 1683 lat,
1019 1656 1195 1684 consequens
1216 1653 1258 1677 est
1275 1649 1417 1676 hominum
1432 1648 1682 1684 pronuntiationem
1699 1655 1756 1674 ont-

959 1694 1109 1730 nipotentis
1135 1693 1181 1722 Dei
1210 1693 1367 1722 substantia
1398 1693 1617 1729 praestantiorem
1646 1693 1753 1721 videri:

959 1749 1020 1776 qure
1034 1740 1144 1776 quidem
1160 1741 1248 1777 ipsam
1259 1740 1485 1776 incomparabilis
1496 1739 1656 1768 excellentia
1669 1739 1755 1775 digni-

960 1786 1027 1813 tatis
1038 1789 1165 1813 exornet.

995 1831 1115 1860 XXXIV.
1137 1832 1166 1859 Si
1183 1839 1245 1859 eum
1257 1839 1289 1860 eo
1303 1831 1389 1863 omni.
1409 1831 1482 1867 quod
1499 1832 1621 1868 genitum
1638 1835 1691 1863 est,
1702 1831 1754 1858 im-

959 1877 1060 1912 plicata
1076 1881 1128 1910 est,
1144 1881 1172 1905 et
1187 1877 1336 1912 conjuncta
1358 1883 1452 1904 causae
1474 1876 1561 1910 notio,
1582 1884 1665 1904 causa
1689 1884 1754 1904 vero

959 1926 1020 1956 est,
1055 1922 1176 1958 ingenita
1205 1927 1321 1956 natura,
1353 1929 1415 1950 cum
1444 1921 1596 1957 ingenitum
1625 1921 1753 1954 dicimus,

960 1976 1014 1996 non
1041 1975 1153 1996 causam
1188 1968 1330 2004 aliquam,
1367 1968 1416 1997 sed
1449 1968 1632 1997 substantiam
1662 1968 1754 2004 expri-

959 2017 1073 2044 mimus.

994 2062 1078 2098 929
1098 2061 1205 2089 XXXV.
1227 2061 1255 2089 Si
1273 2062 1405 2098 quidquid
1423 2062 1586 2098 productum
1600 2066 1653 2093 est,
1666 2061 1701 2089 ab
1715 2061 1754 2088 al-

960 2112 1019 2136 tero
1039 2109 1203 2143 productum
1223 2114 1276 2140 est.
1296 2109 1416 2144 ingenita
1438 2116 1505 2136 vero
1527 2108 1684 2144 hyposlasis
1703 2116 1754 2136 nec

960 2162 975 2182 a
987 2162 1016 2182 se
1028 2155 1097 2190 ipsa,
1111 2163 1161 2182 nec
1173 2155 1207 2182 ab
1217 2155 1269 2182 alia
1282 2155 1414 2190 producta
1426 2158 1479 2187 est,
1494 2154 1607 2189 ingeniti
1621 2154 1754 2181 vocabqu

960 2201 1115 2229 substantia
1127 2201 1185 2237 ipsa
1203 2201 1373 2237 signiﬁcetur
1387 2203 1506 2235 oportet.

997 2256 1116 2285 XXXVI.
1140 2256 1169 2285 Si
1184 2257 1297 2292 ingeniti
1322 2257 1488 2291 substantia,
1510 2262 1641 2292 tanquam
1657 2263 1754 2289 causa,

960 2303 1081 2339 ingenita
1098 2303 1254 2339 hypostasis
1269 2303 1436 2336 declaratur,
1449 2311 1510 2338 qua:
1531 2310 1586 2338 pm
1600 2302 1675 2329 omni
1689 2310 1757 2330 caua

958 2356 1051 2377 sarum
1078 2357 1177 2385 genere
1204 2348 1425 2376 immutabilitate
1439 2349 1553 2385 prtedita
1577 2352 1631 2380 est,
1655 2348 1752 2375 eadem

958 2402 1006 2430 per
1025 2402 1087 2423 sese
1106 2395 1261 2422 substantia
1282 2395 1505 2430 iucomparabilis
1530 2398 1583 2428 est,
1603 2402 1657 2422 non
1679 2395 1755 2422 velut

958 2441 1133 2470 extrinsecus
1154 2441 1269 2470 ascitam
1293 2442 1453 2477 qualitatem
1481 2441 1555 2468 illam
1580 2449 1637 2477 pra).
1661 2449 1691 2469 se
1714 2441 1754 2470 fe-

957 2495 1032 2520 rens,
1051 2487 1119 2514 nihil
1134 2491 1162 2515 ut
1177 2487 1211 2514 ad
1227 2487 1315 2522 ipsam
1333 2486 1420 2522 possit
1437 2486 1585 2520 accedere,
1608 2486 1656 2514 scd
1676 2486 1703 2514 id
1719 2494 1759 2524 ex‘

961 2540 1023 2560 sese
1037 2532 1128 2568 habet,
1141 2532 1180 2560 uti
1198 2532 1266 2559 nihil
1283 2539 1346 2559 cum
1367 2531 1425 2567 ipsa
1443 2531 1575 2564 conferri,
1590 2536 1636 2560 aut
1647 2531 1680 2558 ad
1692 2538 1760 2567 eamI

960 2577 1092 2605 accedere
1111 2578 1209 2613 possit.
1227 2577 1307 2606 Unde
1326 2581 1353 2606 et
1373 2585 1422 2613 per
1434 2582 1520 2606 semet
1537 2581 1579 2606 est
1599 2577 1734 2612 ingenita.

995 2633 1129 2661 XXXVII.
1151 2634 1181 2662 Si
1203 2634 1378 2670 omnipotens
1401 2633 1474 2662 Deus
1498 2638 1622 2661 naturam
1643 2640 1753 2665 omnem

959 2680 1078 2712 excellit,
1096 2687 1129 2708 eo
1156 2680 1217 2715 ipso
1232 2680 1307 2716 quod
1327 2680 1466 2716 ingenitus
1479 2683 1533 2710 est.
1553 2678 1671 2706 excellit.
1688 2677 1755 2711 Quae

960 2725 1114 2761 proprietas
1136 2734 1220 2754 causa
1241 2732 1283 2756 cst
1306 2727 1406 2764 genitis
1425 2725 1554 2755 omnibus
1576 2724 1754 2764 stabilitatem
