1931 3041
165 99 220 127 5L5

166 156 403 192 constantiamque
413 156 549 189 tribuens.
565 156 613 184 Sin
626 163 716 185 autem
730 158 879 194 ingenitum
895 160 961 187 sub.
975 167 995 194 Α

167 204 296 237 stantiam
321 211 376 230 non
401 202 539 238 exprimit,
562 210 577 229 a
594 211 649 238 quo
672 205 782 232 tandem
806 206 959 240 genitorqu

166 257 257 277 rerum
274 253 371 276 natura
388 249 507 283 seipsam
524 253 554 274 ut
568 254 714 276 conservet
733 250 870 285 accipiet?

203 293 347 320 XXXVIII.
371 293 399 322 Si
417 294 484 320 nihil
509 301 616 327 eorum,
634 303 695 329 quae
715 296 803 322 visum
816 295 960 330 el'l‘uginnt,

168 340 316 374 Semctipso
336 339 422 366 sativa
438 338 555 373 quadam
575 339 599 366 vi
622 340 698 374 prius
713 346 767 371 est,
785 345 869 375 atque
894 340 962 367 deli-

168 385 225 410 nitu
248 388 354 411 naturze
371 388 444 411 sorte
457 383 636 411 continetur:
659 386 706 420 qui
731 385 788 412 ﬁcri
814 389 915 420 potest.
933 388 963 411 ut

168 430 304 465 ingenitus
315 430 397 462 Deus,
408 430 442 457 ab
452 432 527 458 omni
540 431 684 459 sortitione
693 432 774 462 liber.
785 439 862 459 suam
877 432 963 466 ipsius

167 476 349 503 substantiam
370 476 452 503 modo
477 477 505 503 in
522 477 613 511 genita
636 477 730 504 sobole
756 476 896 504 inferioris
915 484 963 503 cu-

167 521 275 556 jusdam
304 529 336 549 ac
358 522 486 549 secunda:
505 521 682 553 conditionis,
700 522 781 549 modo
796 522 824 548 in
843 522 964 556 ingenito

167 568 306 604 primaria:
320 576 382 596 esse
392 568 493 601 videat,
508 568 546 595 ita
563 572 592 595 ut
608 569 708 603 prioris
727 569 794 596 insit
821 575 853 595 ac
872 572 964 602 poste—

168 614 255 641 rioris
270 614 360 640 ordo?

203 658 326 686 XXXIX.
347 658 375 685 Si
389 659 416 685 in
437 658 559 693 ingenita
581 662 681 686 natura
703 663 860 692 perseverat
881 657 963 691 Deus,

168 705 369 732 detrahendum
385 704 436 731 hoc
453 704 490 731 illi
505 708 557 736 est,
574 708 602 731 ut
617 704 741 739 generari
760 711 800 736 se,
818 708 899 738 atque
922 704 964 730 in-

169 749 291 784 genitum
306 757 367 777 esse
386 754 543 784 cognoscat.
562 749 640 781 Quod
661 749 683 776 si
702 749 739 776 illi
758 749 855 781 detur,
873 753 902 775 ut
917 756 965 783 per

170 796 253 831 geniti
276 796 445 830 ingenitique
465 795 652 822 conditionem
670 795 744 821 illius
759 799 857 821 natura
870 795 965 822 tradu-

170 845 261 873 catur,
278 841 461 868 substantiam
476 840 533 875 ipse
545 847 623 867 suam
637 840 754 874 ignorat.
767 847 829 866 cum
841 841 875 866 ab
892 844 967 866 utra-
982 835 1003 862 Β

171 894 236 921 que,
253 886 336 921 geniti
357 885 462 913 scilicet
479 890 561 920 atque
577 884 702 920 ingeniti,
720 885 851 920 qualitate
864 884 966 912 distra-

172 933 267 959 batur.

209 977 265 1004 XL.
287 975 316 1003 Si
333 983 398 1003 vero
421 975 542 1011 genitum
561 975 728 1003 conditionis
743 976 859 1011 ingeniti
883 976 968 1011 parti-

174 1032 240 1058 ceps
255 1028 306 1055 est,
322 1026 349 1050 et
366 1023 393 1049 in
406 1022 490 1057 geniti
513 1026 610 1048 natura
638 1027 767 1057 perpetuo
792 1026 894 1054 manet,
920 1030 967 1050 ue-

178 1077 255 1097 cesse
270 1073 322 1101 est,
340 1072 369 1095 ut
387 1076 416 1096 se
438 1067 597 1103 imperfecta
616 1067 644 1094 in
671 1072 769 1094 natura
787 1068 968 1095 constitutum

173 1123 235 1143 esse
259 1118 427 1150 cognoscat,
453 1118 480 1140 et
506 1113 580 1140 illam
607 1113 719 1148 ingeniti
747 1114 968 1142 communionem

174 1162 292 1196 ignoret.
324 1159 417 1195 Neque
439 1159 512 1186 enim
537 1159 608 1186 idem
630 1159 663 1186 dc
683 1159 774 1194 seipso
793 1163 820 1186 et
843 1159 970 1194 ingenitae

174 1207 336 1236 substantiae
364 1210 391 1233 et
409 1205 506 1241 genitae
523 1204 650 1232 notitiam
674 1204 822 1232 informare
840 1210 942 1240 potest:

210 1252 277 1280 XLI.
299 1252 326 1279 Si
343 1251 453 1287 ingeniti
469 1251 622 1286 proprietas
651 1250 718 1278 levis
741 1255 784 1278 est
810 1258 843 1278 ac
864 1250 969 1278 minimi

181 1298 318 1329 facienda,
336 1297 409 1332 quod
426 1297 453 1324 in
470 1297 648 1324 mutationem
666 1297 794 1331 proclivis
810 1296 856 1328 sit,
871 1297 971 1324 immu-

176 1343 268 1370 tabilis
282 1341 435 1370 substantia
448 1345 553 1367 natura:
569 1341 694 1376 qumdam
708 1340 829 1375 dignitas
840 1344 891 1373 est,
909 1347 970 1367 cum

176 1391 296 1426 ingenita
331 1389 485 1417 substantia
521 1388 644 1416 omnium
672 1388 848 1416 confessione
874 1388 969 1415 causis

178 1436 307 1464 omnibus
319 1435 475 1463 antecellat.

214 1481 293 1509 XLII.
316 1481 345 1509 Si
355 1481 506 1517 ingenitum
519 1487 631 1508 causam
644 1479 746 1529 nullam
757 1479 867 1529 penitus
877 1480 969 1511 habet,
985 1498 1008 1529 ο

180 1528 289 1562 sintque
303 1527 422 1562 ingenita
434 1525 584 1560 complura,
604 1524 686 1559 930
700 1524 862 1551 immutabili
874 1528 972 1551 natura

179 1572 355 1600 constabunt.
373 1571 468 1606 Neque
487 1570 558 1597 enim
581 1571 654 1597 velut
670 1569 801 1596 attributa
817 1569 972 1596 communis

179 1618 324 1653 cujusdam
361 1623 393 1644 ac
414 1615 561 1651 peculiaris
583 1619 688 1642 naturae
708 1613 865 1641 conditione
888 1614 974 1648 parti-

182 1671 302 1699 cepsque
318 1662 401 1694 facta,
422 1662 508 1689 altera
521 1660 614 1688 molita
630 1664 682 1692 est,
698 1660 780 1687 altera
796 1659 939 1695 producta.

215 1709 307 1742 XLIII.
329 1708 358 1736 Si
383 1708 538 1736 substantia
552 1707 642 1734 omnis
663 1707 785 1742 ingenita
800 1711 853 1738 est,
868 1705 938 1732 nihil
959 1712 974 1732 a

182 1763 212 1784 se
230 1756 346 1784 invicem
367 1754 418 1781 hac
432 1761 466 1781 ex
481 1757 557 1788 parte
572 1752 709 1784 dill‘erent,
723 1751 796 1787 quod
813 1756 911 1779 neutra
923 1751 974 1778 do-

181 1801 322 1829 minationi
344 1801 469 1835 subjecta
484 1799 521 1826 sit
538 1799 664 1826 alterius.
689 1798 781 1831 Quare
796 1798 908 1833 quinam
936 1796 976 1823 al-

183 1839 285 1875 lii-mari
305 1849 405 1881 potest,
422 1845 520 1872 mutari
539 1851 632 1875 unam,
650 1843 763 1870 alteram
778 1846 893 1874 mutare,
911 1849 975 1868 curn

183 1893 239 1920 Deo
260 1893 373 1919 minime
388 1890 557 1926 permittant,
576 1893 605 1916 ut
619 1897 653 1917 ex
668 1889 743 1916 nulla
759 1888 882 1923 subjecta
908 1887 976 1916 sub-

183 1938 283 1965 stantia
299 1936 442 1972 producat.

220 1981 311 2010 XLIV.
334 1982 362 2009 Si
379 1981 469 2008 omnis
485 1979 640 2008 substantia
658 1979 778 2012 ingenita
798 1982 850 2011 est,
866 1978 976 2012 perinde

184 2032 211 2054 et
233 2027 307 2053 nulla
324 2025 463 2052 variabilis
477 2029 528 2052 est.
546 2023 624 2057 Quod
641 2024 663 2051 si
682 2023 782 2050 variari
803 2027 902 2050 natura
921 2031 976 2050 non

185 2076 284 2108 potest,
303 2078 384 2106 agerc
405 2078 436 2097 ac
463 2069 530 2105 pati,
548 2069 583 2096 ad
598 2069 740 2096 fortuitum
756 2068 903 2104 quemdam
927 2075 974 2096 ca-

185 2126 244 2145 sum
263 2116 404 2144 referenda
415 2120 491 2144 sunt.

220 2162 301 2189 XLV.
321 2162 400 2195 Quod
412 2162 436 2189 si
453 2161 538 2188 multa
550 2161 605 2189 sint
620 2160 739 2196 ingenita
753 2164 779 2187 et
791 2159 974 2193 invariabilia,
991 2164 1013 2191 ι)

187 2209 262 2236 nullo
277 2213 351 2236 certo
363 2216 378 2235 a
392 2216 421 2236 se
434 2208 552 2235 invicem
567 2214 680 2234 numero
696 2207 902 2241 discrepabunt.
924 2205 976 2232 Ne-

185 2263 239 2290 que
256 2254 327 2282 enim
344 2253 539 2288 comprehendi
562 2260 678 2280 numero
693 2256 834 2287 poterunt,
851 2259 912 2287 qua:
934 2251 976 2278 vel

188 2301 322 2332 absolute,
342 2299 385 2326 vel
400 2300 490 2334 aliqua
509 2307 542 2326 ex
563 2303 640 2334 parte
660 2298 802 2331 ditl'erant;
824 2305 885 2325 cum
901 2297 978 2324 diﬂ‘e-

188 2347 274 2374 reutia
295 2346 384 2373 omnis
399 2345 585 2373 determinatze
602 2353 693 2373 causa:
715 2345 742 2372 in
766 2344 887 2379 ingenita
903 2349 979 2370 natu-

193 2399 222 2419 ra
240 2392 313 2418 velut
328 2391 488 2418 attributam
507 2395 609 2420 sortem
625 2391 772 2426 signiﬁcet.

224 2436 317 2464 XLVI.
339 2437 368 2464 Si
397 2436 504 2472 [verba]
528 2437 665 2472 ingenitus
696 2440 724 2463 et
753 2435 824 2462 Deus
853 2441 903 2470 pro
926 2442 981 2462 uno

190 2484 339 2518 eodemque
364 2488 517 2516 sumantur,
539 2483 676 2518 ingenitus
704 2482 852 2517 ingenitum
875 2481 978 2516 genuit.

192 2529 240 2557 Sin
264 2529 402 2557 diversum
416 2529 556 2565 quiddam,
574 2528 687 2563 ingeniti
704 2535 735 2554 ac
764 2527 810 2554 Dei
838 2527 980 2560 vocabula,

191 2576 340 2607 declarant,
366 2583 538 2611 nequaquam
550 2574 698 2602 absurdum
726 2578 780 2605 est,
798 2573 883 2601 Deum
903 2572 982 2601 οἱ)ρο

190 2623 310 2657 sonitm
321 2630 393 2655 esse,
412 2629 474 2649 cum
498 2625 613 2656 uterque
630 2620 664 2648 ab
683 2620 804 2655 ingenita
826 2619 982 2647 substantia

191 2668 323 2703 originem
343 2667 463 2695 duxerit.

227 2711 330 2739 XLVII.
353 2711 381 2739 Si
399 2715 464 2739 ante
480 2710 564 2738 Deum
581 2710 648 2738 nihil
668 2710 781 2738 omnino
795 2710 856 2742 fuit,
879 2710 919 2737 uti
939 2717 983 2738 rc-

229 2787 236 2803 ¹
252 2789 316 2817 Cor.
329 2790 390 2826 ὁρᾷ.

876 100 905 130 S.
922 102 1091 130 EPII’IIANII

1749 107 1802 135 διε

1010 160 1041 186 τδ
1058 160 1216 195 ἀγέννητον,
1242 159 1325 187 πόθεν
1351 160 1384 187 ἂν
1399 160 1416 195 ἡ
1430 160 1484 188 τῶν
1494 161 1631 197 γεννητῶν
1644 163 1724 198 φύσις
1747 164 1801 197 ἕξει

1010 205 1041 232 τὺ
1055 205 1237 237 διασώζεσθαι
1249 214 1257 238 ς

1047 292 1111 318 AH'.
1126 292 1157 318 Εἰ
1171 291 1247 318 οὐδὲν
1266 292 1320 318 τῶν
1339 292 1464 329 ἀοράτων
1485 293 1551 320 αὐτὸ
1570 292 1652 320 αὐτοῦ
1679 302 1802 329 σπερμα-

1011 338 1095 369 τικῶς
1112 338 1294 373 προῦπάρχει,
1322 338 1443 374 διαμένει
1458 339 1486 365 δὲ
1502 340 1531 366 ὲν
1551 339 1630 374 φύσει
1648 340 1803 374 ἀποκεκλη-

1014 382 1132 418 ρωμένῃ·
1145 383 1202 413 πῶς
1209 382 1242 408 ἂν
1254 383 1268 408 ὸ
1281 382 1428 417 ἀγέννητος
1439 383 1516 415 Θεὸς,
1525 384 1667 420 ἐλεύθερος
1682 385 1803 417 ἀποκλη-

1013 426 1123 462 ρώσεως
1137 426 1278 461 ὑπάρχων,
1297 426 1345 453 νῦν
1364 427 1412 461 μὲν
1427 427 1477 462 τὴν
1494 429 1591 455 ἑαυτοῦ
1603 429 1698 455 οὐσίαν
1711 428 1804 455 δευτέ-

1014 481 1064 507 ραν
1078 473 1107 498 ἐν
1121 473 1270 507 γεννήματι
1294 473 1360 508 ὁρᾷν
1377 473 1397 505 ¹,
1415 472 1462 499 νῦν
1477 473 1506 499 δὲ
1527 474 1662 509 προτέραν
1682 475 1711 500 ὲν
1723 475 1806 508 ἀγεν-

1013 519 1097 554 νήτῳ,
1115 519 1185 546 κατὰ
1198 519 1248 554 τὴν
1261 519 1307 546 τοῦ
1322 518 1430 554 πρώτου
1443 520 1491 547 καὶ
1505 520 1631 555 δευτέρου
1644 520 1723 552 τάξιν
1735 529 1743 553 ;

1049 659 1111 687 ΛΘ¹.
1124 661 1155 688 Εἰ
1178 659 1301 696 διαμένει
1311 660 1341 686 ὲν
1357 659 1437 694 φύσει
1461 660 1601 696 ἀγεννὴτῳ
1615 662 1629 688 ὁ
1642 661 1720 694 Θεὸς,
1733 661 1765 689 τδ
1780 664 1812 690 ὲν

1015 707 1119 742 γενέσει
1148 707 1196 734 καὶ⁴
1226 706 1376 742 ἀγεννησίᾳ
1405 707 1502 733 ἑαυτὸν
1527 707 1625 734 ειδέναι
1643 699 1810 743 ἀφῃρήσϐώ.

1015 751 1246 788 Συγχωρουμὲνου
1274 751 1302 777 δὲ
1328 751 1357 777 ὲν
1373 751 1515 786 ἀγεννήτῳ
1539 753 1587 778 καὶ
1616 753 1740 788 γεννητῷ
1760 753 1814 789 τὴν

1017 798 1115 826 ἑαυτοῦ
1139 797 1233 825 οὐσίαν
1262 796 1454 830 παρατείνειν,
1484 797 1565 828 αὐτὸς
1592 798 1690 824 ἑαυτοῦ
1717 799 1817 832 ἀγνοεῖ

1018 844 1066 879 τὴν
1082 843 1175 870 οὐσίαν
1196 842 1395 878 περιαγόμενος
1410 842 1462 868 ὑπὸ
1478 843 1611 877 γενέσεως
1626 844 1673 870 καὶ
1694 844 1816 879 ἀγεννη-

1020 890 1090 922 σίας.

1054 978 1099 1007 Μ’.
1117 978 1149 1005 El
1167 979 1196 1005 δὲ
1227 978 1274 1005 καὶ
1297 977 1328 1004 τὸ
1346 977 1476 1013 γεννητδν
1501 977 1649 1013 μετείληφε
1665 977 1817 1013 μετουσίας

1019 1025 1177 1060 ἀγεννήτου,
1194 1026 1222 1051 ὲν
1235 1024 1264 1050 δὲ
1277 1023 1408 1058 γεννητοῦ
1422 1024 1502 1058 φύσει
1515 1024 1703 1059 ἀτελευτήτως
1715 1024 1816 1059 διαμέ-

1020 1078 1085 1102 νειε,
1099 1070 1123 1096 ει
1139 1070 1149 1085 ³
1163 1069 1212 1104 μὲν
1222 1069 1254 1104 δὴ
1268 1069 1351 1104 ἀτελῆ
1369 1068 1448 1104 φύσει
1459 1069 1588 1103 γινώσκει
1599 1069 1691 1100 αὐτὸν,
1707 1070 1818 1104 ἀγνοῶν

1019 1116 1140 1152 δηλονότι
1163 1115 1213 1151 τὴν
1238 1115 1386 1150 ἀγέννητον
1413 1115 1570 1150 μετουσίαν.
1587 1115 1624 1142 οὒ
1641 1115 1697 1150 γὰρ
1711 1113 1766 1142 οἶόν
1782 1124 1817 1141 τε

1019 1162 1100 1189 αὑτὸν
1117 1162 1181 1197 περὶ
1195 1160 1292 1188 ἑαυτοῦ
1306 1160 1354 1187 καὶ
1369 1161 1515 1198 ἀγεννήτου
1528 1160 1621 1192 οὐσίας
1630 1161 1731 1195 γνῶσιν
1741 1160 1819 1196 ἔχειν

1020 1209 1067 1235 καὶ
1082 1207 1226 1242 γεννητῆς.

1055 1252 1122 1280 ΜΑ’.
1137 1253 1168 1279 Εἰ
1181 1252 1209 1279 δὲ
1225 1249 1462 1287 εὐκαταφρόνητόν
1489 1252 1547 1278 ἐστι
1565 1251 1594 1279 τὸ
1610 1251 1759 1287 ἀγέννητον
1771 1251 1818 1279 διὰ

1023 1299 1173 1334 μεταϐολῆς
1197 1299 1419 1334 ἐπιτηδειότητα·
1446 1298 1556 1333 ἀξίωμα
1586 1297 1694 1333 φύσεώς
1722 1298 1817 1330 ἐστιν,

1021 1346 1098 1372 οὐσία
1121 1345 1324 1380 ἀμετάωητος,
1349 1345 1398 1380 τῆς
1428 1345 1577 1380 ἀγεννήτου
1605 1344 1701 1376 οὐσίας
1724 1344 1818 1380 πάσης

1022 1391 1112 1423 αἰτίας
1126 1391 1279 1428 κρείττονος
1292 1390 1517 1426 ὼμολογημένης.

1058 1482 1125 1510 MB’.
1140 1482 1172 1509 El
1185 1482 1216 1509 τὸ
1232 1482 1379 1516 ἀγέννητον
1402 1481 1492 1516 πάσης
1510 1480 1600 1512 αίτίας
1613 1480 1755 1516 ἐξῄρηται.
1772 1479 1817 1514 ειη

1024 1528 1053 1556 δὲ
1067 1527 1151 1555 πολλὰ
1165 1528 1315 1563 ἀγέννητα·
1334 1526 1544 1561 ἀπαράλλακτον
1553 1525 1643 1558 ἕξουσι
1657 1525 1706 1560 τὴν
1722 1525 1814 1560 φύσιν.

1024 1573 1061 1600 Οὐ
1077 1573 1131 1608 γὰρ
1146 1573 1188 1604 ἂν,
1200 1572 1237 1608 μὴ
1252 1570 1443 1606 ἀποκληρώσει
1457 1570 1565 1605 φύσεως
1575 1569 1647 1601 τινὸς
1663 1569 1754 1596 κοινοῦ
1769 1569 1817 1597 καὶ

1026 1619 1090 1646 ἰδίου
1102 1618 1291 1654 μετειληφυῖα,
1307 1619 1324 1653 ἡ
1339 1618 1388 1653 μὲν
1400 1617 1498 1649 ἐποίει,
1517 1617 1533 1652 ἡ
1548 1617 1576 1643 δὲ
1593 1616 1709 1650 ἐγίνετο.

1059 1709 1125 1736 Ml".
1142 1709 1173 1736 El
1187 1709 1261 1736 πᾶσα
1278 1708 1357 1735 οὐσία
1381 1707 1454 1734 ἐστὶν
1466 1707 1625 1741 ἀγέννητος,
1650 1703 1816 1739 οὐδοποτέρα

1025 1754 1119 1782 διοίσει
1148 1755 1198 1789 τῆς
1225 1754 1309 1788 ἄλλης
1333 1753 1403 1779 κατά
1425 1752 1456 1778 τὺ
1476 1752 1633 1779 ἀδέσποτον.
1650 1751 1713 1783 Πῶς
1724 1749 1771 1778 οὖν
1784 1751 1816 1779 ἄν

1025 1810 1067 1833 τις
1078 1801 1144 1836 φαίη
1157 1800 1205 1836 τὴν
1224 1801 1274 1835 μὲν
1288 1798 1515 1835 μεταϐάλλεσθαι,
1530 1798 1579 1832 τὴν
1590 1798 1617 1824 δὲ
1627 1797 1816 1833 μεταϐάλλειν,

1025 1846 1076 1872 οὐκ
1088 1845 1290 1881 ἐπιτρεπόντων
1302 1843 1341 1879 τῷ
1354 1842 1413 1878 Θεῷ
1430 1843 1545 1878 ὐφιστᾷν
1562 1843 1595 1869 ὲκ
1612 1843 1650 1877 μὴ
1665 1841 1816 1875 ὑποκειμέ-

1027 1900 1074 1926 νης
1089 1891 1182 1922 οὐσίας
1194 1899 1202 1924 ;

1061 1981 1126 2007 MA’.
1142 1980 1174 2006 Εί
1191 1979 1265 2006 πᾶσα
1281 1979 1360 2006 οὐσία
1375 1979 1450 2005 ἐστὶν
1476 1978 1635 2013 ἀγέννητος,
1652 1978 1729 2005 πᾶσά
1744 1978 1818 2004 ἔστιν

1028 2025 1248 2060 ἀπαράλλακτος.
1279 2024 1334 2059 Τῆς
1361 2024 1390 2051 δὲ
1417 2024 1512 2056 οὐσίας
1544 2024 1573 2050 τὸ
1609 2024 1819 2058 ἀπαράὒιακτον

1026 2072 1152 2107 ἐχούσης,
1180 2072 1211 2098 τὸ
1240 2072 1325 2098 ποιεῖν
1352 2071 1399 2097 καὶ
1426 2071 1457 2097 τὺ
1481 2072 1595 2106 πάσχειν
1621 2069 1819 2106 αὐτοματισμῷ

1027 2118 1182 2146 ἀναθετέον.

1062 2165 1128 2191 ME’.
1154 2163 1261 2190 Πολλῶν
1282 2164 1311 2190 δὲ
1333 2164 1417 2191 ὅντων
1446 2165 1603 2199 ἀγεννήτων
1627 2164 1674 2190 καὶ
1696 2162 1820 2199 ἀπαραλμ

1030 2211 1146 2242 λάκτων,
1158 2210 1349 2245 ἀναριθμήτως
1362 2210 1507 2238 διοίσουσιν
1519 2210 1653 2246 ἀλλήλων.
1666 2211 1703 2236 υὺ
1714 2210 1768 2245 γὰρ
1785 2209 1818 2235 ἂν

1030 2257 1074 2292 εἴη
1089 2255 1226 2292 ἀριθμητὰ
1242 2255 1275 2282 τὰ
1287 2255 1419 2282 διεστῶτα
1433 2256 1449 2288 ἦ
1461 2255 1588 2288 καθόλου,
1605 2255 1621 2290 ἢ
1635 2255 1706 2282 κατά
1722 2265 1759 2285 τι,
1771 2255 1821 2280 τιά-

1031 2310 1081 2336 σης
1105 2301 1269 2332 διαστάσεως
1302 2301 1514 2337 ἀποκληρώματί
1529 2301 1538 2316 ³
1553 2310 1613 2327 τινα
1626 2300 1820 2336 ὲμφαινυύσης,

1033 2348 1097 2384 [ἔτι]
1115 2349 1338 2384 ἀποτεταγμένης
1353 2348 1501 2383 ἀγεννήτου
1517 2347 1635 2382 φύσεως.

1070 2440 1140 2474 MC”.
1158 2441 1190 2466 Εἰ
1201 2440 1231 2467 τδ
1241 2440 1405 2475 ἁγέννητος
1414 2439 1460 2466 καὶ
1470 2439 1500 2465 τὸ
1517 2437 1591 2472 Θεὸς
1606 2439 1637 2464 ἐκ
1651 2438 1823 2474 παραλλήλου

1034 2486 1065 2512 τὸ
1078 2486 1142 2512 αὐτὸ
1157 2486 1240 2522 δηλοῖ,
1256 2486 1401 2520 ἀγέννητον
1415 2484 1563 2520 ἀγέννητος
1576 2484 1734 2519 ἐγέννησεν.
1754 2484 1785 2510 Et
1798 2484 1824 2510 δὲ

1035 2530 1127 2566 ἕτερόν
1141 2539 1166 2557 τι
1176 2531 1252 2566 δηλοῖ
1266 2530 1297 2556 τὸ
1312 2530 1471 2565 ἀγέννητον,
1486 2529 1579 2564 ἕτερον
1591 2529 1619 2556 δὲ
1633 2529 1663 2555 τὸ
1678 2529 1761 2562 Θεὸς,

1035 2577 1135 2603 ἄτοπον
1147 2576 1175 2602 δὲ
1188 2575 1226 2611 τῷ
1239 2575 1298 2610 Θεῷ
1319 2575 1384 2602 Θεὸν
1405 2575 1609 2610 γεγεννηκέναι,
1630 2573 1763 2609 ἑκατέρου
1777 2573 1832 2613 ί

1036 2620 1152 2657 ὓπαρξιν
1168 2621 1295 2654 λαὸόντος
1312 2621 1342 2654 ὲξ
1354 2621 1502 2656 ἀγεννήτου
1516 2620 1619 2652 οὐσίας.

1072 2710 1139 2738 MZ'.
1156 2710 1187 2737 Et
1199 2709 1227 2737 δὲ
1245 2710 1276 2737 τὸ
1293 2710 1347 2746 πρὸ
1357 2710 1403 2738 τοῦ
1422 2709 1491 2737 Θεοῦ
1504 2709 1587 2746 μηδὲν
1600 2709 1655 2745 ειη,
1668 2708 1765 2745 ὥσπερ
1776 2709 1824 2735 οῦκ

441 2791 450 2806 ³
470 2789 533 2817 Cor.
549 2791 578 2818 ἐν
595 2795 621 2819 ct
636 2790 735 2819 ἀτελεῖ.
774 2790 784 2806 ³
800 2799 844 2824 γρ.
866 2788 1100 2825 ἁποκληρώματα.
