  <div class='ocr_page' id='page_1' title='image "/cluster/home/n/w/nwhite01/storage/ocr_20150623/42/njp.32101077772588/286.png"; bbox 0 0 1931 3041; ppageno 0'>
   <div class='ocr_carea' id='block_1_1' title="bbox 90 199 148 228">
    <p class='ocr_par' dir='ltr' id='par_1_1' title="bbox 90 199 148 228">
     <span class='ocr_line' id='line_1_1' title="bbox 90 199 148 228; baseline -0.034 0"><span class='ocrx_word' id='word_1_1' title='bbox 90 199 148 228; x_wconf 58' lang='lat'><strong>545</strong></span> 
     </span>
    </p>
   </div>
   <div class='ocr_carea' id='block_1_2' title="bbox 378 193 1397 225">
    <p class='ocr_par' dir='ltr' id='par_1_2' title="bbox 378 193 1397 225">
     <span class='ocr_line' id='line_1_2' title="bbox 378 193 1397 225; baseline 0.002 -2"><span class='ocrx_word' id='word_1_2' title='bbox 378 194 562 223; x_wconf 67' lang='lat' dir='ltr'><strong>AWERSUS</strong></span> <span class='ocrx_word' id='word_1_3' title='bbox 581 193 753 223; x_wconf 58' lang='lat' dir='ltr'><strong>[IERESES</strong></span> <span class='ocrx_word' id='word_1_4' title='bbox 771 194 836 222; x_wconf 80' lang='lat' dir='ltr'><strong>LIB.</strong></span> <span class='ocrx_word' id='word_1_5' title='bbox 857 195 902 224; x_wconf 87' lang='lat' dir='ltr'><strong>lll.</strong></span> <span class='ocrx_word' id='word_1_6' title='bbox 923 196 1004 225; x_wconf 79' lang='grc' dir='ltr'>ΤΟΜ.</span> <span class='ocrx_word' id='word_1_7' title='bbox 1026 196 1047 224; x_wconf 92' lang='grc' dir='ltr'>Ι.</span> <span class='ocrx_word' id='word_1_8' title='bbox 1068 212 1102 216; x_wconf 94' lang='grc'><strong>-</strong></span> <span class='ocrx_word' id='word_1_9' title='bbox 1121 195 1258 224; x_wconf 60' lang='grc' dir='ltr'><strong>ΙΗΕΠΕΒ.</strong></span> <span class='ocrx_word' id='word_1_10' title='bbox 1279 196 1397 225; x_wconf 68' lang='lat' dir='ltr'><strong>LXXVI.</strong></span> 
     </span>
    </p>
   </div>
   <div class='ocr_carea' id='block_1_3' title="bbox 1682 199 1734 227">
    <p class='ocr_par' dir='ltr' id='par_1_3' title="bbox 1682 199 1734 227">
     <span class='ocr_line' id='line_1_3' title="bbox 1682 199 1734 227; baseline 0.019 -1"><span class='ocrx_word' id='word_1_11' title='bbox 1682 199 1734 227; x_wconf 65' lang='lat'><strong>546</strong></span> 
     </span>
    </p>
   </div>
   <div class='ocr_carea' id='block_1_4' title="bbox 91 253 899 291">
    <p class='ocr_par' dir='ltr' id='par_1_4' title="bbox 91 253 894 289">
     <span class='ocr_line' id='line_1_4' title="bbox 91 253 894 289; baseline -0.004 -6"><span class='ocrx_word' id='word_1_12' title='bbox 91 258 166 288; x_wconf 79' lang='grc' dir='ltr'>ἐστι,</span> <span class='ocrx_word' id='word_1_13' title='bbox 197 255 228 281; x_wconf 86' lang='grc' dir='ltr'>τὸ</span> <span class='ocrx_word' id='word_1_14' title='bbox 243 254 315 286; x_wconf 74' lang='grc' dir='ltr'>Θεὸς</span> <span class='ocrx_word' id='word_1_15' title='bbox 344 253 432 280; x_wconf 75' lang='grc' dir='ltr'>καὶτὸ</span> <span class='ocrx_word' id='word_1_16' title='bbox 453 253 601 289; x_wconf 78' lang='grc' dir='ltr'><strong>ἀγέννητον</strong></span> <span class='ocrx_word' id='word_1_17' title='bbox 630 253 728 280; x_wconf 85' lang='grc' dir='ltr'>ταυτὸν</span> <span class='ocrx_word' id='word_1_18' title='bbox 750 253 835 289; x_wconf 85' lang='grc' dir='ltr'>δηλοῖ,</span> <span class='ocrx_word' id='word_1_19' title='bbox 864 255 894 281; x_wconf 83' lang='grc' dir='ltr'>οὑ</span> 
     </span>
    </p>
   </div>
   <div class='ocr_carea' id='block_1_5' title="bbox 954 253 1735 291">
    <p class='ocr_par' dir='ltr' id='par_1_5' title="bbox 954 255 1735 291">
     <span class='ocr_line' id='line_1_5' title="bbox 954 255 1735 291; baseline 0.001 -9"><span class='ocrx_word' id='word_1_20' title='bbox 954 263 1010 283; x_wconf 67' lang='lat' dir='ltr'><strong>vera</strong></span> <span class='ocrx_word' id='word_1_21' title='bbox 1034 255 1102 283; x_wconf 87' lang='lat' dir='ltr'><strong>nihil</strong></span> <span class='ocrx_word' id='word_1_22' title='bbox 1123 255 1237 288; x_wconf 85' lang='lat' dir='ltr'><strong>exstitit,</strong></span> <span class='ocrx_word' id='word_1_23' title='bbox 1261 256 1333 283; x_wconf 83' lang='lat' dir='ltr'><strong>Deus</strong></span> <span class='ocrx_word' id='word_1_24' title='bbox 1347 259 1374 283; x_wconf 87' lang='lat' dir='ltr'><strong>et</strong></span> <span class='ocrx_word' id='word_1_25' title='bbox 1389 255 1540 291; x_wconf 77' lang='lat' dir='ltr'><strong>ingenitum</strong></span> <span class='ocrx_word' id='word_1_26' title='bbox 1564 255 1636 283; x_wconf 88' lang='lat' dir='ltr'><strong>idem</strong></span> <span class='ocrx_word' id='word_1_27' title='bbox 1656 256 1735 291; x_wconf 84' lang='lat' dir='ltr'><strong>plane</strong></span> 
     </span>
    </p>
   </div>
   <div class='ocr_carea' id='block_1_6' title="bbox 92 299 896 339">
    <p class='ocr_par' dir='ltr' id='par_1_6' title="bbox 92 299 896 339">
     <span class='ocr_line' id='line_1_6' title="bbox 92 299 896 339; baseline -0.002 -11"><span class='ocrx_word' id='word_1_28' title='bbox 92 301 281 339; x_wconf 79' lang='grc' dir='ltr'><strong>προσιεμένου</strong></span> <span class='ocrx_word' id='word_1_29' title='bbox 316 299 364 326; x_wconf 85' lang='grc' dir='ltr'><strong>τοῦ</strong></span> <span class='ocrx_word' id='word_1_30' title='bbox 402 300 574 334; x_wconf 71' lang='grc' dir='ltr'><strong>γεννήματος</strong></span> <span class='ocrx_word' id='word_1_31' title='bbox 605 299 635 326; x_wconf 79' lang='grc' dir='ltr'>τὸ</span> <span class='ocrx_word' id='word_1_32' title='bbox 660 300 817 335; x_wconf 78' lang='grc' dir='ltr'>ἀγέννητον.</span> <span class='ocrx_word' id='word_1_33' title='bbox 850 300 896 326; x_wconf 74' lang='grc' dir='ltr'>Διὸ</span> 
     </span>
    </p>
   </div>
   <div class='ocr_carea' id='block_1_7' title="bbox 94 345 896 382">
    <p class='ocr_par' dir='ltr' id='par_1_7' title="bbox 94 345 896 382">
     <span class='ocr_line' id='line_1_7' title="bbox 94 345 896 382; baseline -0.005 -7"><span class='ocrx_word' id='word_1_34' title='bbox 94 349 159 375; x_wconf 76' lang='grc' dir='ltr'>οὐδὲ</span> <span class='ocrx_word' id='word_1_35' title='bbox 183 347 214 378; x_wconf 74' lang='grc' dir='ltr'>τὸ</span> <span class='ocrx_word' id='word_1_36' title='bbox 238 345 473 382; x_wconf 77' lang='grc' dir='ltr'>συνεκφωνείσθαι</span> <span class='ocrx_word' id='word_1_37' title='bbox 494 345 533 381; x_wconf 83' lang='grc' dir='ltr'>τῷ</span> <span class='ocrx_word' id='word_1_38' title='bbox 552 345 612 381; x_wconf 85' lang='grc' dir='ltr'><strong>Θεῷ</strong></span> <span class='ocrx_word' id='word_1_39' title='bbox 632 345 679 372; x_wconf 78' lang='grc' dir='ltr'>καὶ</span> <span class='ocrx_word' id='word_1_40' title='bbox 709 345 797 381; x_wconf 79' lang='grc' dir='ltr'>Πατρὶ</span> <span class='ocrx_word' id='word_1_41' title='bbox 821 345 896 381; x_wconf 79' lang='grc' dir='ltr'>αὐτῷ</span> 
     </span>
    </p>
   </div>
   <div class='ocr_carea' id='block_1_8' title="bbox 94 394 240 429">
    <p class='ocr_par' dir='ltr' id='par_1_8' title="bbox 94 394 240 429">
     <span class='ocr_line' id='line_1_8' title="bbox 94 394 240 429; baseline -0.014 -7"><span class='ocrx_word' id='word_1_42' title='bbox 94 394 240 429; x_wconf 79' lang='grc' dir='ltr'><strong>ἀνέχεται.</strong></span> 
     </span>
    </p>
   </div>
   <div class='ocr_carea' id='block_1_9' title="bbox 138 437 898 475">
    <p class='ocr_par' dir='ltr' id='par_1_9' title="bbox 138 437 898 475">
     <span class='ocr_line' id='line_1_9' title="bbox 138 437 898 475; baseline -0.005 -8"><span class='ocrx_word' id='word_1_43' title='bbox 138 439 329 475; x_wconf 70' lang='grc' dir='ltr'>Ἐρῤωμένους</span> <span class='ocrx_word' id='word_1_44' title='bbox 354 439 402 466; x_wconf 79' lang='grc' dir='ltr'>καὶ</span> <span class='ocrx_word' id='word_1_45' title='bbox 425 438 585 474; x_wconf 70' lang='grc' dir='ltr'>ἐρρωμένας</span> <span class='ocrx_word' id='word_1_46' title='bbox 606 438 678 473; x_wconf 78' lang='grc' dir='ltr'>ὑμᾶς</span> <span class='ocrx_word' id='word_1_47' title='bbox 691 439 705 464; x_wconf 81' lang='grc' dir='ltr'>ὁ</span> <span class='ocrx_word' id='word_1_48' title='bbox 720 438 758 464; x_wconf 82' lang='grc' dir='ltr'>ὢν</span> <span class='ocrx_word' id='word_1_49' title='bbox 772 437 898 472; x_wconf 83' lang='grc' dir='ltr'>αὐτογέν-</span> 
     </span>
    </p>
   </div>
   <div class='ocr_carea' id='block_1_10' title="bbox 95 483 897 522">
    <p class='ocr_par' dir='ltr' id='par_1_10' title="bbox 95 483 897 522">
     <span class='ocr_line' id='line_1_10' title="bbox 95 483 897 522; baseline -0.005 -9"><span class='ocrx_word' id='word_1_50' title='bbox 95 495 180 522; x_wconf 80' lang='grc' dir='ltr'>νητος</span> <span class='ocrx_word' id='word_1_51' title='bbox 197 486 275 518; x_wconf 80' lang='grc' dir='ltr'>Θεὸς,</span> <span class='ocrx_word' id='word_1_52' title='bbox 292 487 306 512; x_wconf 85' lang='grc' dir='ltr'>ὁ</span> <span class='ocrx_word' id='word_1_53' title='bbox 319 486 368 512; x_wconf 75' lang='grc' dir='ltr'><strong>καὶ</strong></span> <span class='ocrx_word' id='word_1_54' title='bbox 386 485 466 520; x_wconf 83' lang='grc' dir='ltr'>μόνος</span> <span class='ocrx_word' id='word_1_55' title='bbox 477 483 604 520; x_wconf 79' lang='grc' dir='ltr'>ἀληθινὸς</span> <span class='ocrx_word' id='word_1_56' title='bbox 619 484 685 515; x_wconf 82' lang='grc' dir='ltr'><strong>Θεὸς</strong></span> <span class='ocrx_word' id='word_1_57' title='bbox 712 491 897 519; x_wconf 85' lang='grc' dir='ltr'>προσαγορευ-</span> 
     </span>
    </p>
   </div>
   <div class='ocr_carea' id='block_1_11' title="bbox 95 530 898 566">
    <p class='ocr_par' dir='ltr' id='par_1_11' title="bbox 95 530 898 566">
     <span class='ocr_line' id='line_1_11' title="bbox 95 530 898 566; baseline -0.004 -7"><span class='ocrx_word' id='word_1_58' title='bbox 95 533 157 563; x_wconf 73' lang='grc' dir='ltr'>θεὶς</span> <span class='ocrx_word' id='word_1_59' title='bbox 190 532 244 559; x_wconf 79' lang='grc' dir='ltr'><strong>ὑπὸ</strong></span> <span class='ocrx_word' id='word_1_60' title='bbox 271 531 319 558; x_wconf 91' lang='grc' dir='ltr'><strong>τοῦ</strong></span> <span class='ocrx_word' id='word_1_61' title='bbox 350 531 551 562; x_wconf 78' lang='grc' dir='ltr'><strong>ἀποσταλέντος</strong></span> <span class='ocrx_word' id='word_1_62' title='bbox 583 530 671 565; x_wconf 82' lang='grc' dir='ltr'>Ἰησοῦ</span> <span class='ocrx_word' id='word_1_63' title='bbox 684 530 814 566; x_wconf 81' lang='grc' dir='ltr'><strong>Χριστοῦ,</strong></span> <span class='ocrx_word' id='word_1_64' title='bbox 831 530 898 556; x_wconf 60' lang='grc' dir='ltr'>ὑπο.</span> 
     </span>
    </p>
   </div>
   <div class='ocr_carea' id='block_1_12' title="bbox 97 575 898 613">
    <p class='ocr_par' dir='ltr' id='par_1_12' title="bbox 97 575 898 613">
     <span class='ocr_line' id='line_1_12' title="bbox 97 575 898 613; baseline -0.004 -8"><span class='ocrx_word' id='word_1_65' title='bbox 97 579 214 610; x_wconf 77' lang='grc' dir='ltr'>στάντος</span> <span class='ocrx_word' id='word_1_66' title='bbox 239 586 270 604; x_wconf 88' lang='grc' dir='ltr'><strong>τε</strong></span> <span class='ocrx_word' id='word_1_67' title='bbox 299 577 407 613; x_wconf 80' lang='grc' dir='ltr'>ἀληθῶς</span> <span class='ocrx_word' id='word_1_68' title='bbox 428 577 482 612; x_wconf 85' lang='grc' dir='ltr'>πρὸ</span> <span class='ocrx_word' id='word_1_69' title='bbox 500 576 616 608; x_wconf 81' lang='grc' dir='ltr'><strong>αἰώνων,</strong></span> <span class='ocrx_word' id='word_1_70' title='bbox 630 576 677 603; x_wconf 77' lang='grc' dir='ltr'><strong>καὶ</strong></span> <span class='ocrx_word' id='word_1_71' title='bbox 697 576 773 607; x_wconf 75' lang='grc' dir='ltr'>ὄντος</span> <span class='ocrx_word' id='word_1_72' title='bbox 790 575 898 611; x_wconf 82' lang='grc' dir='ltr'>ἀληθῶς</span> 
     </span>
    </p>
   </div>
   <div class='ocr_carea' id='block_1_13' title="bbox 97 622 896 659">
    <p class='ocr_par' dir='ltr' id='par_1_13' title="bbox 97 622 896 659">
     <span class='ocr_line' id='line_1_13' title="bbox 97 622 896 659; baseline -0.004 -9"><span class='ocrx_word' id='word_1_73' title='bbox 97 624 235 659; x_wconf 81' lang='grc' dir='ltr'>γεννητῆς</span> <span class='ocrx_word' id='word_1_74' title='bbox 251 624 440 654; x_wconf 72' lang='grc' dir='ltr'><strong>ὑποστάσεως,</strong></span> <span class='ocrx_word' id='word_1_75' title='bbox 455 622 618 658; x_wconf 82' lang='grc' dir='ltr'><strong>διατηρήσει</strong></span> <span class='ocrx_word' id='word_1_76' title='bbox 628 622 683 649; x_wconf 73' lang='grc' dir='ltr'><strong>ἀπὸ</strong></span> <span class='ocrx_word' id='word_1_77' title='bbox 695 622 744 657; x_wconf 82' lang='grc' dir='ltr'>τῆς</span> <span class='ocrx_word' id='word_1_78' title='bbox 756 622 896 654; x_wconf 74' lang='grc' dir='ltr'>ἀσεῦείας,</span> 
     </span>
    </p>
   </div>
   <div class='ocr_carea' id='block_1_14' title="bbox 97 664 898 705">
    <p class='ocr_par' dir='ltr' id='par_1_14' title="bbox 97 664 898 705">
     <span class='ocr_line' id='line_1_14' title="bbox 97 664 898 705; baseline -0.002 -9"><span class='ocrx_word' id='word_1_79' title='bbox 97 671 128 698; x_wconf 61' lang='grc' dir='ltr'><strong>έν</strong></span> <span class='ocrx_word' id='word_1_80' title='bbox 142 669 254 705; x_wconf 81' lang='grc' dir='ltr'>Χριστῷ</span> <span class='ocrx_word' id='word_1_81' title='bbox 280 669 368 705; x_wconf 81' lang='grc' dir='ltr'>Ἰησοῦ</span> <span class='ocrx_word' id='word_1_82' title='bbox 383 668 422 704; x_wconf 83' lang='grc' dir='ltr'>τῷ</span> <span class='ocrx_word' id='word_1_83' title='bbox 439 668 535 704; x_wconf 81' lang='grc' dir='ltr'>Κυρίῳ</span> <span class='ocrx_word' id='word_1_84' title='bbox 546 668 636 703; x_wconf 86' lang='grc' dir='ltr'>ἡμῶν,</span> <span class='ocrx_word' id='word_1_85' title='bbox 656 668 689 694; x_wconf 89' lang='grc' dir='ltr'><strong>δι’</strong></span> <span class='ocrx_word' id='word_1_86' title='bbox 700 664 730 694; x_wconf 79' lang='grc' dir='ltr'><strong>οῦ</strong></span> <span class='ocrx_word' id='word_1_87' title='bbox 749 669 825 695; x_wconf 80' lang='grc' dir='ltr'>πᾶσα</span> <span class='ocrx_word' id='word_1_88' title='bbox 835 668 898 701; x_wconf 79' lang='grc' dir='ltr'>δόξα</span> 
     </span>
    </p>
   </div>
   <div class='ocr_carea' id='block_1_15' title="bbox 97 713 898 752">
    <p class='ocr_par' dir='ltr' id='par_1_15' title="bbox 97 713 898 752">
     <span class='ocr_line' id='line_1_15' title="bbox 97 713 898 752; baseline -0.002 -10"><span class='ocrx_word' id='word_1_89' title='bbox 97 716 138 751; x_wconf 78' lang='grc' dir='ltr'>τῷ</span> <span class='ocrx_word' id='word_1_90' title='bbox 152 716 242 752; x_wconf 76' lang='grc' dir='ltr'>Πατρὶ</span> <span class='ocrx_word' id='word_1_91' title='bbox 256 715 304 742; x_wconf 82' lang='grc' dir='ltr'>καὶ</span> <span class='ocrx_word' id='word_1_92' title='bbox 317 715 365 742; x_wconf 88' lang='grc' dir='ltr'><strong>νῦν</strong></span> <span class='ocrx_word' id='word_1_93' title='bbox 379 715 427 742; x_wconf 76' lang='grc' dir='ltr'>καὶ</span> <span class='ocrx_word' id='word_1_94' title='bbox 448 714 492 741; x_wconf 76' lang='grc' dir='ltr'><strong>ἀεὶ</strong></span> <span class='ocrx_word' id='word_1_95' title='bbox 511 714 558 741; x_wconf 76' lang='grc' dir='ltr'><strong>καὶ</strong></span> <span class='ocrx_word' id='word_1_96' title='bbox 582 715 623 745; x_wconf 86' lang='grc' dir='ltr'>εις</span> <span class='ocrx_word' id='word_1_97' title='bbox 650 714 713 745; x_wconf 77' lang='grc' dir='ltr'>τοὺς</span> <span class='ocrx_word' id='word_1_98' title='bbox 727 713 829 745; x_wconf 85' lang='grc' dir='ltr'>αίῶνας</span> <span class='ocrx_word' id='word_1_99' title='bbox 843 713 898 741; x_wconf 87' lang='grc' dir='ltr'><strong>τῶν</strong></span> 
     </span>
    </p>
   </div>
   <div class='ocr_carea' id='block_1_16' title="bbox 99 754 836 797">
    <p class='ocr_par' dir='ltr' id='par_1_16' title="bbox 99 754 836 797">
     <span class='ocr_line' id='line_1_16' title="bbox 99 754 836 797; baseline -0.003 -9"><span class='ocrx_word' id='word_1_100' title='bbox 99 762 219 789; x_wconf 71' lang='grc' dir='ltr'>αἰώνων.</span> <span class='ocrx_word' id='word_1_101' title='bbox 247 762 344 797; x_wconf 84' lang='grc' dir='ltr'>Ἀμήν.</span> <span class='ocrx_word' id='word_1_102' title='bbox 834 754 836 757; x_wconf 44' lang='grc'><em>’</em></span> 
     </span>
    </p>
   </div>
   <div class='ocr_carea' id='block_1_17' title="bbox 85 805 720 843">
    <p class='ocr_par' dir='ltr' id='par_1_17' title="bbox 85 805 720 843">
     <span class='ocr_line' id='line_1_17' title="bbox 85 805 720 843; baseline 0 -11"><span class='ocrx_word' id='word_1_103' title='bbox 85 822 89 832; x_wconf 74' lang='grc' dir='ltr'><strong>ι</strong></span> <span class='ocrx_word' id='word_1_104' title='bbox 136 808 319 843; x_wconf 72' lang='grc' dir='ltr'><strong>Πεπλήρωται</strong></span> <span class='ocrx_word' id='word_1_105' title='bbox 335 807 365 834; x_wconf 81' lang='grc' dir='ltr'>τὸ</span> <span class='ocrx_word' id='word_1_106' title='bbox 380 807 522 842; x_wconf 86' lang='grc' dir='ltr'>σύνταγμα</span> <span class='ocrx_word' id='word_1_107' title='bbox 536 805 591 833; x_wconf 87' lang='grc' dir='ltr'><strong>τῶν</strong></span> <span class='ocrx_word' id='word_1_108' title='bbox 605 805 720 833; x_wconf 82' lang='grc' dir='ltr'>Ἀετίου.</span> 
     </span>
    </p>
   </div>
   <div class='ocr_carea' id='block_1_18' title="bbox 135 848 897 887">
    <p class='ocr_par' dir='ltr' id='par_1_18' title="bbox 135 848 897 887">
     <span class='ocr_line' id='line_1_18' title="bbox 135 848 897 887; baseline -0.007 -7"><span class='ocrx_word' id='word_1_109' title='bbox 135 853 194 880; x_wconf 83' lang='grc' dir='ltr'><strong>Καὶ</strong></span> <span class='ocrx_word' id='word_1_110' title='bbox 207 853 264 879; x_wconf 77' lang='grc' dir='ltr'>ἔστι</span> <span class='ocrx_word' id='word_1_111' title='bbox 280 852 335 879; x_wconf 82' lang='grc' dir='ltr'>τῶν</span> <span class='ocrx_word' id='word_1_112' title='bbox 347 852 387 884; x_wconf 84' lang='grc' dir='ltr'>εις</span> <span class='ocrx_word' id='word_1_113' title='bbox 398 852 473 887; x_wconf 77' lang='grc' dir='ltr'>ἡμᾶς</span> <span class='ocrx_word' id='word_1_114' title='bbox 490 851 544 878; x_wconf 87' lang='grc' dir='ltr'>ἀπὺ</span> <span class='ocrx_word' id='word_1_115' title='bbox 554 851 653 886; x_wconf 66' lang='grc' dir='ltr'>μέρους</span> <span class='ocrx_word' id='word_1_116' title='bbox 668 850 799 877; x_wconf 74' lang='grc' dir='ltr'><strong>ἐλθόντων</strong></span> <span class='ocrx_word' id='word_1_117' title='bbox 813 848 897 876; x_wconf 77' lang='grc' dir='ltr'>αὑτοῦ</span> 
     </span>
    </p>
   </div>
   <div class='ocr_carea' id='block_1_19' title="bbox 98 895 897 934">
    <p class='ocr_par' dir='ltr' id='par_1_19' title="bbox 98 895 897 934">
     <span class='ocr_line' id='line_1_19' title="bbox 98 895 897 934; baseline -0.006 -9"><span class='ocrx_word' id='word_1_118' title='bbox 98 898 274 934; x_wconf 78' lang='grc' dir='ltr'>φθοριμαίων</span> <span class='ocrx_word' id='word_1_119' title='bbox 300 897 410 930; x_wconf 79' lang='grc' dir='ltr'><strong>λέξεων,</strong></span> <span class='ocrx_word' id='word_1_120' title='bbox 435 897 474 928; x_wconf 84' lang='grc' dir='ltr'>ὠς</span> <span class='ocrx_word' id='word_1_121' title='bbox 500 896 580 932; x_wconf 82' lang='grc' dir='ltr'>έφην,</span> <span class='ocrx_word' id='word_1_122' title='bbox 600 896 617 931; x_wconf 86' lang='grc' dir='ltr'><strong>ή</strong></span> <span class='ocrx_word' id='word_1_123' title='bbox 640 895 712 932; x_wconf 80' lang='grc' dir='ltr'>ἀρχὴ</span> <span class='ocrx_word' id='word_1_124' title='bbox 734 896 800 930; x_wconf 86' lang='grc' dir='ltr'>παρ’</span> <span class='ocrx_word' id='word_1_125' title='bbox 817 895 897 929; x_wconf 85' lang='grc' dir='ltr'>ἡμῶν</span> 
     </span>
    </p>
   </div>
   <div class='ocr_carea' id='block_1_20' title="bbox 947 300 1736 337">
    <p class='ocr_par' dir='ltr' id='par_1_20' title="bbox 947 300 1736 337">
     <span class='ocr_line' id='line_1_20' title="bbox 947 300 1736 337; baseline -0.001 -9"><span class='ocrx_word' id='word_1_126' title='bbox 947 301 1113 337; x_wconf 80' lang='lat' dir='ltr'><strong>signiﬁcant,</strong></span> <span class='ocrx_word' id='word_1_127' title='bbox 1131 309 1193 328; x_wconf 91' lang='lat' dir='ltr'><strong>cum</strong></span> <span class='ocrx_word' id='word_1_128' title='bbox 1214 301 1305 337; x_wconf 80' lang='lat' dir='ltr'><strong>genita</strong></span> <span class='ocrx_word' id='word_1_129' title='bbox 1325 301 1434 328; x_wconf 83' lang='lat' dir='ltr'><strong>soboles</strong></span> <span class='ocrx_word' id='word_1_130' title='bbox 1450 301 1601 336; x_wconf 76' lang='lat' dir='ltr'><strong>ingenitum</strong></span> <span class='ocrx_word' id='word_1_131' title='bbox 1615 308 1669 327; x_wconf 90' lang='lat' dir='ltr'><strong>non</strong></span> <span class='ocrx_word' id='word_1_132' title='bbox 1688 300 1736 327; x_wconf 85' lang='lat' dir='ltr'><strong>ad-</strong></span> 
     </span>
    </p>
   </div>
   <div class='ocr_carea' id='block_1_21' title="bbox 946 346 1737 381">
    <p class='ocr_par' dir='ltr' id='par_1_21' title="bbox 946 346 1737 381">
     <span class='ocr_line' id='line_1_21' title="bbox 946 346 1737 381; baseline -0.003 -7"><span class='ocrx_word' id='word_1_133' title='bbox 946 348 1046 374; x_wconf 89' lang='lat' dir='ltr'><strong>mittat.</strong></span> <span class='ocrx_word' id='word_1_134' title='bbox 1066 346 1143 374; x_wconf 89' lang='lat' dir='ltr'><strong>Unde</strong></span> <span class='ocrx_word' id='word_1_135' title='bbox 1172 354 1234 373; x_wconf 90' lang='lat' dir='ltr'><strong>cum</strong></span> <span class='ocrx_word' id='word_1_136' title='bbox 1249 346 1306 374; x_wconf 88' lang='lat' dir='ltr'><strong>Deo</strong></span> <span class='ocrx_word' id='word_1_137' title='bbox 1322 355 1353 374; x_wconf 82' lang='lat' dir='ltr'><strong>ac</strong></span> <span class='ocrx_word' id='word_1_138' title='bbox 1370 347 1451 374; x_wconf 84' lang='lat' dir='ltr'><strong>Patre</strong></span> <span class='ocrx_word' id='word_1_139' title='bbox 1472 354 1524 373; x_wconf 84' lang='lat' dir='ltr'><strong>suo</strong></span> <span class='ocrx_word' id='word_1_140' title='bbox 1539 346 1621 374; x_wconf 85' lang='lat' dir='ltr'><strong>simul</strong></span> <span class='ocrx_word' id='word_1_141' title='bbox 1643 346 1737 381; x_wconf 80' lang='lat' dir='ltr'><strong>appel-</strong></span> 
     </span>
    </p>
   </div>
   <div class='ocr_carea' id='block_1_22' title="bbox 947 392 1270 427">
    <p class='ocr_par' dir='ltr' id='par_1_22' title="bbox 947 392 1270 427">
     <span class='ocr_line' id='line_1_22' title="bbox 947 392 1270 427; baseline 0.003 -8"><span class='ocrx_word' id='word_1_142' title='bbox 947 392 997 420; x_wconf 80' lang='lat' dir='ltr'><strong>lari</strong></span> <span class='ocrx_word' id='word_1_143' title='bbox 1013 400 1074 420; x_wconf 83' lang='lat' dir='ltr'><strong>sese</strong></span> <span class='ocrx_word' id='word_1_144' title='bbox 1085 400 1139 419; x_wconf 89' lang='lat' dir='ltr'><strong>non</strong></span> <span class='ocrx_word' id='word_1_145' title='bbox 1155 393 1270 427; x_wconf 86' lang='lat' dir='ltr'><strong>patitur.</strong></span> 
     </span>
    </p>
   </div>
   <div class='ocr_carea' id='block_1_23' title="bbox 983 435 1737 473">
    <p class='ocr_par' dir='ltr' id='par_1_23' title="bbox 983 435 1737 473">
     <span class='ocr_line' id='line_1_23' title="bbox 983 435 1737 473; baseline 0 -9"><span class='ocrx_word' id='word_1_146' title='bbox 983 438 1055 466; x_wconf 84' lang='lat' dir='ltr'><strong>Deus</strong></span> <span class='ocrx_word' id='word_1_147' title='bbox 1078 438 1134 469; x_wconf 89' lang='lat' dir='ltr'><strong>ille,</strong></span> <span class='ocrx_word' id='word_1_148' title='bbox 1153 438 1198 473; x_wconf 92' lang='lat' dir='ltr'><strong>qui</strong></span> <span class='ocrx_word' id='word_1_149' title='bbox 1221 446 1236 465; x_wconf 89' lang='lat' dir='ltr'><strong>a</strong></span> <span class='ocrx_word' id='word_1_150' title='bbox 1261 438 1336 465; x_wconf 92' lang='lat' dir='ltr'><strong>nullo</strong></span> <span class='ocrx_word' id='word_1_151' title='bbox 1356 438 1410 466; x_wconf 87' lang='lat' dir='ltr'><strong>alio</strong></span> <span class='ocrx_word' id='word_1_152' title='bbox 1433 438 1542 473; x_wconf 77' lang='lat' dir='ltr'><strong>genitus</strong></span> <span class='ocrx_word' id='word_1_153' title='bbox 1557 435 1616 469; x_wconf 82' lang='lat' dir='ltr'><strong>‘est,</strong></span> <span class='ocrx_word' id='word_1_154' title='bbox 1633 437 1737 472; x_wconf 83' lang='lat' dir='ltr'><strong>quique</strong></span> 
     </span>
    </p>
   </div>
   <div class='ocr_carea' id='block_1_24' title="bbox 948 483 1735 518">
    <p class='ocr_par' dir='ltr' id='par_1_24' title="bbox 948 483 1735 518">
     <span class='ocr_line' id='line_1_24' title="bbox 948 483 1735 518; baseline -0.005 -6"><span class='ocrx_word' id='word_1_155' title='bbox 948 484 1023 512; x_wconf 92' lang='lat' dir='ltr'><strong>solus</strong></span> <span class='ocrx_word' id='word_1_156' title='bbox 1041 492 1124 512; x_wconf 82' lang='lat' dir='ltr'><strong>verus</strong></span> <span class='ocrx_word' id='word_1_157' title='bbox 1142 484 1215 512; x_wconf 83' lang='lat' dir='ltr'><strong>Deus</strong></span> <span class='ocrx_word' id='word_1_158' title='bbox 1233 484 1268 511; x_wconf 85' lang='lat' dir='ltr'><strong>ab</strong></span> <span class='ocrx_word' id='word_1_159' title='bbox 1289 483 1353 511; x_wconf 83' lang='lat' dir='ltr'><strong>Jesu</strong></span> <span class='ocrx_word' id='word_1_160' title='bbox 1372 484 1492 515; x_wconf 78' lang='lat' dir='ltr'><strong>Christo,</strong></span> <span class='ocrx_word' id='word_1_161' title='bbox 1507 483 1553 518; x_wconf 86' lang='lat' dir='ltr'><strong>qui</strong></span> <span class='ocrx_word' id='word_1_162' title='bbox 1573 483 1607 510; x_wconf 83' lang='lat' dir='ltr'><strong>ab</strong></span> <span class='ocrx_word' id='word_1_163' title='bbox 1621 491 1654 510; x_wconf 89' lang='lat' dir='ltr'><strong>eo</strong></span> <span class='ocrx_word' id='word_1_164' title='bbox 1670 483 1735 509; x_wconf 79' lang='lat' dir='ltr'><strong>mis-</strong></span> 
     </span>
    </p>
   </div>
   <div class='ocr_carea' id='block_1_25' title="bbox 948 527 1737 565">
    <p class='ocr_par' dir='ltr' id='par_1_25' title="bbox 948 527 1737 565">
     <span class='ocr_line' id='line_1_25' title="bbox 948 527 1737 565; baseline -0.008 -7"><span class='ocrx_word' id='word_1_165' title='bbox 948 538 996 558; x_wconf 86' lang='lat' dir='ltr'><strong>sus</strong></span> <span class='ocrx_word' id='word_1_166' title='bbox 1017 534 1088 561; x_wconf 88' lang='lat' dir='ltr'><strong>erat.</strong></span> <span class='ocrx_word' id='word_1_167' title='bbox 1106 531 1258 565; x_wconf 82' lang='lat' dir='ltr'><strong>appellatus</strong></span> <span class='ocrx_word' id='word_1_168' title='bbox 1272 534 1324 562; x_wconf 87' lang='lat' dir='ltr'><strong>est,</strong></span> <span class='ocrx_word' id='word_1_169' title='bbox 1347 529 1468 561; x_wconf 83' lang='lat' dir='ltr'><strong>Christo,</strong></span> <span class='ocrx_word' id='word_1_170' title='bbox 1486 529 1608 563; x_wconf 87' lang='lat' dir='ltr'><strong>inquam,</strong></span> <span class='ocrx_word' id='word_1_171' title='bbox 1629 527 1675 562; x_wconf 93' lang='lat' dir='ltr'><strong>qui</strong></span> <span class='ocrx_word' id='word_1_172' title='bbox 1695 535 1737 554; x_wconf 61' lang='lat' dir='ltr'><strong>re.</strong></span> 
     </span>
    </p>
   </div>
   <div class='ocr_carea' id='block_1_26' title="bbox 947 572 1739 608">
    <p class='ocr_par' dir='ltr' id='par_1_26' title="bbox 947 572 1739 608">
     <span class='ocr_line' id='line_1_26' title="bbox 947 572 1739 608; baseline -0.006 -5"><span class='ocrx_word' id='word_1_173' title='bbox 947 584 1012 603; x_wconf 86' lang='lat' dir='ltr'><strong>vera</strong></span> <span class='ocrx_word' id='word_1_174' title='bbox 1033 580 1095 603; x_wconf 86' lang='lat' dir='ltr'><strong>ante</strong></span> <span class='ocrx_word' id='word_1_175' title='bbox 1111 576 1211 603; x_wconf 76' lang='lat' dir='ltr'><strong>szecula</strong></span> <span class='ocrx_word' id='word_1_176' title='bbox 1227 575 1320 602; x_wconf 89' lang='lat' dir='ltr'><strong>omnia</strong></span> <span class='ocrx_word' id='word_1_177' title='bbox 1339 575 1455 606; x_wconf 85' lang='lat' dir='ltr'><strong>exstitit,</strong></span> <span class='ocrx_word' id='word_1_178' title='bbox 1471 578 1569 608; x_wconf 86' lang='lat' dir='ltr'><strong>estque</strong></span> <span class='ocrx_word' id='word_1_179' title='bbox 1582 573 1641 600; x_wconf 88' lang='lat' dir='ltr'><strong>sine</strong></span> <span class='ocrx_word' id='word_1_180' title='bbox 1653 572 1739 600; x_wconf 81' lang='lat' dir='ltr'><strong>dubio</strong></span> 
     </span>
    </p>
   </div>
   <div class='ocr_carea' id='block_1_27' title="bbox 948 619 1736 657">
    <p class='ocr_par' dir='ltr' id='par_1_27' title="bbox 948 619 1736 657">
     <span class='ocr_line' id='line_1_27' title="bbox 948 619 1736 657; baseline -0.006 -8"><span class='ocrx_word' id='word_1_181' title='bbox 948 623 1038 657; x_wconf 81' lang='lat' dir='ltr'><strong>genita</strong></span> <span class='ocrx_word' id='word_1_182' title='bbox 1061 622 1227 655; x_wconf 89' lang='lat' dir='ltr'><strong>substantia,</strong></span> <span class='ocrx_word' id='word_1_183' title='bbox 1249 629 1333 649; x_wconf 88' lang='lat' dir='ltr'><strong>sanos</strong></span> <span class='ocrx_word' id='word_1_184' title='bbox 1353 629 1412 653; x_wconf 72' lang='lat' dir='ltr'><strong>vos,</strong></span> <span class='ocrx_word' id='word_1_185' title='bbox 1430 627 1568 655; x_wconf 84' lang='lat' dir='ltr'><strong>sanasque</strong></span> <span class='ocrx_word' id='word_1_186' title='bbox 1583 623 1611 646; x_wconf 88' lang='lat' dir='ltr'><strong>et</strong></span> <span class='ocrx_word' id='word_1_187' title='bbox 1630 619 1736 645; x_wconf 88' lang='lat' dir='ltr'><strong>incolu—</strong></span> 
     </span>
    </p>
   </div>
   <div class='ocr_carea' id='block_1_28' title="bbox 949 664 1737 702">
    <p class='ocr_par' dir='ltr' id='par_1_28' title="bbox 949 664 1737 702">
     <span class='ocr_line' id='line_1_28' title="bbox 949 664 1737 702; baseline -0.006 -7"><span class='ocrx_word' id='word_1_188' title='bbox 949 675 1008 696; x_wconf 85' lang='lat' dir='ltr'><strong>mes</strong></span> <span class='ocrx_word' id='word_1_189' title='bbox 1028 668 1063 695; x_wconf 85' lang='lat' dir='ltr'><strong>ab</strong></span> <span class='ocrx_word' id='word_1_190' title='bbox 1085 668 1225 702; x_wconf 87' lang='lat' dir='ltr'><strong>impietate</strong></span> <span class='ocrx_word' id='word_1_191' title='bbox 1246 666 1402 698; x_wconf 86' lang='lat' dir='ltr'><strong>custodiat,</strong></span> <span class='ocrx_word' id='word_1_192' title='bbox 1423 667 1450 693; x_wconf 93' lang='lat' dir='ltr'><strong>in</strong></span> <span class='ocrx_word' id='word_1_193' title='bbox 1469 666 1579 693; x_wconf 84' lang='lat' dir='ltr'><strong>Christo</strong></span> <span class='ocrx_word' id='word_1_194' title='bbox 1603 664 1666 693; x_wconf 83' lang='lat' dir='ltr'><strong>Jcsu</strong></span> <span class='ocrx_word' id='word_1_195' title='bbox 1684 664 1737 691; x_wconf 93' lang='lat' dir='ltr'><strong>Do-</strong></span> 
     </span>
    </p>
   </div>
   <div class='ocr_carea' id='block_1_29' title="bbox 948 711 1739 748">
    <p class='ocr_par' dir='ltr' id='par_1_29' title="bbox 948 711 1739 748">
     <span class='ocr_line' id='line_1_29' title="bbox 948 711 1739 748; baseline -0.004 -8"><span class='ocrx_word' id='word_1_196' title='bbox 948 713 1023 740; x_wconf 92' lang='lat' dir='ltr'><strong>mino</strong></span> <span class='ocrx_word' id='word_1_197' title='bbox 1033 717 1128 741; x_wconf 86' lang='lat' dir='ltr'><strong>nostro</strong></span> <span class='ocrx_word' id='word_1_198' title='bbox 1140 722 1147 739; x_wconf 89' lang='lat'><strong>:</strong></span> <span class='ocrx_word' id='word_1_199' title='bbox 1162 721 1210 748; x_wconf 88' lang='lat' dir='ltr'><strong>per</strong></span> <span class='ocrx_word' id='word_1_200' title='bbox 1222 720 1302 748; x_wconf 89' lang='lat' dir='ltr'><strong>quem</strong></span> <span class='ocrx_word' id='word_1_201' title='bbox 1313 712 1404 739; x_wconf 90' lang='lat' dir='ltr'><strong>omnis</strong></span> <span class='ocrx_word' id='word_1_202' title='bbox 1416 712 1502 747; x_wconf 82' lang='lat' dir='ltr'><strong>gloria</strong></span> <span class='ocrx_word' id='word_1_203' title='bbox 1514 711 1589 738; x_wconf 84' lang='lat' dir='ltr'><strong>Patri</strong></span> <span class='ocrx_word' id='word_1_204' title='bbox 1613 717 1641 738; x_wconf 89' lang='lat' dir='ltr'><strong>et</strong></span> <span class='ocrx_word' id='word_1_205' title='bbox 1665 717 1739 737; x_wconf 84' lang='lat' dir='ltr'><strong>nunc</strong></span> 
     </span>
    </p>
   </div>
   <div class='ocr_carea' id='block_1_30' title="bbox 947 757 1615 794">
    <p class='ocr_par' dir='ltr' id='par_1_30' title="bbox 947 757 1615 794">
     <span class='ocr_line' id='line_1_30' title="bbox 947 757 1615 794; baseline -0.003 -8"><span class='ocrx_word' id='word_1_206' title='bbox 947 762 976 786; x_wconf 87' lang='lat' dir='ltr'><strong>et</strong></span> <span class='ocrx_word' id='word_1_207' title='bbox 991 766 1110 794; x_wconf 84' lang='lat' dir='ltr'><strong>semper,</strong></span> <span class='ocrx_word' id='word_1_208' title='bbox 1126 762 1153 786; x_wconf 90' lang='lat' dir='ltr'><strong>et</strong></span> <span class='ocrx_word' id='word_1_209' title='bbox 1168 759 1196 786; x_wconf 92' lang='lat' dir='ltr'><strong>in</strong></span> <span class='ocrx_word' id='word_1_210' title='bbox 1213 758 1313 786; x_wconf 58' lang='lat' dir='ltr'><strong>saecula</strong></span> <span class='ocrx_word' id='word_1_211' title='bbox 1329 758 1503 785; x_wconf 72' lang='lat' dir='ltr'><strong>saeculorum.</strong></span> <span class='ocrx_word' id='word_1_212' title='bbox 1517 757 1615 784; x_wconf 85' lang='lat' dir='ltr'><strong>Amen.</strong></span> 
     </span>
    </p>
   </div>
   <div class='ocr_carea' id='block_1_31' title="bbox 989 804 1408 839">
    <p class='ocr_par' dir='ltr' id='par_1_31' title="bbox 989 804 1408 839">
     <span class='ocr_line' id='line_1_31' title="bbox 989 804 1408 839; baseline 0 -8"><span class='ocrx_word' id='word_1_213' title='bbox 989 804 1129 832; x_wconf 83' lang='lat' dir='ltr'><strong>Hactenus</strong></span> <span class='ocrx_word' id='word_1_214' title='bbox 1148 805 1218 832; x_wconf 83' lang='lat' dir='ltr'><strong>Aetii</strong></span> <span class='ocrx_word' id='word_1_215' title='bbox 1233 804 1408 839; x_wconf 86' lang='lat' dir='ltr'><strong>opusculum.</strong></span> 
     </span>
    </p>
   </div>
   <div class='ocr_carea' id='block_1_32' title="bbox 983 847 1740 885">
    <p class='ocr_par' dir='ltr' id='par_1_32' title="bbox 983 847 1740 885">
     <span class='ocr_line' id='line_1_32' title="bbox 983 847 1740 885; baseline -0.005 -7"><span class='ocrx_word' id='word_1_216' title='bbox 983 850 1041 878; x_wconf 82' lang='lat' dir='ltr'><strong>Hoc</strong></span> <span class='ocrx_word' id='word_1_217' title='bbox 1064 851 1145 885; x_wconf 76' lang='lat' dir='ltr'><strong>igitur</strong></span> <span class='ocrx_word' id='word_1_218' title='bbox 1166 850 1464 885; x_wconf 80' lang='lat' dir='ltr'><strong>perniciosissimarum</strong></span> <span class='ocrx_word' id='word_1_219' title='bbox 1489 848 1560 876; x_wconf 82' lang='lat' dir='ltr'><strong>Aetii</strong></span> <span class='ocrx_word' id='word_1_220' title='bbox 1587 847 1740 876; x_wconf 86' lang='lat' dir='ltr'><strong>sententia-</strong></span> 
     </span>
    </p>
   </div>
   <div class='ocr_carea' id='block_1_33' title="bbox 948 893 1740 930">
    <p class='ocr_par' dir='ltr' id='par_1_33' title="bbox 948 893 1740 930">
     <span class='ocr_line' id='line_1_33' title="bbox 948 893 1740 930; baseline -0.004 -7"><span class='ocrx_word' id='word_1_221' title='bbox 948 903 1027 927; x_wconf 86' lang='lat' dir='ltr'><strong>rum,</strong></span> <span class='ocrx_word' id='word_1_222' title='bbox 1045 903 1161 930; x_wconf 78' lang='lat' dir='ltr'><strong>quarunt</strong></span> <span class='ocrx_word' id='word_1_223' title='bbox 1177 895 1210 923; x_wconf 86' lang='lat' dir='ltr'><strong>ad</strong></span> <span class='ocrx_word' id='word_1_224' title='bbox 1226 903 1276 923; x_wconf 91' lang='lat' dir='ltr'><strong>nos</strong></span> <span class='ocrx_word' id='word_1_225' title='bbox 1299 895 1440 930; x_wconf 68' lang='lat' dir='ltr'><strong>particula:</strong></span> <span class='ocrx_word' id='word_1_226' title='bbox 1463 893 1586 929; x_wconf 64' lang='lat' dir='ltr'><strong>quardam</strong></span> <span class='ocrx_word' id='word_1_227' title='bbox 1608 901 1740 928; x_wconf 63' lang='lat' dir='ltr'><strong>pervenc-</strong></span> 
     </span>
    </p>
   </div>
   <div class='ocr_carea' id='block_1_34' title="bbox 97 938 899 980">
    <p class='ocr_par' dir='ltr' id='par_1_34' title="bbox 97 940 895 980">
     <span class='ocr_line' id='line_1_34' title="bbox 97 940 895 980; baseline -0.006 -9"><span class='ocrx_word' id='word_1_228' title='bbox 97 943 311 980; x_wconf 81' lang='grc' dir='ltr'>ἀνατρεπομένη</span> <span class='ocrx_word' id='word_1_229' title='bbox 331 943 412 978; x_wconf 85' lang='grc' dir='ltr'>αῦτη.</span> <span class='ocrx_word' id='word_1_230' title='bbox 437 942 590 978; x_wconf 81' lang='grc' dir='ltr'>Τριακόσια</span> <span class='ocrx_word' id='word_1_231' title='bbox 609 941 664 977; x_wconf 81' lang='grc' dir='ltr'><strong>γὰρ</strong></span> <span class='ocrx_word' id='word_1_232' title='bbox 678 941 746 976; x_wconf 81' lang='grc' dir='ltr'>ὁμοῦ</span> <span class='ocrx_word' id='word_1_233' title='bbox 760 940 895 975; x_wconf 80' lang='grc' dir='ltr'>κεφάλαια</span> 
     </span>
    </p>
   </div>
   <div class='ocr_carea' id='block_1_35' title="bbox 954 938 1740 980">
    <p class='ocr_par' dir='ltr' id='par_1_35' title="bbox 954 938 1740 975">
     <span class='ocr_line' id='line_1_35' title="bbox 954 938 1740 975; baseline -0.006 -7"><span class='ocrx_word' id='word_1_234' title='bbox 954 945 1020 973; x_wconf 82' lang='grc' dir='ltr'>ὐηι,</span> <span class='ocrx_word' id='word_1_235' title='bbox 1040 940 1202 975; x_wconf 86' lang='lat' dir='ltr'><strong>principium</strong></span> <span class='ocrx_word' id='word_1_236' title='bbox 1217 944 1260 968; x_wconf 89' lang='lat' dir='ltr'><strong>est</strong></span> <span class='ocrx_word' id='word_1_237' title='bbox 1277 944 1371 967; x_wconf 87' lang='lat' dir='ltr'><strong>nostra</strong></span> <span class='ocrx_word' id='word_1_238' title='bbox 1393 940 1444 967; x_wconf 86' lang='lat' dir='ltr'><strong>hac</strong></span> <span class='ocrx_word' id='word_1_239' title='bbox 1461 939 1646 974; x_wconf 83' lang='lat' dir='ltr'><strong>disputatione</strong></span> <span class='ocrx_word' id='word_1_240' title='bbox 1662 938 1740 965; x_wconf 83' lang='lat' dir='ltr'><strong>refel-</strong></span> 
     </span>
    </p>
   </div>
   <div class='ocr_carea' id='block_1_36' title="bbox 97 986 900 1027">
    <p class='ocr_par' dir='ltr' id='par_1_36' title="bbox 97 986 900 1027">
     <span class='ocr_line' id='line_1_36' title="bbox 97 986 900 1027; baseline -0.007 -9"><span class='ocrx_word' id='word_1_241' title='bbox 97 991 269 1027; x_wconf 79' lang='grc' dir='ltr'>ὁμοιότροπα</span> <span class='ocrx_word' id='word_1_242' title='bbox 289 989 396 1020; x_wconf 80' lang='grc' dir='ltr'>τούτοις</span> <span class='ocrx_word' id='word_1_243' title='bbox 419 988 500 1023; x_wconf 74' lang='grc' dir='ltr'>φασὶν</span> <span class='ocrx_word' id='word_1_244' title='bbox 529 988 611 1014; x_wconf 83' lang='grc' dir='ltr'>αὐτὸν</span> <span class='ocrx_word' id='word_1_245' title='bbox 633 986 824 1022; x_wconf 81' lang='grc' dir='ltr'>πεποιηκέναι,</span> <span class='ocrx_word' id='word_1_246' title='bbox 850 986 900 1012; x_wconf 82' lang='grc' dir='ltr'><strong>πά-</strong></span> 
     </span>
    </p>
   </div>
   <div class='ocr_carea' id='block_1_37' title="bbox 99 1030 898 1073">
    <p class='ocr_par' dir='ltr' id='par_1_37' title="bbox 99 1030 898 1073">
     <span class='ocr_line' id='line_1_37' title="bbox 99 1030 898 1073; baseline -0.01 -9"><span class='ocrx_word' id='word_1_247' title='bbox 99 1046 153 1073; x_wconf 87' lang='grc' dir='ltr'><strong>σης</strong></span> <span class='ocrx_word' id='word_1_248' title='bbox 184 1035 358 1072; x_wconf 78' lang='grc' dir='ltr'><strong>βλασφημίας</strong></span> <span class='ocrx_word' id='word_1_249' title='bbox 379 1033 497 1069; x_wconf 73' lang='grc' dir='ltr'>ἔμπλεα.</span> <span class='ocrx_word' id='word_1_250' title='bbox 525 1032 658 1059; x_wconf 84' lang='grc' dir='ltr'>Ἐνταῦθα</span> <span class='ocrx_word' id='word_1_251' title='bbox 677 1032 706 1058; x_wconf 85' lang='grc' dir='ltr'><strong>δέ</strong></span> <span class='ocrx_word' id='word_1_252' title='bbox 725 1031 762 1063; x_wconf 83' lang='grc' dir='ltr'>ὡς</span> <span class='ocrx_word' id='word_1_253' title='bbox 781 1030 898 1057; x_wconf 79' lang='grc' dir='ltr'>ἀπολλυ-</span> 
     </span>
    </p>
   </div>
   <div class='ocr_carea' id='block_1_38' title="bbox 100 1077 897 1118">
    <p class='ocr_par' dir='ltr' id='par_1_38' title="bbox 100 1077 897 1118">
     <span class='ocr_line' id='line_1_38' title="bbox 100 1077 897 1118; baseline -0.01 -8"><span class='ocrx_word' id='word_1_254' title='bbox 100 1083 185 1118; x_wconf 78' lang='grc' dir='ltr'>μένου</span> <span class='ocrx_word' id='word_1_255' title='bbox 202 1082 327 1117; x_wconf 84' lang='grc' dir='ltr'>σώματος</span> <span class='ocrx_word' id='word_1_256' title='bbox 343 1079 458 1116; x_wconf 80' lang='grc' dir='ltr'><strong>ἑρπετοῦ</strong></span> <span class='ocrx_word' id='word_1_257' title='bbox 476 1079 523 1106; x_wconf 72' lang='grc' dir='ltr'>καὶ</span> <span class='ocrx_word' id='word_1_258' title='bbox 539 1077 822 1112; x_wconf 74' lang='grc' dir='ltr'>σαπέντος,ἐπηϐόλου</span> <span class='ocrx_word' id='word_1_259' title='bbox 837 1077 844 1091; x_wconf 87' lang='grc'>¹</span> <span class='ocrx_word' id='word_1_260' title='bbox 856 1085 897 1102; x_wconf 90' lang='grc' dir='ltr'>τι-</span> 
     </span>
    </p>
   </div>
   <div class='ocr_carea' id='block_1_39' title="bbox 100 1121 897 1162">
    <p class='ocr_par' dir='ltr' id='par_1_39' title="bbox 100 1121 897 1162">
     <span class='ocr_line' id='line_1_39' title="bbox 100 1121 897 1162; baseline -0.011 -6"><span class='ocrx_word' id='word_1_261' title='bbox 100 1129 146 1162; x_wconf 82' lang='grc' dir='ltr'>νὸς</span> <span class='ocrx_word' id='word_1_262' title='bbox 157 1127 304 1155; x_wconf 78' lang='grc' dir='ltr'>σπουδαίου</span> <span class='ocrx_word' id='word_1_263' title='bbox 323 1125 525 1161; x_wconf 79' lang='grc' dir='ltr'>ἁναλεξαμένου</span> <span class='ocrx_word' id='word_1_264' title='bbox 540 1124 594 1151; x_wconf 85' lang='grc' dir='ltr'><strong>τῶν</strong></span> <span class='ocrx_word' id='word_1_265' title='bbox 610 1123 657 1150; x_wconf 88' lang='grc' dir='ltr'><strong>τοῦ</strong></span> <span class='ocrx_word' id='word_1_266' title='bbox 672 1122 788 1158; x_wconf 83' lang='grc' dir='ltr'>ἑρπετοῦ</span> <span class='ocrx_word' id='word_1_267' title='bbox 803 1121 897 1156; x_wconf 75' lang='grc' dir='ltr'>λειψά-</span> 
     </span>
    </p>
   </div>
   <div class='ocr_carea' id='block_1_40' title="bbox 100 1166 897 1207">
    <p class='ocr_par' dir='ltr' id='par_1_40' title="bbox 100 1166 897 1207">
     <span class='ocr_line' id='line_1_40' title="bbox 100 1166 897 1207; baseline -0.01 -6"><span class='ocrx_word' id='word_1_268' title='bbox 100 1183 156 1202; x_wconf 86' lang='grc' dir='ltr'><strong>νων</strong></span> <span class='ocrx_word' id='word_1_269' title='bbox 167 1173 203 1200; x_wconf 83' lang='grc' dir='ltr'>τὰ</span> <span class='ocrx_word' id='word_1_270' title='bbox 213 1173 294 1199; x_wconf 81' lang='grc' dir='ltr'>ὀστέα</span> <span class='ocrx_word' id='word_1_271' title='bbox 311 1173 351 1203; x_wconf 86' lang='grc' dir='ltr'><strong>είς</strong></span> <span class='ocrx_word' id='word_1_272' title='bbox 361 1171 450 1207; x_wconf 82' lang='grc' dir='ltr'>λύμην</span> <span class='ocrx_word' id='word_1_273' title='bbox 466 1169 558 1202; x_wconf 85' lang='grc' dir='ltr'>τινῶν,</span> <span class='ocrx_word' id='word_1_274' title='bbox 575 1169 609 1205; x_wconf 80' lang='grc' dir='ltr'>ἢν</span> <span class='ocrx_word' id='word_1_275' title='bbox 634 1169 769 1204; x_wconf 84' lang='grc' dir='ltr'>καυχᾶται</span> <span class='ocrx_word' id='word_1_276' title='bbox 787 1166 897 1194; x_wconf 78' lang='grc' dir='ltr'>ἐπιϐου·</span> 
     </span>
    </p>
   </div>
   <div class='ocr_carea' id='block_1_41' title="bbox 100 1211 897 1258">
    <p class='ocr_par' dir='ltr' id='par_1_41' title="bbox 100 1211 897 1258">
     <span class='ocr_line' id='line_1_41' title="bbox 100 1211 897 1258; baseline -0.013 -11"><span class='ocrx_word' id='word_1_277' title='bbox 100 1221 152 1258; x_wconf 79' lang='grc' dir='ltr'>λὴν</span> <span class='ocrx_word' id='word_1_278' title='bbox 168 1219 360 1254; x_wconf 77' lang='grc' dir='ltr'>πεποιηκέναι,</span> <span class='ocrx_word' id='word_1_279' title='bbox 376 1218 433 1244; x_wconf 84' lang='grc' dir='ltr'>τισὶ</span> <span class='ocrx_word' id='word_1_280' title='bbox 448 1216 562 1252; x_wconf 78' lang='grc' dir='ltr'>γράφων</span> <span class='ocrx_word' id='word_1_281' title='bbox 573 1211 665 1258; x_wconf 64' lang='grc' dir='ltr'>δῆθεν,</span> <span class='ocrx_word' id='word_1_282' title='bbox 680 1214 719 1245; x_wconf 83' lang='grc' dir='ltr'>ὡς</span> <span class='ocrx_word' id='word_1_283' title='bbox 732 1213 804 1240; x_wconf 83' lang='grc' dir='ltr'>κατὰ</span> <span class='ocrx_word' id='word_1_284' title='bbox 825 1212 897 1247; x_wconf 80' lang='grc' dir='ltr'>φιλο-</span> 
     </span>
    </p>
   </div>
   <div class='ocr_carea' id='block_1_42' title="bbox 100 1256 897 1301">
    <p class='ocr_par' dir='ltr' id='par_1_42' title="bbox 100 1256 897 1301">
     <span class='ocr_line' id='line_1_42' title="bbox 100 1256 897 1301; baseline -0.014 -7"><span class='ocrx_word' id='word_1_285' title='bbox 100 1256 201 1294; x_wconf 80' lang='grc' dir='ltr'>καλίαν</span> <span class='ocrx_word' id='word_1_286' title='bbox 218 1265 340 1301; x_wconf 85' lang='grc' dir='ltr'>περιέχει</span> <span class='ocrx_word' id='word_1_287' title='bbox 356 1264 387 1290; x_wconf 81' lang='grc' dir='ltr'>τὸ</span> <span class='ocrx_word' id='word_1_288' title='bbox 409 1261 620 1297; x_wconf 81' lang='grc' dir='ltr'>συνταγμάτων,</span> <span class='ocrx_word' id='word_1_289' title='bbox 637 1256 667 1286; x_wconf 76' lang='grc' dir='ltr'><strong>οὗ</strong></span> <span class='ocrx_word' id='word_1_290' title='bbox 684 1261 700 1296; x_wconf 84' lang='grc' dir='ltr'>ἡ</span> <span class='ocrx_word' id='word_1_291' title='bbox 714 1258 785 1295; x_wconf 81' lang='grc' dir='ltr'>ἀρχὴ</span> <span class='ocrx_word' id='word_1_292' title='bbox 800 1257 897 1289; x_wconf 72' lang='grc' dir='ltr'>οὕτως,</span> 
     </span>
    </p>
   </div>
   <div class='ocr_carea' id='block_1_43' title="bbox 101 1304 898 1344">
    <p class='ocr_par' dir='ltr' id='par_1_43' title="bbox 101 1304 898 1344">
     <span class='ocr_line' id='line_1_43' title="bbox 101 1304 898 1344; baseline -0.013 -4"><span class='ocrx_word' id='word_1_293' title='bbox 101 1309 133 1339; x_wconf 76' lang='grc' dir='ltr'><strong>οὗ</strong></span> <span class='ocrx_word' id='word_1_294' title='bbox 146 1313 252 1339; x_wconf 82' lang='grc' dir='ltr'>εἵνεκεν</span> <span class='ocrx_word' id='word_1_295' title='bbox 281 1312 328 1338; x_wconf 75' lang='grc' dir='ltr'>καὶ</span> <span class='ocrx_word' id='word_1_296' title='bbox 350 1309 428 1337; x_wconf 72' lang='grc' dir='ltr'>αὐτοὶ</span> <span class='ocrx_word' id='word_1_297' title='bbox 439 1309 489 1344; x_wconf 83' lang='grc' dir='ltr'>τῆς</span> <span class='ocrx_word' id='word_1_298' title='bbox 505 1307 553 1334; x_wconf 86' lang='grc' dir='ltr'><strong>τοῦ</strong></span> <span class='ocrx_word' id='word_1_299' title='bbox 570 1306 637 1334; x_wconf 86' lang='grc' dir='ltr'>Θεοῦ</span> <span class='ocrx_word' id='word_1_300' title='bbox 655 1305 796 1342; x_wconf 79' lang='grc' dir='ltr'>ἐνεργείας</span> <span class='ocrx_word' id='word_1_301' title='bbox 807 1304 841 1330; x_wconf 81' lang='grc' dir='ltr'><strong>τὰ</strong></span> <span class='ocrx_word' id='word_1_302' title='bbox 855 1305 898 1330; x_wconf 81' lang='grc' dir='ltr'>ια-</span> 
     </span>
    </p>
   </div>
   <div class='ocr_carea' id='block_1_44' title="bbox 101 1350 898 1391">
    <p class='ocr_par' dir='ltr' id='par_1_44' title="bbox 101 1350 898 1391">
     <span class='ocr_line' id='line_1_44' title="bbox 101 1350 898 1391; baseline -0.014 -5"><span class='ocrx_word' id='word_1_303' title='bbox 101 1359 167 1386; x_wconf 85' lang='grc' dir='ltr'>τικὰ</span> <span class='ocrx_word' id='word_1_304' title='bbox 189 1358 246 1384; x_wconf 85' lang='grc' dir='ltr'>τῶν</span> <span class='ocrx_word' id='word_1_305' title='bbox 278 1357 365 1391; x_wconf 88' lang='grc' dir='ltr'>λόγων</span> <span class='ocrx_word' id='word_1_306' title='bbox 389 1356 440 1391; x_wconf 83' lang='grc' dir='ltr'>τῆς</span> <span class='ocrx_word' id='word_1_307' title='bbox 464 1355 539 1386; x_wconf 80' lang='grc' dir='ltr'>θείας</span> <span class='ocrx_word' id='word_1_308' title='bbox 563 1352 676 1388; x_wconf 80' lang='grc' dir='ltr'>Γραφῆς</span> <span class='ocrx_word' id='word_1_309' title='bbox 702 1350 898 1385; x_wconf 81' lang='grc' dir='ltr'>ἀναλεξάμενοι</span> 
     </span>
    </p>
   </div>
   <div class='ocr_carea' id='block_1_45' title="bbox 103 1396 897 1440">
    <p class='ocr_par' dir='ltr' id='par_1_45' title="bbox 103 1396 897 1440">
     <span class='ocr_line' id='line_1_45' title="bbox 103 1396 897 1440; baseline -0.015 -7"><span class='ocrx_word' id='word_1_310' title='bbox 103 1405 153 1433; x_wconf 77' lang='grc' dir='ltr'><strong>ἀπ’</strong></span> <span class='ocrx_word' id='word_1_311' title='bbox 177 1404 266 1440; x_wconf 80' lang='grc' dir='ltr'>ἀρχῆς</span> <span class='ocrx_word' id='word_1_312' title='bbox 296 1403 361 1438; x_wconf 78' lang='grc' dir='ltr'>ἄχρι</span> <span class='ocrx_word' id='word_1_313' title='bbox 383 1401 486 1433; x_wconf 82' lang='grc' dir='ltr'>τέλους,</span> <span class='ocrx_word' id='word_1_314' title='bbox 523 1397 727 1434; x_wconf 83' lang='grc' dir='ltr'>ἁνατρεπτικὴν</span> <span class='ocrx_word' id='word_1_315' title='bbox 750 1396 897 1427; x_wconf 81' lang='grc' dir='ltr'>ἀντίδοτον,</span> 
     </span>
    </p>
   </div>
   <div class='ocr_carea' id='block_1_46' title="bbox 103 1440 899 1483">
    <p class='ocr_par' dir='ltr' id='par_1_46' title="bbox 103 1440 899 1483">
     <span class='ocr_line' id='line_1_46' title="bbox 103 1440 899 1483; baseline -0.014 -6"><span class='ocrx_word' id='word_1_316' title='bbox 103 1449 358 1483; x_wconf 76' lang='grc' dir='ltr'>κατασκευάσωμεν</span> <span class='ocrx_word' id='word_1_317' title='bbox 373 1447 428 1478; x_wconf 80' lang='grc' dir='ltr'>τοῖς</span> <span class='ocrx_word' id='word_1_318' title='bbox 441 1444 615 1481; x_wconf 79' lang='grc' dir='ltr'>βουλομένοις</span> <span class='ocrx_word' id='word_1_319' title='bbox 636 1442 744 1478; x_wconf 75' lang='grc' dir='ltr'>ἰαθῆναι</span> <span class='ocrx_word' id='word_1_320' title='bbox 755 1443 805 1476; x_wconf 83' lang='grc' dir='ltr'>τῆς</span> <span class='ocrx_word' id='word_1_321' title='bbox 815 1440 899 1468; x_wconf 88' lang='grc' dir='ltr'>αὐτοῦ</span> 
     </span>
    </p>
   </div>
   <div class='ocr_carea' id='block_1_47' title="bbox 105 1486 900 1529">
    <p class='ocr_par' dir='ltr' id='par_1_47' title="bbox 105 1486 900 1529">
     <span class='ocr_line' id='line_1_47' title="bbox 105 1486 900 1529; baseline -0.016 -5"><span class='ocrx_word' id='word_1_322' title='bbox 105 1496 238 1528; x_wconf 77' lang='grc' dir='ltr'>ἰοδολίας,</span> <span class='ocrx_word' id='word_1_323' title='bbox 256 1494 386 1529; x_wconf 74' lang='grc' dir='ltr'>ἄντικρυς</span> <span class='ocrx_word' id='word_1_324' title='bbox 411 1491 531 1522; x_wconf 80' lang='grc' dir='ltr'>ἑκάστης</span> <span class='ocrx_word' id='word_1_325' title='bbox 552 1489 652 1522; x_wconf 80' lang='grc' dir='ltr'>λέξεως</span> <span class='ocrx_word' id='word_1_326' title='bbox 670 1486 826 1523; x_wconf 81' lang='grc' dir='ltr'>ἀνατροπὰς</span> <span class='ocrx_word' id='word_1_327' title='bbox 847 1494 900 1512; x_wconf 87' lang='grc' dir='ltr'>πα-</span> 
     </span>
    </p>
   </div>
   <div class='ocr_carea' id='block_1_48' title="bbox 105 1532 900 1580">
    <p class='ocr_par' dir='ltr' id='par_1_48' title="bbox 105 1532 900 1580">
     <span class='ocr_line' id='line_1_48' title="bbox 105 1532 900 1580; baseline -0.015 -10"><span class='ocrx_word' id='word_1_328' title='bbox 105 1542 291 1580; x_wconf 87' lang='grc' dir='ltr'>ραθησόμενοι</span> <span class='ocrx_word' id='word_1_329' title='bbox 316 1539 371 1566; x_wconf 80' lang='grc' dir='ltr'>τῶν</span> <span class='ocrx_word' id='word_1_330' title='bbox 395 1538 486 1566; x_wconf 82' lang='grc' dir='ltr'>αὐτῶν</span> <span class='ocrx_word' id='word_1_331' title='bbox 509 1534 721 1570; x_wconf 80' lang='grc' dir='ltr'>συλλογιστικῶν</span> <span class='ocrx_word' id='word_1_332' title='bbox 744 1532 900 1568; x_wconf 74' lang='grc' dir='ltr'>κεφαλαίων</span> 
     </span>
    </p>
   </div>
   <div class='ocr_carea' id='block_1_49' title="bbox 104 1596 213 1620">
    <p class='ocr_par' dir='ltr' id='par_1_49' title="bbox 104 1596 213 1620">
     <span class='ocr_line' id='line_1_49' title="bbox 104 1596 213 1620; baseline -0.009 -4"><span class='ocrx_word' id='word_1_333' title='bbox 104 1597 192 1620; x_wconf 82' lang='grc' dir='ltr'>ουτως</span> <span class='ocrx_word' id='word_1_334' title='bbox 206 1596 213 1604; x_wconf 81' lang='grc'><strong><em>⁸</em></strong></span> 
     </span>
    </p>
   </div>
   <div class='ocr_carea' id='block_1_50' title="bbox 949 984 1740 1020">
    <p class='ocr_par' dir='ltr' id='par_1_50' title="bbox 949 984 1740 1020">
     <span class='ocr_line' id='line_1_50' title="bbox 949 984 1740 1020; baseline -0.005 -6"><span class='ocrx_word' id='word_1_335' title='bbox 949 987 1078 1020; x_wconf 85' lang='lat' dir='ltr'><strong>lemlum;</strong></span> <span class='ocrx_word' id='word_1_336' title='bbox 1103 986 1195 1014; x_wconf 85' lang='lat' dir='ltr'><strong>ferunt</strong></span> <span class='ocrx_word' id='word_1_337' title='bbox 1213 987 1285 1014; x_wconf 90' lang='lat' dir='ltr'><strong>enim</strong></span> <span class='ocrx_word' id='word_1_338' title='bbox 1310 989 1433 1014; x_wconf 85' lang='lat' dir='ltr'><strong>trecenta</strong></span> <span class='ocrx_word' id='word_1_339' title='bbox 1456 985 1490 1013; x_wconf 85' lang='lat' dir='ltr'><strong>ab</strong></span> <span class='ocrx_word' id='word_1_340' title='bbox 1515 985 1562 1012; x_wconf 89' lang='lat' dir='ltr'><strong>illo</strong></span> <span class='ocrx_word' id='word_1_341' title='bbox 1583 984 1740 1019; x_wconf 84' lang='lat' dir='ltr'><strong>conscripta</strong></span> 
     </span>
    </p>
   </div>
   <div class='ocr_carea' id='block_1_51' title="bbox 947 1030 1742 1068">
    <p class='ocr_par' dir='ltr' id='par_1_51' title="bbox 947 1030 1742 1068">
     <span class='ocr_line' id='line_1_51' title="bbox 947 1030 1742 1068; baseline -0.005 -8"><span class='ocrx_word' id='word_1_342' title='bbox 947 1032 1027 1068; x_wconf 83' lang='lat'><strong>931</strong></span> <span class='ocrx_word' id='word_1_343' title='bbox 1049 1032 1167 1066; x_wconf 76' lang='lat' dir='ltr'><strong>capitula</strong></span> <span class='ocrx_word' id='word_1_344' title='bbox 1182 1032 1296 1059; x_wconf 87' lang='lat' dir='ltr'><strong>istorum</strong></span> <span class='ocrx_word' id='word_1_345' title='bbox 1312 1032 1424 1064; x_wconf 82' lang='lat' dir='ltr'><strong>similia,</strong></span> <span class='ocrx_word' id='word_1_346' title='bbox 1442 1039 1474 1058; x_wconf 88' lang='lat' dir='ltr'><strong>ac</strong></span> <span class='ocrx_word' id='word_1_347' title='bbox 1487 1030 1661 1058; x_wconf 85' lang='lat' dir='ltr'><strong>contumeliis</strong></span> <span class='ocrx_word' id='word_1_348' title='bbox 1674 1030 1742 1056; x_wconf 79' lang='lat' dir='ltr'><strong>divi-</strong></span> 
     </span>
    </p>
   </div>
   <div class='ocr_carea' id='block_1_52' title="bbox 948 1074 1742 1110">
    <p class='ocr_par' dir='ltr' id='par_1_52' title="bbox 948 1074 1742 1110">
     <span class='ocr_line' id='line_1_52' title="bbox 948 1074 1742 1110; baseline -0.005 -6"><span class='ocrx_word' id='word_1_349' title='bbox 948 1085 1012 1104; x_wconf 90' lang='lat' dir='ltr'><strong>num</strong></span> <span class='ocrx_word' id='word_1_350' title='bbox 1027 1077 1054 1104; x_wconf 92' lang='lat' dir='ltr'><strong>in</strong></span> <span class='ocrx_word' id='word_1_351' title='bbox 1066 1076 1171 1103; x_wconf 82' lang='lat' dir='ltr'><strong>Numen</strong></span> <span class='ocrx_word' id='word_1_352' title='bbox 1184 1077 1294 1104; x_wconf 88' lang='lat' dir='ltr'><strong>referta.</strong></span> <span class='ocrx_word' id='word_1_353' title='bbox 1311 1076 1360 1103; x_wconf 90' lang='lat' dir='ltr'><strong>llic</strong></span> <span class='ocrx_word' id='word_1_354' title='bbox 1371 1080 1461 1103; x_wconf 90' lang='lat' dir='ltr'><strong>autem</strong></span> <span class='ocrx_word' id='word_1_355' title='bbox 1475 1075 1589 1110; x_wconf 85' lang='lat' dir='ltr'><strong>perinde</strong></span> <span class='ocrx_word' id='word_1_356' title='bbox 1601 1082 1633 1101; x_wconf 88' lang='lat' dir='ltr'><strong>ac</strong></span> <span class='ocrx_word' id='word_1_357' title='bbox 1645 1074 1668 1101; x_wconf 88' lang='lat' dir='ltr'><strong>si</strong></span> <span class='ocrx_word' id='word_1_358' title='bbox 1680 1074 1742 1108; x_wconf 79' lang='lat' dir='ltr'><strong>quis</strong></span> 
     </span>
    </p>
   </div>
   <div class='ocr_carea' id='block_1_53' title="bbox 946 1119 1738 1157">
    <p class='ocr_par' dir='ltr' id='par_1_53' title="bbox 946 1119 1738 1157">
     <span class='ocr_line' id='line_1_53' title="bbox 946 1119 1738 1157; baseline -0.004 -7"><span class='ocrx_word' id='word_1_359' title='bbox 946 1124 1064 1151; x_wconf 82' lang='lat' dir='ltr'><strong>emortui</strong></span> <span class='ocrx_word' id='word_1_360' title='bbox 1081 1122 1226 1157; x_wconf 86' lang='lat' dir='ltr'><strong>cujusdam</strong></span> <span class='ocrx_word' id='word_1_361' title='bbox 1247 1129 1279 1149; x_wconf 88' lang='lat' dir='ltr'><strong>ac</strong></span> <span class='ocrx_word' id='word_1_362' title='bbox 1302 1121 1447 1157; x_wconf 91' lang='lat' dir='ltr'><strong>putrefacti</strong></span> <span class='ocrx_word' id='word_1_363' title='bbox 1471 1120 1607 1155; x_wconf 84' lang='lat' dir='ltr'><strong>serpentis</strong></span> <span class='ocrx_word' id='word_1_364' title='bbox 1632 1119 1738 1154; x_wconf 82' lang='lat' dir='ltr'><strong>peritus</strong></span> 
     </span>
    </p>
   </div>
   <div class='ocr_carea' id='block_1_54' title="bbox 947 1165 1740 1202">
    <p class='ocr_par' dir='ltr' id='par_1_54' title="bbox 947 1165 1740 1202">
     <span class='ocr_line' id='line_1_54' title="bbox 947 1165 1740 1202; baseline -0.006 -6"><span class='ocrx_word' id='word_1_365' title='bbox 947 1176 979 1196; x_wconf 85' lang='lat' dir='ltr'><strong>ac</strong></span> <span class='ocrx_word' id='word_1_366' title='bbox 1001 1168 1143 1196; x_wconf 82' lang='lat' dir='ltr'><strong>studiosus</strong></span> <span class='ocrx_word' id='word_1_367' title='bbox 1162 1166 1260 1194; x_wconf 81' lang='lat' dir='ltr'><strong>artifex</strong></span> <span class='ocrx_word' id='word_1_368' title='bbox 1284 1167 1414 1202; x_wconf 75' lang='lat' dir='ltr'><strong>reliquias</strong></span> <span class='ocrx_word' id='word_1_369' title='bbox 1433 1170 1515 1201; x_wconf 86' lang='lat' dir='ltr'><strong>atque</strong></span> <span class='ocrx_word' id='word_1_370' title='bbox 1538 1172 1602 1192; x_wconf 84' lang='lat' dir='ltr'><strong>ossa</strong></span> <span class='ocrx_word' id='word_1_371' title='bbox 1626 1165 1740 1200; x_wconf 77' lang='lat' dir='ltr'><strong>legerit,</strong></span> 
     </span>
    </p>
   </div>
   <div class='ocr_carea' id='block_1_55' title="bbox 948 1210 1741 1249">
    <p class='ocr_par' dir='ltr' id='par_1_55' title="bbox 948 1210 1741 1249">
     <span class='ocr_line' id='line_1_55' title="bbox 948 1210 1741 1249; baseline -0.006 -8"><span class='ocrx_word' id='word_1_372' title='bbox 948 1215 985 1242; x_wconf 87' lang='lat' dir='ltr'><strong>ita</strong></span> <span class='ocrx_word' id='word_1_373' title='bbox 1001 1213 1136 1249; x_wconf 63' lang='lat' dir='ltr'><strong>pestifera:</strong></span> <span class='ocrx_word' id='word_1_374' title='bbox 1160 1213 1233 1240; x_wconf 91' lang='lat' dir='ltr'><strong>illius</strong></span> <span class='ocrx_word' id='word_1_375' title='bbox 1252 1213 1385 1240; x_wconf 58' lang='lat' dir='ltr'><strong>doctrinae</strong></span> <span class='ocrx_word' id='word_1_376' title='bbox 1401 1215 1515 1246; x_wconf 86' lang='lat' dir='ltr'><strong>partem,</strong></span> <span class='ocrx_word' id='word_1_377' title='bbox 1532 1218 1614 1246; x_wconf 83' lang='lat' dir='ltr'><strong>qualn</strong></span> <span class='ocrx_word' id='word_1_378' title='bbox 1635 1210 1669 1237; x_wconf 85' lang='lat' dir='ltr'><strong>ad</strong></span> <span class='ocrx_word' id='word_1_379' title='bbox 1689 1210 1741 1237; x_wconf 91' lang='lat' dir='ltr'><strong>ho-</strong></span> 
     </span>
    </p>
   </div>
   <div class='ocr_carea' id='block_1_56' title="bbox 948 1256 1739 1294">
    <p class='ocr_par' dir='ltr' id='par_1_56' title="bbox 948 1256 1739 1294">
     <span class='ocr_line' id='line_1_56' title="bbox 948 1256 1739 1294; baseline -0.005 -7"><span class='ocrx_word' id='word_1_380' title='bbox 948 1261 1036 1287; x_wconf 87' lang='lat' dir='ltr'><strong>mines</strong></span> <span class='ocrx_word' id='word_1_381' title='bbox 1048 1259 1224 1294; x_wconf 86' lang='lat' dir='ltr'><strong>decipiendos</strong></span> <span class='ocrx_word' id='word_1_382' title='bbox 1240 1259 1343 1293; x_wconf 86' lang='lat' dir='ltr'><strong>scripto</strong></span> <span class='ocrx_word' id='word_1_383' title='bbox 1358 1258 1404 1285; x_wconf 92' lang='lat' dir='ltr'><strong>illo</strong></span> <span class='ocrx_word' id='word_1_384' title='bbox 1417 1265 1467 1285; x_wconf 91' lang='lat' dir='ltr'><strong>suo</strong></span> <span class='ocrx_word' id='word_1_385' title='bbox 1480 1257 1513 1284; x_wconf 88' lang='lat' dir='ltr'><strong>ad</strong></span> <span class='ocrx_word' id='word_1_386' title='bbox 1529 1257 1662 1292; x_wconf 84' lang='lat' dir='ltr'><strong>quosdam</strong></span> <span class='ocrx_word' id='word_1_387' title='bbox 1673 1256 1739 1283; x_wconf 88' lang='lat' dir='ltr'><strong>dato</strong></span> 
     </span>
    </p>
   </div>
   <div class='ocr_carea' id='block_1_57' title="bbox 948 1300 1743 1337">
    <p class='ocr_par' dir='ltr' id='par_1_57' title="bbox 948 1300 1743 1337">
     <span class='ocr_line' id='line_1_57' title="bbox 948 1300 1743 1337; baseline -0.006 -6"><span class='ocrx_word' id='word_1_388' title='bbox 948 1304 1097 1335; x_wconf 89' lang='lat' dir='ltr'><strong>commisit,</strong></span> <span class='ocrx_word' id='word_1_389' title='bbox 1122 1310 1154 1330; x_wconf 91' lang='lat' dir='ltr'><strong>ac</strong></span> <span class='ocrx_word' id='word_1_390' title='bbox 1168 1303 1202 1330; x_wconf 88' lang='lat' dir='ltr'><strong>de</strong></span> <span class='ocrx_word' id='word_1_391' title='bbox 1216 1310 1249 1330; x_wconf 92' lang='lat' dir='ltr'><strong>eo</strong></span> <span class='ocrx_word' id='word_1_392' title='bbox 1269 1306 1398 1337; x_wconf 87' lang='lat' dir='ltr'><strong>tanquam</strong></span> <span class='ocrx_word' id='word_1_393' title='bbox 1419 1300 1528 1337; x_wconf 79' lang='lat' dir='ltr'><strong>egregio</strong></span> <span class='ocrx_word' id='word_1_394' title='bbox 1544 1300 1637 1335; x_wconf 88' lang='lat' dir='ltr'><strong>aliquo</strong></span> <span class='ocrx_word' id='word_1_395' title='bbox 1661 1307 1743 1333; x_wconf 83' lang='lat' dir='ltr'><strong>opere</strong></span> 
     </span>
    </p>
   </div>
   <div class='ocr_carea' id='block_1_58' title="bbox 949 1344 1742 1385">
    <p class='ocr_par' dir='ltr' id='par_1_58' title="bbox 949 1344 1742 1385">
     <span class='ocr_line' id='line_1_58' title="bbox 949 1344 1742 1385; baseline -0.008 -8"><span class='ocrx_word' id='word_1_396' title='bbox 949 1350 1093 1385; x_wconf 80' lang='lat' dir='ltr'><strong>gloriatur,</strong></span> <span class='ocrx_word' id='word_1_397' title='bbox 1115 1348 1208 1383; x_wconf 87' lang='lat' dir='ltr'><strong>hujus,</strong></span> <span class='ocrx_word' id='word_1_398' title='bbox 1234 1348 1355 1382; x_wconf 84' lang='lat' dir='ltr'><strong>inquam,</strong></span> <span class='ocrx_word' id='word_1_399' title='bbox 1373 1352 1476 1382; x_wconf 88' lang='lat' dir='ltr'><strong>partetn</strong></span> <span class='ocrx_word' id='word_1_400' title='bbox 1501 1344 1742 1373; x_wconf 84' lang='lat' dir='ltr'><strong>lucubratiuncula</strong></span> 
     </span>
    </p>
   </div>
   <div class='ocr_carea' id='block_1_59' title="bbox 950 1391 1741 1429">
    <p class='ocr_par' dir='ltr' id='par_1_59' title="bbox 950 1391 1741 1429">
     <span class='ocr_line' id='line_1_59' title="bbox 950 1391 1741 1429; baseline -0.008 -6"><span class='ocrx_word' id='word_1_401' title='bbox 950 1396 996 1423; x_wconf 90' lang='lat' dir='ltr'><strong>illa</strong></span> <span class='ocrx_word' id='word_1_402' title='bbox 1015 1395 1155 1427; x_wconf 81' lang='lat' dir='ltr'><strong>continet,</strong></span> <span class='ocrx_word' id='word_1_403' title='bbox 1175 1394 1254 1429; x_wconf 87' lang='lat' dir='ltr'><strong>cujus</strong></span> <span class='ocrx_word' id='word_1_404' title='bbox 1274 1394 1382 1421; x_wconf 90' lang='lat' dir='ltr'><strong>initium</strong></span> <span class='ocrx_word' id='word_1_405' title='bbox 1405 1393 1614 1427; x_wconf 83' lang='lat' dir='ltr'><strong>descripsimus.</strong></span> <span class='ocrx_word' id='word_1_406' title='bbox 1634 1391 1741 1424; x_wconf 86' lang='lat' dir='ltr'><strong>Quibus</strong></span> 
     </span>
    </p>
   </div>
   <div class='ocr_carea' id='block_1_60' title="bbox 950 1437 1744 1474">
    <p class='ocr_par' dir='ltr' id='par_1_60' title="bbox 950 1437 1744 1474">
     <span class='ocr_line' id='line_1_60' title="bbox 950 1437 1744 1474; baseline -0.006 -6"><span class='ocrx_word' id='word_1_407' title='bbox 950 1440 984 1468; x_wconf 91' lang='lat' dir='ltr'><strong>de</strong></span> <span class='ocrx_word' id='word_1_408' title='bbox 1003 1441 1096 1468; x_wconf 87' lang='lat' dir='ltr'><strong>causis</strong></span> <span class='ocrx_word' id='word_1_409' title='bbox 1116 1445 1144 1467; x_wconf 90' lang='lat' dir='ltr'><strong>et</strong></span> <span class='ocrx_word' id='word_1_410' title='bbox 1165 1447 1215 1467; x_wconf 89' lang='lat' dir='ltr'><strong>nos</strong></span> <span class='ocrx_word' id='word_1_411' title='bbox 1232 1447 1264 1467; x_wconf 76' lang='lat' dir='ltr'><strong>ex</strong></span> <span class='ocrx_word' id='word_1_412' title='bbox 1288 1438 1438 1474; x_wconf 85' lang='lat' dir='ltr'><strong>Scripturis</strong></span> <span class='ocrx_word' id='word_1_413' title='bbox 1456 1438 1543 1466; x_wconf 85' lang='lat' dir='ltr'><strong>sacris</strong></span> <span class='ocrx_word' id='word_1_414' title='bbox 1557 1437 1650 1464; x_wconf 81' lang='lat' dir='ltr'><strong>divina</strong></span> <span class='ocrx_word' id='word_1_415' title='bbox 1666 1444 1744 1471; x_wconf 68' lang='lat' dir='ltr'><strong>qua:-</strong></span> 
     </span>
    </p>
   </div>
   <div class='ocr_carea' id='block_1_61' title="bbox 950 1481 1798 1521">
    <p class='ocr_par' dir='ltr' id='par_1_61' title="bbox 950 1481 1798 1521">
     <span class='ocr_line' id='line_1_61' title="bbox 950 1481 1798 1521; baseline -0.006 -8"><span class='ocrx_word' id='word_1_416' title='bbox 950 1486 1013 1513; x_wconf 90' lang='lat' dir='ltr'><strong>dam</strong></span> <span class='ocrx_word' id='word_1_417' title='bbox 1028 1490 1110 1521; x_wconf 85' lang='lat' dir='ltr'><strong>atque</strong></span> <span class='ocrx_word' id='word_1_418' title='bbox 1131 1484 1319 1512; x_wconf 77' lang='lat' dir='ltr'><strong>efficacissima</strong></span> <span class='ocrx_word' id='word_1_419' title='bbox 1340 1484 1458 1512; x_wconf 78' lang='lat' dir='ltr'><strong>remedia</strong></span> <span class='ocrx_word' id='word_1_420' title='bbox 1472 1484 1506 1511; x_wconf 88' lang='lat' dir='ltr'><strong>ab</strong></span> <span class='ocrx_word' id='word_1_421' title='bbox 1522 1483 1600 1510; x_wconf 87' lang='lat' dir='ltr'><strong>initio</strong></span> <span class='ocrx_word' id='word_1_422' title='bbox 1616 1482 1650 1509; x_wconf 88' lang='lat' dir='ltr'><strong>ad</strong></span> <span class='ocrx_word' id='word_1_423' title='bbox 1664 1481 1745 1509; x_wconf 85' lang='lat' dir='ltr'><strong>finem</strong></span> <span class='ocrx_word' id='word_1_424' title='bbox 1794 1493 1798 1496; x_wconf 86' lang='lat'><strong><em>-</em></strong></span> 
     </span>
    </p>
   </div>
   <div class='ocr_carea' id='block_1_62' title="bbox 951 1528 1741 1566">
    <p class='ocr_par' dir='ltr' id='par_1_62' title="bbox 951 1528 1741 1566">
     <span class='ocr_line' id='line_1_62' title="bbox 951 1528 1741 1566; baseline -0.006 -7"><span class='ocrx_word' id='word_1_425' title='bbox 951 1539 1039 1566; x_wconf 87' lang='lat' dir='ltr'><strong>usque</strong></span> <span class='ocrx_word' id='word_1_426' title='bbox 1055 1531 1231 1566; x_wconf 71' lang='lat' dir='ltr'><strong>collegimus,</strong></span> <span class='ocrx_word' id='word_1_427' title='bbox 1254 1538 1287 1558; x_wconf 77' lang='lat' dir='ltr'><strong>ex</strong></span> <span class='ocrx_word' id='word_1_428' title='bbox 1303 1530 1403 1565; x_wconf 90' lang='lat' dir='ltr'><strong>quibus</strong></span> <span class='ocrx_word' id='word_1_429' title='bbox 1426 1529 1579 1557; x_wconf 84' lang='lat' dir='ltr'><strong>antidotum</strong></span> <span class='ocrx_word' id='word_1_430' title='bbox 1603 1528 1741 1563; x_wconf 83' lang='lat' dir='ltr'><strong>quoddam</strong></span> 
     </span>
    </p>
   </div>
   <div class='ocr_carea' id='block_1_63' title="bbox 951 1577 1747 1613">
    <p class='ocr_par' dir='ltr' id='par_1_63' title="bbox 951 1577 1747 1613">
     <span class='ocr_line' id='line_1_63' title="bbox 951 1577 1747 1613; baseline -0.004 -7"><span class='ocrx_word' id='word_1_431' title='bbox 951 1578 1121 1607; x_wconf 88' lang='lat' dir='ltr'><strong>confecimus</strong></span> <span class='ocrx_word' id='word_1_432' title='bbox 1138 1579 1165 1606; x_wconf 92' lang='lat' dir='ltr'><strong>in</strong></span> <span class='ocrx_word' id='word_1_433' title='bbox 1177 1586 1271 1606; x_wconf 89' lang='lat' dir='ltr'><strong>eorum</strong></span> <span class='ocrx_word' id='word_1_434' title='bbox 1287 1578 1401 1613; x_wconf 81' lang='lat' dir='ltr'><strong>gratiam</strong></span> <span class='ocrx_word' id='word_1_435' title='bbox 1412 1597 1419 1610; x_wconf 93' lang='lat'><strong>,</strong></span> <span class='ocrx_word' id='word_1_436' title='bbox 1438 1578 1484 1613; x_wconf 88' lang='lat' dir='ltr'><strong>qui</strong></span> <span class='ocrx_word' id='word_1_437' title='bbox 1501 1578 1535 1604; x_wconf 79' lang='lat' dir='ltr'><strong>ab</strong></span> <span class='ocrx_word' id='word_1_438' title='bbox 1548 1577 1621 1604; x_wconf 91' lang='lat' dir='ltr'><strong>illius</strong></span> <span class='ocrx_word' id='word_1_439' title='bbox 1640 1583 1747 1604; x_wconf 84' lang='lat' dir='ltr'><strong>veneno</strong></span> 
     </span>
    </p>
   </div>
   <div class='ocr_carea' id='block_1_64' title="bbox 105 1621 1742 1669">
    <p class='ocr_par' dir='ltr' id='par_1_64' title="bbox 105 1621 1742 1669">
     <span class='ocr_line' id='line_1_64' title="bbox 105 1621 1742 1669; baseline -0.009 -6"><span class='ocrx_word' id='word_1_440' title='bbox 105 1643 138 1663; x_wconf 83' lang='lat' dir='ltr'><strong>ac</strong></span> <span class='ocrx_word' id='word_1_441' title='bbox 160 1639 236 1669; x_wconf 85' lang='lat' dir='ltr'><strong>peste</strong></span> <span class='ocrx_word' id='word_1_442' title='bbox 256 1631 348 1660; x_wconf 87' lang='lat' dir='ltr'><strong>curari</strong></span> <span class='ocrx_word' id='word_1_443' title='bbox 363 1629 491 1659; x_wconf 83' lang='lat' dir='ltr'><strong>voluerit.</strong></span> <span class='ocrx_word' id='word_1_444' title='bbox 507 1629 547 1656; x_wconf 83' lang='lat' dir='ltr'><strong>Ac</strong></span> <span class='ocrx_word' id='word_1_445' title='bbox 568 1627 738 1663; x_wconf 77' lang='lat' dir='ltr'><strong>singulorum</strong></span> <span class='ocrx_word' id='word_1_446' title='bbox 766 1624 964 1661; x_wconf 85' lang='lat' dir='ltr'><strong>propemOdum</strong></span> <span class='ocrx_word' id='word_1_447' title='bbox 981 1625 1127 1652; x_wconf 74' lang='lat' dir='ltr'><strong>verborum</strong></span> <span class='ocrx_word' id='word_1_448' title='bbox 1151 1632 1183 1652; x_wconf 81' lang='lat' dir='ltr'><strong>ex</strong></span> <span class='ocrx_word' id='word_1_449' title='bbox 1207 1624 1383 1660; x_wconf 77' lang='lat' dir='ltr'><strong>syllogisticis</strong></span> <span class='ocrx_word' id='word_1_450' title='bbox 1406 1623 1461 1651; x_wconf 77' lang='lat' dir='ltr'><strong>illis</strong></span> <span class='ocrx_word' id='word_1_451' title='bbox 1489 1623 1617 1658; x_wconf 88' lang='lat' dir='ltr'><strong>capitulis</strong></span> <span class='ocrx_word' id='word_1_452' title='bbox 1644 1621 1742 1650; x_wconf 87' lang='lat' dir='ltr'><strong>confu-</strong></span> 
     </span>
    </p>
   </div>
   <div class='ocr_carea' id='block_1_65' title="bbox 106 1676 618 1712">
    <p class='ocr_par' dir='ltr' id='par_1_65' title="bbox 106 1676 618 1712">
     <span class='ocr_line' id='line_1_65' title="bbox 106 1676 618 1712; baseline -0.014 -3"><span class='ocrx_word' id='word_1_453' title='bbox 106 1681 240 1709; x_wconf 79' lang='lat' dir='ltr'><strong>talionem</strong></span> <span class='ocrx_word' id='word_1_454' title='bbox 255 1678 410 1708; x_wconf 83' lang='lat' dir='ltr'><strong>istiusmodi</strong></span> <span class='ocrx_word' id='word_1_455' title='bbox 427 1676 598 1712; x_wconf 74' lang='lat' dir='ltr'><strong>subiecimus</strong></span> <span class='ocrx_word' id='word_1_456' title='bbox 611 1685 618 1702; x_wconf 88' lang='lat'><strong>:</strong></span> 
     </span>
    </p>
   </div>
   <div class='ocr_carea' id='block_1_66' title="bbox 287 1732 725 1768">
    <p class='ocr_par' dir='ltr' id='par_1_66' title="bbox 287 1732 725 1768">
     <span class='ocr_line' id='line_1_66' title="bbox 287 1732 725 1768; baseline -0.014 -4"><span class='ocrx_word' id='word_1_457' title='bbox 287 1737 325 1764; x_wconf 82' lang='grc' dir='ltr'><strong><em>Τὰ</em></strong></span> <span class='ocrx_word' id='word_1_458' title='bbox 345 1736 460 1763; x_wconf 81' lang='grc' dir='ltr'>Ἀετίου</span> <span class='ocrx_word' id='word_1_459' title='bbox 480 1733 535 1762; x_wconf 81' lang='grc' dir='ltr'><strong>τοῦ</strong></span> <span class='ocrx_word' id='word_1_460' title='bbox 560 1732 725 1768; x_wconf 78' lang='grc' dir='ltr'>’Δνομοίου.</span> 
     </span>
    </p>
   </div>
   <div class='ocr_carea' id='block_1_67' title="bbox 148 1773 903 1818">
    <p class='ocr_par' dir='ltr' id='par_1_67' title="bbox 148 1773 903 1818">
     <span class='ocr_line' id='line_1_67' title="bbox 148 1773 903 1818; baseline -0.015 -8"><span class='ocrx_word' id='word_1_461' title='bbox 148 1782 259 1818; x_wconf 75' lang='grc' dir='ltr'>Ἐπειδὴ</span> <span class='ocrx_word' id='word_1_462' title='bbox 272 1782 319 1808; x_wconf 84' lang='grc' dir='ltr'><strong>τοῦ</strong></span> <span class='ocrx_word' id='word_1_463' title='bbox 335 1779 525 1816; x_wconf 76' lang='grc' dir='ltr'>ἐπενεχθέντος</span> <span class='ocrx_word' id='word_1_464' title='bbox 550 1780 578 1806; x_wconf 85' lang='grc' dir='ltr'><strong>ἐν</strong></span> <span class='ocrx_word' id='word_1_465' title='bbox 602 1776 689 1813; x_wconf 82' lang='grc' dir='ltr'>καιρῷ</span> <span class='ocrx_word' id='word_1_466' title='bbox 702 1776 768 1812; x_wconf 78' lang='grc' dir='ltr'>ἡμῖν</span> <span class='ocrx_word' id='word_1_467' title='bbox 782 1773 903 1809; x_wconf 85' lang='grc' dir='ltr'>διωγμοῦ</span> 
     </span>
    </p>
   </div>
   <div class='ocr_carea' id='block_1_68' title="bbox 109 1822 905 1864">
    <p class='ocr_par' dir='ltr' id='par_1_68' title="bbox 109 1822 905 1864">
     <span class='ocr_line' id='line_1_68' title="bbox 109 1822 905 1864; baseline -0.016 -7"><span class='ocrx_word' id='word_1_468' title='bbox 109 1830 162 1857; x_wconf 77' lang='grc' dir='ltr'><strong>ὑπὸ</strong></span> <span class='ocrx_word' id='word_1_469' title='bbox 173 1829 228 1856; x_wconf 81' lang='grc' dir='ltr'><strong>τῶν</strong></span> <span class='ocrx_word' id='word_1_470' title='bbox 240 1827 380 1864; x_wconf 82' lang='grc' dir='ltr'>χρονιτῶν,</span> <span class='ocrx_word' id='word_1_471' title='bbox 395 1826 467 1857; x_wconf 89' lang='grc' dir='ltr'>τινές</span> <span class='ocrx_word' id='word_1_472' title='bbox 480 1825 534 1852; x_wconf 86' lang='grc' dir='ltr'><strong>τῶν</strong></span> <span class='ocrx_word' id='word_1_473' title='bbox 550 1822 757 1860; x_wconf 81' lang='grc' dir='ltr'>προειρημένων</span> <span class='ocrx_word' id='word_1_474' title='bbox 781 1828 860 1855; x_wconf 84' lang='grc' dir='ltr'>σφετε</span> <span class='ocrx_word' id='word_1_475' title='bbox 866 1828 905 1855; x_wconf 87' lang='grc' dir='ltr'>ρι-</span> 
     </span>
    </p>
   </div>
   <div class='ocr_carea' id='block_1_69' title="bbox 109 1867 904 1912">
    <p class='ocr_par' dir='ltr' id='par_1_69' title="bbox 109 1867 904 1912">
     <span class='ocr_line' id='line_1_69' title="bbox 109 1867 904 1912; baseline -0.018 -8"><span class='ocrx_word' id='word_1_476' title='bbox 109 1877 223 1912; x_wconf 84' lang='grc' dir='ltr'>σάμενοι</span> <span class='ocrx_word' id='word_1_477' title='bbox 242 1874 312 1910; x_wconf 80' lang='grc' dir='ltr'>μετὰ</span> <span class='ocrx_word' id='word_1_478' title='bbox 330 1874 378 1900; x_wconf 77' lang='grc' dir='ltr'>καὶ</span> <span class='ocrx_word' id='word_1_479' title='bbox 402 1873 489 1900; x_wconf 79' lang='grc' dir='ltr'>ἄλλων</span> <span class='ocrx_word' id='word_1_480' title='bbox 511 1870 618 1897; x_wconf 78' lang='grc' dir='ltr'>πολλῶν</span> <span class='ocrx_word' id='word_1_481' title='bbox 638 1867 807 1904; x_wconf 81' lang='grc' dir='ltr'>πονημάτιον</span> <span class='ocrx_word' id='word_1_482' title='bbox 819 1874 904 1912; x_wconf 29' lang='lat' dir='ltr'><strong>omni</strong></span> 
     </span>
    </p>
   </div>
   <div class='ocr_carea' id='block_1_70' title="bbox 109 1911 906 1956">
    <p class='ocr_par' dir='ltr' id='par_1_70' title="bbox 109 1911 906 1956">
     <span class='ocr_line' id='line_1_70' title="bbox 109 1911 906 1956; baseline -0.016 -7"><span class='ocrx_word' id='word_1_483' title='bbox 109 1911 207 1949; x_wconf 62' lang='grc' dir='ltr'>δασοέπ</span> <span class='ocrx_word' id='word_1_484' title='bbox 229 1921 295 1956; x_wconf 80' lang='grc' dir='ltr'>ἡμῖν</span> <span class='ocrx_word' id='word_1_485' title='bbox 317 1918 473 1951; x_wconf 81' lang='grc' dir='ltr'>ἰδιαζόντως</span> <span class='ocrx_word' id='word_1_486' title='bbox 496 1917 561 1953; x_wconf 78' lang='grc' dir='ltr'>περὶ</span> <span class='ocrx_word' id='word_1_487' title='bbox 590 1915 739 1950; x_wconf 78' lang='grc' dir='ltr'>ὰγεννήτου</span> <span class='ocrx_word' id='word_1_488' title='bbox 764 1911 832 1939; x_wconf 88' lang='grc' dir='ltr'>Θεοῦ</span> <span class='ocrx_word' id='word_1_489' title='bbox 858 1911 906 1937; x_wconf 72' lang='grc' dir='ltr'>καὶ</span> 
     </span>
    </p>
   </div>
   <div class='ocr_carea' id='block_1_71' title="bbox 109 1956 904 2003">
    <p class='ocr_par' dir='ltr' id='par_1_71' title="bbox 109 1956 904 2003">
     <span class='ocr_line' id='line_1_71' title="bbox 109 1956 904 2003; baseline -0.018 -8"><span class='ocrx_word' id='word_1_490' title='bbox 109 1965 253 2003; x_wconf 80' lang='grc' dir='ltr'>γεννητοῦ,</span> <span class='ocrx_word' id='word_1_491' title='bbox 275 1964 462 2001; x_wconf 83' lang='grc' dir='ltr'>παρενθήκαις</span> <span class='ocrx_word' id='word_1_492' title='bbox 484 1971 513 1990; x_wconf 86' lang='grc' dir='ltr'><strong>τε</strong></span> <span class='ocrx_word' id='word_1_493' title='bbox 534 1961 581 1989; x_wconf 76' lang='grc' dir='ltr'>καὶ</span> <span class='ocrx_word' id='word_1_494' title='bbox 605 1959 765 1996; x_wconf 81' lang='grc' dir='ltr'>ἁφαιρέσεσι</span> <span class='ocrx_word' id='word_1_495' title='bbox 783 1956 904 2003; x_wconf 78' lang='grc' dir='ltr'>διαφθεί-</span> 
     </span>
    </p>
   </div>
   <div class='ocr_carea' id='block_1_72' title="bbox 112 2002 905 2049">
    <p class='ocr_par' dir='ltr' id='par_1_72' title="bbox 112 2002 905 2049">
     <span class='ocr_line' id='line_1_72' title="bbox 112 2002 905 2049; baseline -0.015 -9"><span class='ocrx_word' id='word_1_496' title='bbox 112 2021 208 2049; x_wconf 86' lang='grc' dir='ltr'>ραντες</span> <span class='ocrx_word' id='word_1_497' title='bbox 223 2011 369 2044; x_wconf 78' lang='grc' dir='ltr'>ἐξέδωκαν,</span> <span class='ocrx_word' id='word_1_498' title='bbox 380 2009 429 2045; x_wconf 82' lang='grc' dir='ltr'>τὴν</span> <span class='ocrx_word' id='word_1_499' title='bbox 442 2007 587 2035; x_wconf 82' lang='grc' dir='ltr'>ἀκόλουθον</span> <span class='ocrx_word' id='word_1_500' title='bbox 603 2005 769 2042; x_wconf 69' lang='grc' dir='ltr'>ἀμείψαντες</span> <span class='ocrx_word' id='word_1_501' title='bbox 783 2002 905 2038; x_wconf 79' lang='grc' dir='ltr'>ἀγωγὴν,</span> 
     </span>
    </p>
   </div>
   <div class='ocr_carea' id='block_1_73' title="bbox 110 2051 907 2098">
    <p class='ocr_par' dir='ltr' id='par_1_73' title="bbox 110 2051 907 2098">
     <span class='ocr_line' id='line_1_73' title="bbox 110 2051 907 2098; baseline -0.016 -10"><span class='ocrx_word' id='word_1_502' title='bbox 110 2059 177 2098; x_wconf 78' lang='grc' dir='ltr'>ἦλθε</span> <span class='ocrx_word' id='word_1_503' title='bbox 193 2061 221 2087; x_wconf 84' lang='grc' dir='ltr'>δὲ</span> <span class='ocrx_word' id='word_1_504' title='bbox 239 2058 308 2095; x_wconf 77' lang='grc' dir='ltr'>μετὰ</span> <span class='ocrx_word' id='word_1_505' title='bbox 321 2057 408 2085; x_wconf 82' lang='grc' dir='ltr'>ταῦτα</span> <span class='ocrx_word' id='word_1_506' title='bbox 427 2055 505 2083; x_wconf 83' lang='grc' dir='ltr'>τοῦτο</span> <span class='ocrx_word' id='word_1_507' title='bbox 518 2055 558 2086; x_wconf 82' lang='grc' dir='ltr'>εἰς</span> <span class='ocrx_word' id='word_1_508' title='bbox 572 2055 655 2090; x_wconf 84' lang='grc' dir='ltr'>ἡμᾶς,</span> <span class='ocrx_word' id='word_1_509' title='bbox 670 2052 742 2083; x_wconf 79' lang='grc' dir='ltr'>τινὸς</span> <span class='ocrx_word' id='word_1_510' title='bbox 756 2051 810 2078; x_wconf 87' lang='grc' dir='ltr'>τῶν</span> <span class='ocrx_word' id='word_1_511' title='bbox 825 2057 907 2076; x_wconf 90' lang='grc' dir='ltr'>σπου-</span> 
     </span>
    </p>
   </div>
   <div class='ocr_carea' id='block_1_74' title="bbox 112 2094 908 2141">
    <p class='ocr_par' dir='ltr' id='par_1_74' title="bbox 112 2094 908 2141">
     <span class='ocr_line' id='line_1_74' title="bbox 112 2094 908 2141; baseline -0.018 -6"><span class='ocrx_word' id='word_1_512' title='bbox 112 2094 194 2136; x_wconf 72' lang='grc' dir='ltr'>δαίων</span> <span class='ocrx_word' id='word_1_513' title='bbox 211 2106 276 2141; x_wconf 84' lang='grc' dir='ltr'>ἡμῖν</span> <span class='ocrx_word' id='word_1_514' title='bbox 298 2104 363 2131; x_wconf 79' lang='grc' dir='ltr'>αὐτὸ</span> <span class='ocrx_word' id='word_1_515' title='bbox 385 2100 652 2139; x_wconf 81' lang='grc' dir='ltr'>προσκεκομικότος⁹</span> <span class='ocrx_word' id='word_1_516' title='bbox 673 2096 849 2134; x_wconf 81' lang='grc' dir='ltr'>ἠναγκάσθην</span> <span class='ocrx_word' id='word_1_517' title='bbox 863 2094 908 2122; x_wconf 76' lang='grc' dir='ltr'>οἷα</span> 
     </span>
    </p>
   </div>
   <div class='ocr_carea' id='block_1_75' title="bbox 113 2142 908 2188">
    <p class='ocr_par' dir='ltr' id='par_1_75' title="bbox 113 2142 908 2188">
     <span class='ocr_line' id='line_1_75' title="bbox 113 2142 908 2188; baseline -0.016 -8"><span class='ocrx_word' id='word_1_518' title='bbox 113 2153 206 2188; x_wconf 77' lang='grc' dir='ltr'>πατὴρ</span> <span class='ocrx_word' id='word_1_519' title='bbox 230 2149 308 2182; x_wconf 79' lang='grc' dir='ltr'>αὖθις</span> <span class='ocrx_word' id='word_1_520' title='bbox 333 2148 502 2182; x_wconf 82' lang='grc' dir='ltr'>διακαθάρας</span> <span class='ocrx_word' id='word_1_521' title='bbox 531 2145 671 2181; x_wconf 71' lang='grc' dir='ltr'>ἐκπέμψαι</span> <span class='ocrx_word' id='word_1_522' title='bbox 696 2144 761 2179; x_wconf 82' lang='grc' dir='ltr'>ὑμῖν</span> <span class='ocrx_word' id='word_1_523' title='bbox 784 2143 815 2169; x_wconf 85' lang='grc' dir='ltr'>τὸ</span> <span class='ocrx_word' id='word_1_524' title='bbox 844 2142 908 2176; x_wconf 87' lang='grc' dir='ltr'>σύγ-</span> 
     </span>
    </p>
   </div>
   <div class='ocr_carea' id='block_1_76' title="bbox 114 2187 909 2235">
    <p class='ocr_par' dir='ltr' id='par_1_76' title="bbox 114 2187 909 2235">
     <span class='ocr_line' id='line_1_76' title="bbox 114 2187 909 2235; baseline -0.018 -8"><span class='ocrx_word' id='word_1_525' title='bbox 114 2187 243 2235; x_wconf 71' lang='grc' dir='ltr'>γραμμα,</span> <span class='ocrx_word' id='word_1_526' title='bbox 257 2194 280 2223; x_wconf 81' lang='grc' dir='ltr'><strong>ὣ</strong></span> <span class='ocrx_word' id='word_1_527' title='bbox 295 2196 396 2227; x_wconf 83' lang='grc' dir='ltr'>πάντες</span> <span class='ocrx_word' id='word_1_528' title='bbox 417 2193 558 2224; x_wconf 76' lang='grc' dir='ltr'>εὐσεϐείας</span> <span class='ocrx_word' id='word_1_529' title='bbox 577 2190 691 2226; x_wconf 81' lang='grc' dir='ltr'>ἀθληταί</span> <span class='ocrx_word' id='word_1_530' title='bbox 710 2198 740 2216; x_wconf 83' lang='grc' dir='ltr'><strong>τε</strong></span> <span class='ocrx_word' id='word_1_531' title='bbox 761 2188 807 2216; x_wconf 73' lang='grc' dir='ltr'>καὶ</span> <span class='ocrx_word' id='word_1_532' title='bbox 826 2187 909 2222; x_wconf 81' lang='grc' dir='ltr'>ἀθλή-</span> 
     </span>
    </p>
   </div>
   <div class='ocr_carea' id='block_1_77' title="bbox 119 2234 909 2282">
    <p class='ocr_par' dir='ltr' id='par_1_77' title="bbox 119 2234 909 2282">
     <span class='ocr_line' id='line_1_77' title="bbox 119 2234 909 2282; baseline -0.016 -10"><span class='ocrx_word' id='word_1_533' title='bbox 119 2234 198 2282; x_wconf 75' lang='grc' dir='ltr'>τριαι,</span> <span class='ocrx_word' id='word_1_534' title='bbox 209 2244 283 2275; x_wconf 75' lang='grc' dir='ltr'>ὅπως</span> <span class='ocrx_word' id='word_1_535' title='bbox 298 2242 331 2269; x_wconf 81' lang='grc' dir='ltr'>ἂν</span> <span class='ocrx_word' id='word_1_536' title='bbox 343 2241 444 2268; x_wconf 77' lang='grc' dir='ltr'>εἰδέναι</span> <span class='ocrx_word' id='word_1_537' title='bbox 459 2239 546 2274; x_wconf 75' lang='grc' dir='ltr'>ἔχοιτε</span> <span class='ocrx_word' id='word_1_538' title='bbox 559 2238 619 2264; x_wconf 85' lang='grc' dir='ltr'>κατ’</span> <span class='ocrx_word' id='word_1_539' title='bbox 635 2236 738 2263; x_wconf 79' lang='grc' dir='ltr'>ἔννοιαν</span> <span class='ocrx_word' id='word_1_540' title='bbox 753 2234 807 2282; x_wconf 47' lang='grc' dir='ltr'><strong>τᾶὲν</strong></span> <span class='ocrx_word' id='word_1_541' title='bbox 825 2234 909 2267; x_wconf 87' lang='grc' dir='ltr'>ἁγίων</span> 
     </span>
    </p>
   </div>
   <div class='ocr_carea' id='block_1_78' title="bbox 116 2277 909 2328">
    <p class='ocr_par' dir='ltr' id='par_1_78' title="bbox 116 2277 909 2328">
     <span class='ocr_line' id='line_1_78' title="bbox 116 2277 909 2328; baseline -0.018 -10"><span class='ocrx_word' id='word_1_542' title='bbox 116 2277 231 2328; x_wconf 55' lang='grc' dir='ltr'>έραφῶν</span> <span class='ocrx_word' id='word_1_543' title='bbox 254 2287 379 2324; x_wconf 85' lang='grc' dir='ltr'>εἰρῆσθαι</span> <span class='ocrx_word' id='word_1_544' title='bbox 405 2285 483 2321; x_wconf 82' lang='grc' dir='ltr'>ημῶν</span> <span class='ocrx_word' id='word_1_545' title='bbox 512 2284 543 2311; x_wconf 74' lang='grc' dir='ltr'><strong>τὺ</strong></span> <span class='ocrx_word' id='word_1_546' title='bbox 569 2282 693 2317; x_wconf 87' lang='grc' dir='ltr'>λογίδιον,</span> <span class='ocrx_word' id='word_1_547' title='bbox 710 2281 744 2307; x_wconf 83' lang='grc' dir='ltr'>δι’</span> <span class='ocrx_word' id='word_1_548' title='bbox 768 2277 798 2307; x_wconf 70' lang='grc' dir='ltr'>οὗ</span> <span class='ocrx_word' id='word_1_549' title='bbox 820 2279 909 2305; x_wconf 85' lang='grc' dir='ltr'>πάντα</span> 
     </span>
    </p>
   </div>
   <div class='ocr_carea' id='block_1_79' title="bbox 117 2324 909 2372">
    <p class='ocr_par' dir='ltr' id='par_1_79' title="bbox 117 2324 909 2372">
     <span class='ocr_line' id='line_1_79' title="bbox 117 2324 909 2372; baseline -0.019 -8"><span class='ocrx_word' id='word_1_550' title='bbox 117 2324 258 2372; x_wconf 71' lang='grc' dir='ltr'>Ξνθρωπον</span> <span class='ocrx_word' id='word_1_551' title='bbox 273 2333 423 2367; x_wconf 68' lang='grc' dir='ltr'>ἀντιλέγειν</span> <span class='ocrx_word' id='word_1_552' title='bbox 435 2331 499 2366; x_wconf 86' lang='grc' dir='ltr'>ὑμῖν</span> <span class='ocrx_word' id='word_1_553' title='bbox 507 2327 698 2364; x_wconf 77' lang='grc' dir='ltr'>ἐπιχειροῦντα</span> <span class='ocrx_word' id='word_1_554' title='bbox 713 2325 778 2372; x_wconf 60' lang='grc' dir='ltr'>περ).</span> <span class='ocrx_word' id='word_1_555' title='bbox 792 2324 909 2372; x_wconf 28' lang='grc' dir='ltr'>ἀγεννήὶ-</span> 
     </span>
    </p>
   </div>
   <div class='ocr_carea' id='block_1_80' title="bbox 119 2368 910 2412">
    <p class='ocr_par' dir='ltr' id='par_1_80' title="bbox 119 2368 910 2412">
     <span class='ocr_line' id='line_1_80' title="bbox 119 2368 910 2412; baseline -0.019 -3"><span class='ocrx_word' id='word_1_556' title='bbox 119 2368 244 2410; x_wconf 50' lang='grc' dir='ltr'>του-Θεοῦ</span> <span class='ocrx_word' id='word_1_557' title='bbox 259 2379 306 2406; x_wconf 77' lang='grc' dir='ltr'>καὶ</span> <span class='ocrx_word' id='word_1_558' title='bbox 331 2375 461 2412; x_wconf 88' lang='grc' dir='ltr'>γεννητοῦ</span> <span class='ocrx_word' id='word_1_559' title='bbox 482 2374 578 2402; x_wconf 67' lang='grc' dir='ltr'>παύειν</span> <span class='ocrx_word' id='word_1_560' title='bbox 605 2371 791 2412; x_wconf 68' lang='grc' dir='ltr'>ἀναισχυντεῖν</span> <span class='ocrx_word' id='word_1_561' title='bbox 818 2368 910 2395; x_wconf 81' lang='grc' dir='ltr'>συντό-</span> 
     </span>
    </p>
   </div>
   <div class='ocr_carea' id='block_1_81' title="bbox 1131 1725 1483 1760">
    <p class='ocr_par' dir='ltr' id='par_1_81' title="bbox 1131 1725 1483 1760">
     <span class='ocr_line' id='line_1_81' title="bbox 1131 1725 1483 1760; baseline -0.006 -7"><span class='ocrx_word' id='word_1_562' title='bbox 1131 1726 1200 1753; x_wconf 79' lang='lat' dir='ltr'><strong>Aetii</strong></span> <span class='ocrx_word' id='word_1_563' title='bbox 1215 1725 1335 1753; x_wconf 76' lang='grc' dir='ltr'>Ληουιωὶ</span> <span class='ocrx_word' id='word_1_564' title='bbox 1350 1725 1483 1760; x_wconf 75' lang='grc' dir='ltr'>ρνωῙαιὶο.</span> 
     </span>
    </p>
   </div>
   <div class='ocr_carea' id='block_1_82' title="bbox 991 1771 1749 1807">
    <p class='ocr_par' dir='ltr' id='par_1_82' title="bbox 991 1771 1749 1807">
     <span class='ocr_line' id='line_1_82' title="bbox 991 1771 1749 1807; baseline -0.004 -7"><span class='ocrx_word' id='word_1_565' title='bbox 991 1773 1126 1807; x_wconf 83' lang='lat' dir='ltr'><strong>Quoniam</strong></span> <span class='ocrx_word' id='word_1_566' title='bbox 1139 1771 1338 1807; x_wconf 88' lang='lat' dir='ltr'><strong>persecutionis</strong></span> <span class='ocrx_word' id='word_1_567' title='bbox 1351 1771 1424 1799; x_wconf 90' lang='lat' dir='ltr'><strong>illius</strong></span> <span class='ocrx_word' id='word_1_568' title='bbox 1440 1775 1572 1806; x_wconf 82' lang='lat' dir='ltr'><strong>tempore,</strong></span> <span class='ocrx_word' id='word_1_569' title='bbox 1588 1778 1672 1806; x_wconf 88' lang='lat' dir='ltr'><strong>quam</strong></span> <span class='ocrx_word' id='word_1_570' title='bbox 1684 1778 1749 1798; x_wconf 89' lang='lat' dir='ltr'><strong>con-</strong></span> 
     </span>
    </p>
   </div>
   <div class='ocr_carea' id='block_1_83' title="bbox 955 1816 1747 1852">
    <p class='ocr_par' dir='ltr' id='par_1_83' title="bbox 955 1816 1747 1852">
     <span class='ocr_line' id='line_1_83' title="bbox 955 1816 1747 1852; baseline -0.004 -7"><span class='ocrx_word' id='word_1_571' title='bbox 955 1822 997 1846; x_wconf 90' lang='lat' dir='ltr'><strong>tra</strong></span> <span class='ocrx_word' id='word_1_572' title='bbox 1022 1826 1071 1845; x_wconf 90' lang='lat' dir='ltr'><strong>nos</strong></span> <span class='ocrx_word' id='word_1_573' title='bbox 1096 1816 1253 1852; x_wconf 83' lang='lat' dir='ltr'><strong>temporarii</strong></span> <span class='ocrx_word' id='word_1_574' title='bbox 1277 1816 1387 1851; x_wconf 75' lang='lat' dir='ltr'><strong>quidam</strong></span> <span class='ocrx_word' id='word_1_575' title='bbox 1410 1816 1537 1843; x_wconf 88' lang='lat' dir='ltr'><strong>homines</strong></span> <span class='ocrx_word' id='word_1_576' title='bbox 1567 1816 1747 1848; x_wconf 84' lang='lat' dir='ltr'><strong>excitarunt,</strong></span> 
     </span>
    </p>
   </div>
   <div class='ocr_carea' id='block_1_84' title="bbox 956 1861 1748 1897">
    <p class='ocr_par' dir='ltr' id='par_1_84' title="bbox 956 1861 1748 1897">
     <span class='ocr_line' id='line_1_84' title="bbox 956 1861 1748 1897; baseline -0.003 -7"><span class='ocrx_word' id='word_1_577' title='bbox 956 1862 1079 1890; x_wconf 89' lang='lat' dir='ltr'><strong>nonnulli</strong></span> <span class='ocrx_word' id='word_1_578' title='bbox 1094 1862 1171 1890; x_wconf 79' lang='lat' dir='ltr'><strong>exiis</strong></span> <span class='ocrx_word' id='word_1_579' title='bbox 1184 1869 1252 1897; x_wconf 89' lang='lat' dir='ltr'><strong>quos</strong></span> <span class='ocrx_word' id='word_1_580' title='bbox 1263 1861 1393 1893; x_wconf 74' lang='lat' dir='ltr'><strong>diximus,</strong></span> <span class='ocrx_word' id='word_1_581' title='bbox 1412 1861 1482 1888; x_wconf 85' lang='lat' dir='ltr'><strong>inter</strong></span> <span class='ocrx_word' id='word_1_582' title='bbox 1499 1861 1551 1888; x_wconf 87' lang='lat' dir='ltr'><strong>alia</strong></span> <span class='ocrx_word' id='word_1_583' title='bbox 1566 1861 1661 1894; x_wconf 88' lang='lat' dir='ltr'><strong>multa,</strong></span> <span class='ocrx_word' id='word_1_584' title='bbox 1678 1868 1748 1895; x_wconf 86' lang='lat' dir='ltr'><strong>optt-</strong></span> 
     </span>
    </p>
   </div>
   <div class='ocr_carea' id='block_1_85' title="bbox 955 1907 1750 1944">
    <p class='ocr_par' dir='ltr' id='par_1_85' title="bbox 955 1907 1750 1944">
     <span class='ocr_line' id='line_1_85' title="bbox 955 1907 1750 1944; baseline -0.001 -8"><span class='ocrx_word' id='word_1_585' title='bbox 955 1909 1063 1937; x_wconf 85' lang='lat' dir='ltr'><strong>sculum</strong></span> <span class='ocrx_word' id='word_1_586' title='bbox 1076 1908 1213 1944; x_wconf 90' lang='lat' dir='ltr'><strong>quoddam</strong></span> <span class='ocrx_word' id='word_1_587' title='bbox 1230 1908 1357 1943; x_wconf 87' lang='lat' dir='ltr'><strong>privatim</strong></span> <span class='ocrx_word' id='word_1_588' title='bbox 1374 1915 1389 1934; x_wconf 86' lang='lat' dir='ltr'><strong>a</strong></span> <span class='ocrx_word' id='word_1_589' title='bbox 1406 1907 1485 1934; x_wconf 84' lang='lat' dir='ltr'><strong>nobis</strong></span> <span class='ocrx_word' id='word_1_590' title='bbox 1508 1907 1698 1934; x_wconf 89' lang='lat' dir='ltr'><strong>clucuhratum</strong></span> <span class='ocrx_word' id='word_1_591' title='bbox 1715 1907 1750 1935; x_wconf 86' lang='lat' dir='ltr'><strong>de</strong></span> 
     </span>
    </p>
   </div>
   <div class='ocr_carea' id='block_1_86' title="bbox 957 1952 1750 1990">
    <p class='ocr_par' dir='ltr' id='par_1_86' title="bbox 957 1952 1750 1990">
     <span class='ocr_line' id='line_1_86' title="bbox 957 1952 1750 1990; baseline -0.003 -9"><span class='ocrx_word' id='word_1_592' title='bbox 957 1954 1077 1990; x_wconf 76' lang='lat' dir='ltr'><strong>ingenito</strong></span> <span class='ocrx_word' id='word_1_593' title='bbox 1105 1953 1162 1980; x_wconf 87' lang='lat' dir='ltr'><strong>Deo</strong></span> <span class='ocrx_word' id='word_1_594' title='bbox 1177 1960 1209 1980; x_wconf 88' lang='lat' dir='ltr'><strong>ac</strong></span> <span class='ocrx_word' id='word_1_595' title='bbox 1225 1953 1316 1988; x_wconf 78' lang='lat' dir='ltr'><strong>genito</strong></span> <span class='ocrx_word' id='word_1_596' title='bbox 1335 1952 1531 1987; x_wconf 85' lang='lat' dir='ltr'><strong>subripientes.</strong></span> <span class='ocrx_word' id='word_1_597' title='bbox 1551 1953 1689 1987; x_wconf 84' lang='lat' dir='ltr'><strong>plerisque</strong></span> <span class='ocrx_word' id='word_1_598' title='bbox 1702 1953 1750 1979; x_wconf 82' lang='lat' dir='ltr'><strong>ad-</strong></span> 
     </span>
    </p>
   </div>
   <div class='ocr_carea' id='block_1_87' title="bbox 957 1998 1749 2033">
    <p class='ocr_par' dir='ltr' id='par_1_87' title="bbox 957 1998 1749 2033">
     <span class='ocr_line' id='line_1_87' title="bbox 957 1998 1749 2033; baseline -0.004 -6"><span class='ocrx_word' id='word_1_599' title='bbox 957 2000 1038 2032; x_wconf 87' lang='lat' dir='ltr'><strong>ditis,</strong></span> <span class='ocrx_word' id='word_1_600' title='bbox 1062 2005 1109 2027; x_wconf 92' lang='lat' dir='ltr'><strong>aut</strong></span> <span class='ocrx_word' id='word_1_601' title='bbox 1132 1998 1282 2030; x_wconf 80' lang='lat' dir='ltr'><strong>detractis,</strong></span> <span class='ocrx_word' id='word_1_602' title='bbox 1303 1998 1495 2033; x_wconf 86' lang='lat' dir='ltr'><strong>interpolatum</strong></span> <span class='ocrx_word' id='word_1_603' title='bbox 1516 2005 1548 2025; x_wconf 87' lang='lat' dir='ltr'><strong>ac</strong></span> <span class='ocrx_word' id='word_1_604' title='bbox 1571 1998 1749 2033; x_wconf 78' lang='lat' dir='ltr'><strong>depravatum</strong></span> 
     </span>
    </p>
   </div>
   <div class='ocr_carea' id='block_1_88' title="bbox 957 2044 1751 2080">
    <p class='ocr_par' dir='ltr' id='par_1_88' title="bbox 957 2044 1751 2080">
     <span class='ocr_line' id='line_1_88' title="bbox 957 2044 1751 2080; baseline -0.001 -7"><span class='ocrx_word' id='word_1_605' title='bbox 957 2045 1111 2077; x_wconf 88' lang='lat' dir='ltr'><strong>ediderunt,</strong></span> <span class='ocrx_word' id='word_1_606' title='bbox 1134 2044 1293 2079; x_wconf 87' lang='lat' dir='ltr'><strong>perturbata</strong></span> <span class='ocrx_word' id='word_1_607' title='bbox 1307 2044 1418 2079; x_wconf 82' lang='lat' dir='ltr'><strong>insuper</strong></span> <span class='ocrx_word' id='word_1_608' title='bbox 1438 2044 1541 2072; x_wconf 92' lang='lat' dir='ltr'><strong>ordinis</strong></span> <span class='ocrx_word' id='word_1_609' title='bbox 1564 2045 1651 2077; x_wconf 86' lang='lat' dir='ltr'><strong>serie;</strong></span> <span class='ocrx_word' id='word_1_610' title='bbox 1668 2049 1751 2080; x_wconf 87' lang='lat' dir='ltr'><strong>atque</strong></span> 
     </span>
    </p>
   </div>
   <div class='ocr_carea' id='block_1_89' title="bbox 958 2089 1749 2125">
    <p class='ocr_par' dir='ltr' id='par_1_89' title="bbox 958 2089 1749 2125">
     <span class='ocr_line' id='line_1_89' title="bbox 958 2089 1749 2125; baseline 0.001 -7"><span class='ocrx_word' id='word_1_611' title='bbox 958 2091 1024 2118; x_wconf 93' lang='lat' dir='ltr'><strong>illud</strong></span> <span class='ocrx_word' id='word_1_612' title='bbox 1040 2091 1111 2118; x_wconf 84' lang='lat' dir='ltr'><strong>idem</strong></span> <span class='ocrx_word' id='word_1_613' title='bbox 1127 2094 1219 2125; x_wconf 78' lang='lat' dir='ltr'><strong>postea</strong></span> <span class='ocrx_word' id='word_1_614' title='bbox 1236 2091 1387 2118; x_wconf 87' lang='lat' dir='ltr'><strong>litterarum</strong></span> <span class='ocrx_word' id='word_1_615' title='bbox 1402 2090 1512 2125; x_wconf 89' lang='lat' dir='ltr'><strong>quidam</strong></span> <span class='ocrx_word' id='word_1_616' title='bbox 1529 2089 1563 2116; x_wconf 88' lang='lat' dir='ltr'><strong>ad</strong></span> <span class='ocrx_word' id='word_1_617' title='bbox 1576 2098 1626 2117; x_wconf 90' lang='lat' dir='ltr'><strong>nos</strong></span> <span class='ocrx_word' id='word_1_618' title='bbox 1642 2091 1749 2119; x_wconf 88' lang='lat' dir='ltr'><strong>studio-</strong></span> 
     </span>
    </p>
   </div>
   <div class='ocr_carea' id='block_1_90' title="bbox 958 2135 1751 2170">
    <p class='ocr_par' dir='ltr' id='par_1_90' title="bbox 958 2135 1751 2170">
     <span class='ocr_line' id='line_1_90' title="bbox 958 2135 1751 2170; baseline 0 -6"><span class='ocrx_word' id='word_1_619' title='bbox 958 2144 1006 2164; x_wconf 89' lang='lat' dir='ltr'><strong>sus</strong></span> <span class='ocrx_word' id='word_1_620' title='bbox 1028 2136 1130 2166; x_wconf 82' lang='lat' dir='ltr'><strong>attulit.</strong></span> <span class='ocrx_word' id='word_1_621' title='bbox 1147 2143 1260 2163; x_wconf 83' lang='lat' dir='ltr'><strong>necesse</strong></span> <span class='ocrx_word' id='word_1_622' title='bbox 1271 2135 1373 2168; x_wconf 89' lang='lat' dir='ltr'><strong>habui,</strong></span> <span class='ocrx_word' id='word_1_623' title='bbox 1389 2139 1483 2170; x_wconf 87' lang='lat' dir='ltr'><strong>utpote</strong></span> <span class='ocrx_word' id='word_1_624' title='bbox 1499 2135 1571 2163; x_wconf 92' lang='lat' dir='ltr'><strong>illius</strong></span> <span class='ocrx_word' id='word_1_625' title='bbox 1588 2140 1694 2168; x_wconf 83' lang='lat' dir='ltr'><strong>auctor,</strong></span> <span class='ocrx_word' id='word_1_626' title='bbox 1711 2143 1751 2164; x_wconf 87' lang='lat' dir='ltr'><strong>re-</strong></span> 
     </span>
    </p>
   </div>
   <div class='ocr_carea' id='block_1_91' title="bbox 959 2181 1750 2216">
    <p class='ocr_par' dir='ltr' id='par_1_91' title="bbox 959 2181 1750 2216">
     <span class='ocr_line' id='line_1_91' title="bbox 959 2181 1750 2216; baseline 0 -7"><span class='ocrx_word' id='word_1_627' title='bbox 959 2183 1095 2210; x_wconf 89' lang='lat' dir='ltr'><strong>ccnsitum</strong></span> <span class='ocrx_word' id='word_1_628' title='bbox 1107 2189 1138 2208; x_wconf 84' lang='lat' dir='ltr'><strong>ac</strong></span> <span class='ocrx_word' id='word_1_629' title='bbox 1153 2185 1328 2216; x_wconf 76' lang='lat' dir='ltr'><strong>repurgatum</strong></span> <span class='ocrx_word' id='word_1_630' title='bbox 1343 2188 1413 2215; x_wconf 90' lang='lat' dir='ltr'><strong>opus</strong></span> <span class='ocrx_word' id='word_1_631' title='bbox 1428 2181 1498 2208; x_wconf 90' lang='lat' dir='ltr'><strong>istud</strong></span> <span class='ocrx_word' id='word_1_632' title='bbox 1513 2181 1545 2207; x_wconf 86' lang='lat' dir='ltr'><strong>ad</strong></span> <span class='ocrx_word' id='word_1_633' title='bbox 1565 2189 1612 2208; x_wconf 82' lang='lat' dir='ltr'><strong>vos</strong></span> <span class='ocrx_word' id='word_1_634' title='bbox 1630 2182 1750 2214; x_wconf 87' lang='lat' dir='ltr'><strong>mittere,</strong></span> 
     </span>
    </p>
   </div>
   <div class='ocr_carea' id='block_1_92' title="bbox 960 2227 1752 2263">
    <p class='ocr_par' dir='ltr' id='par_1_92' title="bbox 960 2227 1752 2263">
     <span class='ocr_line' id='line_1_92' title="bbox 960 2227 1752 2263; baseline -0.003 -7"><span class='ocrx_word' id='word_1_635' title='bbox 960 2228 1116 2263; x_wconf 87' lang='lat' dir='ltr'><strong>quicunque</strong></span> <span class='ocrx_word' id='word_1_636' title='bbox 1133 2227 1242 2262; x_wconf 85' lang='lat' dir='ltr'><strong>pietatis</strong></span> <span class='ocrx_word' id='word_1_637' title='bbox 1257 2227 1366 2254; x_wconf 61' lang='lat' dir='ltr'><strong>athleta:</strong></span> <span class='ocrx_word' id='word_1_638' title='bbox 1378 2227 1520 2262; x_wconf 69' lang='lat' dir='ltr'><strong>utrimque</strong></span> <span class='ocrx_word' id='word_1_639' title='bbox 1535 2235 1617 2254; x_wconf 77' lang='lat' dir='ltr'><strong>sexus</strong></span> <span class='ocrx_word' id='word_1_640' title='bbox 1629 2228 1707 2259; x_wconf 87' lang='lat' dir='ltr'><strong>estis,</strong></span> <span class='ocrx_word' id='word_1_641' title='bbox 1721 2232 1752 2255; x_wconf 82' lang='lat' dir='ltr'><strong>ut</strong></span> 
     </span>
    </p>
   </div>
   <div class='ocr_carea' id='block_1_93' title="bbox 960 2271 1751 2308">
    <p class='ocr_par' dir='ltr' id='par_1_93' title="bbox 960 2271 1751 2308">
     <span class='ocr_line' id='line_1_93' title="bbox 960 2271 1751 2308; baseline -0.001 -8"><span class='ocrx_word' id='word_1_642' title='bbox 960 2273 1120 2308; x_wconf 74' lang='lat' dir='ltr'><strong>intelligatis</strong></span> <span class='ocrx_word' id='word_1_643' title='bbox 1136 2272 1204 2299; x_wconf 89' lang='lat' dir='ltr'><strong>nihil</strong></span> <span class='ocrx_word' id='word_1_644' title='bbox 1220 2279 1274 2299; x_wconf 91' lang='lat' dir='ltr'><strong>non</strong></span> <span class='ocrx_word' id='word_1_645' title='bbox 1290 2272 1317 2299; x_wconf 93' lang='lat' dir='ltr'><strong>in</strong></span> <span class='ocrx_word' id='word_1_646' title='bbox 1329 2279 1362 2299; x_wconf 92' lang='lat' dir='ltr'><strong>eo</strong></span> <span class='ocrx_word' id='word_1_647' title='bbox 1376 2279 1408 2299; x_wconf 85' lang='lat' dir='ltr'><strong>ex</strong></span> <span class='ocrx_word' id='word_1_648' title='bbox 1427 2279 1568 2299; x_wconf 85' lang='lat' dir='ltr'><strong>sacrarum</strong></span> <span class='ocrx_word' id='word_1_649' title='bbox 1586 2271 1751 2299; x_wconf 81' lang='lat' dir='ltr'><strong>Litterarum</strong></span> 
     </span>
    </p>
   </div>
   <div class='ocr_carea' id='block_1_94' title="bbox 960 2318 1752 2355">
    <p class='ocr_par' dir='ltr' id='par_1_94' title="bbox 960 2318 1752 2355">
     <span class='ocr_line' id='line_1_94' title="bbox 960 2318 1752 2355; baseline 0 -9"><span class='ocrx_word' id='word_1_650' title='bbox 960 2327 1090 2355; x_wconf 78' lang='lat' dir='ltr'><strong>germano</strong></span> <span class='ocrx_word' id='word_1_651' title='bbox 1103 2326 1165 2346; x_wconf 87' lang='lat' dir='ltr'><strong>esse</strong></span> <span class='ocrx_word' id='word_1_652' title='bbox 1186 2325 1269 2345; x_wconf 81' lang='lat' dir='ltr'><strong>sensu</strong></span> <span class='ocrx_word' id='word_1_653' title='bbox 1285 2318 1431 2353; x_wconf 89' lang='lat' dir='ltr'><strong>prolatum.</strong></span> <span class='ocrx_word' id='word_1_654' title='bbox 1446 2318 1532 2352; x_wconf 80' lang='lat' dir='ltr'><strong>Cujus</strong></span> <span class='ocrx_word' id='word_1_655' title='bbox 1551 2319 1660 2353; x_wconf 87' lang='lat' dir='ltr'><strong>quidem</strong></span> <span class='ocrx_word' id='word_1_656' title='bbox 1682 2327 1752 2354; x_wconf 76' lang='lat' dir='ltr'><strong>prae-</strong></span> 
     </span>
    </p>
   </div>
   <div class='ocr_carea' id='block_1_95' title="bbox 962 2364 1753 2399">
    <p class='ocr_par' dir='ltr' id='par_1_95' title="bbox 962 2364 1753 2399">
     <span class='ocr_line' id='line_1_95' title="bbox 962 2364 1753 2399; baseline -0.001 -6"><span class='ocrx_word' id='word_1_657' title='bbox 962 2366 1032 2394; x_wconf 80' lang='lat' dir='ltr'><strong>sidio</strong></span> <span class='ocrx_word' id='word_1_658' title='bbox 1046 2372 1094 2392; x_wconf 78' lang='lat' dir='ltr'><strong>eos</strong></span> <span class='ocrx_word' id='word_1_659' title='bbox 1104 2372 1210 2396; x_wconf 78' lang='lat' dir='ltr'><strong>omnes,</strong></span> <span class='ocrx_word' id='word_1_660' title='bbox 1223 2364 1269 2399; x_wconf 92' lang='lat' dir='ltr'><strong>qui</strong></span> <span class='ocrx_word' id='word_1_661' title='bbox 1282 2364 1473 2391; x_wconf 84' lang='lat' dir='ltr'><strong>contradicere</strong></span> <span class='ocrx_word' id='word_1_662' title='bbox 1487 2365 1637 2397; x_wconf 84' lang='lat' dir='ltr'><strong>voluerint,</strong></span> <span class='ocrx_word' id='word_1_663' title='bbox 1656 2366 1753 2399; x_wconf 83' lang='lat' dir='ltr'><strong>paucis</strong></span> 
     </span>
    </p>
   </div>
   <div class='ocr_carea' id='block_1_96' title="bbox 118 2407 899 2464">
    <p class='ocr_par' dir='ltr' id='par_1_96' title="bbox 118 2407 899 2464">
     <span class='ocr_line' id='line_1_96' title="bbox 118 2407 899 2464; baseline -0.015 -10"><span class='ocrx_word' id='word_1_664' title='bbox 118 2407 188 2464; x_wconf 62' lang='grc' dir='ltr'>μοις</span> <span class='ocrx_word' id='word_1_665' title='bbox 201 2407 380 2462; x_wconf 75' lang='grc' dir='ltr'>περιτροπαῖς</span> <span class='ocrx_word' id='word_1_666' title='bbox 403 2407 414 2439; x_wconf 57' lang='grc' dir='ltr'><strong>ί</strong></span> <span class='ocrx_word' id='word_1_667' title='bbox 439 2420 604 2457; x_wconf 82' lang='grc' dir='ltr'>δυνήσεσθε·</span> <span class='ocrx_word' id='word_1_668' title='bbox 630 2419 739 2446; x_wconf 85' lang='grc' dir='ltr'>πάντων</span> <span class='ocrx_word' id='word_1_669' title='bbox 753 2407 789 2444; x_wconf 75' lang='grc' dir='ltr'><strong>⁴δὲ</strong></span> <span class='ocrx_word' id='word_1_670' title='bbox 811 2416 899 2452; x_wconf 65' lang='grc' dir='ltr'>μᾶλλον</span> 
     </span>
    </p>
   </div>
   <div class='ocr_carea' id='block_1_97' title="bbox 954 2407 1752 2464">
    <p class='ocr_par' dir='ltr' id='par_1_97' title="bbox 962 2410 1752 2448">
     <span class='ocr_line' id='line_1_97' title="bbox 962 2410 1752 2448; baseline -0.003 -8"><span class='ocrx_word' id='word_1_671' title='bbox 962 2411 1124 2448; x_wconf 87' lang='lat' dir='ltr'><strong>quibusdam</strong></span> <span class='ocrx_word' id='word_1_672' title='bbox 1148 2411 1268 2438; x_wconf 82' lang='lat' dir='ltr'><strong>breviter</strong></span> <span class='ocrx_word' id='word_1_673' title='bbox 1291 2410 1417 2445; x_wconf 82' lang='lat' dir='ltr'><strong>objectis,</strong></span> <span class='ocrx_word' id='word_1_674' title='bbox 1434 2411 1580 2445; x_wconf 84' lang='lat' dir='ltr'><strong>prohibere</strong></span> <span class='ocrx_word' id='word_1_675' title='bbox 1604 2412 1752 2446; x_wconf 82' lang='lat' dir='ltr'><strong>poteritis,</strong></span> 
     </span>
    </p>
   </div>
   <div class='ocr_carea' id='block_1_98' title="bbox 120 2457 899 2507">
    <p class='ocr_par' dir='ltr' id='par_1_98' title="bbox 120 2457 899 2507">
     <span class='ocr_line' id='line_1_98' title="bbox 120 2457 899 2507; baseline -0.015 -7"><span class='ocrx_word' id='word_1_676' title='bbox 194 2457 410 2507; x_wconf 73' lang='grc' dir='ltr'>προειρημένους</span> <span class='ocrx_word' id='word_1_677' title='bbox 427 2468 564 2503; x_wconf 85' lang='grc' dir='ltr'>χρονιτας,</span> <span class='ocrx_word' id='word_1_678' title='bbox 577 2466 606 2492; x_wconf 82' lang='grc' dir='ltr'><strong>ἐν</strong></span> <span class='ocrx_word' id='word_1_679' title='bbox 627 2464 691 2491; x_wconf 76' lang='grc' dir='ltr'>εῖδει</span> <span class='ocrx_word' id='word_1_680' title='bbox 707 2463 761 2490; x_wconf 82' lang='grc' dir='ltr'>τῶν</span> <span class='ocrx_word' id='word_1_681' title='bbox 774 2462 899 2498; x_wconf 60' lang='grc' dir='ltr'>στιχηρῶε</span> 
     </span>
    </p>
   </div>
   <div class='ocr_carea' id='block_1_99' title="bbox 954 2457 1755 2507">
    <p class='ocr_par' dir='ltr' id='par_1_99' title="bbox 964 2457 1755 2493">
     <span class='ocr_line' id='line_1_99' title="bbox 964 2457 1755 2493; baseline -0.003 -6"><span class='ocrx_word' id='word_1_682' title='bbox 964 2467 999 2487; x_wconf 89' lang='lat' dir='ltr'><strong>ne</strong></span> <span class='ocrx_word' id='word_1_683' title='bbox 1011 2459 1044 2486; x_wconf 88' lang='lat' dir='ltr'><strong>de</strong></span> <span class='ocrx_word' id='word_1_684' title='bbox 1059 2458 1180 2493; x_wconf 82' lang='lat' dir='ltr'><strong>ingenito</strong></span> <span class='ocrx_word' id='word_1_685' title='bbox 1197 2457 1251 2485; x_wconf 91' lang='lat' dir='ltr'><strong>Deo</strong></span> <span class='ocrx_word' id='word_1_686' title='bbox 1280 2465 1313 2485; x_wconf 89' lang='lat' dir='ltr'><strong>ac</strong></span> <span class='ocrx_word' id='word_1_687' title='bbox 1331 2458 1423 2493; x_wconf 80' lang='lat' dir='ltr'><strong>genito</strong></span> <span class='ocrx_word' id='word_1_688' title='bbox 1442 2465 1596 2485; x_wconf 84' lang='lat' dir='ltr'><strong>sermonem</strong></span> <span class='ocrx_word' id='word_1_689' title='bbox 1612 2458 1755 2493; x_wconf 85' lang='lat' dir='ltr'><strong>impuden-</strong></span> 
     </span>
    </p>
   </div>
   <div class='ocr_carea' id='block_1_100' title="bbox 117 2503 899 2552">
    <p class='ocr_par' dir='ltr' id='par_1_100' title="bbox 117 2503 899 2552">
     <span class='ocr_line' id='line_1_100' title="bbox 117 2503 899 2552; baseline -0.017 -7"><span class='ocrx_word' id='word_1_690' title='bbox 117 2503 289 2552; x_wconf 22' lang='lat' dir='ltr'><strong>éuarﬁdpqatu</strong></span> <span class='ocrx_word' id='word_1_691' title='bbox 303 2503 466 2549; x_wconf 68' lang='grc' dir='ltr'>ἇπορήσεως</span> <span class='ocrx_word' id='word_1_692' title='bbox 478 2511 626 2549; x_wconf 74' lang='grc' dir='ltr'>διαστήσας</span> <span class='ocrx_word' id='word_1_693' title='bbox 648 2509 696 2535; x_wconf 73' lang='grc' dir='ltr'>καὶ</span> <span class='ocrx_word' id='word_1_694' title='bbox 708 2507 783 2534; x_wconf 87' lang='grc' dir='ltr'>λύσιν</span> <span class='ocrx_word' id='word_1_695' title='bbox 797 2507 899 2539; x_wconf 83' lang='grc' dir='ltr'>λύσεως</span> 
     </span>
    </p>
   </div>
   <div class='ocr_carea' id='block_1_101' title="bbox 954 2503 1755 2552">
    <p class='ocr_par' dir='ltr' id='par_1_101' title="bbox 965 2503 1755 2540">
     <span class='ocr_line' id='line_1_101' title="bbox 965 2503 1755 2540; baseline 0 -8"><span class='ocrx_word' id='word_1_696' title='bbox 965 2509 1007 2533; x_wconf 92' lang='lat' dir='ltr'><strong>ter</strong></span> <span class='ocrx_word' id='word_1_697' title='bbox 1022 2504 1178 2536; x_wconf 85' lang='lat' dir='ltr'><strong>instituant,</strong></span> <span class='ocrx_word' id='word_1_698' title='bbox 1194 2511 1226 2531; x_wconf 90' lang='lat' dir='ltr'><strong>ac</strong></span> <span class='ocrx_word' id='word_1_699' title='bbox 1242 2503 1424 2538; x_wconf 85' lang='lat' dir='ltr'><strong>temporarios</strong></span> <span class='ocrx_word' id='word_1_700' title='bbox 1441 2504 1502 2532; x_wconf 88' lang='lat' dir='ltr'><strong>illos</strong></span> <span class='ocrx_word' id='word_1_701' title='bbox 1517 2504 1545 2531; x_wconf 91' lang='lat' dir='ltr'><strong>in</strong></span> <span class='ocrx_word' id='word_1_702' title='bbox 1562 2504 1668 2539; x_wconf 87' lang='lat' dir='ltr'><strong>primis.</strong></span> <span class='ocrx_word' id='word_1_703' title='bbox 1685 2513 1755 2540; x_wconf 88' lang='lat' dir='ltr'><strong>quos</strong></span> 
     </span>
    </p>
   </div>
   <div class='ocr_carea' id='block_1_102' title="bbox 118 2550 899 2597">
    <p class='ocr_par' dir='ltr' id='par_1_102' title="bbox 118 2550 899 2597">
     <span class='ocr_line' id='line_1_102' title="bbox 118 2550 899 2597; baseline -0.015 -6"><span class='ocrx_word' id='word_1_704' title='bbox 118 2564 162 2592; x_wconf 72' lang='grc' dir='ltr'><strong>διὰ</strong></span> <span class='ocrx_word' id='word_1_705' title='bbox 177 2550 433 2597; x_wconf 26' lang='grc' dir='ltr'>τδνεύπερίδρακτον</span> <span class='ocrx_word' id='word_1_706' title='bbox 449 2557 497 2585; x_wconf 79' lang='grc' dir='ltr'>καὶ</span> <span class='ocrx_word' id='word_1_707' title='bbox 519 2556 603 2592; x_wconf 83' lang='grc' dir='ltr'>σαφὲς</span> <span class='ocrx_word' id='word_1_708' title='bbox 621 2555 675 2582; x_wconf 85' lang='grc' dir='ltr'>τῶν</span> <span class='ocrx_word' id='word_1_709' title='bbox 689 2553 899 2590; x_wconf 81' lang='grc' dir='ltr'>ἐπιχειρημάτω·</span> 
     </span>
    </p>
   </div>
   <div class='ocr_carea' id='block_1_103' title="bbox 954 2550 1754 2597">
    <p class='ocr_par' dir='ltr' id='par_1_103' title="bbox 965 2550 1754 2586">
     <span class='ocr_line' id='line_1_103' title="bbox 965 2550 1754 2586; baseline 0 -8"><span class='ocrx_word' id='word_1_710' title='bbox 965 2551 1044 2586; x_wconf 78' lang='lat' dir='ltr'><strong>attigi</strong></span> <span class='ocrx_word' id='word_1_711' title='bbox 1061 2560 1068 2578; x_wconf 87' lang='lat'>:</span> <span class='ocrx_word' id='word_1_712' title='bbox 1084 2558 1168 2586; x_wconf 91' lang='lat' dir='ltr'><strong>porro</strong></span> <span class='ocrx_word' id='word_1_713' title='bbox 1184 2550 1241 2578; x_wconf 75' lang='lat' dir='ltr'><strong>haec</strong></span> <span class='ocrx_word' id='word_1_714' title='bbox 1256 2550 1451 2586; x_wconf 86' lang='lat' dir='ltr'><strong>disputationis</strong></span> <span class='ocrx_word' id='word_1_715' title='bbox 1463 2551 1552 2585; x_wconf 87' lang='lat' dir='ltr'><strong>capita</strong></span> <span class='ocrx_word' id='word_1_716' title='bbox 1572 2559 1703 2578; x_wconf 89' lang='lat' dir='ltr'><strong>versuum</strong></span> <span class='ocrx_word' id='word_1_717' title='bbox 1727 2552 1754 2578; x_wconf 91' lang='lat' dir='ltr'><strong>in</strong></span> 
     </span>
    </p>
   </div>
   <div class='ocr_carea' id='block_1_104' title="bbox 122 2596 899 2643">
    <p class='ocr_par' dir='ltr' id='par_1_104' title="bbox 122 2597 823 2643">
     <span class='ocr_line' id='line_1_104' title="bbox 122 2597 823 2643; baseline -0.016 -8"><span class='ocrx_word' id='word_1_718' title='bbox 122 2607 303 2643; x_wconf 79' lang='grc' dir='ltr'>ποιησάμενος</span> <span class='ocrx_word' id='word_1_719' title='bbox 316 2605 366 2640; x_wconf 80' lang='grc' dir='ltr'>τὴν</span> <span class='ocrx_word' id='word_1_720' title='bbox 381 2603 468 2639; x_wconf 85' lang='grc' dir='ltr'>ἀρχὴν</span> <span class='ocrx_word' id='word_1_721' title='bbox 484 2601 549 2637; x_wconf 80' lang='grc' dir='ltr'>περὶ</span> <span class='ocrx_word' id='word_1_722' title='bbox 564 2600 712 2635; x_wconf 77' lang='grc' dir='ltr'>ἀγεννήτιω</span> <span class='ocrx_word' id='word_1_723' title='bbox 726 2597 806 2625; x_wconf 89' lang='grc' dir='ltr'>Θεοῦ.</span> <span class='ocrx_word' id='word_1_724' title='bbox 821 2622 823 2624; x_wconf 43' lang='grc' dir='ltr'><strong>τ</strong></span> 
     </span>
    </p>
   </div>
   <div class='ocr_carea' id='block_1_105' title="bbox 954 2596 1754 2643">
    <p class='ocr_par' dir='ltr' id='par_1_105' title="bbox 966 2596 1754 2632">
     <span class='ocr_line' id='line_1_105' title="bbox 966 2596 1754 2632; baseline -0.001 -8"><span class='ocrx_word' id='word_1_725' title='bbox 966 2597 1078 2624; x_wconf 91' lang='lat' dir='ltr'><strong>modum</strong></span> <span class='ocrx_word' id='word_1_726' title='bbox 1092 2597 1130 2624; x_wconf 89' lang='lat' dir='ltr'><strong>ita</strong></span> <span class='ocrx_word' id='word_1_727' title='bbox 1145 2596 1323 2632; x_wconf 75' lang='lat' dir='ltr'><strong>digessimus,</strong></span> <span class='ocrx_word' id='word_1_728' title='bbox 1348 2601 1378 2624; x_wconf 81' lang='lat' dir='ltr'><strong>ut</strong></span> <span class='ocrx_word' id='word_1_729' title='bbox 1396 2600 1423 2624; x_wconf 88' lang='lat' dir='ltr'><strong>et</strong></span> <span class='ocrx_word' id='word_1_730' title='bbox 1445 2596 1614 2630; x_wconf 79' lang='lat' dir='ltr'><strong>obiectiones</strong></span> <span class='ocrx_word' id='word_1_731' title='bbox 1632 2597 1700 2624; x_wconf 85' lang='lat' dir='ltr'><strong>alias</strong></span> <span class='ocrx_word' id='word_1_732' title='bbox 1721 2603 1754 2623; x_wconf 74' lang='lat' dir='ltr'><strong>ex</strong></span> 
     </span>
    </p>
   </div>
   <div class='ocr_carea' id='block_1_106' title="bbox 123 2641 1755 2689">
    <p class='ocr_par' dir='ltr' id='par_1_106' title="bbox 123 2641 1755 2689">
     <span class='ocr_line' id='line_1_106' title="bbox 123 2641 1755 2689; baseline -0.009 -5"><span class='ocrx_word' id='word_1_733' title='bbox 123 2641 183 2684; x_wconf 64' lang='lat' dir='ltr'><strong>aliis</strong></span> <span class='ocrx_word' id='word_1_734' title='bbox 196 2641 416 2689; x_wconf 16' lang='lat' dir='ltr'><strong>etrqutestiouum</strong></span> <span class='ocrx_word' id='word_1_735' title='bbox 430 2648 626 2678; x_wconf 81' lang='lat' dir='ltr'><strong>dissolutiones</strong></span> <span class='ocrx_word' id='word_1_736' title='bbox 639 2651 812 2676; x_wconf 83' lang='lat' dir='ltr'><strong>necteremus</strong></span> <span class='ocrx_word' id='word_1_737' title='bbox 825 2655 831 2672; x_wconf 93' lang='lat'><strong>:</strong></span> <span class='ocrx_word' id='word_1_738' title='bbox 858 2652 914 2681; x_wconf 89' lang='lat' dir='ltr'><strong>quo</strong></span> <span class='ocrx_word' id='word_1_739' title='bbox 929 2649 958 2673; x_wconf 90' lang='lat' dir='ltr'><strong>et</strong></span> <span class='ocrx_word' id='word_1_740' title='bbox 971 2644 1005 2672; x_wconf 85' lang='lat' dir='ltr'><strong>ad</strong></span> <span class='ocrx_word' id='word_1_741' title='bbox 1020 2643 1308 2680; x_wconf 87' lang='lat' dir='ltr'><strong>comprehendendum</strong></span> <span class='ocrx_word' id='word_1_742' title='bbox 1338 2641 1461 2670; x_wconf 80' lang='lat' dir='ltr'><strong>faciliora</strong></span> <span class='ocrx_word' id='word_1_743' title='bbox 1489 2647 1517 2670; x_wconf 87' lang='lat' dir='ltr'><strong>et</strong></span> <span class='ocrx_word' id='word_1_744' title='bbox 1544 2643 1678 2678; x_wconf 81' lang='lat' dir='ltr'><strong>planiora,</strong></span> <span class='ocrx_word' id='word_1_745' title='bbox 1693 2641 1755 2676; x_wconf 83' lang='lat' dir='ltr'><strong>qui-</strong></span> 
     </span>
    </p>
   </div>
   <div class='ocr_carea' id='block_1_107' title="bbox 122 2688 1508 2734">
    <p class='ocr_par' dir='ltr' id='par_1_107' title="bbox 122 2688 1508 2734">
     <span class='ocr_line' id='line_1_107' title="bbox 122 2688 1508 2734; baseline -0.01 -5"><span class='ocrx_word' id='word_1_746' title='bbox 122 2705 174 2733; x_wconf 78' lang='lat' dir='ltr'><strong>bus</strong></span> <span class='ocrx_word' id='word_1_747' title='bbox 192 2688 304 2734; x_wconf 84' lang='lat' dir='ltr'><strong>utimur,</strong></span> <span class='ocrx_word' id='word_1_748' title='bbox 328 2700 487 2734; x_wconf 71' lang='lat' dir='ltr'><strong>argumenta</strong></span> <span class='ocrx_word' id='word_1_749' title='bbox 503 2695 582 2724; x_wconf 81' lang='lat' dir='ltr'><strong>vobis</strong></span> <span class='ocrx_word' id='word_1_750' title='bbox 598 2697 691 2723; x_wconf 80' lang='lat' dir='ltr'><strong>essent</strong></span> <span class='ocrx_word' id='word_1_751' title='bbox 706 2703 712 2721; x_wconf 94' lang='lat'><strong>:</strong></span> <span class='ocrx_word' id='word_1_752' title='bbox 727 2693 761 2721; x_wconf 89' lang='lat' dir='ltr'><strong>ab</strong></span> <span class='ocrx_word' id='word_1_753' title='bbox 786 2691 909 2728; x_wconf 74' lang='lat' dir='ltr'><strong>ingenito</strong></span> <span class='ocrx_word' id='word_1_754' title='bbox 926 2699 991 2719; x_wconf 82' lang='lat' dir='ltr'><strong>vero</strong></span> <span class='ocrx_word' id='word_1_755' title='bbox 1008 2690 1063 2719; x_wconf 90' lang='lat' dir='ltr'><strong>Deo</strong></span> <span class='ocrx_word' id='word_1_756' title='bbox 1080 2690 1239 2726; x_wconf 84' lang='lat' dir='ltr'><strong>disputandi</strong></span> <span class='ocrx_word' id='word_1_757' title='bbox 1254 2688 1363 2716; x_wconf 90' lang='lat' dir='ltr'><strong>initium</strong></span> <span class='ocrx_word' id='word_1_758' title='bbox 1381 2688 1508 2716; x_wconf 82' lang='lat' dir='ltr'><strong>fecimus.</strong></span> 
     </span>
    </p>
   </div>
   <div class='ocr_carea' id='block_1_108' title="bbox 437 2748 899 2789">
    <p class='ocr_par' dir='ltr' id='par_1_108' title="bbox 437 2754 609 2789">
     <span class='ocr_line' id='line_1_108' title="bbox 437 2754 609 2789; baseline -0.012 -7"><span class='ocrx_word' id='word_1_759' title='bbox 437 2754 609 2789; x_wconf 74' lang='grc' dir='ltr'>Ἁνατροπή.</span> 
     </span>
    </p>
   </div>
   <div class='ocr_carea' id='block_1_109' title="bbox 954 2748 1454 2789">
    <p class='ocr_par' dir='ltr' id='par_1_109' title="bbox 1285 2748 1454 2783">
     <span class='ocr_line' id='line_1_109' title="bbox 1285 2748 1454 2783; baseline -0.006 -7"><span class='ocrx_word' id='word_1_760' title='bbox 1285 2748 1454 2783; x_wconf 79' lang='lat' dir='ltr'><strong>Confutatio.</strong></span> 
     </span>
    </p>
   </div>
   <div class='ocr_carea' id='block_1_110' title="bbox 157 2790 899 2837">
    <p class='ocr_par' dir='ltr' id='par_1_110' title="bbox 157 2798 899 2837">
     <span class='ocr_line' id='line_1_110' title="bbox 157 2798 899 2837; baseline -0.012 -4"><span class='ocrx_word' id='word_1_761' title='bbox 157 2805 197 2833; x_wconf 80' lang='lat' dir='ltr'><strong>A&#39;.</strong></span> <span class='ocrx_word' id='word_1_762' title='bbox 213 2804 292 2832; x_wconf 81' lang='grc' dir='ltr'>Κατὰ</span> <span class='ocrx_word' id='word_1_763' title='bbox 310 2803 383 2836; x_wconf 81' lang='grc' dir='ltr'>λέξιν</span> <span class='ocrx_word' id='word_1_764' title='bbox 396 2801 447 2837; x_wconf 82' lang='grc' dir='ltr'>τῆς</span> <span class='ocrx_word' id='word_1_765' title='bbox 469 2799 642 2834; x_wconf 83' lang='grc' dir='ltr'>διαλεκτικῆς</span> <span class='ocrx_word' id='word_1_766' title='bbox 665 2807 712 2825; x_wconf 83' lang='grc' dir='ltr'><strong>σου</strong></span> <span class='ocrx_word' id='word_1_767' title='bbox 731 2798 851 2834; x_wconf 85' lang='grc' dir='ltr'>κομπίας</span> <span class='ocrx_word' id='word_1_768' title='bbox 869 2806 899 2824; x_wconf 84' lang='grc' dir='ltr'><strong>κο</strong></span> 
     </span>
    </p>
   </div>
   <div class='ocr_carea' id='block_1_111' title="bbox 954 2790 1755 2837">
    <p class='ocr_par' dir='ltr' id='par_1_111' title="bbox 1003 2790 1755 2826">
     <span class='ocr_line' id='line_1_111' title="bbox 1003 2790 1755 2826; baseline -0.004 -4"><span class='ocrx_word' id='word_1_769' title='bbox 1003 2794 1024 2822; x_wconf 88' lang='grc'>1.</span> <span class='ocrx_word' id='word_1_770' title='bbox 1044 2794 1131 2822; x_wconf 83' lang='lat' dir='ltr'><strong>Tuam</strong></span> <span class='ocrx_word' id='word_1_771' title='bbox 1155 2794 1229 2821; x_wconf 85' lang='lat' dir='ltr'><strong>illam</strong></span> <span class='ocrx_word' id='word_1_772' title='bbox 1252 2801 1285 2820; x_wconf 83' lang='lat' dir='ltr'><strong>ex</strong></span> <span class='ocrx_word' id='word_1_773' title='bbox 1309 2793 1518 2820; x_wconf 85' lang='lat' dir='ltr'><strong>dialecticorum</strong></span> <span class='ocrx_word' id='word_1_774' title='bbox 1544 2795 1572 2818; x_wconf 92' lang='lat' dir='ltr'><strong>et</strong></span> <span class='ocrx_word' id='word_1_775' title='bbox 1597 2790 1755 2826; x_wconf 82' lang='lat' dir='ltr'><strong>disputandi</strong></span> 
     </span>
    </p>
   </div>
   <div class='ocr_carea' id='block_1_112' title="bbox 127 2836 899 2885">
    <p class='ocr_par' dir='ltr' id='par_1_112' title="bbox 127 2844 899 2885">
     <span class='ocr_line' id='line_1_112' title="bbox 127 2844 899 2885; baseline -0.012 -6"><span class='ocrx_word' id='word_1_776' title='bbox 127 2849 331 2885; x_wconf 82' lang='grc' dir='ltr'>συλλογιστικῆς</span> <span class='ocrx_word' id='word_1_777' title='bbox 353 2846 546 2884; x_wconf 83' lang='grc' dir='ltr'>ματαιοπονίας</span> <span class='ocrx_word' id='word_1_778' title='bbox 561 2846 610 2881; x_wconf 84' lang='grc' dir='ltr'>τὴν</span> <span class='ocrx_word' id='word_1_779' title='bbox 629 2845 785 2880; x_wconf 71' lang='grc' dir='ltr'>ἀνατροπὴν</span> <span class='ocrx_word' id='word_1_780' title='bbox 807 2844 899 2880; x_wconf 70' lang='grc' dir='ltr'>ποιήσι</span> 
     </span>
    </p>
   </div>
   <div class='ocr_carea' id='block_1_113' title="bbox 954 2836 1756 2885">
    <p class='ocr_par' dir='ltr' id='par_1_113' title="bbox 969 2836 1756 2874">
     <span class='ocr_line' id='line_1_113' title="bbox 969 2836 1756 2874; baseline -0.006 -5"><span class='ocrx_word' id='word_1_781' title='bbox 969 2840 1104 2869; x_wconf 81' lang='lat' dir='ltr'><strong>artificum</strong></span> <span class='ocrx_word' id='word_1_782' title='bbox 1120 2838 1226 2868; x_wconf 72' lang='lat' dir='ltr'><strong>officina</strong></span> <span class='ocrx_word' id='word_1_783' title='bbox 1259 2837 1407 2874; x_wconf 61' lang='lat' dir='ltr'><strong>profectam</strong></span> <span class='ocrx_word' id='word_1_784' title='bbox 1431 2844 1526 2865; x_wconf 86' lang='lat' dir='ltr'><strong>vanam</strong></span> <span class='ocrx_word' id='word_1_785' title='bbox 1549 2841 1576 2864; x_wconf 93' lang='lat' dir='ltr'><strong>et</strong></span> <span class='ocrx_word' id='word_1_786' title='bbox 1596 2836 1756 2864; x_wconf 84' lang='lat' dir='ltr'><strong>insolentem</strong></span> 
     </span>
    </p>
   </div>
   <div class='ocr_carea' id='block_1_114' title="bbox 163 2911 683 2951">
    <p class='ocr_par' dir='ltr' id='par_1_114' title="bbox 163 2911 683 2951">
     <span class='ocr_line' id='line_1_114' title="bbox 163 2911 683 2951; baseline -0.015 -7"><span class='ocrx_word' id='word_1_787' title='bbox 163 2918 172 2934; x_wconf 80' lang='grc'>¹</span> <span class='ocrx_word' id='word_1_788' title='bbox 184 2926 229 2951; x_wconf 75' lang='grc' dir='ltr'><strong>γρ.</strong></span> <span class='ocrx_word' id='word_1_789' title='bbox 244 2915 382 2943; x_wconf 67' lang='grc' dir='ltr'>ἐπιϐάλοι).</span> <span class='ocrx_word' id='word_1_790' title='bbox 425 2914 434 2928; x_wconf 88' lang='grc'>¹</span> <span class='ocrx_word' id='word_1_791' title='bbox 448 2922 492 2947; x_wconf 68' lang='grc' dir='ltr'>τγ).</span> <span class='ocrx_word' id='word_1_792' title='bbox 511 2911 683 2947; x_wconf 82' lang='grc' dir='ltr'>περιτομαϊς.</span> 
     </span>
    </p>
   </div>
  </div>
