1931 3041
199 211 250 241 1547

889 204 918 233 S.
938 202 1106 231 EPIPHANII

1765 199 1817 228 ωδ

198 269 365 300 orationem,
384 267 423 295 sic
438 267 470 294 ad
491 266 600 295 verbum
623 265 704 300 932
723 265 855 297 refellam,
878 265 979 292 nullam

1036 272 1090 299 μαι,
1111 261 1148 297 μὴ
1164 261 1344 297 ὑπερϐαίνων,
1363 260 1430 296 μηδὲ
1442 261 1471 286 ὲν
1482 259 1600 296 δευτέρῳ
1611 258 1751 294 τιθέμενος
1764 259 1818 285 τῶν

199 319 229 343 ttt
241 323 272 342 ex
288 314 398 341 inﬁnitis
417 313 469 340 illis
483 312 648 340 dictiottibus
669 311 798 345 majorem
814 311 980 338 minoremve

199 358 384 394 praatereundo
399 357 579 384 dissimulem.
594 357 633 383 Ac
657 356 773 391 primum
792 355 864 390 quod
880 355 912 381 ad
927 359 980 382 tua:

199 404 325 430 factionis
339 402 454 429 athletas
472 402 544 429 viros
563 409 594 428 ac
609 400 725 428 feminas
748 401 857 432 scribis.
873 404 980 434 tempo-

199 449 287 475 rarios
301 447 431 481 quosdam
452 447 576 482 opusculi
596 447 678 479 illius,
698 446 770 480 quod
786 453 841 481 pra:
855 445 981 472 manibus

199 491 328 521 habebas,
346 495 372 517 et
393 490 419 517 in
435 498 490 525 qtto
513 498 568 517 rem
595 498 702 518 omnem
725 490 981 525 interrogationibus

199 535 455 570 contprehcndcras,
475 539 577 570 partem
603 536 784 570 subripuisse.
810 536 851 562 vel
875 542 908 562 ex
930 535 981 562 hoc

199 580 258 615 ipso
273 584 319 606 tuo
342 580 444 614 scripto
458 581 582 606 convinci
599 585 685 615 potes,
702 580 734 607 ad
748 580 863 615 teipsum
876 581 979 614 potius,

198 625 399 660 discipulosque
416 630 488 657 tuos,
506 633 539 652 ne
554 626 655 653 erroris
670 626 760 652 socios
771 625 913 660 appellem.
931 633 979 652 no-

199 678 259 697 men
276 670 347 697 istud
365 670 508 705 pertinere.
527 671 631 697 Etenim
645 676 819 698 sacrosancta
850 670 895 697 Dei
916 670 982 698 fides

198 723 231 743 ac
246 716 354 751 religio,
369 723 430 742 cttttt
448 716 483 742 ab
496 716 572 742 initio
588 720 669 750 atque
688 715 722 742 ab
736 715 829 742 ultima
849 719 984 743 vetustate

197 761 316 792 exstitit,
341 760 403 788 licet
422 768 476 787 non
497 761 650 787 obsolescat
673 765 719 786 aut
741 760 908 788 inveteretur
930 768 984 787 un-

198 812 291 839 quam,
312 808 368 830 tttnt
391 809 520 839 perpetuo
535 809 599 836 stat,
619 804 784 832 solidissimo
807 804 983 832 fundamento

198 850 260 876 nixa
276 859 282 876 :
296 850 375 883 cujus
394 849 523 877 Dominus
537 853 614 876 extra
631 854 739 884 tempus
757 857 837 878 omne
849 849 983 876 constitu-

199 899 244 922 tus
257 900 308 922 est.
327 894 462 927 Quocirca
477 895 564 929 neque
578 895 637 929 ipsa
651 894 765 928 tempori
781 894 904 928 subjacet
915 915 922 927 ,
935 894 982 922 sed

198 946 261 965 cum
280 939 382 973 angelis
397 942 523 966 versatur
539 939 660 968 assidue,
680 942 845 972 sanctosque
861 946 909 973 per
925 939 983 965 sin-
1000 929 1020 957 Β

199 983 276 1018 gulas
296 983 485 1017 generationes
507 986 628 1009 exornat.
650 980 690 1007 Tn
717 988 781 1008 vero
803 981 984 1014 temporarius

199 1027 286 1054 multo
302 1027 385 1062 magis
401 1026 578 1061 appellandus
593 1033 632 1058 es,
648 1025 692 1060 qui
708 1029 734 1052 et
751 1025 778 1052 itt
796 1032 916 1052 errorem
936 1026 984 1052 ah-

199 1075 298 1102 duclus
313 1082 354 1106 es,
370 1077 396 1100 et
413 1073 484 1100 fastu
498 1073 707 1107 arrogantiaque
722 1071 868 1102 distentus,
881 1076 905 1098 et
922 1078 983 1106 gre-

199 1120 241 1155 gis
263 1119 301 1146 tui
319 1118 436 1153 pecudes
450 1118 550 1152 passim
564 1124 612 1151 per
627 1116 717 1143 dumis
732 1122 764 1142 ac
776 1115 862 1150 spinis
876 1115 983 1143 consita

199 1173 300 1200 pascua
313 1164 467 1200 propulisti.
483 1163 567 1190 Nemo
583 1162 655 1189 enim
670 1161 763 1189 eadem
777 1166 866 1189 tccunt
889 1169 920 1189 ex
935 1169 982 1189 ve-

199 1209 303 1236 teribus
325 1209 428 1239 sensit,
446 1215 462 1234 o
479 1207 557 1240 Aeli,
582 1206 760 1241 tctnporarios
784 1206 895 1240 scriptis
928 1207 983 1234 tuis

198 1254 348 1285 lacessens,
366 1253 546 1287 temporarius
564 1259 596 1278 ac
610 1259 706 1278 recens
722 1251 789 1286 ipse.
805 1251 858 1278 Sed
878 1252 906 1279 in
923 1251 984 1286 ipso

199 1300 291 1326 statim
312 1299 402 1333 operis
425 1298 510 1329 aditu,
537 1305 598 1324 cum
621 1301 648 1324 te
672 1297 934 1324 lucubratiunculam
950 1296 985 1325 de

200 1343 320 1378 ingenito
336 1342 391 1369 Deo
409 1350 441 1369 ac
459 1342 551 1377 genito
573 1341 717 1376 scripsisse
745 1348 851 1373 narras,
869 1340 937 1368 adeo
950 1341 985 1368 il—

199 1389 278 1416 lustri
299 1387 431 1423 principio
448 1387 494 1422 (ut
517 1391 571 1414 tant
597 1387 726 1414 inusitata
749 1394 882 1414 novorum
905 1395 985 1414 voea-

200 1435 327 1462 bulorunt
359 1434 468 1461 licentia
496 1434 754 1465 commenmranda,
777 1438 852 1461 tuam
877 1441 985 1462 omnem

201 1479 327 1506 homines
345 1478 372 1505 in
390 1478 597 1505 admirationem
613 1477 761 1506 adduxisti.

237 1524 267 1550 ll.
289 1524 390 1558 Ecquis
405 1529 448 1551 est
464 1531 529 1551 vero
544 1523 764 1552 Christianorum
779 1525 915 1558 omnium,
938 1526 985 1561 qui

1031 307 1167 334 δοκουσῶν
1188 316 1228 334 σοι
1251 306 1391 341 μειζόνων,
1411 306 1427 342 ἢ
1449 305 1496 333 καὶ
1520 304 1641 340 βραχέων
1663 304 1764 337 λέξεων
1788 304 1818 331 τὸ

1029 352 1178 388 ἀμύθητον.
1201 353 1256 379 Καὶ
1271 352 1379 388 πρῶτον
1403 351 1452 387 μὲν
1472 351 1533 377 ἐπεὶ
1553 351 1609 378 ἄνω
1627 350 1743 386 γράψων
1763 351 1818 381 τοῖς

1029 396 1076 423 τοῦ
1103 397 1148 423 σοῦ
1182 396 1363 432 πληρώματος
1396 395 1525 431 ἀθληταῖς
1561 396 1608 422 καὶ
1641 395 1817 430 ἁθλητρῑαις,

1030 441 1135 477 ἔφησθα
1152 442 1279 477 χρονίτας
1296 442 1373 474 τινὰς
1395 441 1640 476 σφετερισαμένους
1656 440 1728 475 ᾇπερ
1748 440 1819 475 μετὰ

1030 488 1123 522 χεῖρας
1140 484 1212 521 εἶχες
1226 486 1274 513 τοῦ
1290 487 1454 522 πονηματῐου
1471 486 1652 521 ιρωτηθείσης
1673 487 1724 520 τῆς
1743 484 1820 519 παρὰ

1031 532 1072 558 σοὶ
1089 532 1198 564 λέξεως,
1224 532 1253 558 σὲ
1274 532 1373 567 μᾶλλον
1385 532 1463 558 τοῦτο
1484 531 1515 558 τὸ
1535 531 1620 566 ονομα
1639 530 1819 565 κεκτημένον,

1031 579 1077 606 καὶ
1103 580 1167 611 τοὺς
1187 579 1241 606 ἀπὸ
1262 579 1308 606 σοῦ
1331 578 1598 614 μεμαθητευμένους,
1619 578 1662 604 ἶνα
1690 576 1728 611 μὴ
1749 576 1821 603 εἴπω

1032 624 1264 660 πεπλανημένους,
1285 624 1453 659 διελέγξειεν.
1475 624 1507 650 Ἥ
1523 623 1572 659 μὲν
1589 623 1642 658 γὰρ
1663 622 1731 649 Θεοῦ
1753 619 1821 655 ἁγία

1032 668 1122 701 πίστις
1136 669 1264 704 ἀπιρχῆς
1288 667 1356 696 οὖσα
1382 670 1429 696 καὶ
1448 669 1502 701 ἀεὶ,
1516 668 1682 704 ἀρχαῖζουσα
1712 667 1760 694 καὶ
1781 667 1821 702 μὴ

1031 715 1229 750 παλαιουμένη,
1244 715 1318 742 ἔστιν
1329 716 1383 747 ἀεὶ,
1408 715 1455 742 καὶ
1468 715 1615 751 ἡδραίωται
1630 713 1732 748 ταύτης
1746 714 1762 740 ὸ
1774 712 1822 739 θε-

1033 759 1134 794 μέλιος,
1157 760 1204 786 καὶ
1232 760 1365 795 ὑπάρχει.
1389 760 1488 795 ἔχουσα
1509 759 1555 786 τὸν
1578 759 1664 793 αὐτῆς
1678 758 1821 793 Aea-106'qu

1032 805 1154 840 ἄχρονον.
1178 805 1223 831 Διὸ
1244 805 1304 831 οὐδὲ
1328 805 1396 840 αὐτὴ
1415 804 1526 841 χρονικὴ
1550 805 1678 840 ὑπάρχει,
1703 803 1762 831 ἀλλ’
1776 803 1822 830 ἀεὶ

1032 851 1091 876 ἐστι
1112 850 1169 884 μετ’
1183 850 1305 884 ἀγγέλων
1324 849 1564 886 ὲμπολιτιυομένη,
1582 850 1629 876 καὶ
1644 849 1737 884 ἁγίαις
1749 849 1824 876 κατὰ

1033 894 1127 928 γενεὰν
1144 895 1190 921 καὶ
1200 895 1296 929 γενεὰν
1313 895 1462 930 κοσμοῦσα.
1486 896 1521 921 Σὺ
1536 895 1564 922 at
1583 895 1682 931 μᾶλλον
1696 895 1823 930 χρονικὺς

1035 939 1177 976 ὑπάρχεις,
1191 939 1363 975 βουκοληοεὶς
1377 940 1429 966 ὑπὸ
1441 940 1492 974 τῆς
1506 939 1619 975 πλάνη-τ,
1633 939 1681 966 καὶ
1691 938 1824 974 ἐπαρθεὶς

1034 983 1104 1010 κατὰ
1119 984 1168 1020 τὴν
1182 985 1310 1016 διάνοιαν,
1331 986 1378 1012 καὶ
1402 985 1433 1011 τὸ
1451 985 1496 1011 σὸν
1509 985 1634 1020 βόσκημα
1649 984 1699 1019 τῆς
1721 983 1824 1018 ἀγέλης

1034 1029 1150 1064 χυδαίως
1167 1031 1206 1062 εἰς
1230 1031 1315 1066 νομὴν
1338 1031 1480 1066 amotum
1506 1030 1706 1066 παρεμπλέξας.
1728 1029 1825 1061 οὐδεὶς

1033 1074 1088 1110 γὰρ
1104 1076 1174 1101 κατά
1192 1076 1222 1102 σὲ
1246 1077 1299 1103 τῶν
1325 1077 1448 1104 παλαιῶν
1474 1077 1634 1112 ὲφρόνησεν,
1648 1073 1670 1102 ὦ
1693 1076 1792 1107 Ἀέτιι,
1809 1076 1825 1102 ό

1033 1119 1104 1146 κατὰ
1126 1121 1258 1156 χρονικῶν
1277 1123 1404 1158 γράφων,
1428 1123 1509 1154 αὐτὸς
1531 1123 1656 1158 χρονικὸς
1680 1122 1824 1156 ὑπάρχων.

1034 1164 1082 1190 καὶ
1093 1164 1144 1191 οὐκ
1159 1165 1306 1200 ἁρχαῖζων.
1323 1167 1411 1199 Εὐθὺς
1422 1167 1450 1194 δὲ
1465 1168 1498 1194 ὲκ
1511 1167 1622 1203 πρώτης
1633 1166 1771 1201 ἐπιϐολῆς,
1784 1166 1825 1197 ὡς

1035 1209 1102 1245 εφης
1117 1212 1283 1247 πονημάτιον
1301 1213 1476 1248 γεγραφέναι,
1492 1212 1576 1239 εἰπὼν
1594 1212 1659 1248 περὶ
1673 1212 1826 1246 ἀγεννήτου

1035 1255 1103 1282 Θεοῦ
1121 1257 1168 1283 καὶ
1184 1258 1323 1293 γεννητοῦ,
1344 1259 1493 1294 ἐξέπληξας
1510 1259 1555 1285 τὸν
1575 1258 1631 1293 βίον
1654 1259 1684 1284 ὲν
1704 1259 1738 1292 τῇ
1760 1265 1825 1284 τοσ-

1035 1301 1105 1337 αύτῃ
1130 1311 1176 1329 σου
1205 1305 1321 1339 φωτεινῇ
1350 1304 1462 1339 ἐπιϐολῇ
1485 1303 1531 1331 τοῦ
1555 1303 1645 1338 λόγου,
1673 1303 1717 1329 ἵνα
1737 1302 1827 1333 οὕτως

1037 1347 1230 1382 ⁸ι·;εριγέλα‹ι·τ;‹5ν
1244 1357 1290 1375 σου
1303 1350 1458 1384 ποιήσωμαι
1469 1349 1513 1376 τὸν
1527 1348 1605 1383 λόγον
1617 1349 1667 1383 τῆς
1680 1347 1825 1380 διαλέξεως

1036 1393 1086 1428 τῆς
1098 1394 1232 1430 τοσαύτης
1248 1403 1294 1421 σου
1307 1395 1554 1430 καινοτομουμένης
1569 1393 1786 1430 ὀνοματοποιίας.

1015 1437 1088 1467 illam
1113 1441 1325 1477 disputationem
1346 1443 1464 1471 ludibrio
1494 1443 1660 1477 traducam),
1687 1447 1825 1469 summam

1072 1526 1109 1554 B’.
1125 1527 1173 1559 Τίς
1188 1528 1242 1564 γὰρ
1256 1529 1310 1557 τῶν
1327 1529 1357 1556 τὸ
1380 1530 1512 1565 σωτήριον
1530 1529 1576 1558 τοῦ
1601 1530 1668 1558 Θεοῦ
1693 1532 1826 1568 κήρυγμα

201 1568 348 1595 salutarent
365 1567 409 1594 Dei
425 1568 577 1595 doctrinam
591 1568 726 1600 obtinent,
740 1569 786 1602 qui
801 1569 851 1596 hac
867 1569 924 1604 ipsa
936 1571 984 1598 de-

1037 1574 1213 1609 κεκτημένων
1236 1574 1405 1610 Χριστιανῶν
1429 1576 1530 1603 παίδων
1555 1576 1649 1604 τοῦτον
1664 1578 1673 1593 ³
1696 1578 1825 1606 καταλει-

202 1614 296 1641 relicta
320 1614 445 1640 confictis
471 1613 525 1641 tuis
555 1613 653 1640 fabulis
677 1621 709 1640 ac
725 1614 804 1648 ttttgis
831 1614 958 1643 inductus
974 1636 982 1648 ,

202 1663 302 1685 aeterno
332 1658 387 1685 Deo
407 1657 521 1693 ejusque
538 1658 639 1693 Spiritu
666 1663 761 1686 sancto
784 1660 924 1694 neglecto,
951 1661 985 1687 ad

201 1708 263 1733 tuas
279 1707 369 1738 partes
387 1704 504 1730 transire
518 1704 602 1734 ntalit,
617 1710 649 1730 ac
663 1703 696 1730 de
711 1705 805 1739 genito
822 1704 875 1732 Deo
892 1705 987 1740 dispu-

203 1753 304 1776 tantem
321 1748 427 1780 audiat,
446 1753 514 1776 utet
536 1751 594 1783 ipse
612 1749 683 1776 inter
699 1749 797 1776 stultos
815 1755 984 1782 numeretur,

201 1798 228 1820 et
250 1798 402 1820 creaturam
417 1793 477 1820 loco
490 1792 627 1820 Creatoris
641 1793 755 1820 adorare
771 1794 924 1826 condiscat,
938 1795 984 1830 qui

200 1843 239 1865 est
261 1838 409 1864 benedictus
440 1838 467 1864 in
495 1837 603 1864 swcula.
617 1837 697 1864 Amen
710 1838 736 1865 '?
754 1838 807 1866 Nos
823 1839 895 1866 enim
910 1847 987 1866 crea-

201 1887 260 1909 tum
276 1890 328 1909 non
344 1882 473 1908 habemus
489 1881 583 1914 Deum,
607 1885 653 1908 aut
678 1882 792 1915 factum,
812 1883 859 1910 sed
880 1883 987 1911 increa-

201 1931 271 1958 ttntt,
290 1932 318 1954 et
335 1935 349 1953 a
366 1927 440 1953 nullo
456 1927 606 1960 conditum,
622 1934 637 1954 a
654 1927 733 1955 Patre
756 1935 820 1955 vero
835 1929 894 1956 sine
909 1929 987 1956 initio

202 1973 259 1999 ullo
282 1979 314 1998 ac
338 1976 459 2007 tetupore
475 1973 606 2007 genitum.
628 1972 765 2008 Quidquid
790 1973 817 2000 in
833 1974 883 2001 ltac
904 1974 986 2008 geniti

200 2024 269 2044 voce
293 2017 435 2043 calumnia!
460 2017 602 2049 struxeris,
628 2021 655 2044 et
679 2017 804 2052 ambigue
824 2019 986 2053 usurparis,

203 2069 264 2090 eam
280 2062 328 2090 abs
343 2067 369 2090 te
383 2062 529 2090 dictionem
542 2069 595 2089 non
611 2062 761 2095 admittam,
778 2063 886 2090 tametsi
903 2071 936 2090 ne
951 2064 986 2090 ita

200 2106 310 2142 quidem
328 2106 458 2141 accipias,
475 2111 504 2134 ut
526 2106 605 2134 Patre
629 2106 741 2134 inferior
761 2107 849 2135 factus
862 2116 923 2136 esse
945 2108 987 2139 di-

201 2156 280 2180 catur
292 2152 388 2188 :933
409 2151 500 2187 Neque
511 2153 579 2179 enim
594 2153 700 2184 caninis
712 2153 837 2188 colligunt
852 2161 926 2186 uvas,
942 2162 987 2180 ne-

200 2205 248 2233 que
264 2205 296 2225 ex
312 2197 415 2224 tribulis
437 2197 502 2231 ﬁcus
513 2217 521 2229 ,
541 2205 628 2232 neque
649 2197 682 2224 ab
697 2204 731 2225 eo
748 2198 794 2233 qui
810 2205 931 2225 errorem
945 2206 987 2225 sc—

1035 1628 1092 1651 ποι,
1110 1621 1277 1656 προτραπεὶς
1291 1622 1344 1648 ὑπὸ
1357 1622 1404 1648 σοῦ
1421 1622 1464 1649 διὰ
1477 1623 1526 1658 τῆς
1544 1623 1681 1657 μυθώδους
1696 1632 1744 1650 σου
1756 1624 1828 1651 πλάξ

1035 1672 1093 1699 νης,
1107 1665 1190 1696 ἐάσας
1209 1665 1273 1691 Θεὸν
1293 1666 1336 1692 ἀεὶ
1351 1666 1424 1696 ὂντα.
1438 1667 1485 1693 καὶ
1498 1667 1528 1693 τὸ
1547 1667 1623 1701 ἅγιον
1644 1667 1726 1694 αὑτοῦ
1739 1669 1827 1696 Πνεῦ-

1037 1717 1075 1743 μα
1097 1708 1140 1735 ἀεὶ
1159 1708 1198 1741 ὃν,
1218 1709 1265 1735 καὶ
1284 1709 1367 1736 ἐλθὼν
1388 1711 1498 1737 ἀκούσει
1519 1711 1594 1747 παρὰ
1611 1711 1658 1738 σοῦ
1672 1713 1737 1748 περὶ
1763 1722 1825 1747 γεν-

1036 1753 1116 1788 νητοῦ
1137 1753 1215 1787 Θεοῦ,
1236 1755 1278 1782 ἵνα
1298 1755 1346 1782 καὶ
1364 1755 1445 1788 αὐτὸς
1461 1757 1489 1782 ὲν
1510 1758 1611 1792 μωροῖς
1632 1758 1823 1794 καταλεχθείη.

1035 1797 1226 1833 διδασκόμενος
1245 1801 1405 1835 προσκυνεῖν
1433 1800 1481 1836 τὴν
1503 1801 1591 1827 κτίσιν
1612 1801 1688 1836 παρὰ
1705 1802 1752 1829 τὸν
1766 1803 1824 1829 κτι-

1037 1850 1131 1875 σαντα,
1148 1843 1181 1876 ὅς
1202 1843 1288 1871 ἐστιν
1311 1845 1510 1881 εὐλογημένος
1536 1848 1579 1880 εἰς
1605 1847 1677 1881 τοὺς
1703 1847 1822 1881 αἰῶνας.

1043 1888 1153 1923 Ἀμήν;
1181 1890 1237 1916 Οὐκ
1266 1890 1362 1926 ἔχομεν
1381 1891 1435 1926 γὰρ
1454 1892 1535 1927 ἡμεῖς
1560 1893 1669 1920 κτιστὸν
1688 1893 1766 1926 Θεὸν,
1791 1894 1822 1921 οὐ

1036 1933 1156 1969 ποιητὸν,
1168 1934 1225 1961 ἀλλ’
1237 1935 1363 1962 ἄκτιστον
1377 1936 1424 1962 καὶ
1438 1936 1595 1973 ἀγέννητον,
1610 1938 1642 1964 ἐκ
1654 1938 1760 1974 Πατρὸς
1775 1947 1823 1973 γε-

1036 1978 1198 2014 γεννημένον
1214 1980 1338 2015 ἀνάρχως
1363 1980 1411 2007 καὶ
1433 1981 1564 2017 ἀχρόνως,
1586 1982 1644 2009 Κᾶν
1660 1991 1690 2009 τε
1710 1983 1764 2019 γὰρ
1780 1992 1823 2010 σο-

1037 2021 1103 2059 φιζῃ
1116 2023 1146 2050 τὸ
1161 2024 1298 2059 γεννητὸν,
1314 2025 1441 2060 γεννητὸν
1457 2025 1609 2062 ὁμωνύμως
1624 2026 1716 2053 καλεῖν
1733 2027 1823 2062 βουλό·

1039 2075 1127 2103 μενος,
1147 2068 1177 2095 οὐ
1194 2068 1304 2104 δέξομαί
1321 2078 1368 2096 σου
1388 2066 1440 2105 τὴν
1457 2070 1543 2104 λέξιν,
1558 2071 1608 2098 κᾶν
1624 2079 1652 2098 τε
1670 2073 1721 2107 οὐχ
1737 2071 1823 2104 οὕτως

1037 2113 1146 2148 νοήσῃς.
1171 2114 1366 2149 ἡλαττωμένως
1390 2115 1464 2150 παρὰ
1478 2115 1508 2142 τὸ
1528 2117 1560 2142 ὲκ
1572 2117 1678 2153 Πατρὸς
1695 2117 1823 2153 γεγεννῆ-

1038 2157 1109 2184 σθαι.
1128 2159 1178 2190 Ἐξ
1189 2158 1326 2186 ἀκανθῶν
1336 2160 1390 2195 γὰρ
1403 2161 1439 2187 οὺ
1450 2162 1636 2195 συλλέγουσι
1653 2163 1823 2196 σταφυλὰς,

1037 2202 1106 2229 οὔτε
1123 2203 1157 2230 ἐκ
1172 2205 1314 2237 τριϐόλων
1330 2205 1425 2232 σῦκιν
1441 2206 1501 2232 οὐδὲ
1520 2206 1552 2239 ἐξ
1574 2207 1668 2242 ἀνδρὸς
1686 2208 1824 2244 πεπλανη-

200 2248 281 2271 cutus
305 2247 363 2275 est,
389 2250 484 2270 sanum
509 2249 541 2269 ac
565 2242 702 2270 sincerum
725 2243 821 2278 dogma
850 2243 984 2277 pl'OﬁciSl'i

1038 2246 1118 2281 μένου
1134 2247 1212 2283 ὀρθὸς
1224 2248 1257 2274 ἂν
1274 2248 1447 2286 ὺπολειφθείη
1461 2250 1549 2285 λόγος.
1574 2251 1685 2287 Ἐφίμου
1707 2254 1761 2289 γὰρ
1777 2242 1823 2281 καὶ

200 2293 299 2324 potest.
323 2288 419 2321 Quare.
436 2288 565 2315 Dominus
584 2289 642 2323 ipse
664 2288 800 2315 silentiunt
818 2289 988 2316 daemonibus

200 2334 321 2367 indixit,
348 2334 438 2369 quise
465 2333 603 2361 Christum
632 2342 693 2362 esse
708 2334 890 2361 fatebantur’.
910 2333 989 2366 Quod

201 2384 291 2405 atttem
307 2378 340 2405 ad
355 2385 496 2406 sacrarunt
509 2378 670 2406 Litterarum
686 2379 847 2406 sententiant
861 2384 989 2405 exactum

200 2430 261 2450 esse
277 2423 396 2450 libellum
412 2423 487 2450 illum
500 2424 610 2457 asseris,
625 2424 679 2455 die,
696 2423 793 2450 amabo
811 2427 847 2454 te,
864 2430 988 2457 qua-nam

201 2469 300 2495 divina!
322 2468 468 2503 Scriptura:
497 2477 560 2504 pars
585 2470 686 2497 factum
711 2468 794 2495 Dento
820 2468 988 2496 adorandum

201 2521 263 2541 esse
277 2514 418 2541 docuerit?
435 2514 512 2547 Quod
529 2515 601 2542 enint
616 2514 752 2549 ingenitus
767 2514 802 2541 sit
812 2513 892 2546 Deus,
907 2514 987 2541 dubi-

201 2563 241 2586 tat
259 2567 348 2586 ttemo.
367 2560 405 2586 Ac
420 2561 527 2586 tametsi
543 2559 702 2586 nominatim
719 2559 785 2586 illud
799 2560 825 2586 itt
837 2559 986 2594 Scripturis

200 2613 360 2640 expressum
378 2613 432 2632 non
455 2605 546 2637 fuerit,
563 2605 739 2632 nihilominus
756 2608 786 2632 ut
802 2605 836 2632 de
850 2604 905 2632 Deo
920 2611 986 2632 con-

201 2655 307 2679 stanter
325 2652 363 2678 ita
384 2652 536 2686 cogitemus
566 2658 598 2677 ac
621 2650 805 2686 profiteantur,
828 2659 889 2678 cum
912 2656 986 2679 recta

201 2697 300 2731 piaque
310 2697 389 2728 ratio,
409 2701 466 2723 tnnt
482 2696 624 2731 prudentia
642 2697 699 2731 ipsa
723 2697 876 2732 persuadet.
903 2697 988 2726 Addis

200 2748 276 2774 vero,
292 2749 347 2776 quo
361 2742 469 2769 athletae
488 2741 526 2768 illi
542 2742 592 2773 tui,
613 2743 653 2769 vel
670 2743 772 2769 ert-oris
798 2744 888 2777 potius
904 2744 984 2775 socii,

142 2796 154 2800 -
202 2786 309 2815 facilius
324 2787 486 2822 intelligant,
501 2787 729 2822 quemadmodum
745 2787 820 2815 brevi
839 2792 919 2824 atque
935 2796 985 2816 ex-

239 2861 249 2877 ¹
261 2861 340 2890 Rom.
358 2871 378 2896 ι,
393 2864 437 2891 25.

1038 2291 1052 2317 ὁ
1068 2291 1167 2326 Κύριος
1180 2292 1243 2323 τοὺς
1256 2292 1386 2328 δαίμονας
1425 2295 1542 2332 Χριστὸν
1559 2296 1640 2322 αὐτὸν
1657 2298 1820 2333 ὁμολογοῦνο

1039 2344 1101 2368 τας.
1123 2336 1190 2362 Κατ’
1213 2336 1317 2364 ἔννοιαν
1341 2337 1370 2364 δὲ
1393 2337 1447 2364 τῶν
1469 2337 1548 2365 Θειων
1571 2339 1687 2374 Γραφῶν
1710 2343 1825 2375 φάσκεις

1039 2377 1107 2406 εἶναι
1123 2381 1153 2406 τὸ
1173 2380 1299 2415 λογίδιον·
1319 2381 1381 2416 λέγε
1396 2391 1451 2417 μοι.
1473 2383 1537 2410 ποία
1557 2384 1651 2420 Γραφὴ
1665 2385 1724 2412 θεία
1739 2387 1824 2414 ἐδίδα-

1041 2432 1089 2451 σκε
1104 2427 1312 2461 προσκυνεῖσθαι
1325 2427 1392 2454 Θεὸν
1411 2429 1541 2464 ποιητόν;
1558 2430 1612 2457 Καὶ
1632 2431 1672 2457 ὃτι
1690 2432 1740 2466 μὲν
1758 2432 1824 2464 Θεὸς

1039 2471 1184 2508 ἀγέννητὸς
1209 2473 1283 2506 ἔστι,
1309 2474 1390 2500 παντί
1407 2483 1445 2510 τῳ
1475 2475 1558 2510 σαφὲς
1584 2476 1635 2512 εἰη.
1668 2477 1736 2504 Ἀλλ’
1764 2478 1824 2506 οὐδὲ

1039 2516 1118 2542 τοῦτο
1142 2518 1269 2552 ὀνομαστὶ
1291 2518 1411 2553 ἔγκειται
1429 2521 1457 2547 ἐν
1470 2522 1503 2556 τῇ
1522 2521 1582 2557 Θείᾳ
1600 2522 1710 2560 Γραφῇ·
1725 2524 1780 2552 ἀπὸ
1795 2525 1824 2552 δὲ

1038 2561 1119 2597 ὀρθοῦ
1138 2563 1183 2589 καὶ
1205 2563 1332 2596 εὐσεϐοῦς
1356 2564 1496 2601 λογισμοῦ,
1521 2567 1568 2594 καὶ
1590 2568 1674 2604 αὐτῆς
1692 2569 1742 2605 τῆς
1760 2579 1823 2597 συν-

1039 2607 1123 2639 έσεως
1140 2609 1203 2643 περὶ
1233 2608 1299 2635 Θεοῦ
1323 2609 1401 2636 τοῦτο
1415 2613 1484 2638 νοεῖν
1505 2612 1552 2639 καὶ
1573 2612 1663 2647 λέγειν
1683 2614 1823 2649 ἀραράτως

1039 2651 1104 2687 ἔχει.
1118 2653 1215 2687 Λέγεις
1228 2654 1267 2686 δὲ,
1286 2655 1329 2681 ἵνα
1347 2655 1445 2683 ειδέναι
1464 2656 1551 2692 ἔχοιεν
1571 2659 1595 2685 οι
1612 2659 1663 2686 ὑπὸ
1680 2659 1726 2685 σοῦ
1740 2659 1824 2695 ἀθλη-

1038 2699 1083 2725 ταί
1104 2707 1134 2725 τε
1153 2700 1200 2726 καὶ
1221 2700 1362 2736 ἀθλήτριαι
1384 2702 1554 2738 καλούμενοι,
1573 2705 1773 2740 πεπλανημένοι
1794 2706 1823 2733 δὲ

1039 2744 1150 2779 μᾶλλον,
1173 2746 1231 2777 πῶς
1253 2747 1321 2781 πρὸς
1344 2748 1458 2776 ἕκαστον
1475 2750 1644 2785 ἀποκριθῶσι
1661 2750 1705 2777 διὰ
1730 2752 1818 2778 συντό-

1040 2797 1092 2824 μου
1116 2791 1163 2817 καὶ
1186 2791 1396 2827 εὐπεριδράκτου
1417 2794 1497 2829 λόγου
1520 2796 1656 2832 στιχηρῶν
1673 2796 1775 2832 τρόπον
1788 2797 1824 2824 τὰ

475 2865 486 2880 ¹
503 2863 596 2890 Matth.
612 2872 660 2897 vn,
679 2863 726 2898 16;
744 2863 809 2890 Luc.
827 2872 864 2897 tv,
878 2864 923 2892 41.
963 2865 972 2881 ³
984 2864 1047 2893 Cor.
1062 2865 1148 2893 τοῦτο.
