1931 3041
138 179 195 207 549

445 180 629 208 ADVEItSUS
644 181 814 209 llIEBESES
834 181 888 209 LIB
918 181 962 210 lll.
984 181 1066 211 TOM.
1087 182 1106 211 I.
1127 198 1161 203 ——
1181 182 1319 211 IIERES.
1341 183 1457 213 LXXVI.

1726 182 1780 212 550

140 238 281 272 κεφάλαια
302 239 355 266 ὑπὸ
385 239 432 267 σοῦ
459 241 658 270 συντεθεῖσθαι.
682 243 728 269 Διὸ
750 242 821 270 αὐτὰ
845 243 880 270 τὰ
901 243 928 270 δο

995 244 1086 279 pedita
1106 244 1231 272 oratione
1251 244 1399 278 unicuique
1423 243 1571 278 objectioni
1595 243 1779 279 respondeant

141 284 246 311 κοῦντὰ.
273 293 320 312 σου
345 286 444 322 ισχυρὰ
469 287 580 323 ῥήματα
600 289 647 316 καὶ
671 289 824 323 σοφιστικὰ,
838 289 856 316 ἃ
873 289 940 326 πρὸς

140 330 207 361 τοὺς
222 329 333 365 μείζους
351 333 392 363 είς
415 333 570 368 ἀντιλογίαν
593 334 742 371 ἐξήσκηταί
766 344 817 368 σοι.
840 335 939 370 μᾶλλον

140 376 170 403 δὲ
189 376 233 404 ῐνα
252 377 321 412 πρὸς
337 377 386 414 τὴν
409 378 539 414 ἀλήθειαν
557 380 663 417 ὲπάρῃς
684 381 786 417 στόμα,
814 382 894 417 ἡμεῖς
913 382 937 409 οί

140 421 261 453 εὐτελεῖς
276 423 324 449 καὶ
344 423 460 458 ἰδιῶται,
473 425 521 452 καὶ
541 425 571 451 οὺ
595 425 722 461 μείζους,
742 427 810 455 ἀλλὰ
832 427 936 463 βραχύ-

140 465 217 502 τεροι
231 468 336 495 πολλῶν
353 469 408 497 τῶν
430 470 460 497 ἐν
485 472 517 506 τῇ
541 471 606 508 ἁγίᾳ
628 473 675 499 τοῦ
700 473 768 500 Θεοῦ
790 474 937 511 Ἐκκλησία

139 514 322 549 ποιησόμεθα,
337 515 375 548 ὡς
395 517 535 553 προεῖπον,
551 518 600 553 τὴν
623 518 778 556 ἀνατροπὴν
798 520 848 556 τῆς
870 522 936 548 ἀσυ-

139 559 240 586 στάτου
254 560 355 596 ταύτης
370 561 416 588 καὶ
432 561 533 598 σφόδρα
544 563 668 596 εὐτελοῦς
683 565 826 601 φλυαρίας.

993 298 1120 318 versuum
1135 297 1210 317 more
1225 294 1250 317 te
1268 289 1374 324 singula
1387 289 1477 323 capita
1494 287 1654 320 digessisse.
1677 287 1780 320 Quam-

992 335 1085 362 obrem
1104 335 1160 362 hac
1179 335 1235 370 ipsa
1252 340 1309 366 tua,
1330 339 1359 362 ut
1375 333 1484 369 quidem
1512 333 1665 365 ex‘stimas,
1684 332 1775 359 lirmis-

991 381 1071 412 sima,
1088 381 1135 408 sed
1153 380 1301 415 sophistica
1320 383 1488 415 argumenta,
1509 387 1571 413 quae
1586 378 1620 405 ad
1638 377 1780 405 confutan-

991 426 1041 453 dos
1062 426 1266 461 prmstantiores
1283 433 1412 460 quosque
1437 424 1595 456 elaborasti,
1612 428 1641 450 ιιι
1657 431 1689 451 os
1705 427 1781 449 tuum
1815 424 1820 453 ε

990 473 1108 507 superbe
1126 477 1222 500 contra
1241 473 1383 499 veritatem
1407 473 1561 503 extolleres,
1582 471 1639 498 haec
1659 478 1721 502 nos,
1742 469 1779 496 in«

989 526 1082 554 quam.
1099 518 1165 545 viles
1194 522 1222 545 et
1238 517 1337 550 idiota’,
1358 524 1446 551 neque
1466 524 1498 544 ex
1517 515 1707 552 primariorum
1725 515 1779 541 illo-

988 573 1049 593 rum
1075 572 1200 596 numero,
1229 563 1276 592 sed
1300 563 1453 598 plerisque,
1486 563 1532 597 qui
1559 562 1585 588 in
1613 565 1708 588 sancta
1733 559 1781 587 Dei

139 604 264 634 Ecclesia
279 607 604 650 censentur.inl'eriores,_
615 609 746 644 refutare,
759 615 788 638 ut
801 611 931 644 diximus,
958 609 1141 647 aggredimur,
1168 616 1198 636 ac
1224 612 1298 635 tuam
1323 607 1407 642 illam,
1435 606 1600 634 inconditam
1625 604 1779 639 abjet-tissi-

139 660 269 688 tuamque
288 655 480 689 l0quacitatem
495 657 629 685 refellere.

177 700 215 726 l".
231 700 287 726 Kal
308 701 358 732 ἕως
385 698 437 729 ὧδε
449 703 534 738 ἐχέτω
549 713 596 730 σου
610 704 626 739 ἡ
642 703 712 730 κατὰ
727 703 773 730 τοῦ
787 703 929 739 προοιμίου

139 744 350 780 ἀντίθεσις’τῆς
373 746 452 782 ἡμῶν
475 747 652 784 βραχύτητος.
681 748 778 784 ¹Αρχὴν
801 749 830 775 δὲ
852 747 931 780 αὖθις

138 789 195 816 τῶν
217 790 269 816 ὑπὸ
289 791 335 817 σοῦ
354 792 509 826 κεφαλαίων
526 794 644 828 καθεξῆς
659 794 829 828 κατατάξας,
854 795 930 822 ἀντι-

139 845 209 871 κρυς
229 837 348 872 ἑκάς-της
371 837 469 870 λέξεως
485 840 532 866 καὶ
553 840 699 874 κεφαλαίου
716 841 932 877 ἀντιπαραθήσο-

140 890 192 916 μαι
208 881 257 913 τὰς
274 882 306 909 ἐκ
323 882 378 909 τῶν
401 882 480 910 θείων
504 884 630 920 Γραφῶν,
651 885 697 912 καὶ
711 885 740 918 ὲξ
759 885 841 921 ὀρθοῦ
857 885 931 920 λογι-

139 927 211 962 σμοῦ
230 928 403 964 ἀντιρρήσεις
424 938 452 956 τε
472 930 519 956 καὶ
535 930 699 967 ζητημάτων
716 931 791 967 παρά
809 931 849 958 σοὶ
861 931 932 965 λογιο

139 973 198 999 κῶν
217 973 390 1008 ἀνατροπάς·
412 975 488 1006 ὅπως
510 976 534 1002 οἱ
556 975 624 1002 Θεοῦ
645 976 733 1003 δοῦλοι
753 976 800 1003 καὶ
821 976 931 1012 ἀληθεῖς

138 1018 272 1054 ἀθληταὶ,
289 1020 447 1055 ἐντυχόντες
457 1041 464 1053 ,
482 1021 528 1048 καὶ
547 1022 765 1057 κατανοήσαντες
777 1022 826 1058 τὴν
840 1023 931 1050 πᾶσάν

139 1073 187 1091 σου
213 1065 348 1099 ἀτοπίαν,
368 1067 595 1101 καταγελάσωσι,
620 1068 758 1103 λέγοντες·
785 1070 816 1098 Ἠ
840 1072 931 1105 ὑπερ-

138 1111 253 1145 ηφανία
272 1111 328 1145 τῆς
346 1113 471 1147 καρδίας
487 1122 545 1140 σου
560 1114 686 1148 ἐποίησέ
700 1123 749 1142 σοι
764 1116 867 1143 ταῦτα.
889 1117 931 1143 Σὺ

139 1158 194 1193 γὰρ
206 1157 292 1192 εἶπας
309 1160 402 1187 ταῦτα
413 1161 448 1187 ἐν
462 1160 498 1195 τῇ
512 1161 630 1195 διανοίᾳ
647 1170 705 1189 σου
715 1171 721 1178 ·
736 1163 931 1198 Ἀναϐήσομαι

138 1206 183 1237 είς
202 1205 256 1231 τὸν
280 1207 420 1239 οὐρανὸν,
443 1207 493 1234 καὶ
514 1207 616 1234 ἐπάνω
636 1206 697 1234 τῶν
723 1208 859 1243 ἀστέρων
878 1210 931 1237 τοῦ

137 1250 269 1284 οὐρανοῦ
284 1250 413 1286 θήσομαι
435 1252 488 1280 τὸν
504 1254 612 1286 θρόνον
626 1263 696 1288 μου.
710 1253 806 1282 Καοιῶ
821 1255 856 1281 ἐν
871 1255 931 1289 ὄρει

138 1295 248 1329 ὑψηλῷ
261 1304 267 1311 ·
290 1296 338 1324 ἐπὶ
355 1298 391 1324 τὰ
405 1297 458 1333 ὅρη
485 1299 521 1325 τὰ
540 1299 646 1332 ὑψηλὰ
670 1299 706 1326 τὰ
724 1300 799 1334 πρὸς
814 1300 931 1335 βορῤιῑν

137 1342 327 1377 ἀναϐήσομαι
343 1343 444 1378 ὅμοιος
459 1343 499 1377 τῷ
519 1345 656 1379 Ὑψίστῳ.
668 1346 743 1372 Νυνὶ
755 1346 789 1373 δὲ
800 1347 844 1379 εἰς
856 1346 930 1380 ᾅδου

138 1386 307 1421 καταϐήσῃ,
319 1389 363 1420 είς
381 1388 417 1416 τὰ
431 1388 553 1424 θεμέλια
565 1389 619 1423 τῆς
630 1389 696 1425 τῆς,
709 1391 756 1417 καὶ
771 1391 805 1418 τὰ
820 1391 893 1426 ἑξῆς.

138 1443 205 1468 ΚΑΙ
230 1444 344 1470 ΕΣΤΙΝ
369 1445 397 1470 Η
424 1445 525 1471 ΑΡΧΗ
554 1446 624 1472 ΤΩΝ
649 1445 789 1473 ΑΕΤΙΟΥ
815 1448 929 1475 ΚΕΦΛ-

403 1481 521 1507 ΛΛΙΩΝ
539 1482 562 1507 Α
569 1481 648 1508 ΥΤΗ.

173 1534 213 1560 A'.
234 1534 266 1560 Et
281 1534 391 1562 δυνατόν
404 1535 462 1562 ἐστι
483 1535 523 1571 τῷ
538 1536 678 1572 ἀγεννήτῳ
690 1536 750 1572 Θεῷ
761 1537 791 1564 τὸ
802 1538 930 1574 γεννητὸν

136 1580 285 1616 ἀγέννητον
301 1581 425 1616 ποιῆσαι.

421 1627 585 1662 ’.ἀνατροπὴ
604 1629 646 1654 Αν.

173 1672 285 1707 Πρῶτον
303 1673 352 1708 μὲν
371 1673 401 1700 τὸ
414 1675 454 1705 εἰς
469 1674 535 1700 Θεὸν
550 1674 709 1708 λογίσασθαι
721 1674 852 1702 ἀδύνατον
865 1676 925 1702 ἀσε-

136 1717 185 1750 6ὲς
195 1716 229 1754 ἢν
243 1718 322 1753 μόνον
338 1727 367 1745 τε
381 1719 507 1755 ἀπρεπὲς
519 1721 552 1755 τῇ
568 1720 652 1746 αὑτοῦ
667 1720 785 1756 θεότητι,
801 1721 849 1748 καὶ
863 1721 931 1748 αὐτὸ

135 1764 188 1790 οὐκ
203 1763 336 1791 ἀδυνάτου
352 1764 430 1796 ὄντος
443 1765 525 1791 αὐτοῦ
539 1767 637 1798 ποιεῖν,
657 1767 715 1793 ἀλλ’
729 1767 871 1802 ἀπρεποῦς
884 1767 930 1794 οὕ-

138 1817 189 1844 σης
209 1809 258 1844 τῆς
281 1809 448 1845 φαυλότητος
467 1810 527 1845 Θεῷ
538 1830 545 1841 ,
560 1807 582 1844 ᾦ
596 1810 672 1839 οὐδὲν
696 1811 843 1838 ἀδύνατον·
861 1811 929 1839 ἀλλὰ

137 1855 182 1881 διὰ
193 1855 224 1881 τὸ
235 1856 265 1882 τὸ
278 1855 379 1890 φαῦλον
397 1856 527 1884 ἀδύνατον
543 1855 612 1884 εἶναι
628 1858 661 1893 τῇ
677 1857 760 1893 ὲνθέῳ
783 1857 865 1885 αὑτοῦ
881 1858 928 1885 δυ-

137 1902 204 1936 νατῇ
219 1901 380 1938 ἀγαθότητι,
397 1902 445 1930 καὶ
460 1901 535 1938 αὺτῷ
551 1903 646 1940 ἀγαθῷ
658 1903 726 1931 ὄντι.

172 2031 227 2058 Kal.
239 2031 342 2064 ἄλλως·
359 2032 391 2060 Et
404 2033 435 2060 τὸ
454 2033 583 2070 γεννητὸν
599 2033 748 2070 ἀγέννητον
769 2034 850 2071 παρά
867 2035 926 2071 Θεῷ

136 2076 238 2110 ἀγαθὸν
249 2078 288 2109 είς
305 2078 384 2113 ἔργον
397 2079 549 2115 νομισθείη,
565 2080 703 2113 ἀδυνάτως
716 2080 744 2107 δὲ
760 2080 817 2116 ἔχει
837 2081 868 2108 τὸ
887 2083 928 2114 είς

136 2121 237 2155 ἀγαθὸν
258 2123 398 2158 γινόμενον
422 2124 532 2159 ἀγαθῶς
554 2125 727 2152 ἐπιτελέσαι·
750 2126 829 2153 τοῦτο
857 2125 927 2164 ἧττα

136 2168 201 2203 περὶ
214 2168 260 2194 τὸν
275 2168 387 2196 δυνατὸν
403 2169 456 2205 εἴη,
478 2169 639 2205 βουλομένου
657 2171 687 2198 τὸ
699 2172 862 2207 προκριτέον
879 2174 926 2208 ἑρ-

135 2212 281 2247 γάσασθαι,
303 2214 350 2240 καὶ
376 2214 413 2250 μὴ
439 2214 600 2250 δυναμένου.
621 2215 652 2242 Et
674 2216 703 2242 δὲ
723 2216 754 2242 τὸ
777 2216 925 2253 ἀγέννητον

135 2259 247 2293 ἀγαθὸν,
260 2259 291 2286 τὸ
303 2259 433 2295 γεννητὸν
446 2260 474 2287 δὲ
491 2261 520 2288 ἐν
533 2262 566 2296 τῇ
589 2260 641 2296 ίδίᾳ
659 2261 734 2294 τάξει
751 2262 860 2296 ἀγαθῶς
879 2270 925 2296 γε-

135 2305 272 2341 γέννηται,
289 2306 393 2342 ἀγαθῆς
406 2306 488 2342 οὔσης
510 2307 539 2340 ἐξ
560 2307 663 2341 ἀγαθοῦ
678 2307 745 2334 Θεοῦ
758 2308 807 2344 τῆς
822 2309 925 2341 τάξεως

136 2349 182 2377 τοῦ
204 2350 345 2387 γεννητοῦ,
366 2352 412 2378 καὶ
435 2353 500 2388 παρ’
524 2352 599 2388 αὐτῷ
614 2352 800 2389 νομισθείσης,
823 2354 873 2381 οὐκ
892 2354 925 2382 ἂν

121 2397 258 2455 “minus
271 2397 300 2423 τὸ
313 2397 555 2455 καλῶςὶγεῖνητὸν,
561 2399 718 2455 ἀγέννητρν,
727 2401 823 2455 inﬁdi}
832 2401 925 2454 καλῶς

135 2441 288 2477 νενόμισται
302 2443 376 2479 αὐτῷ
388 2444 418 2470 τὸ
431 2443 518 2476 οὕτως
531 2444 599 2471 εἶναι
616 2444 709 2472 καλόν.
727 2446 803 2472 Ἐπεὶ
816 2444 862 2473 οὖν
875 2447 923 2474 τοῦ

117 2484 123 2533 ἱ
135 2487 216 2514 καλοῦ
234 2489 294 2524 οὐχὶ
306 2488 349 2515 διὰ
365 2489 396 2515 τὸ
410 2489 540 2517 ἀδύνατον
552 2490 582 2516 οὐ
597 2490 793 2526 μεταϐάλλεται
807 2492 823 2527 ἡ
836 2492 922 2524 τάξις,

134 2533 202 2559 ἀλλὰ
227 2533 269 2560 διὰ
295 2533 326 2560 τὸ
348 2534 458 2568 ἀγαθῶς
485 2534 572 2566 οὕτως
593 2533 681 2562 εἶναι’
707 2536 808 2570 ἀγαθὸς
830 2537 884 2573 ἄρα
908 2538 923 2564 ὁ

133 2579 281 2615 ἀγέννητος
296 2579 372 2612 Θεὸς,
394 2580 483 2615 ἀγαθά
499 2581 527 2607 δὲ
540 2581 574 2607 τὰ
590 2582 620 2614 ἐξ
635 2581 717 2609 αὐτοῦ
743 2582 877 2618 γενόμενα
893 2584 922 2610 ἐν

133 2625 166 2660 τῇ
184 2624 236 2660 ἰδίᾳ
246 2625 332 2658 τάξει,
350 2627 387 2661 μὴ
404 2626 521 2653 λαϐόντα
538 2624 686 2663 ἀγεννήτου
701 2627 796 2664 ὄνομα.
816 2629 852 2656 Οὐ
867 2628 922 2665 γὰρ

134 2669 212 2702 θεοὺς
228 2672 353 2703 κτιστοὺς
371 2672 508 2708 εποίησεν,
531 2672 574 2699 ἵνα
597 2672 709 2709 θάτερον
726 2673 834 2709 θατέρῳ
849 2682 921 2708 ’ταρ-

135 2716 319 2752 εκτεινόμενον
334 2718 453 2755 ἀφανίζῃ
472 2718 516 2745 διὰ
531 2719 580 2753 τῆς
595 2719 753 2754 ἐπωνυμίας
773 2720 803 2746 τὸ
818 2720 922 2746 ἀνώνυ-

136 2770 184 2797 μον
198 2762 245 2789 τοῦ
267 2763 390 2798 μείζονος
404 2764 472 2799 πρὸς
491 2764 521 2791 τὸ
541 2762 632 2801 ἦττον.
656 2765 687 2792 Εἰ
700 2765 750 2801 μὲν
766 2765 820 2802 γὰρ
835 2767 850 2793 6
871 2766 921 2802 μὲν

133 2808 188 2834 ἔστι
204 2808 269 2840 Θεὸς
284 2809 442 2844 ἀγέννητος,
456 2811 470 2836 ὁ
481 2810 508 2836 δὲ
523 2810 589 2842 Θεὸς
600 2810 738 2846 γεννητὸς,
747 2810 801 2837 τῶν
814 2811 920 2846 φύσεων

171 2890 179 2903 ¹
194 2888 246 2914 lsa.
263 2895 318 2919 xw,
343 2888 429 2916 15-15.

1020 702 1063 728 111.
1081 702 1133 729 Sed
1148 701 1280 729 adversus
1291 704 1369 728 tuum
1385 699 1451 727 illud
1466 698 1629 734 prommium
1644 697 1779 726 hactenus

984 748 1151 784 disputatum
1167 751 1220 775 est.
1247 747 1332 774 Venio
1348 753 1422 774 nunc
1444 745 1477 772 ad
1498 745 1564 772 illud
1580 748 1690 771 tuorum
1705 744 1779 779 capi-

985 799 1041 822 tqu
1064 790 1238 830 principium,
1262 793 1335 828 quod
1362 792 1410 820 ubi
1436 799 1615 827 proposuero,
1645 791 1779 819 adversus

986 846 1206 874 unamquamque
1226 845 1319 866 vocem
1334 842 1362 866 et
1387 841 1469 872 caput
1492 843 1569 864 suam
1582 835 1778 868 refutationem

985 893 1000 913 e
1015 886 1102 914 sacris
1118 884 1237 917 Litteris,
1254 891 1287 911 ac
1304 887 1380 910 recta
1395 883 1499 910 ratione
1513 882 1713 917 depromptam,
1728 882 1779 909 hoc

982 935 1024 959 est
1054 931 1202 965 logiearum
1224 929 1347 956 omnium
1372 932 1482 955 tuarum
1508 927 1689 962 qtueslionum
1721 927 1779 954 dis-

982 977 1145 1004 solutionem
1164 983 1310 1011 opponam.
1336 974 1371 1002 Ut
1394 982 1456 1002 cum
1476 973 1523 1001 Dei
1538 973 1622 1005 servi,
1642 972 1779 1008 iidemque

982 1023 1102 1049 veriores
1126 1022 1244 1052 athletae,
1272 1028 1303 1047 ex
1327 1021 1361 1048 iis
1385 1020 1488 1047 nostris
1505 1027 1587 1054 quam
1609 1019 1725 1046 absurda
1741 1019 1778 1046 sit

981 1066 1105 1093 doctrina
1119 1069 1163 1092 tua
1175 1064 1334 1100 didicerint,
1351 1064 1492 1095 irrideant,
1505 1068 1532 1090 et
1546 1064 1611 1090 illud
1625 1067 1775 1099 usurpent:

982 1111 1111 1145 Superbia
1128 1111 1217 1138 cordis
1233 1111 1272 1137 tui
1294 1110 1349 1137 [nec
1372 1109 1419 1137 tibi
1437 1109 1509 1144 fecit.
1540 1109 1579 1136 Tu
1597 1109 1666 1136 enim
1683 1109 1778 1136 dixisti

981 1148 1036 1184 lta'e
1050 1158 1075 1184 in
1089 1157 1246 1192 cogitatione
1257 1160 1320 1183 tua:
1335 1155 1482 1183 Ascendam
1498 1155 1526 1181 in
1535 1157 1639 1187 uelum,
1655 1159 1680 1182 ιιι
1693 1162 1776 1189 supra

982 1203 1073 1229 stellas
1091 1201 1149 1228 σαιίί
1164 1209 1259 1235 ponam
1279 1201 1402 1228 thronum
1420 1208 1516 1228 meum.
1534 1199 1634 1228 Sedabo
1648 1200 1674 1226 in
1690 1204 1776 1226 monte

981 1249 1084 1275 excelso
1105 1256 1186 1282 supra
1208 1252 1309 1274 niontcs
1330 1247 1439 1274 arduos.
1460 1246 1495 1273 ad
1518 1246 1666 1281 aquilonem
1685 1253 1776 1272 asrcu-

983 1295 1045 1320 dam
1063 1302 1143 1328 supra
1156 1294 1246 1326 nubes,
1261 1298 1285 1320 et
1297 1302 1341 1320 ero
1353 1293 1448 1320 similis
1458 1293 1607 1320 Altissimo.
1626 1292 1703 1319 Nunc
1716 1300 1776 1319 rem

982 1339 1016 1367 ad
1029 1340 1126 1375 inferos
1138 1339 1290 1371 descendas,
1303 1339 1337 1366 ad
1349 1339 1523 1374 fundamenta
1533 1344 1610 1367 terra:
1619 1339 1639 1371 ¹,
1649 1343 1702 1366 etc.

1078 1438 1161 1475 931.
1174 1437 1382 1466 INClPlUN'I'
1400 1437 1509 1465 ΑΕΗ]
1529 1437 1674 1466 εΑΡιΤ.ι.

1018 1528 1036 1554 l.
1051 1527 1078 1554 Si
1095 1527 1231 1562 iugi-uitus
1244 1526 1315 1554 Deus
1325 1529 1415 1562 potest
1427 1525 1498 1561 quod
1511 1525 1632 1570 genitum
1646 1527 1688 1552 est
1699 1531 1774 1559 lngo-

942 1575 966 1606 C
983 1574 1070 1602 nilum
1089 1574 1191 1602 facere.

1281 1619 1438 1654 Confutatio
1451 1618 1477 1647 1.

1016 1665 1045 1693 lu
1062 1666 1159 1700 primis
1167 1674 1229 1694 esse
1241 1665 1354 1700 aliquid,
1369 1665 1443 1701 quod
1455 1664 1526 1692 Deus
1540 1665 1631 1692 facere
1644 1668 1772 1700 nequeat,

980 1713 1093 1747 imp‘um
1112 1717 1154 1740 est
1177 1712 1309 1748 cogitare,
1336 1715 1364 1739 ct
1382 1711 1492 1746 quidem
1509 1711 1613 1746 aliquid
1635 1715 1679 1744 est
1702 1712 1773 1740 dun~

979 1763 1064 1790 taxat.
1077 1759 1149 1793 quod
1163 1758 1246 1786 Deum
1259 1758 1371 1786 minime
1382 1758 1493 1786 deceat:
1507 1765 1561 1785 non
1573 1758 1646 1793 quod
1659 1758 1692 1785 ad
1706 1758 1773 1786 illud

980 1804 1133 1832 faciendum
1152 1805 1220 1832 satis
1236 1804 1334 1831 virium
1352 1811 1407 1831 non
1425 1803 1525 1832 habeat
1536 1823 1544 1836 ,
1565 1803 1613 1832 sed
1629 1804 1700 1838 quod
1715 1811 1774 1833 ma-

980 1850 1035 1877 litia
1052 1849 1126 1877 verbi
1142 1850 1241 1885 gratia,
1259 1849 1356 1881 Deum,
1380 1849 1423 1877 cui
1446 1849 1513 1876 nihil
1530 1849 1701 1884 impossibile
1718 1855 1772 1882 est,

979 1895 1091 1922 minime
1104 1896 1214 1929 deceat;
1243 1902 1276 1922 eo
1289 1894 1362 1930 quod
1375 1895 1476 1922 malum
1490 1902 1572 1922 omne
1584 1894 1685 1922 divinae
1698 1894 1773 1922 illius

979 1948 1011 1968 ac
1030 1941 1226 1976 potentissimae
1242 1940 1371 1974 bonitati,
1394 1939 1501 1976 ipsique
1518 1940 1597 1973 adeo.
1619 1940 1666 1976 qui
1683 1940 1773 1969 bonus

977 1992 1031 2020 est,
1047 1986 1215 2022 impossibile
1231 1986 1277 2014 sit.

1013 2032 1147 2061 Praeterea
1161 2042 1167 2061 :
1186 2032 1215 2062 Si
1228 2031 1302 2068 quod
1324 2032 1425 2060 factum
1441 2039 1474 2059 ac
1488 2032 1609 2067 genitum
1627 2035 1680 2062 est.
1697 2032 1773 2067 inge-

977 2079 1063 2105 nitum
1076 2079 1150 2106 reddi
1162 2075 1233 2106 facto
1249 2079 1308 2114 ipso
1320 2079 1420 2106 bonum
1433 2078 1572 2113 judicaret
1588 2078 1669 2111 Deus,
1683 2086 1773 2113 neque

977 2127 1068 2150 tamen
1086 2123 1159 2150 istud
1172 2123 1236 2150 boni
1251 2123 1319 2151 bene
1329 2122 1460 2157 perlicere
1472 2128 1575 2157 posset,
1589 2128 1645 2150 tum
1661 2122 1772 2150 demum

976 2172 1132 2204 praepotens
1159 2168 1204 2196 ille
1216 2168 1289 2197 Deus
1309 2169 1414 2196 viribus
1427 2168 1575 2196 destitutus
1588 2176 1650 2196 esse
1666 2168 1773 2197 videre-

976 2217 1040 2246 tur;
1066 2214 1198 2249 quiquod
1216 2214 1390 2249 praestantius
1411 2218 1454 2243 est
1471 2215 1561 2242 moliri
1577 2215 1703 2250 cupiens,
1721 2223 1771 2243 ηρ-

978 2267 1115 2296 quaquam
1130 2265 1223 2295 ροεςυι
1235 2261 1354 2296 assequi.
1374 2261 1474 2288 Verum
1486 2269 1548 2288 cum
1567 2266 1593 2288 et
1605 2262 1678 2297 quod
1694 2262 1770 2298 inge-

979 2307 1067 2333 nitum
1082 2309 1135 2339 est,
1151 2306 1252 2333 bonum
1271 2306 1317 2338 sit,
1335 2311 1361 2334 et
1377 2306 1449 2341 quod
1466 2306 1586 2341 genitum
1604 2310 1655 2339 est,
1674 2315 1724 2334 suo
1742 2307 1769 2334 in

979 2351 1075 2379 ordine
1086 2352 1155 2380 bene
1168 2352 1204 2379 sit
1217 2352 1349 2388 genitum,
1365 2352 1494 2387 quoniam
1511 2353 1663 2388 genitarum
1676 2361 1768 2381 rerum

977 2398 1100 2426 conditio
1127 2399 1198 2425 bona
1224 2403 1276 2431 est,
1301 2402 1328 2425 et
1352 2406 1368 2425 a
1391 2398 1463 2426 bono
1479 2398 1533 2425 Deo
1560 2398 1692 2434 profecta,
1719 2407 1769 2427 nec

977 2445 1055 2472 aliter
1069 2444 1104 2471 ab
1118 2452 1151 2472 eo
1163 2444 1223 2479 ipso
1233 2444 1385 2479 judicatur,
1400 2451 1540 2480 nunquam
1555 2444 1600 2472 ille
1610 2445 1683 2480 quod
1699 2453 1769 2481 prte-

976 2492 1050 2520 clare
1063 2492 1185 2528 genitum
1200 2496 1253 2525 est,
1271 2492 1419 2528 ingenitum
1439 2469 1528 2519 facere
1542 2469 1632 2520 voletjz
1648 2469 1785 2535 qua.ndo-{

976 2538 1084 2572 quidem
1104 2538 1142 2565 ita
1166 2545 1196 2566 se
1219 2545 1275 2565 rem
1299 2538 1400 2566 habere
1416 2538 1518 2565 bonum
1538 2545 1610 2570 esse,
1632 2537 1703 2566 idem
1724 2538 1768 2565 ille

976 2591 1137 2618 persuasum
1167 2582 1257 2611 habet.
1280 2582 1463 2616 Quamobrem
1482 2574 1544 2610 cum
1563 2582 1628 2611 boni
1645 2582 1767 2610 conditio

975 2629 1051 2656 nullo
1070 2629 1151 2657 modo
1174 2634 1304 2662 mutetur,
1322 2638 1376 2658 non
1398 2630 1471 2666 quod
1489 2630 1515 2658 id
1534 2630 1572 2658 illi
1598 2629 1768 2665 impossibile

975 2675 1022 2708 sit,
1047 2675 1094 2703 sed
1115 2676 1187 2712 quod
1206 2676 1274 2704 bene
1289 2676 1323 2703 ad
1346 2685 1408 2706 eum
1426 2677 1536 2704 modum
1554 2676 1702 2704 constituta
1719 2675 1765 2708 sit,

974 2720 1063 2749 bonus
1078 2722 1169 2756 utique
1187 2722 1275 2750 lactus
1292 2730 1307 2750 a
1322 2723 1397 2750 nullo
1413 2722 1486 2751 Deus
1505 2726 1557 2755 est,
1573 2722 1643 2750 bona
1660 2722 1766 2754 itidem.

973 2774 1034 2801 quae
1053 2766 1088 2794 ab
1105 2774 1138 2795 eo
1157 2771 1221 2795 sunt
1239 2769 1265 2796 in
1279 2769 1376 2797 ordine
1391 2776 1442 2797 suo
1459 2768 1540 2800 facta,
1562 2768 1670 2796 tametsi
1689 2768 1766 2803 inge-

949 2813 954 2821 ‘
974 2811 1023 2838 niti
1048 2811 1228 2846 appellatione
1251 2818 1371 2841 careant.
1393 2813 1452 2840 Non
1475 2814 1546 2842 enim
1571 2817 1679 2842 creatos
1701 2812 1767 2840 deos

1811 383 1822 443 ἱ
