1931 3041
169 193 220 222 551

875 190 904 217 5.
927 189 1093 217 Ei‘il‘llANll

1743 189 1796 216 552

170 250 303 282 condidit,
319 254 348 277 ut
365 249 479 276 alterum
492 257 553 275 cum
569 249 653 275 altero
667 253 854 283 comparatum
870 250 960 284 appel-

1015 251 1200 286 ἀκοινωνήτων
1216 250 1320 282 οὐσῶν,
1335 249 1464 277 ἀδύνατόν
1476 249 1533 275 ἐστι
1547 247 1712 282 κοινωνῆσαι
1725 247 1796 274 κατᾶ

172 297 274 324 latione
290 296 348 331 ipsa
371 296 521 330 superioris
545 303 627 329 supra
652 295 808 322 inferiorem
822 296 958 322 excellen-

171 343 249 376 tiam,
271 349 331 377 qua}
353 342 427 368 nulla
447 342 625 376 appellatione
645 340 838 376 comprehendi
860 344 958 374 potest.

171 390 300 416 obscuret
317 393 345 415 et
367 388 531 422 exstinguat.
560 387 626 414 Nam
643 387 667 415 si
685 387 754 415 Deus
770 387 838 414 alter
855 394 869 413 a
886 387 960 413 nullo

173 434 272 465 factus,
288 434 357 460 alter
371 433 460 460 lactus
473 439 525 465 est,
538 441 600 460 cum
617 432 691 460 nulla
708 432 744 459 sit
761 432 831 459 inter
846 436 961 459 naturas

172 479 337 511 communio,
358 479 414 505 ﬁeri
430 486 483 506 non
500 483 600 513 potest,
621 483 651 505 ut
668 477 819 505 secundum
835 482 960 504 naturam

172 525 290 552 nominis
315 524 388 551 illius
410 524 569 559 dignitatem
590 531 762 550 communem
781 523 889 556 habeat,
907 521 961 549 nisi

172 571 240 598 forte
255 571 386 597 abusione
403 570 520 605 quadam
547 573 574 596 et
591 570 689 605 gratia,
709 570 761 596 hoc
785 572 827 597 est
850 569 962 604 partici-

173 617 282 652 patione
294 616 421 651 quadam.
435 615 491 642 ﬁeri
506 615 624 647 dicatur,
640 619 669 641 ut
680 614 815 649 ejusmodi
830 614 962 642 beneﬁcio

173 662 330 690 inferiorem
345 661 421 689 dives
436 661 545 689 alliciat.
559 661 626 688 Nam
646 661 691 689 ille
702 661 811 696 quidem
829 661 880 689 sibi
893 669 963 688 nun-

172 715 254 743 quam
267 707 418 743 superioris
430 715 527 735 nomen
541 707 712 741 imposuerit,
726 711 755 734 ut
767 707 815 742 qui
830 715 859 735 se
870 707 904 734 ab
916 707 962 734 illa

171 750 433 790 nattlraigdig‘nitate
457 753 691 788 appellationeque
715 753 833 780 alienum
850 760 962 787 prorsus

170 800 316 836 intelligat.
333 799 405 827 Sane
417 799 495 830 illud,
511 806 527 826 ο
544 799 615 829 Acti,
631 799 728 825 merito
741 798 788 825 tibi
802 798 900 832 aliquis
911 798 961 825 ob-

169 846 284 882 iecerit:
313 845 384 872 Deus
397 850 454 871 erat
471 843 601 871 Verbum‘
613 864 620 876 ,
644 851 731 878 neque
748 842 865 870 Verbum
891 842 962 869 Deus

172 893 272 919 factum
283 895 334 919 est.
344 890 460 923 Quinam
473 897 538 917 vero
547 889 743 916 nobilissimam
756 888 961 922 appellationem

1010 297 1090 331 φύσιν
1103 297 1142 332 τῷ
1157 298 1204 324 τοῦ
1218 298 1349 333 ὀνόματος
1363 296 1508 332 ἀξιώματι,
1525 294 1583 321 ἀλλ’
1600 295 1624 320 εί
1643 294 1697 329 ἄρα
1713 301 1797 320 κατα-

1009 345 1142 379 χρηστικῇ
1155 352 1207 370 τινι
1223 344 1325 379 χάριτι,
1336 342 1383 369 καὶ
1396 342 1462 369 αὐτὸ
1475 342 1545 368 κατὰ
1560 339 1737 380 συμμετοχὴν
1751 338 1798 365 τοῦ

1009 389 1136 415 πλουσίου
1159 389 1337 425 χαριζομένου
1358 387 1397 423 τῷ
1416 388 1520 422 ἣσσονι.
1539 387 1568 413 '0
1587 386 1615 412 δὲ
1637 386 1732 420 ἥσσων
1749 384 1800 410 οὐκ

1010 435 1043 461 ἄν
1057 443 1122 461 ποτε
1138 436 1178 466 είς
1197 435 1228 461 τὸ
1241 434 1288 461 τοῦ
1305 434 1426 470 μείζονος
1448 433 1533 468 ὄνομα
1550 431 1645 458 ἑαυτὸν
1660 430 1799 466 καλέοεειε,

1011 480 1168 507 παντάπασι
1178 479 1321 514 γινώσκων
1332 479 1471 514 ἀλλότριον
1482 478 1579 505 ἑαυτὸν
1592 477 1657 503 ὅντα
1669 475 1718 502 τοῦ
1728 475 1801 501 κατὰ

1011 526 1091 560 φύσιν
1107 525 1260 562 ἀξιώματός
1276 534 1305 552 τε
1322 526 1370 552 καὶ
1385 525 1526 560 ὀνόματος.
1546 523 1639 556 Λέξειε
1664 522 1686 548 δ’
1706 522 1740 548 ἄν
1758 521 1802 552 τίς

1012 580 1064 603 σοι,
1076 568 1098 598 ὦ
1113 572 1207 603 Ἀέτιε,
1224 571 1264 603 τὸ,
1277 571 1349 604 Θεὸς
1362 569 1400 606 ἦν
1415 572 1431 597 ὁ
1441 570 1536 605 Λόγος
1545 577 1552 584 ·
1572 568 1619 595 καὶ
1627 568 1677 594 οὐκ
1692 566 1803 600 ἐγένετο

1011 618 1078 650 Θεὸς
1086 619 1100 644 ὁ
1111 618 1205 651 Λόγος.
1213 617 1275 649 Πῶς
1286 617 1342 649 ἕξει
1355 617 1386 643 τὸ
1399 616 1469 643 κατὰ
1482 616 1562 650 φύσιν
1576 615 1625 649 τῆς
1637 613 1779 647 εὐγενείας
1790 611 1802 627 ³

1011 664 1106 698 ὄνομα,
1124 663 1141 698 ἥ
1158 663 1217 694 πῶς
1235 662 1408 698 ίσωθήσεται,
1424 662 1503 697 είπερ
1525 670 1552 687 τι
1573 660 1668 694 γέγονε
1693 658 1733 693 τῷ
1753 656 1803 684 τοῦ

1012 708 1131 745 Χριστοῦ
1143 708 1294 743 (ignitum-rt;
1305 709 1340 734 Ἦ
1349 708 1406 739 πῶς
1414 708 1454 740 τὸ,
1467 707 1540 740 Θεὸς
1547 704 1596 741 ἦν,
1604 704 1802 739 ἐκκοπήσεται,

1012 755 1107 790 χρόνον
1117 755 1153 790 μὴ
1168 753 1411 789 ὲπιδεχομένουτοῦ
1424 752 1463 788 ἦν
1477 753 1608 788 διαίρεσιν
1620 749 1803 786 ἐργάσασθαι,

1013 799 1064 826 κᾶν
1076 800 1105 825 ἐν
1118 799 1156 834 τῷ
1171 799 1294 834 τυχόντις
1314 799 1410 836 Γνώσῃ
1429 799 1467 830 δὲ,
1481 799 1521 825 ὅτι
1537 798 1652 833 ἄναρχος
1659 796 1737 827 Θεὸς,
1749 795 1801 821 καὶ

1012 845 1158 878 ἀγέννητος
1167 845 1233 877 Θεὸς
1244 845 1387 880 ἐγέννησεν
1394 846 1423 878 ἐξ
1432 844 1514 871 αὐτοῦ
1525 843 1590 870 Θεὸν
1597 844 1689 878 ὅμοιον
1700 840 1803 875 ἐαυτῷ,

1013 891 1043 917 οὐ
1057 891 1147 925 μόνον,
1155 890 1223 917 ἀλλὰ
1233 891 1280 917 καὶ
1292 891 1349 917 ἴσον
1363 891 1434 917 κατὰ
1449 890 1547 917 πάντα.
1559 889 1613 915 Καὶ
1622 889 1672 914 οὐκ
1682 887 1804 917 ἔκτισεν,

171 943 268 964 natura
286 937 336 964 sibi
354 933 514 968 vindicabit,
530 940 577 962 aut
588 935 741 969 aequabitur
756 934 841 965 Patri,
857 934 879 962 si
895 934 959 968 quid

1015 937 1053 964 ἵνα
1077 936 1128 972 μὴ,
1145 936 1271 972 ἀνόμοιος
1291 937 1305 963 ὁ
1324 936 1444 967 κτισθεὶς
1459 936 1614 971 γενόμενος,
1628 934 1748 969 ἀφανίσῃ
1771 932 1805 958 τὺ

170 984 204 1011 ad
221 983 321 1011 Christi
345 982 505 1017 dignitatem
530 980 701 1008 accesserit?
721 979 802 1015 935
827 981 878 1006 Aut
893 980 959 1007 illud

171 1036 287 1063 quanam
303 1028 408 1054 ratione
423 1027 559 1061 amputari
582 1026 691 1061 poterit,
722 1026 791 1052 Deus
812 1030 879 1054 erat.
897 1032 958 1052 cum

170 1082 232 1104 vox,
241 1079 309 1103 erat,
320 1073 424 1099 nullum
437 1072 477 1099 vel
485 1072 649 1099 levissimam
660 1072 788 1106 temporis
798 1071 959 1098 divisionem

172 1119 321 1146 admittat?
335 1118 453 1146 Proinde
463 1118 535 1145 scire
547 1123 575 1145 te
592 1118 657 1145 illud
673 1121 791 1153 oportet,
809 1117 892 1145 Deum
908 1118 961 1144 ini-

172 1166 210 1192 tio
223 1168 371 1197 carentem,
389 1168 416 1191 et
432 1171 446 1190 a
466 1164 542 1190 nullo
559 1163 660 1190 factum
675 1163 791 1191 similem
806 1163 857 1190 sibi
874 1163 957 1190 Deum

170 1218 195 1237 a—
209 1211 300 1245 seipso
322 1209 450 1244 genuisse
480 1208 602 1244 adeoque
619 1209 647 1235 in
673 1208 801 1235 omnibus
815 1207 957 1242 aequalem.

170 1256 255 1289 Quem
269 1254 379 1289 quidem
396 1254 507 1280 minime
521 1261 629 1281 creasse
641 1253 752 1286 dicitur,
763 1261 808 1286 ne,
818 1254 840 1280 si
849 1257 959 1281 creatus

170 1304 245 1327 esset
267 1300 382 1334 ideoque
414 1299 555 1327 dissimilis
576 1299 656 1331 foret,
682 1299 851 1332 diversitate,
871 1298 960 1326 varie-

171 1350 282 1380 tateque
309 1352 358 1372 sua
387 1343 434 1372 Dei
461 1344 668 1379 appellationem
691 1352 706 1371 e
728 1344 817 1371 medio
841 1343 958 1370 tolleret.

172 1391 278 1419 Etenim
291 1390 348 1418 ﬁeri
365 1397 419 1418 non
437 1394 539 1425 potest,
560 1394 589 1417 ut
608 1391 654 1425 qui
668 1393 779 1425 generat
799 1388 959 1416 dissimilem

171 1437 214 1464 sui
243 1435 460 1471 inatqualemque
476 1435 620 1470 producat,
638 1439 684 1462 aut
707 1438 737 1461 ut
758 1434 868 1469 genitus
881 1441 961 1468 gene-

172 1482 258 1510 rantis
276 1482 311 1509 sit
326 1481 480 1509 dissimilis.
499 1480 633 1513 Quocirca
649 1480 801 1507 naturalem
817 1479 961 1514 utriusque

172 1528 340 1554 identitatcm
364 1527 462 1554 retinet
485 1526 522 1558 id,
544 1526 616 1561 quod
632 1525 788 1560 evangelico
805 1526 960 1552 testimonio

1010 982 1057 1008 τοῦ
1071 982 1142 1015 Θεὸς
1155 982 1240 1017 ὗνομα
1254 982 1297 1009 διὰ
1309 982 1358 1018 τῆς
1372 981 1538 1013 διαστάσεως
1552 980 1601 1016 τῆς
1611 979 1804 1016 παραλλαγῆς.

1016 1028 1157 1055 ’Δδύνατον
1178 1028 1233 1064 γὰρ
1256 1028 1302 1054 τὸν
1328 1027 1465 1062 γεννῶντα
1491 1027 1616 1062 ἀνόμοιον
1639 1026 1687 1052 καὶ
1710 1025 1805 1051 ἄνισον

1009 1073 1106 1108 γεννᾷν
1127 1073 1234 1104 ἑαυτοῦ,
1251 1073 1298 1099 καὶ
1313 1073 1358 1099 τὸν
1373 1072 1571 1108 γεγεννημένον
1585 1071 1711 1105 ἀνόμοιον
1731 1068 1804 1096 εἶναι

1009 1117 1056 1143 τοῦ
1074 1117 1281 1152 γεγεννηκότος.
1293 1117 1338 1144 Διὸ
1356 1115 1473 1143 ἐνταῦθα
1486 1115 1664 1152 περιλήψεται
1676 1114 1727 1149 τῆς
1737 1123 1806 1141 ταυ-

1008 1161 1120 1197 τότητος
1141 1162 1171 1189 τὸ
1194 1162 1265 1189 κατὰ
1286 1162 1367 1196 φύσιν
1390 1162 1420 1195 eg
1437 1161 1618 1196 εὐαγγελικῆς
1636 1160 1804 1196 μαρτυρίας,

1011 1207 1052 1233 ὅτι
1063 1207 1164 1234 Πάντα
1178 1207 1214 1234 τὰ
1225 1207 1278 1234 τοῦ
1294 1208 1408 1242 Πατρός
1419 1207 1475 1242 ἐμά
1491 1208 1566 1240 ἐστι,
1581 1206 1719 1233 τουτέστι·
1735 1205 1805 1236 Θεὸς

1012 1253 1026 1279 ὸ
1042 1252 1154 1288 Πατὴρ,
1174 1252 1239 1284 Θεδς
1255 1252 1311 1287 ὲγώ
1324 1260 1332 1267 ’
1355 1252 1410 1287 ζωὴ
1428 1253 1442 1278 ὁ
1458 1253 1551 1287 Πατὴρ
1565 1273 1572 1284 ,
1590 1250 1647 1286 ζωὴ
1665 1250 1734 1284 ἐγώ·
1755 1250 1806 1276 καὶ

1011 1298 1046 1325 τὰ
1056 1298 1131 1333 ἑξῆς,
1141 1299 1231 1325 πάντα
1244 1298 1294 1324 ὅσα
1306 1298 1406 1333 πρέπει
1419 1298 1517 1333 Πατρὶ,
1531 1297 1578 1324 καὶ
1593 1296 1659 1332 Υἱῷ,
1672 1297 1717 1322 καὶ
1731 1296 1804 1331 ἁγίῳ

1013 1343 1150 1379 Πνεύματι
1173 1344 1202 1370 ὲν
1221 1344 1271 1378 μιᾷ
1290 1343 1415 1378 θεότητι,
1433 1343 1516 1378 μηδὲν
1541 1343 1590 1378 τῆς
1605 1342 1719 1378 Τριάεος
1732 1350 1806 1377 παρ-

1012 1388 1182 1424 ηλλαγμένον
1215 1388 1346 1424 ἐχούσης·
1383 1388 1476 1422 σαφῶς
1503 1389 1569 1423 ἡμῖν
1598 1387 1724 1423 ἁνάρχως
1756 1387 1806 1413 καὶ

1012 1436 1134 1472 ἀχρόνως
1149 1436 1195 1463 τοῦ
1207 1436 1389 1463 ὲνυποςτάτου
1407 1435 1493 1470 Λόγου
1508 1434 1555 1462 τοῦ
1568 1435 1684 1469 Πατρὸς,
1696 1434 1743 1460 καὶ
1755 1433 1805 1460 τοῦ

1012 1481 1195 1508 ἑνυποστάτον
1219 1481 1379 1516 Πνεύματος
1397 1481 1444 1508 τοῦ
1468 1481 1546 1516 ἁγίου
1561 1481 1593 1507 ἐκ
1609 1480 1715 1516 Πατρδς
1728 1499 1735 1512 ,
1756 1479 1806 1506 καὶ

1011 1527 1057 1553 τὸν
1074 1527 1121 1554 τοῦ
1137 1527 1214 1560 Υἱοῦ,
1241 1527 1320 1564 ήμῶν
1336 1528 1365 1554 ὲν
1389 1526 1489 1562 γνώσει
1517 1526 1609 1561 τελείᾳ
1632 1526 1806 1562 ἠσφαλισμέ-

172 1574 270 1605 lertur.
288 1573 314 1600 in
331 1581 386 1608 quo
399 1573 436 1600 ita
452 1573 584 1607 scriptum
599 1577 641 1600 est
654 1581 660 1599 :
683 1571 779 1599 Omnia
794 1579 852 1606 qua»:
866 1571 958 1598 Patris
972 1570 995 1600 C
1009 1581 1066 1600 νου.

171 1623 233 1645 sunt
249 1627 306 1645 mea
321 1620 411 1650 sunt',
428 1618 480 1646 hoc
496 1621 548 1650 est,
563 1617 634 1645 Deus
645 1621 688 1646 est
699 1617 789 1650 Pater,
804 1625 854 1652 ego
873 1617 966 1645 itidem
1003 1617 1094 1651 Deus;
1124 1618 1180 1645 vita
1197 1624 1240 1646 est
1266 1617 1357 1651 Pater,
1383 1625 1434 1654 ego
1453 1617 1535 1646 etiam
1557 1617 1629 1649 vita:
1653 1620 1680 1644 et
1706 1620 1805 1644 caetera

171 1663 252 1692 omni.
289 1671 349 1698 quae
362 1663 448 1697 Patri,
468 1663 537 1690 Filio
547 1667 576 1690 et
588 1662 701 1699 Spiritui
715 1668 811 1691 sancto
823 1663 851 1690 iu
870 1670 924 1690 una
939 1663 1082 1691 divinitate
1095 1664 1272 1697 conveniunt,
1288 1672 1350 1691 cum
1369 1664 1436 1691 nihil
1453 1663 1490 1691 sit
1514 1664 1541 1690 in
1556 1662 1692 1690 Trinitate
1717 1663 1806 1690 diver-

171 1717 242 1741 sum,
252 1716 275 1737 ιιι
294 1709 438 1737 manifeste
449 1709 528 1736 nobis
542 1709 719 1737 subsistentis
731 1709 792 1736 sine
808 1709 864 1736 ullo
877 1708 956 1736 initio
985 1716 1018 1736 ac
1039 1713 1172 1744 tempore,
1190 1710 1296 1744 paterni
1318 1709 1399 1737 Verbi
1426 1717 1458 1737 ac
1472 1709 1598 1737 similiter
1626 1708 1806 1736 subsistentis

171 1755 289 1790 Spiritus
313 1755 421 1787 sancti,
448 1755 496 1790 qui
534 1762 568 1782 ex
592 1754 674 1783 Patre
701 1754 818 1790 Filiique
852 1755 971 1790 propriis
996 1756 1096 1787 oritur,
1121 1756 1242 1791 perfecta
1269 1755 1349 1784 nobis
1375 1755 1468 1783 oblata
1497 1755 1618 1791 cognitio
1657 1754 1694 1782 sit
1724 1759 1806 1789 atque

172 1801 246 1828 omni
262 1801 368 1828 ratione
383 1800 501 1827 ﬁrmata.

431 1856 521 1883 AETII
540 1855 654 1883 CAPUT
669 1856 701 1883 ιι.
737 1890 740 1893 ξ

208 1901 238 1928 Si
261 1900 417 1934 unigenitus
433 1900 504 1927 Deus
520 1908 602 1928 causa
626 1905 669 1928 est
688 1901 762 1928 omni
779 1901 964 1935 prmstantior.

172 1947 225 1974 erit
235 1946 316 1973 etiam
331 1945 508 1980 generatione
519 1946 577 1980 ipsa
591 1947 773 1980 praestantior.
791 1947 830 1977 Si,
843 1948 964 1981 inquam,

172 1990 265 2017 causis
286 1990 415 2018 omnibus
431 1991 595 2023 iantecellit,
621 1991 791 2025 generationi
818 1992 964 2019 identidem

174 2035 328 2062 antecellet.
345 2035 441 2069 Neque
451 2035 524 2062 enim
536 2039 583 2062 aut
595 2035 629 2062 ab
640 2036 724 2063 altera
737 2042 833 2064 natura
850 2041 880 2064 ut
893 2041 966 2065 esset

173 2081 289 2117 accepit,
308 2085 354 2109 aut
369 2080 435 2109 illud
452 2082 510 2116 ipse
528 2081 581 2109 sibi
596 2082 723 2108 contulit.

464 2138 620 2174 Cotrfutalio
635 2138 678 2166 11.

210 2183 239 2211 Si
260 2184 398 2219 ingenitus
412 2191 495 2211 causa
510 2188 553 2211 est
567 2185 640 2211 omni
659 2185 842 2219 pnestantior.
858 2185 891 2212 ab
905 2186 965 2220 ipso

174 2237 256 2264 porro
270 2230 378 2265 genitus
391 2229 464 2256 haud
481 2230 526 2256 illo
539 2229 620 2264 digne
632 2231 738 2265 genitus
745 2235 795 2261 est,
809 2238 859 2258 nec
873 2239 965 2265 aequa-

175 2274 220 2305 lis,
237 2279 264 2301 et
279 2278 370 2301 tamen
385 2274 526 2301 excellenti
543 2274 588 2300 illa
603 2274 692 2302 Patris
706 2275 887 2310 appellatione
900 2283 965 2303 con-

176 2320 277 2347 tinetur
288 2339 295 2350 ,
319 2327 454 2346 summam
471 2320 586 2354 genitori
601 2320 709 2355 genitus
727 2321 903 2356 ignominiam
922 2321 964 2348 af-

177 2365 239 2396 fert,
255 2365 301 2398 qui
318 2364 440 2396 alterius,
456 2372 535 2398 quam
548 2370 646 2392 creata:
662 2373 705 2393 res
720 2370 835 2399 eaeterzc,
847 2367 965 2395 nominis

176 2410 309 2444 dignitate
327 2409 454 2444 gaudeat,
472 2418 559 2444 neque
575 2415 604 2437 ut
619 2415 717 2438 caetera
733 2411 789 2443 illa,
808 2419 868 2446 qu:e
893 2411 965 2439 facta

177 2457 251 2483 sunt,
274 2454 409 2480 conditori
427 2462 476 2481 suo
492 2455 593 2481 cultum
619 2460 646 2482 et
668 2456 774 2483 honore
786 2465 800 2481 ιι
825 2456 964 2484 adhibeat.

177 2498 243 2526 Nam
260 2499 312 2525 alia
330 2499 451 2533 quidem,
469 2508 529 2534 quae
550 2505 629 2528 extra
645 2501 720 2528 illurn
737 2505 811 2533 sunt,
829 2501 965 2528 condilori

177 2553 228 2572 suo
251 2545 335 2572 decus
363 2546 548 2581 honoremque
561 2547 698 2578 tribuunt;
725 2549 768 2575 eui
787 2555 836 2576 nec
853 2548 968 2583 aequalia

178 2594 252 2624 sunt,
276 2598 326 2618 nec
345 2591 439 2619 eadem
456 2600 518 2619 cum
539 2593 586 2620 illo
609 2594 789 2628 appellatione
808 2600 968 2628 censentur,

179 2635 228 2662 sed
250 2636 359 2664 servilis
384 2637 549 2664 conditionis
570 2642 649 2670 sunt,
674 2643 756 2674 atque
779 2640 812 2667 ad
830 2640 969 2668 Creatoris

180 2681 293 2715 gloriam
311 2683 459 2717 producta:
476 2691 529 2718 quo
545 2683 673 2711 nimirum
689 2693 723 2713 ex
735 2685 887 2714 illustribus
903 2687 968 2719 illis,

180 2731 207 2752 et
223 2727 340 2761 egregiis
354 2727 414 2762 eius
428 2728 474 2762 qui
490 2728 644 2756 illustribus
662 2729 738 2758 hisce
752 2731 834 2759 rebus
849 2732 969 2761 conditis

181 2773 306 2807 superior
327 2777 386 2806 est,
404 2773 563 2808 dignitatem
593 2776 837 2812 excellentiamque
855 2786 970 2813 propor-

180 2818 256 2844 tione
275 2819 394 2853 quadam
418 2820 643 2854 contemplemur.
663 2822 745 2858 936
761 2823 795 2850 At
808 2832 873 2851 vero
888 2825 967 2857 alter,

221 2874 228 2888 '
242 2872 322 2901 Joan.
337 2881 357 2904 ι.
375 2874 400 2902 1.
448 2875 457 2890 ¹
472 2874 551 2903 Joan.
569 2885 625 2913 xw,
641 2878 681 2907 15.
721 2880 731 2895 '
744 2888 789 2914 πο.
806 2880 942 2913 ἀγενεέας.

1208 1855 1335 1882 ΑΕΤΙΟΥ
1354 1856 1552 1882 ΚΕΦΔΛΔΙΟΝ
1572 1856 1610 1883 B’.

1051 1901 1082 1926 El
1107 1900 1198 1935 πάσης
1220 1901 1311 1932 αίτίας
1334 1900 1465 1936 κρείττων
1483 1901 1598 1936 ὑπάρχει
1620 1902 1634 1928 ὁ
1659 1902 1806 1937 ἀγέννητος

1015 1945 1091 1978 Θεὸς,
1105 1945 1149 1972 διὰ
1165 1945 1242 1971 τοῦτο
1258 1945 1305 1971 καὶ
1321 1946 1454 1980 γενέσεως
1471 1947 1602 1981 κρείττων
1617 1947 1650 1973 ἂν
1665 1949 1718 1983 εἴη.
1733 1949 1765 1975 Εἰ
1777 1949 1805 1975 δὲ

1016 1991 1147 2026 κρείττων
1164 1991 1223 2017 ἐστὶ
1236 1992 1327 2026 πάσης
1341 1992 1429 2023 αἰτίας
1439 2011 1446 2023 ,
1462 1991 1583 2027 δηλονότι
1597 1993 1645 2019 καὶ
1659 1994 1804 2027 γενέσεως.

1016 2036 1084 2063 οὔτε
1101 2036 1156 2071 γὰρ
1170 2038 1234 2072 παρ’
1253 2038 1350 2072 ἑτέρας
1364 2037 1470 2072 φύσεως
1486 2038 1581 2074 εἴληφε
1601 2038 1632 2065 τὸ
1647 2037 1728 2072 εἶναι⁷
1744 2040 1805 2067 οὗτε

1015 2082 1097 2113 αὐτὸς
1111 2082 1200 2117 ἑαυτῷ
1215 2082 1245 2109 τὸ
1262 2081 1331 2109 εἶναι
1347 2083 1478 2118 παρέσχε.

1305 2138 1465 2172 Ἆνατροπὶι
1487 2140 1526 2165 Β’.

1051 2194 1082 2220 Εἰ
1105 2193 1195 2228 πάσης
1219 2194 1309 2225 αἰτίας
1331 2194 1464 2229 κρείττων
1491 2194 1606 2229 ὑπάρχει
1624 2195 1638 2220 ό
1660 2195 1806 2231 ἀγέννητος

1015 2237 1091 2270 Θεὸς,
1109 2238 1122 2264 ό
1138 2237 1165 2264 δὲ
1184 2238 1312 2273 γεννητὸς
1329 2239 1359 2271 ἐξ
1383 2238 1465 2265 αὑτοῦ
1482 2239 1597 2271 ἀναξίως
1613 2240 1696 2266 αὑτοῦ
1709 2241 1806 2274 γεγέν-

982 2291 1104 2325 ῡνηται,
1125 2284 1172 2310 καὶ
1187 2284 1217 2310 οὺ
1233 2285 1293 2312 κατ’
1322 2284 1432 2319 ίσότητα
1455 2285 1502 2312 καὶ
1523 2286 1551 2311 ὲν
1574 2286 1613 2320 τῷ
1630 2286 1677 2312 τοῦ
1700 2287 1806 2321 Πατρὸς

1017 2327 1172 2363 προκριτέῳ
1200 2328 1310 2363 ὀνόματι
1344 2329 1476 2364 ἔστηκεν
1508 2330 1620 2365 ἀτιμίαν
1644 2330 1684 2366 τῷ
1710 2339 1805 2366 γεγεν-

1017 2373 1110 2408 νηκότι
1133 2373 1163 2400 τὸ
1184 2373 1308 2410 γέννημα
1333 2377 1531 2410 περιποιεῖται,
1557 2376 1650 2411 ἐτέρου
1675 2376 1807 2412 ὀνόματος

1018 2418 1093 2453 παρὰ
1109 2418 1143 2445 τὰ
1157 2420 1287 2452 γεγονότα
1302 2420 1440 2454 κτίσματα
1455 2420 1515 2454 ἔχον
1527 2421 1557 2447 τὸ
1577 2421 1694 2455 ἀξίωμα,
1714 2424 1762 2448 καὶ
1776 2423 1806 2448 οὐ

1018 2463 1087 2489 κατὰ
1105 2463 1140 2489 τὰ
1158 2465 1288 2498 γεγονότα
1305 2465 1353 2500 τὴν
1379 2465 1460 2500 τιμὴν
1486 2466 1524 2500 τῷ
1542 2468 1704 2502 πεποιηκότι
1729 2477 1808 2504 περι-

1018 2508 1189 2543 ποιούμενον.
1221 2509 1261 2536 Τὰ
1291 2511 1339 2545 μὲν
1364 2511 1418 2545 γὰρ
1448 2512 1525 2542 ἐκτὸς
1554 2512 1636 2538 αὑτοῦ
1659 2513 1738 2545 δόξαν

1017 2555 1154 2581 κεκτικότι
1168 2558 1361 2591 περιποιεῖται,
1375 2558 1424 2583 οὐκ
1436 2558 1499 2584 ὅντα
1513 2559 1557 2584 [ea
1569 2558 1607 2594 τῷ
1627 2560 1807 2595 πεποιηκότι,

1017 2599 1077 2626 οὐδὲ
1085 2600 1196 2635 ὀνόματι
1209 2601 1255 2628 τοῦ
1270 2603 1449 2638 πεποιηκότος
1462 2604 1616 2640 καλούμενα
1625 2625 1633 2637 ,
1646 2605 1714 2632 ἀλλὰ
1727 2606 1808 2634 δοῦλα

1017 2645 1151 2681 γενόμενα
1177 2648 1216 2678 εἰς
1239 2648 1317 2681 δόξαν
1337 2648 1383 2675 τοῦ
1410 2650 1588 2685 πεποιηκότος
1599 2671 1606 2681 ,
1621 2651 1666 2678 ἴνα
1680 2651 1735 2678 ἀπὸ
1753 2652 1808 2679 τῶν

1018 2690 1131 2725 ἐνδόξων
1148 2692 1180 2718 ἐκ
1198 2692 1252 2719 τῶν
1269 2694 1339 2729 ὑπὲρ
1357 2695 1391 2721 τὰ
1404 2694 1496 2727 ἔνδοξα
1508 2696 1639 2730 γεγονότα
1652 2697 1682 2724 τὸ
1695 2707 1808 2733 προκρι-

1018 2736 1088 2770 τέον,
1114 2738 1158 2764 καὶ
1179 2739 1248 2774 ὑπὲρ
1265 2739 1335 2766 αὐτὰ
1355 2740 1384 2767 ὃν
1412 2741 1551 2776 ἀναλόγως
1574 2742 1725 2778 θεωρῆται·
1748 2745 1762 2770 ό
1779 2743 1807 2770 δὲ

1017 2782 1107 2808 οὐκέτι
1131 2784 1164 2818 τῇ
1187 2783 1289 2810 τούτων
1313 2785 1445 2821 ὀνομασίᾳ
1470 2787 1702 2823 κικλησκόμενος,
1728 2790 1760 2824 τῇ
1780 2788 1809 2815 δὲ

1018 2829 1182 2864 προκριτέου
1195 2831 1382 2866 ὁιιοουσιότητι
1401 2833 1433 2858 ἐκ
1449 2832 1496 2859 τοῦ
1510 2833 1638 2868 τετάχθαι
1651 2834 1808 2870 συνηνωμέ-
