1931 3041
217 149 271 177 555

912 147 940 174 S.
963 146 1133 175 ΕΡΠἮΛΝΠ

1796 148 1848 176 556

218 211 316 238 iisdem
334 208 414 238 furiis
437 209 552 244 perciti,
573 212 656 236 tanta:
678 207 799 235 audaciae
823 208 1002 236 succubuisse

1054 208 1167 244 τημένω
1184 208 1394 244 ὑποληφῦὦμεν,
1412 207 1480 235 ἀλλὰ
1506 209 1548 236 σοί
1564 219 1594 238 τε
1618 209 1665 237 καὶ
1691 209 1799 241 ἑαυτοῖς
1816 209 1850 236 τὰ

217 256 370 290 videamur,
383 256 430 283 sed
446 255 493 282 tibi
508 255 597 290 potius
619 263 650 281 ac
668 254 746 281 nobis
761 253 829 289 ipsis
840 262 901 289 qtae
913 254 1005 289 pietati

217 306 282 329 sunt
299 306 482 329 consentanea
508 301 693 328 consuluisse.
718 301 786 328 Cum
811 301 883 328 enim
911 308 1007 328 neces-

216 348 298 374 sariis
314 347 343 374 in
368 346 460 379 rebus,
478 354 509 373 ac
528 346 583 373 Deo
603 346 831 373 convenientibus
845 346 1007 373 dissimilem

216 393 290 424 hunc
324 396 351 420 et
376 392 538 427 inaequalem
571 392 596 419 ei
622 399 701 426 quem
728 392 822 426 genuit
842 392 1006 423 constituas,

216 438 298 473 idque
309 446 408 473 magno
422 445 489 465 sane
499 444 603 470 errore,
618 437 666 465 sed
685 437 751 464 falsa
767 437 885 472 quadam
897 437 1007 472 pietatis

216 484 307 519 specie
319 483 476 517 conﬁngere
493 483 614 515 videare,
632 483 659 509 in
675 483 726 509 hoc
746 483 805 517 ipso
819 488 920 515 tamen,
932 483 1004 517 quod

159 544 163 547 -
215 531 271 558 Deo
290 530 512 565 indignissimum
531 533 590 561 est,
612 529 646 556 iis
664 536 725 564 quae
750 529 921 556 divinitatem
946 529 1005 563 ejus

216 578 326 605 minimc
343 577 451 607 decent,
471 576 585 603 similem
602 575 744 610 prwdieas.
761 575 789 601 In
809 575 905 609 primis
928 575 1001 601 enim

216 626 243 651 in
259 629 312 650 tam
329 623 398 650 altas
419 623 452 649 de
476 622 530 649 Deo
549 622 729 657 cogitationes
754 628 815 649 sese
831 621 1006 648 committere

215 670 366 704 impietatis
397 670 438 696 vel
466 669 576 695 furiosa}
600 668 691 702 potius
716 667 816 693 tuentis
837 667 882 693 ille
899 665 1006 693 fructus

214 721 266 743 est.
284 715 350 742 Nam
371 722 433 742 cum
451 715 508 740 inec
527 721 662 748 usurpas:
687 712 734 739 Sui
752 712 838 747 ipsius
861 720 922 739 esse
939 720 1003 739 catt-

214 769 291 794 sam;
307 766 365 791 aut,
380 761 439 795 ipse
456 761 507 787 sibi
526 764 552 786 ut
567 763 640 787 esset
651 759 818 792 contulisse;
831 764 946 794 utraque
960 759 1005 786 illa

215 808 334 842 peSsima
349 807 507 841 SMSplClOlll}
528 806 701 840 temetipsum
719 805 874 837 conﬁiisti;
896 813 959 831 cum
978 805 1003 832 id

214 854 248 880 dc
268 853 324 880 Deo
358 853 431 879 velut
458 851 596 885 palpando
620 858 652 877 ae
674 851 804 877 tentando
822 851 1002 885 perquisisti:

214 898 444 933 quetuadmodum
456 897 538 922 fin-rit
549 917 556 927 ,
569 900 725 923 utrutunatu
737 903 846 930 seraper
858 897 1003 928 exstiterit,

216 952 247 970 ae
266 952 329 970 unm
355 944 404 968 sibi
426 943 476 976 ipsi
499 947 527 968 ut
544 946 617 968 esset
643 941 781 972 tribuerit,
797 949 831 967 an
847 949 913 968 casu
938 942 1003 969 illud

214 990 376 1015 obtinuerit.
409 988 539 1022 Equidem
563 994 617 1014 non
645 987 704 1013 sine
725 991 798 1013 ntetu
832 989 949 1021 quodam
977 992 1003 1014 et

214 1037 329 1063 horrore
353 1035 488 1068 meipsutn
506 1038 584 1060 tuutu
605 1032 638 1059 ad
664 1032 729 1059 illttd
755 1033 903 1066 pessimum
923 1040 1004 1067 argu-

214 1085 336 1108 mentum
355 1078 543 1106 aceommodo.
561 1077 615 1104 Fac
631 1078 724 1111 itaque
739 1077 862 1108 modum,
876 1077 898 1105 si
916 1081 1003 1112 potes,

214 1132 244 1155 ut
257 1132 284 1154 et
300 1126 352 1161 ipsi
371 1126 461 1152 facere
485 1124 634 1158 possimus,
650 1123 752 1158 quibus
776 1123 904 1150 idonemn
937 1123 1003 1150 illud

213 1182 246 1201 ac
262 1172 419 1208 religiosum
441 1170 561 1202 videtur,
579 1169 662 1196 Deum
684 1176 792 1203 semper
806 1168 957 1203 intelligere
972 1176 1004 1195 ac

213 1228 323 1255 semper
350 1220 426 1246 illuni
447 1218 587 1245 exstitisse
617 1216 739 1243 credere.
762 1215 790 1242 lu
816 1223 871 1250 quo
893 1215 1003 1250 quidem

214 1266 311 1295 stolide
326 1266 434 1292 loculus
448 1271 480 1290 ac
503 1262 695 1294 ratiocinatus,
709 1261 789 1296 quasi
802 1260 856 1287 Deo
871 1261 1003 1288 honorem

214 1312 366 1339 maximum
381 1309 510 1339 haberes,
538 1307 633 1335 dixisti
649 1314 700 1334 ncc
713 1309 801 1341 ipsum
819 1307 871 1333 sibi
889 1310 918 1333 ut
931 1310 1005 1333 esset

214 1357 376 1385 etmtulisse.
391 1354 493 1382 Verum
537 1353 683 1388 siquidem,
715 1357 744 1379 ιιι
766 1352 899 1382 instituis.
923 1359 937 1378 ιι
962 1352 1004 1379 di-

214 1404 354 1432 ctionibus
369 1406 397 1429 et
418 1400 587 1436 syllogismis
605 1399 704 1434 pendet
731 1398 791 1425 fidei
814 1398 906 1429 salus,
921 1397 1005 1433 938

213 1458 275 1485 qua:
300 1449 327 1475 in
355 1447 456 1474 intimis
482 1445 700 1479 miscrrimisquc
724 1444 887 1478 corporibus
914 1444 1004 1471 simile

213 1494 317 1530 aliquid
341 1493 412 1527 ejus,
429 1491 501 1526 quod
528 1498 644 1523 narras,
674 1489 791 1516 iuvcuiri
816 1489 934 1524 potest),
953 1496 1003 1515 nec

214 1544 369 1567 creatarum
387 1537 497 1572 quidem
517 1543 608 1563 rerum
632 1535 686 1562 ulla
707 1534 895 1569 suimetipsius
920 1542 1001 1561 causa
1016 1550 1037 1578 C

212 1589 265 1616 est,
278 1586 326 1609 aut
342 1589 357 1608 a
375 1582 466 1616 seipsa
488 1584 517 1607 ut
532 1583 605 1607 esset
627 1579 757 1611 obtinuit,
774 1579 866 1614 idque,
883 1579 906 1605 si
922 1587 937 1605 a
957 1579 1003 1606 be-

212 1629 274 1656 stiis
302 1627 335 1654 ad
363 1627 501 1657 homines.
526 1631 552 1653 et
569 1625 603 1652 ab
629 1625 663 1651 iis
684 1624 718 1651 ad
743 1625 854 1660 angelos
876 1624 1001 1660 progredi

213 1674 345 1706 volueris,
360 1681 455 1700 verum
471 1680 533 1700 esse
548 1671 709 1706 comperies.
725 1670 796 1697 Nihil
810 1671 883 1698 enim
894 1678 1000 1702 eorum,

211 1728 274 1755 qua:
289 1720 361 1747 facta
377 1724 451 1749 sunt,
463 1718 515 1745 sibi
533 1722 561 1745 ut
580 1717 726 1745 exsisteret
739 1717 886 1748 concessit,
901 1716 948 1744 sed
966 1718 1000 1744 ab

212 1775 245 1793 eo
262 1766 332 1797 solo,
342 1765 414 1800 quod
428 1768 480 1795 est,
492 1764 642 1791 exsistendi
655 1763 763 1790 initiutn
775 1765 890 1799 accepit.
901 1763 1002 1797 Quatu-

212 1811 306 1836 obrem
318 1816 385 1835 care
396 1807 532 1841 ejusmodi
545 1807 707 1838 rationibus,
717 1807 816 1842 quibus
830 1812 924 1843 argute
937 1817 1003 1835 con—

212 1855 323 1881 cludere
338 1857 392 1880 tete
410 1857 501 1887 putas,
520 1852 553 1879 ad
573 1852 598 1879 id
619 1853 691 1887 quod
710 1853 797 1888 majus
819 1861 851 1881 ac
870 1858 1003 1888 praestan-

212 1899 268 1926 tius
279 1902 332 1930 est,
353 1902 451 1933 praeter
467 1902 592 1925 natttram
613 1901 639 1925 te
663 1905 695 1925 ac
714 1898 846 1926 violenter
858 1901 1000 1926 extendas.

215 1944 271 1971 lloc
289 1944 362 1971 enim
384 1944 407 1971 si
425 1943 532 1975 feceris,
548 1943 661 1970 omnino
674 1944 778 1972 virilms
790 1943 912 1973 defectus
928 1946 1003 1972 exci-

213 1991 271 2017 des.
289 1989 515 2024 Quandoquidem
534 1990 632 2016 unictts
649 1989 695 2016 Dei
718 1989 803 2017 Filius
821 1990 934 2024 aequalis
961 1994 1003 2018 est

213 2042 246 2061 ac
257 2034 354 2062 similis
374 2033 430 2062 Deo
443 2034 528 2065 Patri,
544 2034 606 2061 licet
624 2034 675 2060 hoc
688 2034 829 2068 dignitatis
850 2034 956 2068 habeat,
975 2039 1004 2061 ut

213 2080 248 2107 ab
259 2087 292 2107 eo
304 2079 455 2115 productus
466 2080 502 2107 sit
511 2087 542 2106 ac
553 2079 673 2114 genitus.
683 2079 753 2106 Nihil
765 2080 838 2106 enim
849 2080 901 2107 hoc
913 2081 1001 2115 ipsum

1058 256 1127 291 πρὸς
1144 255 1285 282 εὐσέϐειαν
1301 255 1541 291 συμϐουλεύοντες.
1565 257 1657 284 Δοκῶν
1679 256 1734 293 γὰρ
1749 258 1779 283 ὲν
1794 257 1850 288 τοῖς

1057 302 1215 336 ἀναγκαίοις
1231 303 1278 329 καὶ
1290 303 1319 329 ὲν
1333 304 1390 335 τοῖς
1404 303 1465 339 Θεῷ
1489 303 1641 340 πρέπουσιν
1661 304 1791 338 ἀνόμοιον
1805 303 1851 329 καὶ

1057 348 1148 375 ἄνισον
1162 348 1207 374 τὸν
1221 348 1287 375 Θεὸν
1301 348 1340 383 τῷ
1355 348 1383 382 ἐξ
1399 349 1482 376 αὑτοῦ
1498 349 1690 385 γεγεννημένῳ
1705 348 1762 376 ἀπὸ
1786 348 1851 374 πολ-

1058 394 1107 428 λῆς
1132 393 1235 428 πλάνης
1259 394 1329 421 κατὰ
1352 395 1452 430 εὐσεϐῆ
1473 403 1536 422 τινα
1559 395 1667 430 ποίησιν
1693 394 1813 427 ἐξελθείν
1830 395 1850 424 ¹.

1057 440 1123 466 Θεδν
1144 439 1244 474 μᾶλλον
1259 440 1287 466 ὲν
1304 441 1360 472 τοῖς
1381 440 1637 475 ἀπρεπωδεστὰτοις
1661 441 1754 475 ὅμοιον
1770 439 1851 466 αὑτὸν

1057 484 1201 519 κηρύττεις
1219 486 1275 517 τοῖς
1292 485 1330 520 μὴ
1347 485 1486 520 πρέπουσι
1508 486 1540 521 τῇ
1559 485 1641 512 αὐτοῦ
1663 485 1782 521 θεότητι.
1798 483 1851 511 Καὶ

1056 529 1164 564 πρῶτον
1183 530 1231 564 μὲν
1250 529 1279 556 τὸ
1303 529 1476 565 διανοηθῆναι
1496 531 1542 557 ἐπὶ
1566 530 1633 557 Θεοῦ
1655 530 1701 557 τὸν
1722 529 1851 557 τοσοῦτον

1057 574 1137 610 βυθὸν
1152 575 1201 609 τῆς
1214 574 1333 605 διανοίας
1351 575 1367 605 ¹.
1376 574 1504 607 ἀσεϐείας
1517 575 1575 602 ἐστὶ
1592 575 1707 611 καρπὸς,
1721 575 1771 602 καὶ
1784 575 1852 610 μᾶλ-

1055 620 1100 647 λον
1113 620 1262 655 μανιιὶιδους
1274 620 1441 651 διανοία;.Τὸ
1453 620 1508 656 γὰρ
1519 622 1614 653 εἰπεῖν,
1624 620 1738 647 Ἑαυτοῦ
1752 621 1850 653 αἴτιον,

1055 665 1072 701 ἢ
1105 665 1146 694 τὸ,
1170 665 1255 697 Αὐτὸς
1281 665 1370 700 ἑαυτῷ
1395 662 1464 691 εἶναι
1483 665 1535 691 τδ³
1557 666 1703 700 παρέσχεν,
1725 666 1754 691 ὲν
1776 664 1851 691 δυσὶν

1057 712 1195 743 ὑπονοίαις
1206 713 1304 743 κακαῖς
1320 711 1432 738 σεαυτὸν
1445 711 1634 748 περιέπειρας,
1662 711 1851 746 ἀναψηλαφῶν

1055 758 1103 784 καὶ
1120 755 1210 792 ζητῶν
1228 757 1292 793 περὶ
1309 757 1376 783 Θεοῦ
1392 758 1434 790 τὸ,
1452 758 1512 789 πῶς
1526 755 1570 793 ἦν,
1590 757 1642 792 ἄρα
1656 757 1710 787 ἀεὶ,
1726 757 1743 792 ἢ
1760 757 1850 792 ἐαυτῷ

1054 804 1085 830 τὸ
1102 803 1180 835 εἶναι,
1197 804 1213 838 ἢ
1234 803 1394 839 αὐτομάτως
1410 801 1491 831 εἶναι.
1516 803 1567 830 Καὶ
1583 803 1656 830 δέδια
1672 802 1720 830 καὶ
1744 803 1851 838 φρίττω
1895 828 1898 832 .

1054 849 1093 885 τῷ
1109 850 1147 885 σῷ
1162 849 1240 885 κακῷ
1256 849 1427 885 ἐνθυμήματι
1445 849 1700 885 παρεκτεινόμενος.
1720 849 1850 876 Πέπαυσο

1055 896 1119 932 γὰρ,
1134 896 1182 922 καὶ
1197 895 1368 931 παυσόμεθα,
1385 895 1508 931 ἁρκετῶς
1522 895 1664 926 καὶμὸσίως
1687 895 1797 930 ἔχοντες
1819 895 1848 921 τὸ

1054 942 1098 968 ἀεὶ
1113 943 1183 968 νοεῖν
1198 941 1275 972 Θεὸν,
1291 942 1338 968 καὶ
1354 941 1502 973 πιστεύειν,
1517 942 1558 967 ὅτι
1579 938 1613 977 ἦν
1634 941 1678 967 ἀεὶ
1693 941 1771 971 Θεός.
1793 941 1849 967 Καὶ

1054 988 1109 1022 γὰρ
1120 988 1169 1014 διαὶ
1183 988 1212 1013 ἐν
1228 987 1315 1023 τούτῳ
1329 987 1453 1023 ἀφρόνως
1467 986 1651 1022 φθεγγόμενός
1673 995 1703 1012 τε
1719 986 1766 1013 καὶ
1783 986 1847 1013 συλ-

1054 1033 1240 1069 λογιζόμενος,
1256 1033 1293 1065 ὡς
1311 1033 1436 1068 μεγάλως
1453 1032 1608 1067 τετιμηκὼς
1619 1032 1664 1058 τὸν
1676 1031 1753 1062 Θεὸν,
1768 1032 1848 1066 ἔφης,

1054 1080 1095 1106 ὅτι
1111 1078 1172 1105 οὔτε
1197 1078 1279 1109 αὐτὸς
1303 1078 1392 1113 ἑαυτῷ
1415 1078 1446 1104 τὸ
1464 1075 1534 1104 εἶναι
1550 1078 1697 1113 παρέσχεν·
1718 1077 1779 1103 οὐδὲ
1792 1078 1848 1112 ἄρα

1054 1125 1126 1151 κατὰ
1141 1125 1170 1151 σὲ
1197 1125 1220 1151 εί
1240 1124 1295 1151 ἀπὸ
1307 1124 1406 1157 λέξεών
1428 1124 1486 1151 ἐστι
1501 1124 1547 1150 καὶ
1563 1123 1751 1158 συλλογισμῶν
1768 1123 1847 1158 ήτῆς

1055 1171 1173 1202 πίστεως
1190 1170 1322 1205 σωτηρία,
1342 1169 1440 1205 ἔχουσα
1455 1169 1503 1196 καὶ
1526 1170 1556 1196 ἐν
1570 1169 1626 1201 τοῖς
1641 1168 1847 1204 ὑποδεεστέροις

1054 1215 1071 1251 ἦ
1085 1216 1204 1251 οἰκτροῖς
1221 1215 1329 1251 σώμασι
1344 1216 1393 1251 τὴν
1413 1215 1460 1242 τοῦ
1484 1215 1564 1249 λόγου
1578 1214 1726 1250 ὁμοιότητα
1744 1222 1751 1230 ν
1770 1214 1847 1240 οὐδὲν

1053 1261 1109 1296 γὰρ
1132 1261 1186 1288 τῶν
1207 1262 1364 1297 κτισμάτων
1379 1261 1469 1296 ἑαυτῷ
1483 1261 1569 1288 αἴτιόν
1588 1262 1671 1291 ἐστιν,
1693 1260 1710 1295 ἢ
1726 1260 1758 1287 τὸ
1772 1258 1844 1286 εἶναι

1054 1307 1121 1334 αὐτὸ
1137 1308 1226 1343 ἑαυτῷ
1242 1307 1389 1343 παρέσχεν,
1406 1307 1460 1333 ἀπὸ
1483 1306 1626 1333 κνωδάλων
1645 1306 1724 1341 ἄχρις
1739 1305 1846 1341 ἀνθρώο

1054 1362 1118 1385 που,
1135 1353 1182 1379 καὶ
1199 1353 1251 1379 ἀπὺ
1271 1352 1423 1389 ἀνθρώπων
1439 1352 1519 1388 ἄχρις
1537 1352 1670 1386 ἀγγέλων.
1683 1351 1778 1383 Οὐδεὶς
1791 1352 1848 1387 γὰρ

1054 1399 1108 1426 τῶν
1124 1399 1275 1433 γεγονότων
1300 1398 1387 1433 ἑαυτῷ
1410 1398 1441 1425 τὸ
1462 1396 1530 1424 εἶναι
1557 1398 1703 1433 παρέσχεν,
1720 1397 1789 1424 ἀλλὰ
1814 1399 1847 1424 ἐκ

1053 1443 1101 1469 τοῦ
1122 1443 1207 1474 ὅντως
1226 1443 1307 1478 μόνου
1323 1443 1352 1469 τὸ
1367 1441 1436 1469 εἶναι
1451 1442 1565 1469 ἕκαστον
1585 1442 1662 1468 έλαϐε
1683 1441 1733 1478 τὴν
1748 1442 1846 1483 ἀρχὴν.

1061 1488 1104 1520 Ὠς
1118 1486 1165 1514 οὗν
1179 1488 1297 1515 ἐνταῦθα
1313 1488 1347 1514 δι’
1363 1485 1400 1515 ὧν
1418 1489 1545 1524 ἐνόμισας
1565 1488 1770 1522 συλλογίζεσθαι
1784 1489 1847 1515 aui.-

1053 1534 1201 1568 λογισθεὶς,
1216 1535 1254 1569 μὴ
1271 1534 1364 1569 βιάζου
1379 1534 1455 1569 παρὰ
1466 1534 1546 1569 φύσιν
1566 1534 1791 1570 παρεκτείνεσθαι
1804 1535 1847 1571 τῷ

1058 1580 1169 1615 μείζονι.
1187 1579 1370 1615 Παραλυοήσῃ
1387 1580 1442 1617 γὰρ
1462 1580 1533 1607 κατὰ
1551 1580 1649 1612 πάντα,
1661 1580 1709 1607 τοῦ
1726 1582 1848 1616 Maxim-

1055 1626 1118 1658 νοῦς
1128 1627 1186 1654 ι’σου
1197 1627 1244 1654 καὶ
1254 1626 1346 1661 ὁμοίου
1357 1627 1432 1658 δντος
1447 1626 1486 1662 τῷ
1493 1627 1590 1662 Πατρὶ,
1602 1627 1652 1653 κᾶν
1659 1636 1687 1654 τε
1695 1626 1743 1653 τοῦ
1751 1627 1849 1662 τεχθῆ-

1054 1680 1107 1702 ναι,
1124 1672 1208 1707 ἤγουν
1222 1671 1394 1707 γεννηθῆναι,
1411 1672 1466 1699 ἀπὸ
1483 1672 1589 1708 Πατρὸς
1602 1672 1658 1707 ἔχει
1672 1672 1702 1699 τὺ
1726 1672 1847 1707 ἀξίωμα..

1054 1718 1137 1744 Οὐδὲν
1152 1717 1207 1753 γὰρ
1215 1717 1308 1744 διοίσει
1322 1719 1352 1744 ὲν
1363 1717 1450 1753 τούτῳ
1464 1717 1513 1753 ﬁ}:
1528 1717 1595 1753 πρὸς
1610 1717 1654 1744 τὸν
1667 1718 1778 1752 Πατέρα
1792 1718 1848 1744 ἰσό-

1052 1770 1142 1796 τητος,
1159 1761 1253 1798 ὥσπερ
1269 1762 1329 1789 οὐδὲ
1343 1762 1398 1789 ἀπὸ
1418 1762 1465 1788 τοῦ
1482 1762 1587 1797 ὁμοίου,
1598 1762 1645 1789 τοῦ
1657 1763 1694 1797 μὴ
1715 1762 1849 1788 δύνασθαι

1056 1806 1092 1833 τὰ
1112 1808 1242 1841 γεγονότα
1259 1808 1365 1839 ἑαυτοῖς
1387 1808 1538 1843 παρασχεῖν
1564 1808 1594 1834 τὸ
1616 1806 1695 1839 εἶναι,
1712 1807 1751 1839 ὡς
1772 1808 1820 1834 καὶ
1834 1809 1849 1834 ὁ

1054 1853 1216 1889 προκριτέος
1231 1854 1278 1880 καὶ
1290 1855 1319 1880 ὲν
1334 1853 1421 1880 ἅπασι
1434 1853 1547 1886 τέλειος,
1558 1854 1608 1880 οὐκ
1621 1854 1676 1880 ἀπό
1691 1861 1763 1885 τινος
1776 1852 1849 1880 ἄνω-

1054 1898 1100 1925 οεν
1114 1899 1176 1934 ἔσχε
1191 1899 1240 1935 τὴν
1255 1900 1343 1935 ἀρχήν
1355 1908 1362 1915 ·
1377 1899 1440 1926 οὔτε
1451 1900 1506 1936 γὰρ
1519 1898 1620 1935 ἤρξατο
1633 1899 1680 1925 τοῦ
1696 1896 1778 1926 εἶναι.
1792 1896 1848 1925 ἾΙν

1054 1944 1110 1980 γὰρ
1134 1945 1187 1977 ἀεὶ,
1215 1945 1263 1972 καὶ
1285 1945 1328 1971 ἀεὶ
1344 1945 1412 1978 ἔστι,
1428 1945 1478 1972 κᾶν
1498 1953 1527 1972 τε
1547 1946 1576 1971 έν
1595 1945 1740 1979 ταυτότητι
1758 1944 1847 1979 μένοι,

1054 1989 1100 2015 καὶ
1119 1989 1208 2024 ἑαυτῷ
1224 1989 1254 2016 τὸ
1274 1988 1344 2016 εἶναι
1360 1990 1398 2025 μὴ
1417 1990 1564 2026 παράσχοι,
1580 1991 1611 2017 οὐ
1624 1990 1678 2017 τῶν
1692 1989 1848 2025 ὁμωνύμων

1054 2034 1153 2067 λέξεων
1178 2035 1363 2071 ζητουμένων,
1392 2035 1461 2063 ἀλλὰ
1477 2036 1527 2071 τῆς
1548 2035 1619 2063 κατὰ
1641 2036 1672 2062 τὺ
1695 2035 1848 2071 ἀκραιφνὲς

1054 2080 1123 2116 πρὸς
1136 2080 1167 2107 τδ
1181 2081 1291 2113 εὐσεϐὲς
1305 2081 1430 2118 θεωρίας.

215 2126 250 2154 ab
267 2126 423 2161 aequalitate
444 2126 534 2154 Patris
558 2126 728 2158 abhorrebit,
745 2127 784 2153 uti
807 2134 858 2154 nec
886 2135 901 2154 a
929 2127 1119 2156 similitudine.
1153 2128 1221 2156 Nam
1249 2129 1316 2156 nihil
1336 2137 1432 2157 eorum
1460 2137 1521 2165 qua
1542 2129 1614 2157 facta
1638 2132 1715 2162 sunt,
1740 2128 1793 2156 sibi
1818 2132 1848 2155 ut

212 2176 286 2200 esset
297 2171 432 2204 contulit;
446 2170 676 2205 quemadmodum
689 2171 934 2205 pratstantissimns
945 2172 1000 2204 ille,
1021 2176 1103 2207 atque
1119 2174 1193 2201 omni
1206 2181 1239 2201 ex
1250 2178 1327 2209 parte
1341 2174 1478 2210 perfectus
1492 2175 1527 2202 ab
1548 2175 1624 2202 nullo
1647 2174 1754 2202 initium
1781 2175 1847 2201 olim

213 2218 323 2251 habuit,
345 2225 379 2245 eo
395 2217 469 2253 quod
497 2223 638 2252 nunquam
656 2225 718 2245 esse
743 2218 868 2253 cmperit.
893 2218 1007 2254 Semper
1024 2220 1096 2247 enim
1127 2220 1232 2248 exstitit
1253 2221 1415 2257 exsistitque
1443 2229 1560 2256 semper,
1590 2221 1700 2248 tametsi
1724 2221 1752 2248 in
1770 2220 1849 2248 iden-

212 2265 291 2291 titate
306 2266 427 2295 maneat,
444 2270 532 2298 neque
545 2263 598 2291 sibi
614 2266 644 2290 ut
656 2267 731 2291 esset
747 2263 886 2290 tribuerit.
905 2263 934 2291 lu
958 2267 1013 2299 quo
1040 2273 1094 2293 nou
1128 2266 1263 2301 ambigua:
1283 2274 1366 2295 voces
1384 2267 1538 2302 quaerundae
1559 2270 1625 2295 sunt
1637 2286 1644 2300 ,
1665 2266 1714 2295 sed
1738 2267 1848 2294 sincera

212 2316 244 2335 ac
259 2308 352 2343 pietati
368 2313 553 2335 consentanea
570 2308 723 2336 adhibenda
736 2308 933 2337 consideratio.

248 2354 281 2381 ll.
307 2353 454 2386 Praeterea,
477 2361 541 2381 cum
571 2354 612 2381 sic
637 2355 696 2389 ipse
720 2354 844 2390 disputes
866 2363 873 2382 :
898 2355 1002 2389 Quodsi

1091 2358 1128 2385 B’.
1149 2358 1204 2385 Καὶ
1231 2358 1335 2392 ἄλλως,
1351 2359 1412 2386 ἐπεὶ
1443 2359 1529 2394 ἐφηςι
1554 2360 1586 2386 El.
1602 2359 1631 2386 δὲ
1653 2359 1734 2392 αὐτὸς
1757 2359 1850 2396 ἑαυτῷ

213 2399 273 2434 ipse
293 2399 346 2427 sibi
367 2402 397 2426 ut
421 2403 494 2427 esset
513 2399 626 2428 minime
642 2400 781 2433 tribum-it,
808 2407 864 2427 non
892 2407 1004 2437 propter

212 2446 297 2474 ullam
319 2450 426 2474 natura;
448 2445 674 2478 imbecillitatem,
701 2445 750 2474 sed
774 2447 847 2481 quod
868 2447 904 2475 sit
928 2448 1003 2475 omni

212 2500 296 2521 causa
319 2492 463 2528 superior;
479 2492 560 2519 velim
575 2496 603 2519 et
617 2491 675 2527 ipse
691 2491 757 2518 illud
774 2491 928 2526 intelligas:
947 2500 1001 2520 non

212 2539 246 2567 ad
261 2539 475 2567 imbecillitatem
488 2538 572 2566 ullam
591 2537 653 2565 Filii
674 2545 773 2566 nomen
791 2538 936 2572 pertinere,
952 2539 1001 2566 sed

211 2593 244 2614 eo
266 2586 369 2621 potius,
383 2585 456 2620 quod
480 2592 543 2612 cum
568 2584 691 2620 genitore
709 2584 810 2620 pariter
830 2584 1000 2613 conveniens

211 2633 264 2661 sibi
278 2631 523 2660 consubstantialis
535 2631 621 2658 decus
633 2630 766 2658 obtineat.
778 2630 913 2663 Quoniam
929 2631 1001 2659 sicut

212 2678 319 2706 Patrem
335 2678 362 2706 in
380 2677 478 2713 primis
490 2676 569 2705 decet
583 2684 696 2704 causam
718 2684 828 2704 omnem
845 2677 998 2704 excellere:

211 2724 247 2751 ita
264 2724 345 2753 unico
361 2722 406 2750 Dei
417 2722 498 2754 Filio,
517 2726 544 2750 et
560 2721 595 2749 ab
608 2730 663 2749 uno
683 2721 765 2750 Patre
781 2729 844 2749 cum
861 2729 916 2748 uno
936 2721 1000 2757 Spi-

212 2768 265 2795 ritu
277 2773 373 2796 sancto
387 2767 545 2802 procedenti
560 2775 613 2794 una
625 2766 775 2802 eademque
787 2766 917 2794 divinitas
931 2774 1000 2795 con-

259 2847 266 2862 ¹
283 2845 314 2874 F.
330 2846 440 2879 ἐξελεῖν.
479 2847 488 2862 ²
503 2845 531 2873 1⁴“.
548 2846 649 2877 ἀνοίας.
689 2845 698 2860 ³
717 2844 779 2880 Leg.
797 2843 827 2870 τὸ
844 2843 923 2874 εἶναι.

1052 2403 1083 2430 τὸ
1100 2402 1170 2431 εἶναι
1188 2404 1225 2440 μὴ
1243 2405 1390 2440 παρέσχεν,
1408 2405 1439 2432 οὐ
1462 2405 1507 2432 διὰ
1531 2404 1562 2431 τὸ
1581 2404 1696 2437 ἀσθενὲς
1722 2405 1773 2441 τῆς
1797 2405 1849 2440 φύς

1054 2458 1135 2483 σεως,
1162 2450 1231 2478 ἀλλὰ
1255 2450 1299 2477 διὰ
1325 2451 1356 2477 τὺ
1379 2450 1598 2486 ὑπερϐεϐηκέναι
1620 2451 1711 2478 πᾶσαν
1739 2451 1847 2479 αἰτίαν·

1054 2495 1124 2530 μάθε
1148 2496 1194 2523 καὶ
1219 2496 1311 2529 αὐτὸς,
1334 2496 1376 2523 ὅτι
1394 2497 1425 2523 οὐ
1449 2496 1494 2524 διὰ
1513 2496 1544 2523 τὸ
1568 2496 1682 2528 ἀσθενὲς
1704 2495 1753 2523 τοῦ
1781 2496 1848 2523 Υίοῦ

1052 2539 1128 2567 ἔσται
1143 2540 1174 2566 τὸ
1196 2540 1292 2576 ὄνομα,
1310 2540 1378 2568 ἀλλὰ
1394 2541 1439 2568 διὰ
1461 2541 1490 2568 τὸ
1507 2541 1669 2577 συμπρέτοον
1685 2540 1724 2577 τῷ
1749 2550 1848 2575 γεγεν-

1051 2586 1145 2620 νηκότι
1159 2585 1216 2621 ἔχει
1230 2587 1279 2622 τῆς
1292 2587 1499 2624 ὸμοουσιότητος
1513 2587 1544 2615 τὺ
1558 2587 1707 2623 ἐξαίρετον.
1737 2587 1848 2622 Ἐπειδὴ

1049 2632 1114 2668 γὰρ,
1132 2633 1170 2666 ὡς
1188 2633 1227 2669 τῷ
1244 2634 1333 2671 Πατρὶ
1348 2635 1378 2662 τὺ
1401 2634 1622 2671 ὑπερϐεϐηκέναι
1644 2635 1736 2662 πᾶσαν
1756 2633 1847 2661 αἰτίαν

1050 2677 1275 2713 πρεπωδέστατόν
1291 2680 1375 2713 ἐστιν,
1398 2679 1469 2707 οὕτω
1494 2680 1541 2707 καὶ
1557 2680 1597 2716 τῷ
1620 2679 1694 2716 μόνῳ
1711 2680 1745 2706 ὲκ
1764 2679 1846 2714 μόνον

1050 2722 1156 2759 Harpe;
1183 2725 1232 2751 σὺν
1246 2725 1285 2761 τῷ
1301 2725 1373 2761 μόνῳ
1388 2726 1528 2761 Πνεύματι
1550 2727 1568 2762 ἡ
1592 2726 1661 2761 αὑτὴ
1679 2725 1728 2761 μία
1750 2724 1845 2760 θεότης

1051 2769 1218 2805 συμπρέπει,
1246 2771 1313 2807 μηδὲ
1330 2771 1416 2799 αἴτιον
1442 2772 1619 2809 ὑποδέχεσθαι
1641 2771 1794 2808 δυναμένη,
1814 2770 1843 2798 οὗ
