1931 3041
111 146 162 175 657

447 141 631 170 ADVEliSUS
650 140 824 170 HERESES
843 140 906 170 LIB.
928 141 972 169 ill.
993 136 1076 171 'l'OM.
1097 142 1118 171 l.
1140 158 1173 162 —
1186 142 1321 171 IIERES.
1337 140 1452 171 LXXVI.

1679 147 1732 176 558

108 204 153 231 διὰ
175 203 206 230 τὸ
227 202 348 233 ἀσθενὲς,
366 200 433 228 ἀλλὰ
456 200 501 227 διὰ
516 200 546 227 τὸ
565 199 784 236 ὑπερϐεϐηκέναι
809 200 896 227 πάντα

950 201 1029 233 venit,
1048 208 1108 236 qua:
1136 202 1238 229 nullam
1262 202 1305 229 sui
1330 209 1442 229 causam
1469 201 1604 234 admittat,
1620 209 1676 231 non
1696 204 1733 232 ob

109 248 226 285 ἀριθμὸν
242 248 288 274 τόν
306 247 335 280 ἐξ
359 247 409 274 οὐκ
425 246 509 273 ὄντων
523 253 530 262 '
547 246 612 281 μιᾶς
636 245 719 281 οὔσης
734 245 785 281 τῆς
804 245 898 281 056m-

109 303 155 327 τος
178 295 207 321 ὲν
231 294 271 321 ἑνὶ
293 294 404 328 ὀνόματι
429 292 543 328 Τριάδος
563 291 777 328 ἀριθμουμένης,
804 291 852 319 καὶ
868 291 897 318 ἐν

111 341 161 376 μιᾷ
176 339 303 376 σφραγῖδι
319 339 458 374 ὀνομάτων
471 337 578 372 Πατρὸς
609 337 656 364 καὶ
678 336 743 364 Υίοῦ
758 337 805 363 καὶ
819 337 897 371 ἁγίου

109 386 269 421 Πνεύματος
298 385 354 416 τοῖς
380 383 573 418 φωτιζομένοις
600 383 821 418 κηρυττομένης,
850 383 898 419 καὶ

110 431 195 467 μηδὲν
219 430 445 466 παρηλλαγμένον
469 429 569 464 ἑαυτῆς
591 429 716 464 ἐχούσης,
732 428 777 455 διὰ
797 428 851 456 τῶν
868 428 897 455 ἐν

108 477 224 513 ἀληθείᾳ
254 476 341 511 λόγων
374 476 485 511 ίσότητα
524 475 670 511 ὀνομασίας
703 474 895 511 πληρούντων,

110 524 218 560 Πατρδς
242 524 289 550 καὶ
310 522 375 550 Υίοῦ
400 523 446 549 καὶ
462 522 539 557 ἁγίου
559 522 726 557 Πνεύματος.
756 522 844 556 Ἔφης
867 520 897 547 δὲ

109 568 203 601 πάλιν,
219 569 260 595 ὅτι
276 567 361 594 Πόθεν
385 567 419 594 ἀν
443 575 485 598 τις
502 566 551 602 τὴν
574 566 730 592 ὐποστᾶσαν
755 564 824 600 πρὸς
848 563 897 599 τὴν

109 615 300 650 ὺποστήσασαν
328 613 427 648 φύσιν,
447 612 477 639 τὸ
502 611 715 647 ἀπαράλλακτον
733 611 774 642 εἰς
802 609 896 636 οὐσίαν

109 661 183 696 ἔχειν
202 659 422 694 συγχωρήσειεν,
437 657 467 684 οὐ
489 652 673 692 προσιεμένης
693 656 743 691 τῆς
769 654 897 690 τοιαύτης

109 704 285 735 ὑποστάσεως
298 703 422 738 γένεσιν;
439 702 493 729 Καὶ
514 701 576 728 οὕτε
597 701 738 735 νενόηκας,
752 700 790 732 ὡς
802 700 897 727 ἑαυτὸν

109 749 294 785 ὴλλοτρίωσας
324 747 505 783 ἀπογνώσεως
529 746 597 774 Θεοῦ
623 747 674 782 τῆς
701 745 839 782 ἀληθείας,
865 745 896 771 οὺ

109 795 249 831 Πνεύματι
264 794 334 830 ἁγίῳ
347 795 381 821 τὰ
402 794 450 829 τῆς
469 793 596 829 ἀληθείας
609 792 810 827 διδασκόμενος,
828 790 898 818 ἀλλὰ

110 841 192 876 σοφίᾳ
212 841 330 876 κοσμικῇ
351 840 384 874 τῇ
404 834 581 874 ’μωρανθείσῃ
602 837 636 864 τὰ
657 837 714 865 ἄνω
735 836 897 872 ἐμϐατεύειν

949 245 1031 272 ullam
1046 246 1270 279 imbecillitatem,
1282 246 1330 274 sed
1344 246 1417 281 quod
1431 247 1465 274 iis
1479 247 1687 282 omnibus,qn:e
1698 256 1731 276 ex

947 291 1033 318 nihilo
1049 292 1120 319 facta
1132 297 1207 325 sunt,
1219 293 1372 320 antecellat.
1387 292 1520 320 Nimirum
1535 300 1589 320 una
1603 294 1733 324 divinitas

947 343 1000 370 est,
1021 346 1083 373 qua:
1106 338 1158 366 sub
1183 345 1238 365 una
1253 338 1396 367 Trinitatis
1424 339 1606 374 appellatione
1636 348 1734 368 nume-

947 387 1036 415 ratur,
1048 387 1076 411 et
1101 383 1129 410 in
1146 383 1246 416 Patris,
1260 383 1321 411 Filii
1347 392 1379 411 ac
1394 384 1512 419 Spiritus
1534 385 1622 412 sancti
1644 385 1736 413 nomi-

947 429 1038 462 nibus,
1055 429 1155 464 quibus
1172 430 1246 457 velut
1269 431 1400 465 singulari
1423 430 1514 465 aliquo
1529 430 1619 466 sigillo
1640 431 1733 459 lirma-

947 482 1021 506 mur,
1043 475 1078 502 iis
1092 475 1138 510 qui
1162 475 1300 510 baptismo
1324 476 1468 503 initiantur
1483 476 1626 511 prtedicari
1643 477 1733 510 solet;

948 527 981 548 ac
998 520 1116 555 denique
1139 521 1208 548 nihil
1229 529 1244 548 a
1264 522 1355 556 seipsa
1372 522 1509 550 diversum
1524 523 1656 556 continet,
1670 530 1734 551 cum

947 573 962 593 a
980 566 1094 594 veritate
1110 567 1238 602 profectae
1251 567 1303 595 iliae
1320 575 1401 596 voces
1424 567 1524 602 Patris,
1543 568 1605 596 Filii
1624 573 1652 596 et
1672 568 1734 604 Spi-

947 611 1018 639 ritus
1044 613 1144 644 sancti,
1165 613 1237 648 ejus,
1259 614 1332 649 quod
1355 614 1529 649 signiﬁcant,
1552 615 1735 650 aequalitatem

948 658 1089 693 impleant.
1104 659 1182 692 Quod
1196 667 1262 688 vero
1278 659 1410 694 subjicis:
1426 659 1495 693 Quis
1508 652 1669 696 pﬂiiﬁctam
1685 668 1736 688 na-

948 706 1037 730 turam
1055 704 1089 731 ab
1099 711 1131 731 ea
1143 712 1205 740 quat
1221 705 1381 741 produxerit
1394 705 1477 741 939
1490 705 1558 734 nihil
1570 703 1732 744 ἤλειψας

947 748 1118 778 discriminis
1135 750 1236 779 habere
1259 751 1400 784 fatebitur,
1429 759 1491 779 cum
1512 743 1730 789 ὂιῆξιῆοῇίᾟυιι-

948 796 1049 823 stantia
1075 797 1278 832 generationem
1301 805 1408 825 omnem
1427 787 1652 833 excludat?!
1666 797 1735 832 illud

949 831 1156 874 animadvertis,
1176 849 1191 869 a
1205 842 1307 870 divina:
1323 843 1447 871 veritatis
1469 831 1634 878 cognition:
1643 831 1736 878 tegis

110 867 290 922 πειρωμενος.
317 867 484 917 indui-eeo;
503 885 557 921 γὰρ
566 867 631 912 ’.καὶ
655 883 736 915 αὐτὸς
752 867 896 915 ¹ἀκούσεις,

950 867 1316 923 adipalbiiiéhin,Mn
1327 867 1735 930 ὲιξιῖζέρῐτῖἵιῖἶέιῖδῖθὶῖἔῗζ

111 933 154 961 ὅτι
179 931 368 968 μεματαίωταί
384 940 436 958 σοι·
456 929 523 959 Οἵδε
535 931 590 966 γὰρ
611 932 628 958 d
652 930 725 962 Θεὸς
748 929 820 962 τοὺς
844 930 897 956 λο-

111 977 239 1013 τισμοὺς
264 976 324 1003 τῶν
345 975 459 1011 σοφῶν,
489 975 533 1002 ὅτι
556 974 615 1002 εισι
639 974 769 1009 μάταιοι.
792 973 822 1000 'O
843 972 898 1008 γὰρ

109 1023 212 1058 γεννῶν
226 1022 272 1049 τὸν
282 1022 461 1049 ὲνυπόστατον
471 1022 568 1055 Λόγον,
584 1021 640 1048 ἴσον
653 1019 741 1055 ἐαυτῷ
757 1018 896 1054 ἐγέννησε,

109 1069 158 1096 καὶ
166 1069 197 1096 οὐ
208 1068 433 1104 παρηλλαγμένον
447 1068 496 1103 τῆς
509 1065 606 1094 ἑαυτοῦ
617 1065 750 1101 θεότητος,
759 1065 789 1092 οὐ
799 1064 842 1091 διὰ
850 1063 899 1100 τὴν

108 1114 156 1141 τοῦ
171 1114 340 1149 γεννήματος
357 1112 544 1149 παραλλαγὴν,
557 1111 613 1139 ἀλλ’
627 1111 668 1138 δτι
690 1110 814 1147 ἀπρεπὲς
829 1109 898 1142 ὅλως

107 1160 143 1197 ἦν
150 1161 181 1188 τὸ
189 1161 360 1197 διανοηθῆναι
371 1161 444 1196 ἡμᾶς
458 1160 567 1192 ἀνάξιον
578 1158 683 1187 ὲαυτδν¹
696 1159 743 1186 καὶ
752 1158 843 1185 ἄνισον
851 1157 899 1185 καὶ

110 1207 300 1241 ὐποὸεσηκότα
307 1206 354 1233 τοῦ
369 1206 529 1241 γεννήτορος
541 1204 733 1240 γεγεννηκέναι
739 1204 769 1230 τὸ
778 1204 900 1239 γέννημα

109 1251 192 1278 αὑτὸν
215 1251 261 1277 τὸν
279 1250 470 1286 γεγεννηκότα.
500 1249 545 1276 Διὸ
560 1250 604 1277 διὰ
630 1249 677 1275 τοῦ
694 1248 761 1275 Υίοῦ
785 1247 833 1275 καὶ
855 1249 898 1274 ὲν-

111 1297 262 1324 υποστάτου
271 1296 357 1331 Λόγου
370 1295 405 1322 τὰ
418 1296 507 1323 πάντα
522 1295 660 1330 γεγονέναι
674 1293 726 1330 ἔφη
736 1302 743 1308 ·
761 1293 805 1320 ἵνα
818 1293 900 1320 αὑτὸν
917 1292 919 1296 ’

110 1343 161 1370 οὐκ
185 1343 239 1370 ἀπὸ
256 1343 311 1369 τῶν
337 1342 486 1377 γεγονότων
502 1341 652 1377 ἀριθμήσῃ,
675 1340 732 1366 ἀλλ’
755 1340 783 1366 ὲν
809 1339 898 1374 Πατρὶ

110 1390 203 1425 ὅμοιον
218 1390 265 1417 καὶ
279 1390 335 1417 ἴσον
356 1389 431 1422 ὄντα,
450 1389 494 1416 διὰ
508 1388 538 1417 τὸ
555 1387 715 1423 συμπρέπον
731 1387 765 1422 τῇ
780 1385 826 1412 τοῦ
844 1386 900 1413 Πα-

110 1436 175 1471 cpe;
189 1436 321 1472 όνομασίᾳ
340 1433 419 1468 εἶναι,
444 1435 488 1461 ἀεὶ
502 1434 567 1461 ὄντα
583 1433 632 1469 τὴν
649 1433 743 1460 οὐσίαν
769 1432 808 1468 τῷ
831 1432 900 1464 όντι,

111 1482 144 1508 οὐ
160 1481 234 1513 ξένον
248 1481 322 1514 ὄντα,
340 1480 407 1507 ἀλλά
421 1481 547 1516 γνήσιον,
572 1480 610 1511 ὡς
624 1479 690 1506 Υίὸν
712 1478 855 1513 ὁμοούσιον
871 1478 902 1510 ἐξ

111 1528 195 1554 αὑτοῦ
215 1526 422 1562 γεγεννημένον.

950 936 1031 960 tatem
1048 933 1087 960 sis
1097 934 1222 965 edoctus,
1235 933 1283 961 sed
1299 933 1396 960 mundi
1410 933 1494 969 hujus
1507 926 1659 969 sapientia,
1675 943 1736 970 qua:

949 978 1022 1005 fatua
1037 978 1190 1014 stolidaque
1219 978 1326 1007 reddita
1342 983 1385 1007 est
1396 980 1418 1012 ',
1434 979 1580 1012 subnixus,
1596 980 1630 1008 ad
1650 981 1733 1008 coale-

950 1023 1003 1051 stia
1027 1028 1053 1051 te
1077 1023 1228 1058 provehere
1248 1024 1369 1052 conaris.
1390 1024 1481 1058 Quare
1494 1032 1668 1060 consequens
1681 1030 1735 1057 est,

951 1072 981 1095 ut
995 1072 1022 1096 et
1034 1068 1101 1095 illud
1114 1068 1222 1101 audias,
1239 1068 1342 1097 frustra
1357 1073 1383 1097 te
1396 1076 1475 1097 esse:
1491 1068 1572 1097 Novit
1582 1070 1653 1097 enim
1665 1070 1737 1098 Dm

949 1116 1097 1148 sapientum
1113 1115 1300 1149 cogitationes,
1315 1115 1439 1150 quoniam
1458 1123 1532 1143 vanw
1551 1116 1644 1143 διισιιδ.
1661 1116 1738 1150 Quo-

949 1159 1023 1187 circa
1038 1160 1086 1196 qui
1108 1160 1263 1189 subsistens
1281 1160 1400 1188 Verbum
1421 1161 1526 1196 genuit,
1542 1162 1613 1189 idem
1632 1163 1737 1198 mquale

950 1206 1003 1234 sibi
1027 1206 1131 1242 genuit,
1156 1214 1207 1234 nec
1229 1214 1246 1234 a
1269 1214 1319 1235 sua
1336 1206 1479 1235 divinitate
1505 1207 1663 1243 diversum;
1685 1217 1738 1237 nec

951 1252 1006 1280 ulla
1018 1257 1059 1280 est
1071 1253 1098 1279 in
1113 1252 1203 1288 genita
1220 1251 1314 1280 sobole
1325 1252 1456 1286 varietas,
1467 1260 1530 1280 cum
1545 1253 1657 1282 minime
1670 1262 1737 1283 sane

950 1297 1059 1330 deceat,
1081 1301 1110 1325 ut
1130 1298 1206 1325 illum
1225 1303 1362 1334 putemus,
1381 1298 1522 1334 indignum
1545 1300 1636 1335 seipso
1650 1304 1678 1327 et
1694 1300 1738 1328 in-

950 1343 1081 1379 aqualem
1109 1347 1137 1371 et
1155 1343 1227 1370 infra
1247 1343 1432 1371 conditionem
1451 1344 1585 1379 genitoris
1606 1345 1738 1373 amanda-

951 1393 1009 1416 tum
1033 1397 1112 1417 suum
1136 1389 1213 1416 illum
1247 1389 1375 1424 genuisse
1399 1389 1509 1417 Filium.
1537 1390 1625 1424 Quam
1652 1392 1735 1420 etiam

951 1433 987 1460 ob
1010 1440 1124 1460 causam
1151 1441 1198 1468 per
1240 1433 1338 1460 Filium
1372 1441 1404 1461 ac
1434 1435 1589 1464 subsistens
1617 1435 1737 1464 Verbum

951 1479 1042 1506 omnia
1060 1487 1123 1507 esse
1143 1480 1212 1507 facta
1232 1483 1347 1508 testatus
1363 1484 1416 1514 est,
1436 1486 1466 1508 ut
1483 1482 1630 1516 ipsummet
1647 1482 1680 1510 ab
1694 1482 1738 1509 fa-

951 1528 1058 1552 ctarum
1091 1533 1181 1552 rerum
1204 1533 1319 1553 numero
1347 1532 1504 1555 secerneret
1520 1527 1693 1563 doceretque,
1707 1535 1739 1556 se

112 1574 140 1601 in
161 1573 241 1602 Patre
256 1573 372 1600 similem
392 1576 473 1607 atque
489 1571 620 1606 aequalem
639 1577 718 1598 esse:
737 1569 808 1605 quod
827 1569 916 1604 ipsum
934 1569 1023 1598 Patris
1038 1571 1212 1606 appellationi
1230 1576 1446 1600 conscntancum
1465 1577 1521 1606 est;
1550 1581 1668 1609 semper,
1694 1573 1738 1601 in-

111 1629 214 1657 quam,
242 1619 419 1648 exsistentem
452 1618 480 1645 in
503 1617 657 1645 substantia
680 1623 748 1648 sua,
771 1624 825 1643 non
857 1617 1109 1659 peregrinumhscd
1144 1626 1319 1652 germanum,
1357 1622 1451 1653 utpote
1472 1619 1738 1648 consubstantialem

111 1667 223 1699 Filium,
240 1670 268 1695 et
282 1674 297 1693 a
316 1665 396 1693 Patre
412 1665 544 1700 genitum.

306 1722 505 1750 ΚΕΦΑΛΑΙΟΝ
523 1721 650 1749 ΔΕΤΙΟΥ
668 1724 705 1749 Δ’.

148 1770 180 1797 Εἰ
195 1769 379 1805 ἀτελευτήτως
392 1770 406 1796 ὁ
425 1768 491 1800 Θεὸς
507 1768 627 1803 διαμένει
643 1768 672 1794 ὲν
693 1768 833 1804 ἀγεννήτῳ
848 1767 899 1802 φύ-

112 1824 165 1846 σει,
181 1815 228 1842 καὶ
246 1814 432 1849 ἁτελευτήτως
445 1813 475 1840 τὸ
491 1812 614 1848 γέννημα
627 1812 750 1848 γέννημά
763 1813 836 1839 ἐστιν
848 1821 854 1828 ·
882 1813 899 1848 ὴ

110 1860 160 1887 τοῦ
173 1859 316 1895 όμοουσίου
333 1859 381 1886 καὶ
396 1858 584 1894 ἁνομοιουσίου
614 1857 758 1890 κακοδοξία
773 1866 899 1893 παραφω

111 1906 278 1941 νισθήσεται.
297 1906 419 1932 Ίσταται
434 1904 462 1931 δὲ
472 1903 542 1930 τὸέν
557 1903 635 1939 οὐσίᾳ
651 1903 819 1938 ἀσυγκρίτῳ,
834 1904 900 1930 ἑκα-

111 1952 197 1987 τέρας
223 1951 330 1987 φύσεως
354 1949 501 1982 ἀπαύστως
526 1949 707 1986 διαμενούσης
730 1949 760 1976 ἐν
779 1949 818 1985 τῷ
845 1949 901 1985 ἰδίῳ

111 1998 162 2034 τῆς
177 1998 285 2033 φύσεως
303 1997 449 2032 ἀξιώματι.

393 2053 422 2080 Ἀ
426 2051 559 2086 νατροπὴ
582 2051 620 2079 Δ”.

149 2101 181 2127 Εἰ
206 2100 391 2135 ἀτελευτήτως
414 2098 463 2126 καὶ
478 2097 625 2129 ἀπαύστως
650 2097 665 2123 ό
686 2096 752 2128 Θεὸς
767 2096 899 2132 διαμένει,

112 2147 151 2178 ὠς
167 2146 245 2181 ἔφης,
266 2147 295 2172 ἐν
309 2145 449 2180 ἀγεννήτῳ
464 2143 554 2178 φύσει,
572 2142 653 2177 φύσις
681 2142 710 2168 δὲ
731 2141 798 2168 Θεοῦ
816 2142 900 2174 ἀΐδιος

111 2192 297 2227 ἀτελευτήτως
313 2192 414 2227 ἔχουσα
437 2190 468 2218 τὸ
490 2190 610 2225 ἀξίωμα,
629 2189 661 2216 οὐ
685 2188 730 2216 διά
749 2198 777 2216 τι
795 2189 898 2225 ἕτερον,

111 2238 181 2265 ἀλλὰ
193 2238 237 2265 διὰ
248 2238 280 2264 τὺ
296 2237 424 2265 αὐτόθεον
437 2237 484 2264 καὶ
499 2235 649 2263 αὑτοαῐδιον
659 2243 666 2251 ⁸
682 2235 735 2271 ἄρα
749 2243 781 2269 γε
799 2236 846 2262 καὶ
869 2235 900 2262 τὸ

110 2285 235 2319 γέννημα
250 2283 391 2319 όμοούσιον
406 2282 495 2316 ἔσται,
519 2281 545 2308 εί
561 2280 637 2316 παρὰ
658 2280 701 2307 σοὶ
721 2281 752 2307 τὺ
777 2280 824 2307 τοῦ
836 2281 900 2308 ἀτε-

110 2331 242 2366 λευτήτου
257 2330 367 2365 εἴληφεν
386 2330 482 2366 ὄνομα,
507 2329 556 2361 ὡς,
582 2327 755 2363 παλιμϐόλως
778 2327 817 2363 τῷ
843 2327 900 2363 Υίῷ

111 2376 292 2412 χαρίσασθαι,
325 2375 445 2408 πιθανῶς
471 2374 696 2410 ὲφυσιολόγησας.
720 2373 822 2405 Δώσεις
844 2373 900 2410 γὰρ

1197 1715 1288 1743 AETll
1308 1715 1424 1744 CAPUT
1444 1715 1488 1744 IV.

988 1762 1017 1790 Si
1034 1765 1165 1797 perpetuo
1192 1768 1225 1788 ac
1248 1761 1308 1789 sine
1325 1762 1378 1788 ullo
1404 1761 1456 1789 ﬁne
1477 1761 1549 1791 Deus
1569 1763 1596 1790 in
1612 1764 1734 1800 ingenita

950 1813 1047 1836 natura
1068 1807 1201 1843 persistit,
1217 1814 1249 1834 ac
1264 1807 1286 1834 si
1299 1807 1390 1841 genita
1408 1807 1517 1836 soboles
1539 1809 1598 1837 sine
1617 1811 1671 1838 ullo
1684 1813 1738 1841 line

950 1855 1040 1890 genita
1055 1857 1107 1886 est,
1121 1860 1204 1887 prava
1221 1852 1265 1879 illa
1280 1853 1314 1880 de
1329 1852 1491 1881 homoousio
1518 1859 1546 1882 et
1562 1855 1736 1886 hommousio

951 1898 1087 1927 sententia
1098 1897 1298 1934 prolligabitur.
1315 1897 1385 1925 Cum
1398 1898 1464 1926 illud
1476 1900 1584 1928 interim
1596 1902 1622 1929 in
1635 1904 1738 1933 utrius-

950 1956 1004 1984 que
1024 1952 1129 1975 naturaa
1149 1947 1281 1982 dignitate
1299 1952 1452 1981 remaneat,
1467 1952 1508 1980 ut,
1526 1948 1598 1983 quod
1619 1949 1653 1977 ad
1670 1951 1736 1979 sub-

951 1995 1080 2022 stantiam
1097 1994 1203 2026 attinet,
1222 1995 1374 2029 comparari
1390 1995 1461 2022 inter
1476 2002 1506 2023 se
1520 2000 1669 2030 nequeant.

1230 2051 1384 2085 Confutatio
1402 2051 1415 2078 1
1425 2051 1454 2079 γ.

986 2097 1016 2124 Si
1033 2101 1164 2132 perpetuo
1182 2105 1214 2124 ac
1240 2098 1301 2125 sine
1321 2097 1378 2125 ullo
1400 2097 1453 2124 line
1469 2097 1551 2130 Deus,
1568 2102 1598 2126 ut
1622 2099 1736 2131 asseris.

951 2141 979 2168 in
1003 2142 1124 2177 ingenita
1148 2146 1247 2169 natura
1267 2145 1428 2176 permanet,
1449 2145 1547 2176 estque
1570 2144 1736 2178 sempiterna

951 2187 999 2216 Dei
1025 2192 1140 2219 natura,
1164 2195 1224 2222 quae
1249 2188 1308 2215 sine
1332 2187 1388 2215 ullo
1404 2187 1457 2215 line
1475 2188 1636 2223 dignitatem
1658 2198 1735 2218 snam

950 2233 1070 2266 obtinet;
1086 2233 1187 2260 nullam
1204 2233 1240 2261 ob
1260 2233 1340 2261 aliam
1359 2241 1484 2266 causam,
1500 2241 1582 2268 quam
1600 2235 1672 2270 quod
1689 2243 1737 2271 per

950 2288 1012 2308 sese
1033 2279 1116 2311 Deus,
1132 2287 1163 2307 ac
1186 2286 1234 2314 per
1252 2286 1313 2306 sese
1335 2279 1519 2313 sempiternus
1534 2283 1576 2307 est
1592 2280 1695 2316 :igitur
1708 2286 1736 2308 et

950 2326 1041 2363 genita
1064 2325 1174 2353 soboles
1200 2324 1443 2352 consubstantialis
1462 2324 1524 2357 erit,
1548 2332 1610 2352 cum
1633 2325 1735 2353 indesi-

950 2373 1041 2400 ncntis
1057 2372 1108 2399 abs
1124 2375 1150 2399 te
1170 2378 1268 2398 nomen
1287 2370 1326 2397 illi
1344 2370 1491 2402 tribuatur,
1505 2370 1735 2406 quemadmodum

109 2422 159 2448 καὶ
173 2420 392 2456 ἀναγκαζόμενος
413 2419 580 2455 ὁμολογῆσαι
599 2418 630 2445 τὸ
653 2417 701 2445 τοῦ
717 2417 898 2453 ἀτελευτήτου

950 2417 1048 2445 callide
1061 2425 1094 2445 ac
1120 2417 1286 2445 veteratorie
1300 2415 1371 2444 Filio
1386 2416 1544 2451 gratiﬁcans
1556 2417 1736 2452 probabiliter

109 2469 141 2494 ὲν
156 2468 259 2494 ἅπασιν
275 2467 389 2494 ἄπλετον
407 2466 455 2493 καὶ
479 2464 621 2501 ἀχώρητον
642 2463 738 2499 ὄνομα.
766 2463 828 2496 Πῶς
851 2461 898 2490 οὖν

108 2514 160 2540 οὐκ
193 2513 269 2540 ἔσται
298 2512 458 2548 όμοούσιονς
494 2511 603 2546 Ἐπειδὴ
637 2509 730 2542 ἔδοξας
750 2509 896 2542 σκώπτειν,

107 2561 153 2588 διὰ
176 2559 320 2592 κακοδόξου
355 2559 486 2594 ὀνόματος
519 2557 569 2594 τὴν
600 2557 728 2593 ἀλήθειαν
757 2556 897 2592 ἐξυϐρίσαι

108 2606 327 2642 πειρασάμενος,
361 2605 391 2638 ἐξ
415 2605 505 2632 αὐτῶν
536 2604 729 2640 ἐλεγχόμενος,
756 2601 794 2630 ὧν
817 2603 896 2638 ἔφης,

108 2653 250 2689 ῥημάτων.
280 2652 315 2678 'H
341 2651 396 2687 γὰρ
425 2651 519 2682 δώσεις
553 2650 629 2682 τέλος
648 2651 659 2666 ²
687 2649 742 2676 τῶν
768 2648 821 2675 ὑπὸ
850 2647 897 2675 σοῦ

108 2697 344 2733 παρηλλαγμένων
370 2696 621 2732 βλασφημουμένων
657 2695 707 2730 τὴν
734 2694 846 2727 οὐσίαν,
877 2694 895 2730 ἢ

108 2744 284 2779 ἀτελεύτητον
310 2743 391 2770 αὐτὸν
412 2742 590 2778 ὁρισάμενος,
614 2742 644 2768 ὲν
666 2741 767 2768 ἆπασιν
792 2740 897 2776 ἀμετά-

108 2798 206 2818 στατον
222 2790 268 2817 καὶ
284 2789 492 2825 ἀπαράλλακτον
504 2788 554 2824 τῆς
566 2787 613 2814 τοῦ
626 2787 804 2822 ἀτελευτήτου
818 2786 897 2818 ἀξίας

950 2464 984 2492 de
1002 2464 1062 2499 ejus
1086 2466 1183 2491 natura
1203 2462 1361 2497 disputasti.
1387 2461 1469 2490 Dabis
1495 2462 1549 2490 hoc
1572 2463 1671 2498 igitur,
1693 2463 1736 2491 vel

950 2510 1071 2542 invitus,
1092 2513 1123 2536 ut
1149 2509 1286 2536 inﬁnitum
1318 2508 1386 2536 illud
1409 2513 1436 2535 et
1459 2508 1736 2543 incomprehensibile

950 2563 1049 2583 nomen
1074 2553 1256 2583 indesinenlis
1269 2554 1382 2581 omnino
1397 2553 1511 2581 fateare.
1525 2554 1624 2581 Annon
1652 2553 1736 2589 igitur

949 2600 1194 2629 consubstantialis
1215 2599 1287 2628 erit?
1304 2599 1420 2633 Quando
1442 2600 1479 2627 ita
1493 2599 1581 2634 jocari
1602 2600 1677 2627 visus
1693 2607 1734 2631 es,

949 2648 1013 2674 dum
1034 2646 1117 2682 95,0
1139 2646 1272 2681 sacrilega
1290 2645 1472 2681 appellatione
1492 2645 1599 2672 veritati
1620 2644 1735 2672 illmlere

949 2697 1064 2720 conatus
1075 2699 1116 2724 es,
1134 2693 1170 2719 ita
1187 2697 1278 2719 tamen
1301 2696 1330 2719 ut
1348 2691 1394 2718 illa
1414 2691 1482 2726 ipsa,
1495 2689 1596 2725 quibus
1608 2697 1673 2717 usus
1690 2698 1732 2722 es,

949 2743 976 2766 te
990 2738 1072 2766 verba
1086 2738 1262 2772 redarguam.
1272 2737 1327 2764 Aut
1336 2737 1409 2764 enim
1424 2735 1504 2763 linem
1515 2735 1615 2762 habere
1626 2739 1733 2766 statues

948 2785 1035 2817 illum,
1054 2792 1134 2819 quem
1151 2791 1198 2818 per
1213 2789 1348 2810 Summam
1363 2779 1557 2809 contumeliam
1577 2779 1730 2808 substantia

144 2849 154 2865 ¹
172 2847 203 2876 F.
224 2847 331 2876 ἑαυτοῦ.
370 2848 380 2863 ¹
398 2847 428 2874 F.
440 2847 522 2883 ἔχειν,
536 2846 583 2874 scd
598 2854 631 2874 ne
645 2846 684 2873 sic
701 2845 811 2881 quidem
826 2849 898 2872 conSl

950 2844 1001 2872 sibi
1019 2843 1110 2870 lectio.
1151 2841 1257 2871 'lCor.
1271 2840 1348 2874 I,20.
1387 2837 1480 2868 ‘Psal.
1497 2844 1576 2869 mn,
1591 2837 1635 2865 ll.
