1931 3041
188 139 241 169 559

859 139 887 167 S.
909 138 1081 166 EPH‘HANH

1763 140 1818 167 5ου

189 199 348 234 discrepare
376 197 505 231 voluisti;
529 200 596 229 aut,
624 196 647 225 si
681 203 821 232 nunquam
854 197 976 225 desinere

1031 197 1151 231 εἰσάγειν
1172 197 1367 232 ἀναγκασθήσῃ
1377 217 1384 230 ,
1400 196 1451 232 τῆς
1468 197 1595 233 ἀληθείας
1614 196 1650 232 μὴ
1666 197 1818 232 παραδεχο-

189 245 303 278 sentias,
328 244 454 273 eumdem
477 243 552 271 nulla
580 250 614 270 ex
642 246 720 277 parte
748 246 901 276 mutatum,
928 248 975 271 aut

188 292 330 320 diversum
356 291 390 318 ab
406 289 588 317 indesinentis
608 288 683 317 illius
701 289 834 324 dignitate
853 290 975 324 proﬁteri

187 339 304 373 cogeris.
328 336 422 372 Neque
446 336 520 363 enim
545 335 648 363 veritas
675 336 795 370 patitur,
816 336 855 363 uti
888 335 975 363 Filius

189 383 269 411 ﬁnem
280 386 398 418 unquam
410 382 553 409 habiturus
567 382 748 414 existimetur,
759 383 887 418 quoniam
903 384 976 418 regni

187 428 281 461 ipsius,
297 427 334 454 ait
355 426 496 462 Scriptura
508 427 527 457 ',
548 434 601 453 non
614 427 663 453 erit
680 427 752 461 ﬁnis,
768 435 801 454 eo
823 428 896 463 quod
913 436 975 455 cum

188 473 268 500 l‘atre
296 481 327 499 ac
353 473 456 507 Spiritu
481 477 577 500 sancto
592 476 724 507 perpetuo
741 478 847 508 regnat.
868 474 975 501 Etenim

188 520 317 553 quidquid
336 519 443 545 initium
462 519 553 550 habet,
573 520 654 546 tinem
671 520 753 545 etiam
769 519 896 552 habebit,
914 521 937 547 si
951 520 975 547 ei

188 565 306 595 libuerit,
325 565 369 599 qui
393 565 441 596 illi,
464 564 536 599 quod
556 565 664 591 initium
686 565 787 592 habere
806 564 918 596 dicitur,
947 569 976 592 ut

187 612 270 639 esset,
288 609 392 635 tribuit.
414 608 491 641 Quod
514 608 625 643 quidem
643 616 704 636 cum
725 610 832 638 ueteris
855 611 882 637 in
893 611 976 639 rebus

187 662 281 681 verum
300 655 344 686 sit,
363 655 416 681 dici
434 656 465 681 ile
482 654 553 682 Filio
572 662 626 682 non
650 659 749 690 potest.
774 655 823 684 Est
848 658 920 684 enim
942 657 976 684 ab

187 706 220 726 eo
237 707 355 735 semper,
374 700 420 735 qui
441 705 492 733 est,
508 705 534 728 et
552 701 624 735 apud
637 701 774 735 eumdem,
788 710 839 730 nec
855 711 975 738 unquam

187 753 247 772 esse
261 746 371 773 desinit.
390 745 479 778 Quare
494 750 520 773 et
536 746 781 775 consubstantialis
800 753 871 782 erat,
883 756 908 776 et
922 753 974 781 est,

187 792 295 826 eritque
316 797 457 826 perpetuo,
477 793 552 819 solus
573 800 588 820 e
614 793 683 825 solo,
701 802 751 821 nec
770 794 823 821 ulla
846 795 872 821 in
890 804 918 823 re
942 796 976 822 ab

188 838 262 865 illius
278 837 429 864 substantia
446 837 584 869 diversus,
598 838 647 864 sed
662 846 712 872 pro
726 839 868 865 nominum
884 840 976 875 digni-

1027 242 1111 278 μένης
1127 242 1199 277 ἔχειν
1216 243 1262 269 τὸν
1277 243 1341 269 Υίὸν
1353 263 1361 275 ,
1387 243 1428 269 ὅτι
1453 242 1509 277 τῆς
1530 243 1692 276 βασιλείας
1715 243 1818 275 αὑτοῦ,

1026 288 1109 323 φησὶν
1131 289 1148 323 ή
1178 288 1283 323 Γραφὴ,
1310 289 1366 316 οὐκ
1393 288 1478 316 ἔσται
1499 288 1604 321 τέλος·
1639 288 1682 314 διὰ
1717 288 1748 314 τὸ
1771 288 1819 316 σὺν

1026 334 1115 370 Πατρὶ
1133 334 1285 369 βασιλεύειν
1299 335 1343 360 ἀεὶ
1360 335 1407 361 καὶ
1423 335 1471 361 σὺν
1493 334 1532 370 τῷ
1548 335 1618 369 ἁγίῳ
1635 334 1717 361 αὑτοῦ
1735 334 1819 361 Ilvati-

1028 388 1103 414 ματ-ι.
1118 379 1281 415 Ἐπειδήπερ
1295 380 1349 406 πᾶν
1366 381 1396 406 τὸ
1409 380 1495 415 ἀρχὴν
1510 381 1581 415 ἕχον,
1597 381 1645 406 καὶ
1661 380 1739 411 τέλος
1753 380 1819 413 ἕξει,

1025 426 1050 452 εἰ
1065 425 1186 460 βούλοιτο
1198 426 1212 452 ὁ
1228 423 1298 452 εἶναι
1318 425 1355 461 τῷ
1372 426 1422 461 τὴν
1437 426 1525 461 ἀρχὴν
1540 426 1662 460 εἰληφότι
1678 434 1820 462 παρεσχη-

1028 472 1107 507 μένος
1119 479 1126 485 ·
1148 472 1216 507 ὅπερ
1230 472 1277 498 sui.
1297 473 1366 499 πᾶσι
1383 472 1432 507 μὲν
1451 472 1597 507 ἐνδέχεται,
1612 473 1658 498 ἐπὶ
1671 472 1700 499 δὲ
1714 472 1755 507 τῷ
1768 471 1823 506 Υἱῷ

1034 519 1193 545 ἀνένδεκτόν
1208 519 1292 546 ἐστιν.
1309 518 1387 545 Ἔστι
1412 518 1466 554 γὰρ
1482 518 1525 544 ἀεὶ
1545 518 1577 545 ὲκ
1596 517 1642 544 τοῦ
1665 517 1751 549 ὃντος,
1775 517 1824 544 καὶ

1027 563 1103 599 παρὰ
1113 563 1151 598 τῷ
1161 563 1217 590 ὗντι
1228 564 1282 596 ἀεὶ,
1300 563 1347 591 τοῦ
1364 561 1432 590 εἶναι
1448 559 1580 598 μηδέποτε
1595 563 1696 598 λήγων.
1712 562 1760 588 Διὸ
1775 563 1825 588 καὶ

1027 609 1167 645 όμοούσιος
1182 608 1226 646 ἦν,
1250 609 1309 646 [καὶ
1322 608 1406 645 έστι,]
1425 609 1473 636 καὶ
1491 608 1577 640 ἔσται,
1594 609 1671 644 μόνος
1681 609 1714 634 ὲκ
1729 608 1823 644 μόνου,

1027 656 1074 683 καὶ
1091 657 1121 683 ὲν
1132 656 1220 683 οὐδενὶ
1232 657 1265 691 τῇ
1282 656 1361 692 οὐσίᾳ
1377 655 1614 692 παρηλλαγμένος,
1627 655 1694 682 ἀλλὰ
1707 655 1779 681 κατά
1792 655 1826 681 τὸ

1030 703 1138 738 ἀξίωμα
1152 703 1207 729 τῶν
1222 703 1362 738 ὀνομάτων
1377 702 1511 738 μενούσης
1529 703 1578 737 τῆς
1600 702 1726 737 θεότητος
1746 703 1775 728 ἐν
1787 703 1823 737 τῇ

1027 748 1188 784 ταυτότητι,
1215 748 1277 775 οὔτε
1309 748 1474 784 συναλοιφὴν
1500 748 1615 783 ἔχουσα,
1642 747 1704 773 06:3
1733 747 1823 783 ἀρχὴν

1028 795 1110 829 ἑαυτῇ
1134 795 1291 830 παρέχουσα
1313 794 1359 820 τοῦ
1385 792 1464 826 εἶναι,
1495 794 1557 820 οὒτε
1572 794 1705 829 δεχομένη
1724 793 1756 819 τὸ
1772 794 1822 819 ἀν-

1028 840 1121 875 όμοιον
1142 840 1223 876 ἑαυτῇ
1240 840 1384 875 ὑπάρχειν,
1406 841 1423 875 ὴ
1444 840 1488 867 ἀεὶ
1511 838 1586 872 οὖσα,
1613 841 1659 866 καὶ
1685 839 1823 875 μηδέποτε

188 887 246 910 tate
257 882 387 909 divinitas
403 883 429 909 in
442 883 584 910 identitate
597 888 765 918 perseverat,
776 892 830 912 non
847 885 901 912 ulla
913 893 976 913 con-

1031 887 1074 913 τοῦ
1088 885 1158 914 εἶναι
1173 887 1304 923 λήγουσα,
1323 887 1523 922 συμπρέπουσα
1537 886 1565 913 δὲ
1580 887 1659 921 αὐτῇ,
1676 886 1719 912 ἀεὶ
1732 887 1761 912 ὲν
1784 885 1825 920 τῷ

188 927 296 955 fusione
321 928 491 960 coalescens,
514 936 604 963 neque
627 929 681 956 sibi
700 930 764 964 ipsi,
781 930 854 957 velut
875 932 977 966 princi-

189 974 262 1008 pium
274 973 422 1008 quoddam,
443 978 473 1000 ut
491 973 537 1005 sit,
554 974 695 1007 tribuens;
711 982 800 1010 neque
825 976 974 1011 quidquam

189 1020 231 1047 sui
254 1019 388 1046 dissimile
414 1019 442 1044 in
469 1018 587 1053 seipsam
611 1019 778 1051 admittens,
803 1027 863 1054 qua:
886 1026 913 1047 et
934 1024 977 1048 est

189 1073 308 1100 semper,
328 1069 354 1092 et
368 1073 430 1091 esse
450 1072 591 1099 nunquam
609 1064 721 1097 desinit,
737 1065 789 1092 sibi
806 1066 856 1100 ipsi
876 1069 976 1095 conive-

189 1112 278 1142 niens,
301 1111 327 1137 in
353 1111 518 1145 sempiterna
539 1110 674 1145 dignitate
694 1109 784 1139 Patris
807 1112 840 1138 ad
864 1112 975 1146 Filium,

1029 934 1164 970 ἀξιώματι
1179 934 1287 970 Πατρός
1300 933 1369 970 πρὸς
1381 933 1456 966 Υῑὺν,
1474 934 1520 960 καὶ
1537 932 1602 959 Υἱοῧ
1620 932 1687 967 πρὸς
1700 932 1825 966 Πατέρα,

1030 981 1077 1007 καὶ
1103 980 1182 1015 ἁγίου
1206 979 1375 1015 Πνεύματος,
1403 980 1452 1007 σὺν
1481 979 1569 1014 Πατρὶ
1586 979 1634 1005 καὶ
1652 977 1710 1013 Υίῷ
1735 978 1828 1013 ὑπάρ-

1030 1035 1126 1062 χουσα,
1152 1027 1200 1052 καὶ
1218 1025 1352 1061 μηδέποτε
1369 1025 1553 1052 διαλείπουσα.
1575 1025 1653 1051 Ἐστι
1671 1024 1724 1059 γὰρ
1739 1024 1828 1059 ἑαυτῇ

1031 1071 1198 1106 ἀσύγκριτος
1211 1072 1227 1107 ὴ
1242 1071 1338 1106 Τριὰς,
1351 1071 1482 1106 διαίρεσιν
1496 1071 1623 1106 οὐδεμίαν
1640 1071 1668 1097 ὲν
1681 1069 1721 1105 τῷ
1741 1069 1829 1102 ἀξιῶ·

1034 1124 1099 1150 ματι
1121 1116 1318 1152 ὑποδεχομένη.

186 1159 248 1187 Filii
264 1159 298 1186 ad
313 1159 434 1190 Patrem,
450 1158 537 1187 sancti
560 1157 682 1194 Spiritus
707 1166 770 1186 cum
788 1159 869 1187 Patre
895 1166 922 1188 ει
950 1161 1020 1190 Filio
1037 1164 1097 1191 sin‘e
1128 1164 1183 1191 ulla
1210 1164 1409 1200 interruptione
1435 1165 1602 1193 consistens.
1627 1164 1721 1199 Neque
1750 1163 1827 1192 enim

187 1213 279 1234 secum
296 1206 354 1241 ipsa
370 1204 525 1239 comparari
540 1203 663 1232 Trinitas
680 1209 781 1240 potest,
799 1213 859 1240 qua:
872 1213 981 1235 omnem
998 1209 1140 1245 dignitatis
1157 1209 1320 1237 divisionem
1335 1210 1451 1245 respuit.

440 1260 533 1287 AETH
551 1260 667 1288 CAPUT
687 1260 721 1289 V.

223 1308 252 1336 Si
271 1307 408 1343 ingenitus
428 1307 581 1335 substantia
601 1307 674 1335 Deus
688 1311 735 1347 est
744 1328 751 1340 ,
771 1307 842 1343 quod
856 1309 977 1343 genitum

175 1359 240 1387 ,t-st,
262 1362 317 1381 non
344 1352 523 1380 distractione
536 1352 652 1387 quadam
676 1353 836 1380 substantia:
858 1354 978 1388 genitum

188 1405 240 1432 est,
255 1400 302 1428 sed
324 1400 358 1427 ab
373 1399 541 1430 substantia,
564 1406 580 1425 a
595 1407 649 1433 qua
668 1399 831 1433 productum
852 1404 905 1431 est,
923 1406 980 1426 ma-

188 1447 273 1474 navit.
287 1446 393 1480 Quippe
411 1444 535 1472 eamdem
562 1444 744 1471 substantiam
759 1444 878 1480 genitam
898 1444 979 1471 simul

188 1497 216 1520 et
232 1492 379 1527 ingenitam
391 1498 453 1519 esse
465 1489 540 1517 nulla
556 1497 618 1517 cum
634 1490 734 1524 pietate
749 1490 897 1526 conjuncta
909 1491 979 1518 ratio

189 1537 301 1573 patitur.

475 1592 631 1628 Confutalio
657 1592 687 1619 V.

225 1638 420 1674 Saepenumero
448 1639 507 1668 haec
535 1637 649 1673 ingeniti
679 1637 818 1673 genitique
846 1637 979 1665 vocabula

189 1686 270 1713 nobis
292 1684 449 1714 obtrusisti,
469 1683 516 1710 Dei
543 1691 643 1710 nomen
661 1683 811 1710 insolenter
835 1682 978 1717 jactitans,

188 1739 252 1759 cum
279 1731 306 1757 in
342 1731 417 1757 omni
445 1737 545 1765 genere
577 1729 760 1764 improbitatis
790 1728 979 1763 consepultam

190 1780 307 1804 mentem
335 1776 448 1802 habeas.
466 1774 498 1801 Et
523 1774 632 1809 quidem
654 1774 720 1801 illud
738 1773 871 1808 indigenti
892 1774 979 1800 cuivis

189 1825 215 1850 in
234 1824 330 1858 primis
344 1823 464 1858 optabile
479 1826 531 1854 est,
545 1826 574 1848 ut
586 1821 657 1855 ejus,
673 1828 728 1855 quo
742 1820 854 1854 indiget,
872 1820 978 1854 capiatr]

188 1870 222 1896 ad
239 1870 367 1897 solatium
396 1868 513 1898 habeat,
538 1872 585 1893 aut
603 1866 683 1901 94],
710 1866 733 1893 si
760 1866 850 1893 minus
870 1866 979 1899 assequi

189 1916 294 1950 possit,
321 1914 417 1941 saltem
448 1913 546 1940 crebro
565 1912 592 1939 in
614 1919 740 1939 sermone
765 1911 830 1938 illud
857 1916 977 1945 usurpet.

190 1960 267 1988 Unde
295 1964 322 1987 cl
351 1963 399 1992 tu,
425 1966 487 1985 cum
525 1958 625 1992 impius
662 1964 694 1983 ac
722 1956 769 1983 Dei
799 1958 838 1984 sis
863 1965 978 1991 expers,

188 2006 261 2041 quod
288 2013 372 2032 unum
398 2009 497 2037 restat,
524 2011 590 2031 voce
615 2008 696 2031 tenus
721 2003 885 2038 proferendo
906 2003 979 2030 illius

188 2052 303 2079 nomine
328 2055 382 2078 tete
407 2050 545 2081 venditas,
559 2049 688 2084 quoniam
714 2049 835 2084 quidem,
851 2049 922 2084 quod
945 2049 979 2076 ad

187 2098 248 2133 ejus
261 2099 398 2129 timorem,
415 2096 507 2128 tidem,
519 2104 595 2130 spem
607 2100 635 2123 et
645 2103 710 2131 erga
723 2096 799 2123 illum
815 2097 977 2123 eharitatcm

188 2145 294 2177 attinet,
312 2150 452 2178 nunquam
480 2142 556 2168 illum
573 2149 635 2169 vere
656 2142 683 2168 in
707 2141 911 2177 possessionem
929 2141 979 2168 ha-

1228 1266 1428 1292 ΚΕΦΑΛΑΙΟΝ
1448 1265 1575 1292 ΑΕΤΙΟΥ
1593 1265 1631 1291 Ε¹.

1066 1311 1098 1337 Εἰ
1114 1311 1260 1346 ἀγέννητός
1274 1312 1347 1337 ἐστιν
1365 1312 1379 1337 ὁ
1400 1310 1467 1342 Θεὸς
1481 1311 1530 1346 τὴν
1544 1310 1649 1341 οὐσίαν,
1668 1310 1717 1336 οὐκ
1731 1309 1828 1340 οὐσίας

1031 1357 1170 1383 διαστάσει
1197 1357 1227 1383 τὸ
1253 1357 1381 1392 γεννητὸν
1407 1357 1560 1393 ἐγεννήθη,
1587 1357 1645 1384 ἀλλ’
1676 1356 1705 1389 ἐξ
1731 1356 1829 1387 οὐσίας

1032 1402 1225 1437 ὐποστησάσης
1242 1401 1317 1428 αὑτό.
1335 1401 1390 1437 Τὴν
1412 1402 1466 1437 γὰρ
1481 1401 1566 1437 αὐτὴν
1585 1401 1681 1429 οὐσίαν
1699 1401 1747 1427 καὶ
1763 1410 1829 1436 γεν-

1032 1449 1116 1484 νητὴν
1134 1446 1204 1475 εἶναι
1220 1448 1267 1474 καὶ
1281 1447 1429 1483 ἀγέννητον
1445 1448 1531 1480 οὐδεὶς
1546 1448 1623 1482 λόγος
1634 1447 1750 1484 εὐσεϐὴς
1765 1448 1829 1474 ἑπι-

993 1513 1014 1542 c
1033 1495 1137 1531 τρέπει.

1318 1596 1480 1631 Ἆνατροπὴ
1505 1595 1543 1623 Ε’.

1065 1641 1199 1673 Πολλάκις
1214 1643 1279 1677 ἡμῖν
1292 1642 1426 1678 προῆλθες
1442 1642 1543 1677 φέρων,
1558 1639 1581 1668 ὦ
1596 1638 1683 1673 οὗτος,
1701 1642 1732 1668 τὺ
1745 1641 1829 1676 ἀγέν-

1030 1695 1109 1722 νητον
1123 1687 1170 1714 καὶ
1183 1687 1322 1722 γεννητὸν,
1335 1687 1366 1714 τὸ
1376 1687 1423 1714 τοῦ
1431 1687 1498 1714 Θεοῦ
1511 1687 1596 1722 ὄνομα
1611 1687 1828 1723 φρυαττόμενος,

1029 1732 1043 1758 ό
1068 1733 1098 1758 ὲν
1124 1734 1199 1768 πάσῃ
1220 1731 1319 1768 ἀνομίᾳ
1344 1731 1457 1759 σεαυτοῦ
1476 1732 1524 1768 τὴν
1550 1732 1669 1759 διάνοιαν
1693 1732 1826 1766 ὲνθάψας.

1037 1777 1140 1805 Ἐκεῖνο
1154 1778 1182 1804 δὲ
1197 1779 1278 1804 παντὶ
1290 1778 1329 1814 τῷ
1352 1778 1462 1813 ἀπόρως
1479 1778 1567 1813 ἔχοντί
1585 1780 1642 1804 ἐστι
1658 1777 1788 1813 ποθητὺν,
1806 1779 1825 1814 ἠ

1029 1822 1076 1849 τοῦ
1091 1823 1281 1858 ἀπορουμένου
1304 1823 1420 1858 εὐπορία
1436 1824 1476 1855 εἰς
1502 1823 1688 1859 παραμυθίαν,
1715 1823 1764 1849 καὶ
1778 1823 1827 1849 ἐπὶ

1029 1867 1076 1894 τοῦ
1093 1868 1227 1904 στόματος
1244 1869 1347 1903 φέρειν,
1366 1869 1413 1895 ἐὰν
1431 1869 1468 1904 μὴ
1484 1870 1612 1905 εὐποροίη
1629 1869 1676 1895 τοῦ
1691 1869 1825 1896 τοιούτου.

1030 1913 1085 1940 Καὶ
1100 1914 1143 1945 σὺ,
1167 1914 1261 1949 ἐπειδὴ
1279 1914 1358 1944 ἄθεος
1374 1914 1530 1949 τυγχάνεις,
1556 1914 1686 1950 σέμνυναι
1708 1914 1762 1940 κᾶν
1781 1914 1827 1941 διὰ

1029 1958 1075 1986 τοῦ
1092 1960 1225 1994 ὀνόματος
1242 1960 1330 1995 λέγειν
1345 1960 1440 1987 τούτου
1463 1961 1493 1987 τὸ
1516 1960 1610 1995 ὄνομα,
1632 1960 1725 1996 ἐπειδὴ
1743 1960 1826 1995 φύσει

1030 2006 1100 2033 κατὰ
1115 2007 1161 2033 τὸν
1189 2007 1273 2033 αὐτοῦ
1293 2007 1386 2041 φόϐον,
1405 2006 1453 2033 καὶ
1469 2006 1571 2041 πίστιν,
1589 2007 1637 2033 καὶ
1652 2006 1760 2037 ἐλπίδα,
1777 2007 1826 2034 καὶ

1030 2052 1099 2088 πρὸς
1113 2052 1194 2079 αὐτὸν
1209 2053 1320 2087 ἀγάπην
1336 2052 1464 2079 οὐδέποτε
1486 2052 1567 2079 αὑτὸν
1583 2053 1701 2088 ἐκτήσω.
1720 2053 1756 2079 Ἣ
1769 2052 1824 2088 γὰρ

1031 2098 1064 2125 ἂν
1080 2098 1159 2134 ἤρκει
1179 2107 1221 2125 σοι
1236 2098 1309 2132 ἅπαξ
1324 2099 1404 2125 τοῦτο
1420 2098 1519 2133 λέγειν,
1535 2099 1582 2125 καὶ
1596 2099 1633 2134 μὴ
1649 2098 1824 2133 ὑπερϐαίνειν

1030 2143 1092 2178 ὅρον
1108 2144 1162 2171 τῶν
1175 2144 1348 2179 τεταγμένων
1362 2145 1412 2179 τῆς
1435 2144 1606 2176 ἀκολουθίας.
1632 2144 1725 2179 Σαφὴς
1738 2144 1793 2180 γὰρ
1806 2146 1823 2180 ὴ

188 2191 282 2218 huisti.
309 2189 417 2224 Alioqui
444 2189 512 2216 satis
546 2188 765 2215 esse‘crederes
790 2188 873 2215 semel
904 2187 976 2214 istud

1031 2189 1105 2224 παρὰ
1132 2189 1179 2215 σοῦ
1200 2189 1220 2221 ³,
1247 2190 1322 2225 παρὰ
1343 2187 1390 2216 τοῦ
1415 2189 1542 2225 Σωτῆρος
1565 2190 1631 2225 ἡμῖν
1650 2190 1825 2225 ἀποφαντικὴ

187 2237 297 2273 eloqui,
323 2243 412 2271 neque
452 2235 642 2270 pra‘scriptum
669 2233 793 2261 ordinem
822 2233 978 2268 seriemque

187 2280 374 2317 prtetergredi.
404 2279 547 2307 Manifesta
573 2278 682 2314 quidem
714 2282 757 2306 est
785 2286 800 2305 a
835 2278 978 2306 Salvatore

187 2332 283 2355 contra
298 2331 325 2354 te
340 2327 516 2361 pronuntiata
529 2326 665 2353 sententia
682 2335 688 2353 :
705 2326 726 2352 Α
744 2325 873 2360 fructibus
886 2333 977 2352 eorum

187 2374 348 2409 cognoscetis
369 2373 440 2407 ipsos
452 2374 473 2404 ',
488 2380 520 2399 eo
536 2372 609 2407 quod
625 2380 687 2399 cum
704 2372 763 2399 ovis
787 2372 857 2406 pelle
874 2372 913 2399 sis
927 2372 977 2399 ob-

186 2421 308 2449 volutus,
329 2419 402 2446 intus
417 2426 501 2453 rapax
528 2426 557 2446 es
577 2422 604 2446 et
627 2426 690 2445 cum
707 2419 770 2452 lupo
788 2422 975 2452 comparatus.

188 2467 294 2493 Etenim
313 2466 335 2493 si
361 2473 377 2492 a
400 2466 502 2500 Spiritu
524 2470 621 2492 sancto
646 2465 755 2499 genitus
778 2471 865 2496 esses,
894 2468 977 2499 atque

188 2522 201 2538 a
222 2513 360 2548 prophetis
394 2513 580 2548 apostolisque
607 2510 731 2542 edoctus,
769 2510 860 2538 facere
882 2513 910 2537 te
937 2510 977 2537 il—

189 2560 234 2587 Iud
259 2560 412 2595 oportebat,
435 2563 475 2591 ut,
497 2559 583 2585 sacris
598 2557 725 2584 omnibus
746 2557 890 2584 codicibus
908 2564 978 2591 per—

189 2605 299 2636 volutis,
318 2613 333 2631 a
348 2604 448 2632 Genesi
477 2604 511 2630 ad
542 2602 666 2630 Estheris
693 2606 826 2636 tempora,
843 2602 888 2637 qui
912 2606 988 2630 sunt‘

188 2655 290 2686 septem
309 2655 335 2677 et
354 2650 449 2685 viginti
473 2649 536 2676 libri
551 2648 721 2675 Testamenti
737 2647 856 2681 Veteris,
872 2653 899 2675 et
916 2656 973 2675 xxtt

189 2701 383 2729 numerantur;
421 2694 482 2721 tum'
506 2694 690 2722 sacrosanctis
713 2702 741 2721 tv
756 2694 920 2728 Evangeliis,
948 2698 975 2721 et

187 2742 216 2770 8.
242 2742 320 2769 Pauli
350 2749 394 2768 xxv
432 2741 573 2775 Epistolis,
600 2748 705 2767 necnon
735 2745 762 2768 et
788 2741 973 2775 apostolorum

187 2788 273 2819 Actis,
291 2795 351 2822 quae
365 2787 406 2814 vel
426 2787 568 2821 superiora
590 2787 644 2814 illis
659 2790 793 2821 tempora,
815 2787 857 2814 vel
878 2791 970 2821 poste-

1031 2234 1179 2267 ἀπόδειξις,
1193 2235 1234 2261 i‘m
1255 2235 1322 2262 Ὰπὸ
1339 2234 1399 2261 τῶν
1419 2235 1542 2269 καρπῶν
1556 2235 1656 2262 αὐτῶν
1670 2235 1825 2270 γνώσεσθε

1030 2280 1153 2313 αὐτοὺς,
1168 2279 1207 2315 τῷ
1229 2279 1298 2307 εἶναι
1322 2281 1372 2315 μέν
1395 2289 1425 2306 σε
1438 2280 1670 2316 περιϐεϐλημένον
1685 2281 1824 2316 προϐάτου

1031 2325 1137 2357 κώδιον,
1156 2326 1256 2353 ἔσωθεν
1271 2327 1299 2353 δὲ
1315 2324 1384 2363 εἶναι
1400 2327 1521 2361 ἅρπαγα,
1546 2327 1593 2352 καὶ
1611 2326 1686 2361 λύκςρ
1701 2327 1824 2362 παραϐε-

1031 2372 1176 2407 ϐλημένον.
1200 2372 1232 2398 Εἰ
1255 2371 1309 2407 γὰρ
1331 2370 1365 2407 ἧς
1390 2371 1418 2404 ἐξ
1444 2372 1522 2405 ἁγίου
1544 2371 1704 2406 Πνεύματος
1726 2380 1824 2406 γεγεν-

1032 2418 1157 2453 νημένος,
1174 2418 1220 2443 καὶ
1231 2419 1393 2452 προφήταις,
1410 2419 1457 2443 καὶ
1471 2417 1631 2448 ἀποστόλοις
1649 2417 1825 2453 μεμαθητευ-

1033 2463 1123 2498 μένος,
1145 2463 1199 2489 ἔδει
1219 2471 1249 2489 σε
1265 2463 1402 2489 διελθόντα
1418 2464 1546 2499 ἀπαρχῆς
1567 2464 1702 2497 γενέσεως
1720 2464 1824 2499 κόσμου

1031 2509 1094 2544 ἄχρι
1109 2508 1163 2534 τῶν
1179 2508 1228 2543 τῆς
1247 2507 1346 2544 Ἐσθὴρ
1358 2509 1470 2543 χρόνων,
1487 2509 1515 2535 ἐν
1531 2508 1616 2534 εἴκοσι
1632 2508 1679 2534 καὶ
1695 2509 1767 2535 ἑπτὰ
1783 2509 1824 2543 βί-

1033 2555 1105 2586 ϐλοις
1126 2554 1246 2586 [Ιαλαιᾶς
1269 2555 1405 2590 Διαθήκης
1429 2555 1515 2581 εἴκοσι
1534 2554 1580 2581 δύο
1600 2555 1823 2590 ἀριθμουμένοις,

1031 2601 1142 2636 τέταρσι
1168 2600 1196 2626 δὲ
1214 2600 1301 2633 ἁγίοις
1318 2599 1503 2633 Εὑαγγελίοις,
1523 2600 1570 2626 καὶ
1582 2600 1611 2626 ἐν
1626 2601 1825 2634 τεσσαρεσκαί-

1030 2645 1095 2671 δεκα
1118 2644 1286 2676 Ἐπιστολαῖς
1305 2644 1350 2671 τοῦ
1372 2644 1450 2678 ἁγίου
1467 2645 1615 2671 ἀποστόλου
1640 2645 1760 2675 Παύλου,
1777 2646 1822 2672 καὶ

1031 2695 1059 2719 ὲν
1081 2694 1141 2725 ταῖς
1161 2693 1215 2728 πρὸ
1238 2693 1349 2724 τούτων,
1377 2694 1423 2719 καὶ
1450 2694 1498 2719 σὺν
1515 2694 1575 2723 ταῖς
1600 2694 1629 2719 έν
1648 2695 1705 2725 τοῖς
1733 2692 1824 2719 αὐτῶν

1029 2739 1135 2775 χρόνοις
1147 2740 1266 2774 Πράξεσι
1274 2739 1328 2766 τῶν
1339 2739 1508 2771 ἀποστόλων,
1518 2739 1677 2771 καθολικαῖς
1696 2739 1822 2766 Ἐπιστοο

1030 2787 1090 2817 λαῖς
1113 2785 1251 2818 Ἰακώϐου,
1261 2786 1308 2812 καὶ
1322 2786 1437 2822 Πέτρου,
1448 2785 1494 2813 καὶ
1512 2785 1646 2820 Ἰωάννου,
1657 2786 1704 2813 καὶ
1726 2785 1821 2815 Ἰούδα»

222 2854 229 2870 ¹
244 2854 310 2882 Luc.
327 2862 346 2888 ι,
358 2855 402 2882 55.
441 2855 451 2870 ³
465 2853 559 2881 Matth.
577 2863 624 2888 vn,
641 2854 682 2882 16.
723 2853 733 2869 ³
748 2853 778 2881 F.
797 2853 860 2889 περὶ
875 2854 932 2887 σοῦ,
946 2862 974 2883 se

1031 2858 1066 2883 cl.
1085 2855 1100 2889 ἡ
1116 2854 1190 2891 παρὰ
1208 2854 1253 2881 τοῦ
1273 2855 1341 2882 Σωτ.
