1931 3041
121 173 171 202 561

442 175 626 203 ADVERSUS
646 175 815 204 [DEBESES
833 175 897 204 LIB.

977 176 1045 204 T03!
1066 175 1123 204 l.-—
1133 176 1268 204 HAEBES.
1291 177 1406 205 LXXVI.

1696 176 1750 205 σεο

120 235 169 259 καὶ
196 233 226 260 έν
249 234 281 269 τῇ
304 233 351 260 τοῦ
383 234 504 261 Ἰωάννου
528 235 729 271 ’Δποκαλύψει,
751 236 780 262 ἐν
801 245 830 263 τε
854 237 905 267 ταῖς

965 236 1038 263 riora
1058 237 1218 270 continent;
1246 238 1389 266 catholicis
1405 239 1469 267 item
1492 239 1622 277 Epistolis
1644 238 1748 271 Jacobi.

121 278 233 312 Σοφίαις
249 278 315 313 (90),
332 279 503 315 Σολομῶντος
522 280 553 307 τέ
578 289 650 316 φημι
666 282 713 308 καὶ
733 281 792 308 υίοῦ
816 281 910 317 Σιρὰχ,

120 324 167 350 καὶ
181 324 280 355 πάσαις
300 324 394 356 ἁπλῶς
405 325 526 360 Γραφαϊς
540 325 635 359 θείαις,
655 325 700 352 καὶ
716 325 813 352 ἑαυτοῦ
831 334 914 352 κατα-

119 369 232 403 γνῶναι,
257 370 298 396 ὄτι
314 370 409 406 ὄνομα,
435 371 504 406 ὅπερ
517 370 634 406 οὐδαμοῦ
649 372 817 403 ὲντέτακται,
830 369 913 406 ἦλθες

118 417 187 451 ἡμῖν
204 416 304 452 φέρων,
328 417 379 444 οὐκ
403 417 526 452 ἀπρεπὲς
554 418 603 453 μὲν
625 417 702 453 Θεῷ,
725 417 782 444 ἀλλ’
803 416 915 448 εὐσεϐὲς

118 462 158 492 είς
174 461 251 494 Θεὸν,
273 462 304 488 τὸ
328 462 375 489 τοῦ
392 463 540 498 ὰγεννήτου
564 462 659 498 ὄνομα,
679 463 805 499 μηδαμοῦ
829 463 857 490 δὲ
881 463 911 488 ὲν

118 506 179 542 θείᾳ
203 507 298 543 Γραφῇ
315 508 408 543 ῥηθέν.

961 281 1050 314 Petri,
1070 282 1184 310 Joannis
1197 286 1225 310 et
1244 282 1340 314 Iudae,
1361 283 1525 321 Apocalypsi
1547 285 1679 318 Joannis;
1698 283 1750 311 Sa-

962 327 1072 363 pientiae
1081 335 1189 363 quoque
1198 329 1285 361 libris,
1293 330 1344 357 hoc
1354 334 1396 358 est
1405 330 1571 364 Salomonis,
1581 331 1628 358 ﬁlii
1639 330 1747 362 Sirach.

962 373 1091 401 omnibus
1107 374 1225 408 denique
1235 374 1385 410 Scriptum
1396 377 1473 404 libris
1489 376 1639 412 percursis,
1651 380 1749 403 temet-

963 417 1053 452 ipsum
1076 418 1237 453 damnares;
1258 421 1331 455 quod
1350 421 1485 456 ejusmodi
1508 429 1622 454 nomen,
1644 421 1678 448 de
1694 428 1750 455 quo

963 462 1039 489 nulla
1060 463 1096 490 sit
1110 471 1226 498 usquam
1244 463 1363 497 mentio,
1382 465 1461 493 nobis
1483 465 1579 493 aﬂerre
1594 471 1649 491 non
1668 462 1749 491 dubi-

963 508 1075 536 taveris.
1101 509 1148 536 Est
1171 509 1242 536 enim
1271 510 1385 545 ingeniti
1412 518 1511 539 nomen
1543 511 1656 538 minime
1680 508 1749 536 illud

123 554 235 589 quidem
255 555 397 591 indignum
415 555 480 588 Deo,
493 560 524 584 ut
538 557 619 584 etiam
635 557 762 592 pietatem
780 555 912 588 redoleat,
930 562 1024 583 verum
1041 564 1176 591 nusquam
1193 557 1220 584 in
1238 556 1389 592 Scripturis
1407 563 1576 592 expressum.

154 600 249 632 Οὐδεὶς
259 601 313 636 γὰρ
330 601 459 636 μεμηνώς
476 610 541 630 ποτε
557 603 686 638 γεννητὸν
711 603 811 629 ἐνενόει
833 602 909 629 Θεόν.

124 646 194 673 Ἀλλ’
205 646 273 673 οὔτε
284 647 377 683 χρείαν
398 647 477 683 ἔσχον
491 649 579 675 εἰπεῖν
589 649 735 684 ἀγέννητον
752 649 817 676 Θεὸν
831 649 910 684 μόνον

117 692 228 726 Πατέρα
241 692 285 719 διὰ
304 693 349 720 τὸν
365 693 394 726 ἐξ
407 694 490 721 αὑτοῦ
518 695 716 730 γεγεννημένον
729 704 736 727 ς
750 695 793 722 ἵνα
813 695 848 730 μή
868 703 911 726 τις

117 738 164 763 ἐπὶ
180 738 217 773 τῷ
232 739 319 773 Πατρὶ
333 739 406 774 μόνῳ
430 740 529 776 νομίσῃ
551 740 630 767 τοῦτο
643 740 822 776 πληροῦσθαι,
842 740 910 767 ἀλλὰ

117 783 166 809 καὶ
192 784 238 810 ἐπὶ
253 783 293 818 τῷ
308 783 375 819 Υίῷ,
403 786 450 811 καὶ
478 785 525 812 ἐπὶ
543 785 582 820 τῷ
597 785 667 821 ἁγίῳ
679 786 820 821 Πνεῦματι
833 794 840 801 ·
860 786 910 820 τῆς

116 829 236 860 διανοίας
258 829 309 864 τῆς
332 829 426 865 ὀρθῆς,
449 831 557 857 καὶτοῦ
572 831 731 867 Πνεύματος
756 832 803 858 τοῦ
831 831 909 865 ἁγίου

115 874 288 907 διδάσκοντος
311 876 416 907 πάντας
445 877 521 908 υἱοὺς
535 876 664 912 ἀληθείας
682 877 728 912 ἀφ’
752 876 856 903 ἑαυτῶν
872 877 909 912 μὴ

997 601 1091 637 Neque
1106 610 1171 630 vero
1188 603 1256 630 adeo
1278 603 1340 638 quis
1353 610 1474 638 unquam
1497 604 1612 630 insanus
1632 599 1747 633 exstitit,

962 647 1082 682 genitum
1108 652 1136 674 ut
1161 655 1224 675 esse
1238 649 1373 682 cogitaret
1387 647 1488 680 Deum;
1511 655 1599 682 neque
1612 646 1647 674 ob
1670 645 1749 680 geni-

961 696 1018 720 tum
1030 692 1130 719 Filium
1146 701 1261 721 necesse
1282 693 1334 720 fuit
1359 694 1448 721 solum
1473 693 1581 721 Patrem
1596 692 1747 728 ingenitum

961 737 1045 766 Deum
1061 739 1214 774 appellare;
1231 747 1265 766 ne
1276 740 1339 774 quis
1354 739 1380 766 in
1393 738 1474 766 Patre
1491 739 1551 767 solo
1566 745 1659 765 verum
1674 736 1747 764 istud

960 791 1020 812 esse
1035 784 1087 812 sibi
1104 784 1283 819 persuadeat,
1314 785 1362 812 sed
1377 788 1402 812 et
1417 784 1486 812 Filio
1506 792 1539 812 ac
1555 784 1669 820 Spiritui
1682 789 1748 812 san-

958 833 1003 856 cto
1030 829 1186 856 convenire.
1218 829 1301 857 [lecta
1331 830 1431 864 quippe
1460 829 1547 861 ratio.
1575 833 1602 857 et
1630 829 1748 863 Spiritus

960 879 1073 902 sanctus
1088 875 1212 903 veritatis
1230 875 1299 903 ﬁlios
1322 876 1421 904 docent
1445 884 1498 903 non
1515 879 1658 910 tantopere
1680 873 1746 901 illud

116 921 146 946 ἓν
157 921 313 957 θαυμασμῷ
330 921 408 948 τοῦτο
419 921 501 957 ἔχειν,
518 922 587 950 ἀλλὰ
607 923 678 950 κατὰ
694 923 724 949 τὸ
739 922 905 958 ἀπαιτούμε-

961 920 1149 947 admirandum
1172 928 1245 952 esse,
1272 921 1319 948 sed
1337 928 1386 956 pro
1401 928 1434 948 eo
1456 925 1538 956 atque
1553 928 1567 946 a
1585 919 1663 947 nobis
1689 918 1748 946 eti-

116 975 172 997 vov,
189 967 235 993 xa‘t
260 968 290 993 ὲν
314 967 404 1002 ἐαυτῷ
419 968 542 1003 ὑπάρχον
560 968 608 995 τοῦ
630 968 698 1004 πρὸς
710 969 850 995 εὐσέϐειαν
865 968 909 994 λο-

115 1012 217 1047 γισμοῦ
239 1012 303 1048 περὶ
323 1012 390 1039 Θεοῦ
405 1013 515 1041 εἰδέναι.
532 1013 564 1040 Εἰ
585 1014 613 1040 δὲ
627 1015 647 1046 ί,
661 1014 704 1040 διὰ
716 1009 909 1049 ἰδ’ὰγέννητον

115 1056 198 1083 αὑτὸν
227 1055 306 1090 εἶναι,
336 1057 575 1093 συνομολογεῖσοαι
603 1059 631 1085 δὲ
655 1059 702 1094 ἀφ’
723 1059 801 1094 ἡμῶν
819 1059 908 1092 τοῦτο,

115 1103 171 1129 ἀπὸ
197 1103 217 1128 Γ
220 1103 308 1138 ραφῆς
330 1103 358 1130 δὲ
375 1103 412 1139 μὴ
436 1104 509 1139 ἐχειν
525 1105 576 1140 τῆς
597 1105 745 1140 ὀνομασίας
766 1105 811 1131 τοῦ
828 1105 907 1139 λόγου

114 1148 164 1183 τὴν
179 1148 318 1180 σύστασιν,
337 1149 395 1180 ἀλλ’
411 1150 457 1184 ἀφ’
468 1150 573 1177 ἑαυτῶν
589 1150 632 1177 διὰ
646 1151 698 1183 τῶν
709 1151 846 1186 λογισμῶν
860 1152 908 1186 τὴν

114 1193 256 1220 εὖσέὸειαν
274 1193 378 1229 ταύτην
390 1194 491 1221 ειδέναι
508 1195 537 1222 τὺ
549 1196 636 1227 οὕτως
650 1193 730 1222 εἶναι.
752 1197 798 1227 Εἰς
809 1196 835 1222 τί
854 1196 907 1232 γὰρ

113 1239 210 1270 οὐσίας
220 1239 296 1265 ἔσται
315 1240 453 1272 διάστασις
467 1241 497 1267 τὸ
511 1241 651 1275 γεννηθὲν,
665 1242 688 1267 εἰ
698 1241 768 1268 κατὰ
779 1241 908 1277 ἀλήοειαν

113 1283 163 1310 τοῦ
173 1284 353 1319 γεγεννῆσθαι
367 1284 423 1320 ἔχει
440 1285 471 1312 τὸ
493 1285 578 1321 ὄνομα
605 1287 707 1321 φυσικῇ
726 1295 778 1312 τινι
793 1288 839 1313 καὶ
858 1287 907 1323 ἁρ-

115 1331 191 1366 ρήτῳ
205 1331 405 1367 συμπρεπούσῃ
417 1330 456 1366 τῷ
466 1331 536 1367 Θεῷ,
556 1332 603 1358 καὶ
618 1331 658 1366 τῷ
669 1332 698 1365 ἐξ
712 1331 793 1358 αὑτοῦ
813 1341 907 1366 γεγεν-

113 1375 224 1410 νημένῳ
254 1375 378 1412 ἀχρόνως
401 1377 449 1404 καὶ
474 1377 601 1413 ἀνάρχως
620 1378 649 1404 ὲν
666 1377 790 1414 ἀληθείᾳ,
808 1378 855 1405 καὶ
876 1379 906 1405 οὺ

114 1423 323 1457 καταχρηστικῇ
346 1431 400 1449 τινι
424 1423 555 1458 ὑπονοίᾳ;
584 1423 724 1450 Ἐντεῦθεν
745 1424 775 1451 οὐ
794 1425 907 1461 κτιστήν

113 1476 205 1503 φαμεν
221 1468 271 1503 τὴν
285 1468 387 1500 οὐσίαν,
405 1469 466 1496 οὐδὲ
485 1469 629 1505 ἀλλοτρίαν
641 1469 680 1502 ὤς
698 1471 824 1507 ποιητὴν,
838 1471 907 1499 ἀλλὰ

113 1513 247 1548 γεννητὴν
258 1514 405 1546 οὐσιωδῶς,
420 1514 468 1541 καὶ
479 1515 528 1541 οὐκ
540 1515 648 1542 ἀλλοίαν
667 1515 744 1551 παρὰ
752 1516 797 1543 τὸν
811 1525 906 1552 γεγεν-

113 1559 226 1594 νηκότα.
243 1560 289 1586 Διὸ
303 1560 351 1586 καὶ
366 1560 493 1592 ἄκτιοξτος
503 1560 635 1596 διαμένει,
651 1561 697 1588 καὶ
707 1562 738 1588 οὐ
751 1562 905 1598 ποιηθεῖσα,

960 967 1042 1000 gitur,
1061 966 1190 1000 quodque
1206 967 1234 993 in
1256 967 1336 994 nobis
1352 967 1403 1002 pia:
1427 966 1543 994 ratiOuis
1560 966 1642 998 inest,
1659 965 1693 992 de
1706 964 1749 991 di-

960 1013 1023 1039 vina
1040 1013 1182 1046 majestate
1196 1013 1378 1040 sentiendum.
1394 1013 1529 1046 Quoniam
1543 1012 1626 1048 igitur
1644 1010 1750 1046 ingeni-

959 1062 1003 1085 tus
1041 1057 1114 1085 Deus
1141 1062 1201 1090 est,
1233 1058 1315 1093 idque
1346 1059 1417 1085 ultro
1449 1057 1612 1086 conﬁtemur
1640 1064 1748 1086 omnes.

959 1103 1066 1131 tametsi
1082 1103 1158 1130 nullo
1173 1111 1188 1130 e
1203 1102 1350 1138 Scriptura:
1368 1103 1429 1130 loco
1444 1102 1616 1137 comprobari
1632 1101 1684 1128 hoc
1698 1108 1750 1136 ap-

959 1149 1114 1184 pellationis
1135 1157 1222 1185 genus
1243 1153 1350 1183 potest,
1375 1149 1422 1176 sed
1438 1156 1453 1175 a
1470 1148 1551 1175 nobis
1574 1147 1652 1182 ipsis,
1667 1150 1749 1181 atque

958 1202 991 1222 ex
1015 1195 1058 1229 pia
1077 1194 1121 1221 illa
1145 1194 1355 1221 ratiocinatione
1380 1193 1532 1228 profectum
1557 1196 1617 1221 est:
1637 1192 1670 1219 ad
1685 1199 1748 1220 eum

959 1240 1070 1268 modum
1089 1241 1160 1268 scire
1176 1248 1227 1268 nos
1242 1244 1269 1267 et
1284 1241 1443 1268 existimare
1467 1243 1683 1267 consentaneum
1696 1242 1748 1266 est.

958 1286 1014 1313 Cur
1031 1285 1103 1313 enim
1119 1287 1146 1312 in
1162 1293 1195 1313 eo
1212 1285 1283 1320 quod
1302 1285 1423 1320 genitum
1445 1289 1496 1316 est,
1513 1284 1641 1312 essentia:
1655 1283 1749 1310 divor-

958 1331 1026 1358 tium
1047 1331 1156 1366 aliquod
1183 1331 1245 1363 erit,
1270 1330 1352 1366 942
1379 1330 1402 1357 si
1420 1330 1503 1365 geniti
1528 1337 1628 1357 nomen
1652 1329 1677 1356 ei
1692 1335 1749 1356 me-

957 1377 1012 1405 rito
1029 1381 1180 1412 congruat,
1207 1384 1239 1404 ac
1265 1376 1384 1403 naturali
1408 1375 1537 1411 quadam.
1561 1374 1609 1403 sed
1633 1374 1750 1409 inexpli-

957 1422 1041 1450 cabili
1067 1430 1100 1450 ac
1117 1427 1171 1449 tam
1191 1422 1245 1450 Deo
1259 1422 1346 1455 Patri,
1362 1429 1443 1457 quam
1461 1422 1486 1448 ei
1502 1422 1548 1457 qui
1563 1422 1596 1449 ab
1615 1421 1663 1448 illo
1680 1421 1749 1447 citra

958 1473 1067 1504 tempus
1094 1468 1255 1503 initiumque
1281 1468 1396 1503 genitus,
1414 1471 1473 1500 est,
1504 1466 1678 1494 convenienti
1707 1473 1750 1493 ra-

957 1515 1041 1548 tione,
1059 1514 1208 1550 etquidem
1234 1522 1297 1541 Vere
1330 1521 1361 1541 ac
1383 1513 1503 1549 proprie,
1527 1521 1581 1540 non
1598 1512 1657 1540 sola
1674 1511 1750 1539 vocis

959 1561 1090 1588 abusione
1105 1560 1261 1587 tribuatur?
1279 1559 1355 1587 Unde
1371 1567 1422 1586 nos
1444 1566 1532 1594 neque
1546 1563 1665 1585 creatam
1684 1557 1751 1584 subp

112 1602 182 1628 ἀλλὰ
199 1603 358 1639 γεννηθεῑσα
370 1604 402 1630 ἐκ
416 1605 465 1640 τῆς
477 1605 562 1640 αὐτῆς
578 1606 671 1637 οὐσίας
681 1606 759 1638 Θεοῦ,
772 1596 905 1644 οίίχρόνῳ

961 1607 1100 1637 stantiam,
1119 1613 1170 1633 nec
1186 1606 1313 1638 alienam,
1332 1609 1461 1640 tanquam
1479 1603 1550 1631 facta
1576 1604 1621 1636 sit,
1642 1602 1689 1629 sed
1706 1596 1750 1630 se-

113 1647 316 1676 ὐποπίπτουσα.
338 1649 374 1676 Οὐ
392 1649 447 1685 γὰρ
461 1651 475 1677 ὁ
494 1651 628 1686 γεννήσας
645 1652 674 1678 έν
692 1651 805 1688 ἀληθείᾳ
817 1653 906 1689 χρόνῳ

114 1694 263 1728 ὑπέπεσεν,
280 1695 322 1722 ἵνα
337 1697 466 1732 χρονικὴν
481 1697 665 1732 ὑποστήσεται
682 1698 784 1725 οὐσίαν.
799 1699 906 1727 Ὀποῖον

113 1740 170 1775 γάρ
195 1740 254 1767 ἐστι
277 1741 308 1768 τὸ
334 1742 468 1777 γέννημα,
490 1742 610 1774 τοιοῦτος
638 1744 652 1769 ὁ
671 1745 829 1779 γεννήτωρ·
859 1746 906 1772 καὶ

112 1785 206 1816 ὁποῖος
221 1786 235 1811 ὁ
252 1786 402 1822 γεννήτωρ,
420 1787 539 1819 τοιοῦτος
554 1788 600 1814 καὶ
620 1789 635 1815 ὁ
653 1789 861 1824 γεγεννημένος.

961 1653 1081 1680 cundum
1104 1652 1286 1680 substantiam
1306 1651 1437 1686 genitam,
1455 1657 1507 1676 nec
1527 1656 1542 1676 a
1560 1649 1683 1683 genitore
1700 1656 1748 1682 pu-

959 1702 1049 1725 tamus
1067 1698 1192 1725 alienam.
1220 1696 1261 1724 Ob
1288 1696 1314 1723 id
1335 1696 1456 1722 increata
1475 1698 1577 1726 manet,
1596 1701 1651 1720 non
1667 1693 1749 1724 facta,

960 1743 1006 1771 sed
1022 1751 1054 1770 ex
1082 1743 1140 1777 ipsa
1156 1741 1201 1768 Dei
1232 1740 1383 1768 substantia
1401 1740 1501 1775 genita,
1521 1747 1609 1773 neque
1633 1740 1750 1773 tempori

961 1789 1093 1823 subjecta.
1111 1788 1216 1822 Quippe
1242 1787 1348 1822 genitor
1364 1786 1421 1821 ipse
1446 1785 1561 1820 tempori
1578 1791 1749 1819 nequaquam

113 1832 226 1864 subest,
255 1836 284 1860 ut
318 1834 510 1867 temporariam
544 1835 726 1866 substantiam
757 1838 903 1871 producat.
919 1838 985 1865 Nam
1003 1835 1159 1870 cujusmodi
1181 1838 1223 1862 est
1247 1833 1320 1869 quod
1341 1833 1471 1869 gignitur,
1498 1832 1562 1859 talis
1590 1835 1632 1859 est
1657 1836 1684 1859 et
1704 1839 1749 1867 ge—

113 1879 203 1912 nitor;
217 1883 244 1906 et
258 1879 378 1907 vicissim
391 1881 480 1915 qualis
495 1882 602 1916 genitor
621 1886 674 1914 est,
695 1883 749 1910 tale
762 1884 844 1911 etiam
864 1889 906 1914 est
926 1883 1000 1921 quod
1015 1883 1152 1919 gignitur.
1337 1881 1339 1883 ’

308 1935 505 1964 ΚΕΦΑΛΛΙΟΝ
522 1938 650 1966 ΑΕΤΙΟΥ
665 1940 711 1973 ς’.

149 1982 182 2008 Εἰ
197 1981 227 2008 τὺ
239 1981 387 2018 ἀγέννητον
403 1983 546 2019 ἐγεννήθη,
559 1984 585 2011 τί
607 1985 637 2012 τὸ
648 1985 752 2013 κωλύον
764 1987 795 2013 τὸ
811 1995 908 2023 γεννη-

113 2027 161 2053 τον
184 2028 330 2063 ἀγέννητον
362 2029 521 2063 γεγονέναι;
554 2030 662 2058 Μᾶλλον
686 2031 741 2067 γὰρ
765 2032 813 2059 τοῦ
834 2033 907 2060 ἀνοι-

115 2073 189 2100 κείου
200 2073 246 2100 ἐπὶ
259 2074 288 2100 τὸ
301 2074 387 2110 αὐτῆς
402 2075 502 2102 οἰκεῖον
520 2075 661 2110 ἐπείγεται
680 2078 754 2104 πᾶσα
773 2078 862 2112 φύσις.

401 2176 564 2211 Ἀνατροπὴ
581 2177 625 2210 ς’.

1205 1938 1295 1966 ΑΕΤΙΙ
1316 1937 1429 1966 CAPUT
1449 1937 1493 1964 Vl.

996 1988 1024 2016 Si
1043 1988 1193 2023 ingenitum
1219 1986 1342 2022 genitum
1365 1989 1419 2017 est,
1446 1983 1511 2020 quid
1537 1987 1611 2011 vetat
1631 1986 1658 2010 et
1677 1982 1749 2017 quod

957 2036 1078 2072 genitum
1102 2038 1144 2062 est
1170 2035 1321 2069 ingenitum
1343 2032 1421 2060 ﬁeri?
1442 2032 1537 2060 Omnis
1556 2032 1627 2059 enim
1653 2034 1749 2058 natura

958 2081 992 2107 ad
1007 2080 1034 2107 id
1050 2080 1122 2114 quod
1140 2079 1193 2106 sibi
1215 2082 1433 2106 consentaneum
1448 2081 1491 2104 est
1511 2077 1599 2112 magis
1613 2084 1694 2112 quam
1715 2076 1750 2103 ad

962 2127 1078 2154 alienum
1093 2126 1321 2160 percgrinumque
1336 2123 1484 2151 contendit.

1239 2178 1394 2214 Confulatio
1418 2177 1465 2205 VI.

149 2223 182 2248 Et
204 2221 236 2249 τδ
253 2221 398 2257 ἀγέννητον
415 2222 537 2257 ἐποίησε,
555 2222 602 2249 καὶ
618 2222 668 2248 οὐκ
690 2221 844 2257 ἐγέννησεν,
860 2223 905 2250 ἐπὶ

996 2227 1023 2254 Si
1044 2225 1118 2262 quod
1133 2225 1282 2261 ingenitum
1300 2229 1343 2253 est
1365 2224 1475 2257 fecisse,
1492 2230 1545 2250 non
1562 2222 1692 2257 genuisse
1708 2221 1749 2248 di-

113 2268 164 2303 τῆς
185 2268 249 2303 μιᾶς
260 2267 423 2303 murem-co;
438 2267 605 2303 ταττομένης
619 2268 669 2302 τῆς
687 2268 844 2303 ὀνομασίας.
859 2269 907 2295 καὶ

114 2312 231 2348 θατέρου
255 2311 360 2347 θατέρῳ
390 2312 428 2348 μὴ
458 2311 702 2347 παρεκτεινομένου
721 2312 765 2338 διὰ
774 2313 823 2348 τῆς
837 2313 907 2339 κατὰ

113 2357 244 2393 ἀλήθειαν
266 2357 438 2392 ἀντωνυμίας
452 2364 459 2371 ’
478 2359 495 2393 ἡ
515 2357 629 2393 δύναμις
650 2358 698 2392 τῆς
721 2357 840 2392 σχέσεως
860 2358 906 2384 ἐπὶ

114 2403 230 2438 θατέρου
241 2403 374 2440 διαφωνία
384 2403 493 2439 ἕστηκε,
512 2403 596 2439 μηδὲν
612 2403 679 2439 πρὸς
695 2403 726 2429 τὸ
741 2404 834 2439 ’ἕτερον
845 2405 906 2431 ἐπι-

66 2463 68 2465 -
114 2448 280 2474 κοινωνοῦσα
295 2448 311 2483 ἢ
328 2448 407 2484 μόνον
420 2449 491 2476 κατὰ
504 2449 554 2484 τὴν
565 2448 700 2482 ἐξουσίαν,
718 2448 822 2475 καὶτοῦ
840 2459 906 2485 προ-

113 2494 222 2529 κριτέου
250 2494 356 2528 φύσεως
381 2495 468 2521 αἰτίου
488 2494 555 2530 πρὸς
580 2496 634 2521 πᾶν
654 2494 684 2521 τὺ
697 2495 742 2521 ὑπ’
758 2495 844 2530 αὐτῆς
859 2504 905 2522 κε-

113 2539 272 2574 κτισμένον.
296 2539 404 2575 Ἐπειδὴ
428 2540 456 2567 δὲ
468 2541 605 2575 ἁναμέσον
632 2540 678 2567 τοῦ
694 2541 837 2576 ποιητικοῦ
860 2542 907 2568 καὶ

114 2585 288 2620 ποιουμένου,
306 2586 354 2612 καὶ
369 2586 478 2612 κτίστου
503 2586 550 2612 καὶ
577 2586 746 2621 κτιζομένου,
773 2587 840 2621 ἄλλη
864 2587 906 2619 τίς

113 2632 188 2657 ἐστιν
200 2631 341 2666 ὀνομασία,
352 2632 498 2666 ἐγγίζοντα
513 2632 561 2667 μὲν
572 2632 611 2666 τῷ
627 2633 765 2668 ἀγεννήτῳ
780 2633 904 2669 ὄνόματι,

115 2677 310 2712 μακρυνομὲνη
331 2677 359 2703 δὲ
376 2678 430 2704 ἀπὸ
445 2677 491 2704 τοῦ
513 2678 622 2704 κτίστου
642 2679 787 2710 ὀνόματος’
807 2679 908 2707 ἀδύνα-

152 2755 161 2771 ¹
178 2754 209 2782 F.
227 2756 256 2783 δὲ
268 2754 318 2783 δεῖ.

154 2814 212 2847 (90)
230 2814 283 2840 Ἐν
302 2822 332 2840 τε
353 2814 417 2846 ταῖς
439 2814 569 2847 (Toga/(uc.
587 2813 623 2839 lix
649 2814 700 2840 hoc
721 2814 781 2840 loco
798 2814 905 2841 discant

116 2849 254 2880 lueretici,
271 2849 343 2883 quod
365 2849 508 2883 Epiphanii
540 2850 574 2875 de
601 2849 634 2875 iis
658 2849 747 2875 Libris
769 2849 904 2883 judicium

116 2884 217 2918 luerit,
233 2892 303 2920 quos
318 2885 356 2912 illi
383 2893 398 2912 a
412 2885 522 2912 Cauoue
548 2883 689 2918 rt‘jiciunt:
705 2891 775 2919 quos
793 2884 904 2919 quidem

957 2277 1046 2304 catur,
1073 2273 1108 2299 ita
1129 2275 1159 2299 ut
1186 2276 1301 2306 utraque
1323 2271 1381 2298 luec
1405 2269 1550 2305 appellatio
1576 2276 1625 2304 pro
1646 2275 1701 2296 una
1722 2274 1750 2295 et

957 2318 1051 2345 eadem
1074 2317 1243 2352 accipiatur,
1269 2325 1356 2351 neque
1371 2316 1486 2343 alterum
1507 2315 1596 2345 alteri,
1617 2315 1691 2342 velut
1715 2322 1748 2342 ex

958 2363 1073 2391 adverso
1096 2363 1276 2398 respondens,
1297 2363 1439 2390 contrario
1458 2369 1552 2389 revera
1565 2361 1698 2388 vocabulo
1714 2361 1751 2388 sit

958 2410 1124 2444 oppositum,
1156 2409 1198 2437 vis
1224 2409 1394 2437 habitudiuis
1416 2408 1504 2443 ipsius
1528 2409 1555 2435 in
1584 2408 1672 2434 altero
1693 2407 1750 2434 dis-

958 2454 1054 2488 juncta
1078 2455 1187 2489 penitus
1211 2459 1263 2486 est.
1292 2462 1383 2489 neque
1406 2454 1555 2489 quidquam
1582 2453 1662 2480 habet
1682 2459 1747 2486 cum

959 2499 1045 2527 altero
1063 2507 1218 2532 commune,
1232 2504 1331 2536 praeter
1344 2499 1487 2535 potestatis
1502 2498 1747 2533 comparationem,

958 2545 1030 2579 quod
1048 2549 1178 2580 tanquam
1192 2552 1276 2572 causa
1297 2545 1323 2571 id
1350 2551 1441 2576 omne,
1455 2544 1528 2579 quod
1546 2550 1561 2570 a
1581 2551 1610 2571 se
1626 2547 1747 2570 creatum

958 2594 1009 2622 est,
1026 2594 1130 2618 natura:
1151 2591 1282 2625 dignitate
1301 2594 1421 2626 superet.
1436 2589 1496 2616 Jam
1518 2597 1584 2617 vero
1597 2597 1659 2616 cum
1677 2588 1749 2615 inter
1775 2582 1776 2586 “

959 2636 985 2662 id
1000 2637 1071 2670 quod
1093 2636 1226 2664 alliciendi
1249 2637 1273 2664 vi
1291 2637 1432 2670 prazditum
1455 2641 1508 2668 est,
1524 2639 1606 2670 atque
1620 2642 1688 2669 opus
1704 2633 1746 2660 ei-

959 2681 1070 2715 l‘cctum,
1090 2687 1117 2710 et
1138 2686 1290 2710 creatorem
1303 2687 1478 2718 creatamque
1505 2689 1562 2709 rem
1588 2679 1641 2706 alia
1672 2686 1748 2714 qua:-

960 2818 1014 2843 tam
1042 2814 1085 2841 hic
1101 2822 1181 2848 quam
1207 2814 1251 2841 alii
1275 2818 1380 2841 vctercs
1395 2814 1489 2840 Patres
1511 2810 1583 2836 inter
1599 2806 1747 2841 Scriptura:

960 2850 1046 2878 libros
1062 2853 1089 2877 et
1102 2849 1176 2882 θείας
1191 2849 1302 2886 Γραφὰς
1319 2850 1462 2884 recipiunt.
