1931 3041
192 190 245 220 M3

863 190 892 216 S.
915 188 1081 217 EPIPHANII

1769 191 1828 220 565

193 247 257 276 dam
281 245 425 280 interjecla
449 244 485 272 sit
505 244 661 280 appellatio.
683 251 745 280 quae
768 248 799 271 ut
820 243 854 272 ad
870 244 983 280 ingeniti

1045 244 1081 271 τόν
1112 244 1171 271 ἑστι
1201 244 1289 272 πάντα
1305 244 1440 283 συγχέειν,
1463 253 1486 272 ω
1509 244 1665 277 ’Δέτιεῃιαὶ
1681 245 1830 280 ἀφανίζειν

190 299 294 320 nomen
300 291 414 322 accedit,
426 290 465 319 sic
478 297 492 317 a
501 290 652 318 conditoris
664 290 773 318 nomine
784 290 915 318 remotior
921 295 977 318 est:

190 336 251 365 ﬁeri
270 344 324 365 non
341 340 439 372 potest,
456 336 527 368 Aeti,
541 336 580 364 uti
597 335 798 364 confundanlus
820 337 924 368 omnia,
938 341 980 364 at-

195 389 249 417 que
271 389 304 409 ex
318 380 426 416 ingenio
443 385 490 408 tuo
502 380 629 414 perfectae
649 379 839 415 appellationis
854 388 978 408 commu-

195 427 304 454 nionem
323 427 451 454 tollamus
467 434 482 454 e
496 426 595 459 medio,
612 434 672 461 qua:
687 426 840 453 habitudiui
860 426 898 454 illi
915 434 981 454 con-

193 472 277 505 venit,
295 480 348 508 qua
365 480 428 500 cum
450 472 531 500 Patre
563 473 746 508 sempiternus
767 471 854 500 Filius
875 472 981 500 increa-

194 523 293 553 tusqne
319 522 506 553 comparatur.
540 517 612 546 Fieri
644 518 708 545 item
737 525 792 545 non
823 521 929 553 potest,
951 522 982 545 ut

194 563 324 600 ingenita,
350 565 525 599 increataque
547 568 644 591 natura
667 569 759 592 creata
775 564 812 592 sit
824 563 981 599 aliquando,

194 609 229 636 ab
246 617 332 645 eaque
351 613 449 637 creata:
464 610 503 638 rei
527 610 692 642 conditione,
713 610 788 638 velut
814 611 982 646 paenitendo,

1037 289 1092 316 ἀπὸ
1109 289 1207 316 σαυτοῦ
1232 290 1281 325 τῆς
1304 290 1408 323 τελείας
1423 290 1494 321 κατὰ
1506 290 1635 327 ἀληθινὴν
1652 291 1744 326 σχέσιν
1756 291 1827 318 Υίοῦ

1037 335 1107 371 πρὸς
1120 335 1229 372 Πατέρα
1245 336 1288 363 ἀεὶ
1309 337 1385 368 ὄντος
1398 337 1444 363 καὶ
1456 337 1584 364 ἀκτίστου
1600 337 1750 372 ὀνομασίας
1764 338 1828 363 ἑπι-

1036 382 1189 410 κοινωνίαν,
1210 381 1351 410 Ἀδύνατόν
1377 384 1436 410 ἐστι
1458 383 1506 419 τὴν
1519 383 1666 419 ἀγέννητον
1684 383 1732 410 καὶ
1746 383 1829 410 ἄκτι-

1036 437 1098 455 στον
1122 428 1210 455 κτίσιν
1222 429 1233 444 ⁸
1258 430 1368 465 κτιστὴν
1393 438 1460 456 ποτε
1480 430 1617 464 γενέσθαι,
1638 430 1686 456 καὶ
1706 429 1761 456 ἀπὸ
1777 429 1830 456 τοῦ

1035 473 1178 501 κεκτίσθαι
1195 474 1277 502 πάλιν
1288 475 1522 511 μεταμεληθεῖσαν
1536 476 1702 511 ἀναδραμεῖν
1716 475 1763 501 ἐπὶ
1777 474 1831 510 τὴν

1035 520 1121 556 αὐτῆς
1132 521 1305 556 ἀγεννησίαν,
1323 522 1374 550 κᾶν
1393 530 1422 548 τε
1441 522 1526 558 μυρία
1542 522 1608 557 ἡμῖν
1622 521 1725 557 πλέκῃς
1751 522 1831 556 Ἀρι-

1037 565 1181 592 στοτελικὰ
1195 565 1351 602 ζητήματα,
1366 567 1533 602 καταλείψας
1546 568 1596 602 τὴν
1614 567 1717 594 ἄνωθεν
1734 565 1829 600 ἁπλῆν

1038 611 1084 638 καὶ
1105 611 1190 648 ἁγνὴν
1206 612 1252 639 καὶ
1269 612 1424 648 Πνεὺματος
1438 613 1515 646 ἁγίου
1528 613 1713 639 διδασκαλίαν.

196 655 232 684 ad
254 657 373 691 priorem
399 657 474 684 illum
502 657 616 691 ingeniti
642 661 744 685 statum
774 657 943 692 postliminio
973 663 1135 691 revertatur,
1159 659 1334 693 quantumvis
1355 659 1539 687 Aristotelicis
1560 659 1615 686 tuis
1640 659 1708 686 iisce
1735 656 1832 685 inﬁni-

195 702 233 730 tis
257 702 455 736 quaestionibus
479 702 620 737 implicare
645 709 697 730 nos
717 702 838 734 studeas,
860 702 966 730 caelesti
995 710 1028 730 ac
1054 704 1171 739 simplici
1194 709 1325 740 castaque
1347 703 1466 733 Spiritus
1486 705 1575 733 sancti
1598 704 1724 732 doctrina
1746 704 1832 732 dere-

194 748 269 779 iicta.

390 807 472 844 9&3
492 806 583 834 AETII
603 806 719 834 CAPUT
739 805 794 833 VII.

231 850 289 881 Nisi
302 853 373 881 Deus
385 854 496 881 omnino
509 853 545 881 sit
561 853 708 888 ingenitus,
732 852 799 880 nihil
816 852 905 887 ipsum
926 859 990 887 pro-

1236 805 1433 832 ΚΕΦΔΛΔΙΟΝ
1447 806 1574 833 ᾹΕΤΙΟΥ
1587 807 1623 834 Ζ’.

1073 850 1105 877 Ei
1120 850 1157 886 μὴ
1172 850 1240 883 ὅλως
1259 850 1274 877 ὁ
1294 850 1360 882 Θεὸς
1375 851 1521 887 ἀγέννητός
1536 853 1619 884 ἐστιν,
1634 852 1710 879 οὐδὲν
1724 853 1831 881 κωλύει

197 899 271 926 hibet
281 899 432 926 secundum
445 902 570 927 naturam
589 898 826 933 substantiamque
847 898 985 933 genuisse.

1045 896 1231 932 γεγεννηκέναι
1250 897 1396 930 οὐσιωδῶς.
1414 898 1446 924 El
1458 897 1486 925 δὲ
1498 898 1566 930 ὅλως
1580 897 1655 925 ἐστὶν
1668 898 1833 934 ἀγέννηοος,

200 944 249 972 Sin
271 945 380 980 penitus
402 949 444 972 est
467 945 614 980 ingenitus.
631 951 685 971 non
697 948 740 972 est
753 943 902 971 secundum
921 943 986 971 sub-

1045 942 1087 968 ιὺκ
1114 942 1252 974 οὑσιωδῶς
1282 944 1322 975 είς
1346 943 1452 978 γένεσιν
1469 944 1562 979 διέστη
1574 952 1581 958 ·
1596 943 1706 980 ἐξουσίᾳ.
1725 944 1755 972 δὲ
1774 944 1835 972 ὓπ-

198 992 328 1019 stantiam
346 991 380 1018 ad
395 991 597 1026 generationem
613 990 773 1021 distractus.
789 989 836 1017 sed
854 989 926 1025 quod
941 997 987 1025 ge-

197 1037 267 1070 nuit,
283 1041 417 1073 potestate
437 1044 469 1064 ac
486 1036 616 1066 facultate
632 1035 771 1071 produxit.

478 1092 631 1128 Confulalio
655 1092 722 1120 VII.

231 1139 265 1166 Et
278 1144 352 1167 totus
366 1139 503 1175 ingenitus
520 1143 572 1170 est,
589 1139 784 1174 increatusque
804 1138 886 1171 Deus,
901 1143 929 1167 et
941 1139 988 1174 qui

201 1186 236 1213 ab
249 1186 309 1221 ipso
323 1186 430 1221 genitus
451 1190 504 1217 est,
520 1186 671 1218 increatus,
687 1190 717 1212 nt
743 1190 770 1213 et
785 1189 898 1214 sanctus
914 1185 988 1213 illius

201 1231 331 1266 Spiritus,
346 1232 426 1266 cujus
449 1235 590 1265 tantopere
608 1231 836 1259 existimationem
853 1231 954 1263 elevas,
971 1237 988 1258 ο

196 1278 317 1305 carnalis
346 1282 372 1305 et
405 1277 532 1304 animalis
557 1277 627 1310 Aeti,
652 1277 866 1312 spiritaliterque
888 1276 989 1311 dijudi-

196 1327 258 1351 eate
275 1324 295 1350 ¹.
309 1322 393 1350 liabet
407 1323 458 1350 hoc
473 1330 565 1357 porro,
581 1327 611 1350 ut
625 1323 660 1350 ab
671 1323 731 1358 ipso
746 1323 884 1357 procedat,
897 1323 989 1357 singu-

200 1369 248 1398 lari
273 1369 388 1404 quadam
408 1373 435 1396 et
453 1370 552 1397 eximia
579 1369 698 1401 ratione,
722 1377 782 1404 qua).
797 1377 859 1396 cum
882 1369 988 1397 caneris

197 1415 337 1446 omnibus,
353 1423 414 1449 qua:
427 1423 458 1441 ea:
474 1415 542 1448 ipso,
560 1423 605 1448 per
618 1415 715 1449 ipsum,
731 1420 754 1442 et
769 1415 800 1441 ab
824 1416 880 1448 ipso
899 1419 989 1441 creata

198 1465 260 1487 sunt
275 1461 297 1491 ¹,
309 1461 460 1495 comparari
486 1461 589 1495 nequit.
612 1461 745 1493 Quocirca
773 1468 862 1496 neque
879 1468 941 1488 cum
955 1461 989 1489 iis

1038 988 1137 1023 έστησε
1152 989 1284 1024 γέννημα.

1321 1089 1488 1124 ’Λνατροπὴ
1508 1089 1547 1117 Ζ’.

1073 1135 1129 1162 Καὶ
1152 1135 1211 1167 ὅλος
1236 1135 1302 1168 Θεδς
1332 1136 1480 1171 ἀγέννητος
1508 1137 1556 1164 καὶ
1577 1135 1714 1169 ἇκτιστος,
1746 1136 1795 1164 καὶ
1819 1138 1836 1165 ὃ

1038 1180 1069 1214 ἐξ
1083 1181 1164 1208 αὐτοῦ
1180 1181 1379 1218 γεγεννημένος
1391 1182 1530 1217 ἄκτιστος,
1544 1183 1592 1210 καὶ
1603 1183 1633 1209 τδ
1648 1183 1726 1217 ἆγιον
1745 1183 1836 1211 αὐτοῦ

1039 1228 1152 1263 Πνεῦμα
1167 1228 1241 1263 παρὰ
1257 1228 1304 1255 σοῦ
1318 1229 1543 1264 σμικρυνόμενον,
1556 1230 1671 1266 σαρκικὲ
1685 1229 1773 1256 Ἀέτιε
1782 1229 1837 1257 καὶ

1038 1273 1149 1309 ψυχικὲ,
1167 1274 1360 1310 πνευματικῶς
1377 1275 1585 1311 ἀνακρινόμενε,
1605 1275 1747 1312 μονοειδῶς
1769 1275 1838 1310 ἔχον

1039 1319 1069 1346 τδ
1085 1319 1113 1353 ἐξ
1130 1319 1213 1346 αὑτοῦ
1228 1320 1378 1356 ἐξαίρετον,
1398 1321 1435 1356 μὴ
1450 1321 1668 1356 ἅπεικαζόμενον
1685 1322 1743 1353 τοῖς
1764 1321 1836 1347 πολ-

1039 1365 1107 1398 λοῖς,
1121 1365 1156 1393 ἐκ
1175 1366 1227 1393 τοῦ
1243 1367 1347 1400 αὑτοῦ,
1362 1366 1411 1394 καί
1431 1367 1469 1394 δι’
1490 1367 1595 1400 αὐτοῦ,
1610 1367 1659 1394 καί
1670 1367 1721 1395 ἀπ’
1735 1367 1836 1395 αὑτοῦ

1039 1412 1258 1447 κεκτισμένοις.
1270 1413 1315 1439 Διὺ
1326 1412 1388 1440 οὔτε
1413 1414 1571 1448 κοινωνήσει
1587 1414 1644 1446 τοῖς
1660 1414 1754 1445 πᾶσιν,
1768 1413 1837 1440 οὔτε

1123 1457 1325 1466 ν-ισορι

199 1505 282 1534 rebus
296 1514 441 1533 commune
456 1511 498 1533 est
519 1506 542 1533 ei
557 1506 717 1541 quidquam.
733 1513 783 1533 nee
796 1505 854 1533 ista:
868 1513 987 1533 cominus

1045 1503 1222 1538 παρίπταται,
1233 1503 1280 1530 καὶ
1292 1504 1439 1539 ὑποχωρεῖ,
1455 1504 1502 1531 καὶ
1520 1504 1721 1539 καταλιμπάνει
1742 1505 1839 1532 πᾶσαν

199 1559 261 1579 nem
285 1559 347 1579 cum
378 1551 423 1578 illo
447 1551 606 1587 dignitatem
630 1551 769 1578 vindicare
791 1551 842 1579 sibi
864 1555 987 1586 possunt.

1045 1548 1130 1575 αίτίαν
1151 1548 1359 1585 συλλογιστικὴν
1379 1549 1419 1584 τῷ
1441 1549 1495 1576 ἀπὸ
1506 1550 1556 1585 τῆς
1571 1550 1646 1582 θείας
1656 1550 1769 1586 Γραφῆς
1790 1551 1837 1578 δι-

200 1597 306 1625 Etcnim
324 1597 517 1632 pmtervolant
534 1604 566 1624 ac
581 1597 684 1624 cedunt
700 1597 802 1629 omnia,
825 1600 863 1629 et,
879 1597 987 1624 ratioci-

1045 1594 1197 1628 Βασκαλικῷ
1211 1595 1291 1630 λόγῳ.
1303 1595 1352 1630 τῷ,
1366 1595 1470 1628 οὐδεὶς
1486 1593 1548 1623 οἶδε
1565 1595 1618 1622 τὸν
1640 1596 1709 1623 Υίὸν
1719 1597 1745 1622 εί
1755 1596 1799 1631 μὴ
1818 1598 1838 1624 ὀ

200 1642 359 1670 nationibus
372 1642 596 1677 argumentisque
615 1640 730 1672 relictis,
745 1647 885 1667 sacrarum
903 1647 933 1675 se
944 1640 987 1667 lit-

1045 1640 1154 1674 Πατὴρ,
1166 1640 1238 1668 οὐδὲ
1252 1641 1306 1668 τὸν
1320 1642 1436 1676 Πατέρα
1446 1643 1472 1669 εί
1481 1642 1525 1677 μὴ
1537 1643 1554 1669 ό
1572 1642 1650 1675 Υίὸς,
1666 1643 1715 1670 καὶ
1733 1639 1758 1676 ᾧ
1778 1642 1839 1670 ἐὰν

199 1693 321 1716 terarum
338 1687 495 1716 auctoritati
519 1687 715 1720 sententiaeque
737 1685 911 1718 submittunt,
928 1693 987 1719 qum

1045 1686 1236 1722 ἀποκαλύψῃ.
1259 1687 1460 1714 Ἀποκαλύπτει
1482 1688 1511 1714 δὲ
1531 1687 1564 1714 δι’
1580 1687 1658 1722 ἁγίου
1675 1689 1838 1723 Πνεύματος

201 1735 273 1762 istud
297 1735 386 1770 ipsum
403 1735 580 1770 pronuntiant
596 1741 602 1760 :
622 1732 707 1760 Nemo
723 1733 793 1760 novit
802 1732 912 1766 Filium,
937 1731 987 1761 nisi

1045 1732 1072 1759 οὐ
1091 1734 1146 1764 τοῖς
1163 1733 1244 1760 αὑτὸν
1269 1733 1516 1769 συλλογιζομένοις,
1532 1733 1599 1761 ἀλλὰ
1617 1735 1674 1766 τοῖς
1694 1735 1734 1766 εἰς
1750 1733 1839 1762 αὐτὸν

203 1780 302 1811 Pater,-
323 1789 404 1815 neque
425 1781 544 1810 Patrem,
562 1777 614 1805 nisi
635 1778 735 1810 Filius,
756 1782 781 1806 ct
804 1778 847 1805 cui
863 1778 990 1807 revelave—

200 1827 236 1852 rit
251 1827 271 1852 ³.
291 1825 402 1853 lievelat
419 1829 508 1852 autem
530 1832 578 1859 per
593 1823 725 1859 Spiritum
745 1828 869 1851 sanclum
885 1831 939 1850 non
956 1823 990 1850 iis

201 1871 247 1906 qui
268 1871 434 1906 syllogismis
456 1878 485 1897 se
502 1871 560 1897 suis
581 1874 608 1896 et
627 1870 741 1904 argutiis
759 1869 990 1903 comprehendere

202 1918 338 1947 nituntur,
354 1915 401 1942 sed
423 1915 456 1942 iis
475 1915 607 1942 duntaxat
625 1914 671 1948 qui
697 1914 724 1941 in
749 1921 778 1942 se
794 1913 900 1941 sincere
924 1921 987 1948 per-

203 1959 327 1994 fectoque
358 1959 535 1987 crediderint.
567 1957 634 1985 Nam
665 1965 755 1992 neque
780 1958 882 1992 judicia
913 1959 987 1986 illius

1044 1779 1162 1813 γνησίως
1173 1779 1219 1806 καὶ
1235 1778 1344 1812 τελείως
1362 1780 1567 1807 πεπιστευκόσι.
1588 1780 1644 1807 Καὶ
1658 1779 1712 1816 γὰρ
1722 1779 1784 1807 οὔτε
1799 1780 1838 1808 τὰ

1044 1823 1166 1858 κρίματα
1183 1823 1266 1850 αὑτοῦ
1280 1824 1425 1860 ἐρευνῆσαι
1447 1824 1600 1859 δυνηθείης,
1617 1823 1678 1850 οὐδὲ
1692 1822 1741 1854 τὰς
1757 1822 1837 1854 ὁδοὺς

1043 1868 1124 1896 αὑτοῦ
1152 1868 1325 1905 ἐξιχνιάσεις,
1351 1869 1422 1897 κατὰ
1442 1870 1472 1897 τὸ
1500 1868 1705 1906 γεγραμμένον,
1731 1868 1784 1896 κᾶν
1802 1876 1838 1896 τε

1045 1915 1130 1950 μυρία
1144 1916 1210 1951 ἡμῖν
1224 1915 1304 1951 ἔλθῃς
1317 1915 1455 1952 φλυαρῶν,
1469 1915 1585 1943 ἐλεεινὸν
1599 1916 1660 1942 κατ’
1671 1914 1722 1950 ἐμὲ
1731 1913 1837 1950 ἀνθρω-

1041 1960 1148 1996 πάριον.

203 2006 373 2042 perscrutari
395 2005 507 2040 poteris,
533 2012 621 2038 neque
643 2004 703 2032 vias
724 2004 899 2041 investigare,
921 2004 991 2037 sicut
1009 2005 1142 2042 scriptum
1167 2010 1208 2035 est
1232 2007 1252 2040 δ,
1279 2007 1389 2036 tametsi
1419 2007 1541 2035 inﬁnitas
1567 2014 1655 2043 nugas
1677 2005 1797 2040 eﬂ'utias,
1815 2014 1835 2034 0

203 2051 357 2079 miserrime
371 2057 402 2077 ac
418 2050 470 2077 mei
491 2048 588 2077 similis
603 2048 765 2076 homuncio!

438 2105 530 2133 AETII
550 2105 664 2133 CAPUT
684 2105 751 2132 VIII.

238 2153 266 2181 Si
278 2153 415 2188 ingenitus
432 2152 503 2180 Deus
516 2152 664 2187 generandi
686 2152 711 2178 vi
734 2155 807 2180 totus
830 2155 872 2179 est
893 2151 990 2186 praedi-

201 2204 258 2230 tus.
272 2199 344 2234 quod
358 2199 476 2234 genitum
500 2202 552 2229 est.
569 2197 719 2226 secundum
740 2201 863 2224 naturam
881 2205 934 2224 non
948 2200 991 2224 est

201 2246 336 2280 genitum,
353 2252 416 2272 cum
440 2248 497 2271 tota
519 2244 578 2277 ipsa
604 2249 702 2271 natura
716 2243 828 2271 insitum
850 2243 915 2270 illud
941 2243 991 2269 lia-

202 2293 274 2323 lieat,
291 2296 320 2318 ut
345 2291 448 2325 gignat.
466 2295 563 2317 nonut
587 2290 724 2325 gignatur.
745 2289 848 2322 Quodsi
872 2296 992 2316 commu-

203 2342 257 2364 tata
275 2337 321 2364 Dei
343 2338 474 2368 essentia,
499 2336 620 2370 genitum
636 2336 765 2370 quiddam
792 2340 914 2366 vocetur,
935 2342 990 2362 non

201 2383 256 2410 erit
281 2381 470 2412 immutabilis,
491 2389 553 2408 cum
573 2382 596 2408 ei
627 2381 686 2416 ipsa
708 2381 823 2408 mutatio
846 2380 904 2407 Filii
929 2388 991 2415 pro-

204 2428 346 2462 prietatem
362 2427 468 2455 eﬂieiat.
486 2428 533 2454 Sin
554 2432 582 2455 et
604 2427 765 2455 mutationis
780 2431 822 2455 est
839 2435 948 2462 expers,
963 2431 991 2454 et

201 2473 277 2502 omni
297 2473 474 2508 generatione
495 2473 541 2501 Dei
561 2479 656 2501 natura
675 2474 856 2509 pnestantior.
871 2473 943 2507 quod
958 2473 992 2500 de

203 2519 273 2546 Filio
289 2519 434 2552 asseritur,
449 2519 507 2551 sola
522 2519 703 2555 appellatione
720 2519 866 2546 constabit.

468 2574 622 2608 Confumtio
645 2573 728 2600 VIII.

237 2619 297 2648 Non
311 2625 337 2648 te
349 2621 524 2651 solum,!teti,
535 2621 581 2647 sed
594 2624 621 2647 et
635 2620 784 2646 Itwreticum
796 2619 878 2655 944
889 2628 990 2648 omnem

201 2673 260 2701 post
280 2668 394 2702 primum
421 2667 608 2701 gorreptionem
634 2666 754 2693 devitarc
773 2667 893 2702 oportuit
918 2667 939 2699 ⁵,
956 2675 988 2694 ex

202 2716 298 2738 sancta
312 2712 357 2738 illa
374 2712 546 2746 sapicntique
557 2710 634 2740 Pauli
646 2711 791 2740 sententia.
810 2712 865 2739 Abs
876 2710 902 2739 té
916 2713 989 2739 enim

205 2757 265 2790 ipso
275 2757 420 2788 damnatus
443 2757 548 2784 tibimet
561 2757 685 2788 exitium,
706 2757 781 2784 nullo
795 2758 848 2785 alio
865 2762 989 2792 cogente,

203 2803 366 2830 consciscis.
394 2803 494 2839 Ecquis
523 2803 606 2838 igitur
629 2803 702 2834 illius
733 2803 921 2836 miserebitur,
944 2804 989 2839 qui

1228 2105 1425 2133 ΚΕΦΔΛΑῘΟΝ
1450 2107 1576 2134 ΔΕΤῙΟΥ
1597 2107 1638 2134 H’.

1078 2150 1109 2176 Ei
1122 2149 1181 2181 ὅλος
1198 2150 1257 2176 ἐστὶ
1274 2151 1430 2187 γεννητικὸς
1445 2152 1459 2178 ὁ
1469 2151 1614 2187 ἀγέννητος
1630 2152 1707 2185 Θεὸς,
1722 2153 1773 2180 οὐκ
1789 2154 1834 2181 οὐ·

1044 2195 1146 2227 σιιυδῶς
1159 2195 1190 2222 τὸ
1206 2196 1336 2230 γεννηθὲν
1347 2197 1489 2232 ἐγεννήθη,
1504 2197 1568 2232 ὅλης
1578 2197 1694 2234 ἐχούσης
1717 2200 1767 2234 τῆς
1788 2199 1832 2226 οὺ-

1045 2241 1105 2272 σίας
1119 2241 1201 2267 αὑτοῦ
1219 2241 1250 2267 τὸ
1275 2243 1382 2277 γεννᾷν,
1401 2243 1431 2269 οὺ
1443 2242 1473 2269 τὸ
1490 2243 1647 2278 γεννᾶσθαι.
1660 2245 1692 2270 Ei
1709 2244 1737 2271 δὲ
1751 2254 1833 2280 μετα-

1043 2286 1262 2321 σχηματισθεῖσα
1288 2287 1304 2322 ἡ
1321 2287 1399 2314 οὐσία
1421 2287 1468 2314 τοῦ
1483 2287 1550 2314 Θεοῦ
1574 2288 1698 2325 γέννημα
1711 2290 1832 2324 λέγεται,

1043 2334 1093 2359 οὐκ
1124 2333 1311 2368 ἀμετάϐλητος
1333 2334 1349 2368 ἡ
1376 2333 1454 2360 οὐσία
1479 2333 1572 2367 αὑτοῦ,
1604 2335 1653 2370 τῆς
1682 2336 1834 2373 μεταϐολῆς

1043 2377 1233 2413 ἐργαζομένης
1260 2378 1310 2414 τὴν
1338 2379 1404 2405 Υἱοῦ
1435 2379 1604 2415 ίδιοποίησιν.
1625 2381 1657 2407 Εἰ
1678 2380 1707 2407 δὲ
1729 2382 1772 2418 εἴη
1786 2382 1833 2409 καὶ

1043 2422 1242 2458 ἀμετάϐλητος,
1269 2423 1316 2450 καὶ
1337 2423 1469 2457 γενέσεως
1495 2425 1629 2460 κρείττων
1647 2427 1663 2460 ἡ
1689 2426 1769 2453 οὐσία
1785 2426 1833 2454 τοῦ

1043 2468 1122 2499 Θεοῦ,
1136 2469 1166 2495 τὸ
1183 2469 1253 2496 κατὰ
1263 2469 1310 2495 τὸν
1323 2469 1386 2496 Υίδν
1404 2469 1457 2502 ἓως
1469 2470 1551 2506 ψιλῆς
1565 2472 1751 2508 προσηγορίας
1767 2474 1832 2509 ὁμο-

1042 2514 1230 2550 λογηθήσεται.

1327 2573 1492 2608 Ἀνατροπὶι
1507 2575 1550 2601 II’.

1081 2619 1153 2646 Ἔδει
1171 2619 1220 2654 μὲν
1234 2617 1280 2646 οὖν
1293 2619 1323 2645 οὺ
1338 2619 1417 2654 μόνον
1432 2619 1471 2650 σὲ,
1486 2619 1582 2650 ’Λέτιε,
1596 2619 1664 2646 ἀλλὰ
1673 2621 1719 2647 καὶ
1733 2621 1831 2649 πάντα

1044 2667 1193 2700 αἱρετικὸν
1204 2666 1279 2700 μετὰ
1290 2667 1365 2701 μίαν
1375 2667 1538 2695 νουθεσίαν
1554 2668 1757 2703 παραιτεῖσθαι,
1769 2669 1806 2703 ὡς
1817 2669 1831 2695 ὁ

1045 2711 1121 2745 ἅγιος
1138 2711 1183 2738 καὶ
1199 2712 1279 2746 σοφὸς
1302 2711 1406 2738 κελεύει
1421 2711 1510 2747 λόγος.
1526 2713 1762 2748 Λῷτοκατάκριτος
1778 2715 1831 2749 γὰρ

1045 2757 1199 2792 τυγχάνεις,
1230 2757 1319 2792 ἑαυτῷ
1345 2758 1390 2784 τὸν
1415 2757 1524 2793 ὄλεθρον
1547 2759 1758 2794 ἐπισπώμενος,
1786 2760 1830 2787 καὶ

1044 2803 1104 2838 οὐχὶ
1119 2804 1164 2837 ὑφ’
1181 2803 1274 2839 ἑτέρου
1297 2805 1527 2841 ἀναγκαζόμενος.
1546 2805 1592 2837 Τίς
1605 2804 1652 2832 οὖν
1667 2806 1775 2842 ἐλεήσει
1787 2806 1830 2838 νὺν

243 2881 251 2897 ¹
265 2881 275 2909 l
289 2881 352 2909 Cor.
367 2889 399 2914 ιι,
415 2882 458 2909 Η.
497 2883 507 2899 ¹
523 2881 582 2913 Col.
600 2891 620 2916 ι,
639 2883 683 2911 16.
720 2883 730 2899 ⁸
743 2882 838 2916 Matth.
857 2883 950 2918 x1,27.

1045 2891 1090 2917 nu.
1106 2891 1144 2918 ιι,
1164 2884 1209 2912 53.
1247 2885 1258 2901 ³
1273 2884 1325 2912 Tit.
1338 2885 1434 2919 111,10.
1474 2886 1484 2902 ⁸
1497 2884 1527 2913 F.
1545 2883 1635 2920 φύσιν.
