1931 3041
117 162 172 191 865

417 162 608 192 Αυνειιευεκ
623 163 792 192 ΗιιΕΙζΕςΕΒ
811 163 876 191 Lm.
898 163 901 191 Ι

959 163 1040 191 τον.
1062 164 1081 191 Ι.
1100 178 1134 184 —-
1154 163 1290 191 llAiRES.
1311 162 1428 191 LXXVI.

1692 165 1744 193 ωε

117 223 208 258 ἑαυτῴ
222 222 349 258 πονηρὸν,
363 222 410 249 καὶ
423 223 510 250 οὐδενὶ
521 224 621 258 ἀγαθὸν
636 225 804 260 τυγχάνοντα
817 233 823 257 ;
839 225 900 251 Ἀλλ

960 224 1012 252 sibi
1035 224 1086 259 ipsi
1104 224 1203 254 malus,
1219 222 1320 251 nemini
1336 222 1414 250 alteri
1430 223 1518 250 bonus
1531 226 1574 249 est
1588 221 1620 248 ’ἲ
1643 221 1694 249 Sed
1712 231 1746 250 ne

117 270 162 296 ἵνα
187 269 224 304 μὴ
251 269 295 304 ὲςΐ
311 265 352 301 οἷς
375 268 546 305 ὲὸλάστησας
570 269 610 306 τῷ
641 270 735 306 κόσμῳ
755 272 861 303 κακοῖς,
879 270 922 297 ὲν.

117 314 225 350 παυτῷ
251 314 332 350 ἔχων,
361 313 563 350 ὑπολαμϐάνοις
581 316 619 348 ὡς
635 316 699 352 περὶ
717 317 844 352 μεγάλων
862 316 910 343 καὶ

115 358 277 390 ἀντιθέτων,
305 359 491 396 ἐπιμενοῦμεν
521 359 568 387 καὶ
587 360 663 387 αὐτοὶ
686 361 755 396 μετά
773 360 909 396 μακροθυ-

116 405 183 439 μίας
216 405 249 440 τῇ
271 403 390 439 διστόμῳ
418 404 551 441 μαχαίρᾳ,
571 405 619 432 τοῦ
642 405 761 441 Χριστοῦ
774 406 846 441 λόγῳ
863 407 910 432 ὲκ-

115 450 260 485 τέμνοντές
289 458 336 477 σου
369 449 418 482 τὰς
439 450 606 482 ἀκανθώδεις
626 451 714 486 ῥίζας,
728 453 757 478 ὲν
772 453 805 488 τῇ
819 452 907 486 ὑγιαι-

113 495 199 532 νούσῃ
215 495 282 532 πρὸς
291 494 357 522 Θεὸν
371 495 462 532 τελείᾳ
480 496 527 523 καὶ
550 495 664 532 ἀληθινῇ
682 497 822 532 ὁμολογίᾳ.
839 497 908 530 Δόξα

113 542 168 577 γὰρ
196 541 235 577 τῷ
261 541 387 577 ὲλεήμονι
403 541 441 577 τῷ
458 542 616 578 φωράσαντί
635 551 676 575 σε,
693 544 784 576 ὁποῖος
796 541 832 576 εἷ,
858 543 907 579 τὴν

112 586 161 618 τοῦ
183 586 267 613 Ἰούδα
283 586 391 622 ἐπέχων
407 586 495 620 τάξιν,
512 588 558 614 τοῦ
574 588 623 614 σὺν
639 589 695 618 τοῖς
711 588 845 624 μαθηταῖς
857 589 907 624 μὲν

112 630 322 667 ἀριθμηθέντος,
352 630 545 666 ἀφορισθέντος
565 631 604 663 δὲ,
624 632 653 658 οὐ
667 632 784 668 Χριστοῦ
800 632 906 668 ἔχοντος

111 678 158 704 τὸν
172 677 244 708 νοῦν,
258 676 315 703 ἀλλ’
328 677 360 703 ὲκ
373 677 419 704 τοῦ
434 677 542 704 Σατανᾶ
559 677 760 712 ὑποδεξαμένου
775 678 824 713 τὴν
837 678 905 714 πρὸς

110 723 159 752 τὸν
174 723 314 759 Δεσπότην
330 723 413 750 αὑτοῦ
430 723 653 759 ἐπαρνησιθεῖαν.
672 724 744 760 Ψιλῇ
759 725 813 762 γὰρ
834 725 906 758 λέξει

111 769 294 805 ὡμολόγησας
317 769 363 796 τὸν
389 769 453 796 Υἱὺν
463 769 511 796 τοῦ
525 769 592 796 Θεοῦ
610 770 683 806 ἔχειν
702 772 732 798 ὲν
742 772 776 806 τῇ
789 771 902 807 διανοίᾳ.

113 815 170 842 Καὶ
196 815 238 847 τίς
265 817 324 842 εστι
339 815 419 851 χρεία
434 815 499 850 περὶ
513 815 564 850 τῆς
575 815 644 851 πρὸς
656 815 687 842 σὲ
705 815 810 849 λαλιᾶς,
822 817 904 843 ὁπότε

110 861 285 888 παντάπασιν
298 860 438 896 ἀλλότριος
451 861 622 896 Χριστιανῶν
637 861 779 897 ὑπάρχεις.
796 870 902 897 προφη-

959 269 1078 305 pessima
1105 270 1150 296 illa
1173 269 1310 304 dogmata.
1326 276 1388 304 qua
1414 268 1442 296 in
1458 269 1560 295 mundo
1585 272 1612 295 te
1633 272 1746 296 auctore

959 315 1138 350 pullularunt,
1154 315 1328 350 magnificum
1344 314 1473 349 quiddam
1489 317 1516 341 et
1533 313 1667 349 ejusmodi
1683 321 1746 341 esse

959 368 1084 392 censeas.
1103 364 1132 388 ut
1149 361 1257 388 veritati
1284 359 1473 387 contradicere
1499 361 1615 394 possint.
1640 359 1668 386 in
1694 360 1746 386 hoc

957 407 1046 442 ipsum
1078 407 1192 442 patienti
1222 406 1413 433 incunzbemus
1441 405 1548 438 animo,
1578 409 1608 431 ut
1632 404 1745 438 ancipiti

957 452 1049 488 gladio
1063 452 1084 484 ⁸,
1105 452 1156 480 hoc
1181 457 1223 480 cst
1244 451 1346 479 Christi
1366 451 1458 483 verbo,
1476 451 1604 485 spinosas
1627 453 1690 477 tuas
1705 458 1746 476 ra-

957 499 1035 526 dices
1056 498 1226 530 cxcidamus,
1251 505 1283 525 ac
1303 497 1453 526 salubrem.
1481 496 1628 531 perfectam
1645 504 1677 523 ac
1689 496 1745 524 sin-
1787 519 1794 525 ,

956 552 1047 572 ceram
1079 544 1140 571 tidei
1176 544 1377 571 confessionem
1413 550 1597 578 opponanms.
1632 542 1744 578 Magnas

956 589 1049 624 itaque
1066 588 1239 616 misericordi
1258 588 1312 616 Deo
1326 588 1429 623 gratias
1442 595 1522 623 agere
1537 588 1680 619 debemus.
1695 587 1743 622 qui

956 634 1110 669 cujusmodi
1136 634 1176 662 sis
1200 634 1322 662 imlicare
1337 634 1417 662 nobis
1436 634 1531 665 voluit,
1553 638 1594 665 tu,
1619 634 1743 668 inquam,

960 682 1006 716 qui
1024 680 1101 709 Juda:
1122 681 1212 707 locum
1237 680 1378 715 vicemque
1398 681 1519 708 sustines
1536 689 1543 707 :
1560 680 1606 715 qui
1626 687 1688 707 cum
1703 679 1746 706 in-

957 732 998 755 ter
1019 726 1172 762 discipulos
1193 730 1364 758 censeretur.
1389 725 1424 753 ab
1447 734 1542 754 eormn
1567 733 1681 753 numero
1701 732 1745 752 se-

954 777 1084 808 gregatus
1099 777 1153 804 est,
1168 773 1241 808 quod
1258 772 1361 800 Christi
1377 776 1468 800 mente
1488 777 1659 806 nequaquam
1673 776 1742 805 pra:-

954 819 1030 846 ditus
1043 827 1058 846 e
1079 819 1188 846 Satanae
1206 818 1296 845 amatu
1315 817 1448 845 nefariam
1466 818 1538 844 illam
1552 816 1676 851 ejuramli
1695 815 1742 842 Dei

955 865 1120 891 voluntatem
1135 864 1282 899 expressit.
1299 863 1337 890 Ita
1350 867 1377 891 et
1397 867 1425 890 tu
1441 863 1534 890 verbis
1548 867 1631 889 tenus
1643 861 1741 889 Filium

109 907 165 933 τῶν
175 915 204 933 τε
217 906 264 933 καὶ
279 906 445 939 ἀποστόλων,
459 907 506 933 καὶ
529 906 738 940 εὐαγγελιστῶν,
757 906 901 942 μαρτύρων

955 909 1001 936 Dei
1028 909 1129 936 habere
1151 913 1177 936 te
1202 908 1229 935 in
1261 908 1353 936 animo
1377 907 1524 943 profiteris.
1557 906 1628 939 Quid
1651 911 1742 933 autem

109 961 140 979 τε
149 953 196 979 καὶ
206 952 313 979 πάντων
327 952 379 978 τῶν
391 952 491 986 ἀγίων;
509 952 564 979 τῶν
578 952 686 986 ἐλέγξαι
698 961 727 978 σε
744 953 784 985 εἰς
796 952 902 988 ἡμέραν

109 997 229 1033 κρίσεως
251 997 368 1032 ἑτοίμως
394 997 527 1031 ἐχόντων·
548 997 588 1023 ὃτι
607 996 672 1032 ἄχρι
691 996 808 1023 θανάτου
825 1005 903 1032 στρε-

108 1042 253 1078 δλοὺμενοι
269 1042 429 1077 ὑπέμειναν.
447 1042 650 1078 μαστιζόμενοι,
670 1042 801 1078 ξεόμενοι,
821 1042 903 1078 θηρσὶ

109 1088 159 1114 καὶ
184 1088 252 1123 πυρὶ
277 1087 498 1122 παραϐληθέντες
517 1087 564 1114 καὶ
596 1087 669 1122 φόνῳ
687 1087 834 1123 μαχαίρας,
858 1087 903 1114 ἵνα

108 1133 174 1160 Υίδν
190 1132 257 1159 Θεοῦ
275 1133 339 1159 ὅντα
370 1132 418 1160 καὶ
439 1132 469 1164 ἐξ
488 1131 570 1159 αὐτοῦ
588 1132 722 1168 ἀληθινῶς
736 1132 902 1168 γεγεννημέ-

108 1187 157 1204 νον
179 1177 215 1213 μὴ
238 1178 419 1214 ἀρνήσωνται.
436 1177 598 1213 Γεννητικος
618 1177 671 1213 γὰρ
687 1179 701 1204 ό
712 1177 807 1213 Πατὴρ
819 1178 901 1213 μόνου

107 1223 294 1258 Μονογενοῦς,
317 1223 364 1250 καὶ
377 1224 426 1259 οὐχ
442 1223 537 1258 ἑτέρου
557 1223 630 1256 τινὸς
647 1224 687 1250 ἔτι
699 1223 769 1258 μετὰ
782 1224 827 1251 τὸν
843 1223 901 1256 ἕνα,

107 1268 157 1294 καὶ
169 1268 371 1305 ἁνομσρητικὸς
391 1268 550 1304 Πνεύματος
576 1269 665 1304 ἁγίου,
681 1269 729 1296 καὶ
747 1269 796 1305 οὺχ
807 1269 901 1305 ἑτέρου

107 1314 277 1349 Πνεύματος.
306 1314 427 1349 Κτίστης
450 1314 478 1341 δὲ
498 1314 545 1341 καὶ
560 1314 676 1350 ποιητὴς
691 1315 745 1341 τῶν
760 1315 805 1342 ὑπ’
819 1315 901 1342 αὑτοῦ

106 1359 262 1394 γενομένων
289 1359 336 1385 καὶ
355 1359 398 1386 ἀεὶ
421 1359 600 1395 γιγνομένων.
624 1360 669 1386 Διὸ
682 1360 773 1387 οὐκέτι
796 1360 901 1387 πολλῶν

107 1404 174 1430 ait?”
196 1405 385 1440 γεννωμένων,
398 1404 460 1431 οὔτε
477 1404 582 1432 πολλῶν
599 1406 763 1441 πνευμάτων
777 1406 807 1439 ἐξ
819 1406 900 1433 αὐτοῦ

106 1448 344 1484 ἐκπορευομένων,
361 1449 410 1484 τῆς
426 1448 510 1484 αὐτῆς
525 1448 651 1484 θεότητος
663 1449 706 1476 ἀεὶ
723 1450 751 1476 ὲν
763 1451 796 1485 τῇ
806 1449 901 1485 Τριάδι

108 1494 244 1531 μενούσης
260 1495 307 1521 καὶ
327 1494 510 1530 δοξαζομένης
541 1495 588 1522 καὶ
610 1495 745 1531 μηδέποτε
764 1495 902 1532 προστιθε-

107 1540 204 1576 μένης,
215 1541 283 1576 μήτε
296 1539 443 1576 ληγούσης,
462 1541 529 1576 μήτε
549 1540 757 1576 ὑπολειφθείσης
770 1540 846 1573 ποτὲ,
860 1541 898 1573 ὡς

954 955 1078 990 pluribus
1107 958 1198 982 tecum
1223 953 1341 989 colloqui
1360 960 1473 981 necesse
1495 956 1555 984 est,
1568 959 1630 979 cum
1652 951 1692 978 sis
1707 952 1742 978 ab

953 1000 1028 1028 omni
1049 1005 1123 1028 cmtu
1141 999 1362 1027 Christianorum
1389 999 1510 1028 alienus.
1537 997 1677 1032 prophetis
1700 997 1742 1023 ni-

938 1047 1064 1084 _mirum,
1091 1046 1236 1080 apostolis,
1261 1045 1448 1080 evangelistis,
1466 1044 1742 1079 martyrilmuca-tc-

953 1091 992 1118 ris
1021 1089 1139 1125 denique
1170 1089 1296 1117 sanctis?
1328 1089 1372 1122 qui
1391 1092 1418 1115 te
1432 1093 1554 1115 extremo
1579 1087 1626 1114 illo
1645 1086 1742 1120 pulicii

952 1136 996 1164 die
1020 1137 1108 1171 palam
1133 1136 1315 1170 redarguent,
1349 1134 1423 1169 quod
1451 1133 1483 1160 ad
1514 1139 1627 1161 mortem
1655 1139 1743 1167 ttsqne

950 1182 1127 1217 quaestiones,
1155 1181 1271 1216 ﬂagella,
1288 1181 1423 1211 lanienas,
1450 1178 1562 1208 bestias.
1589 1179 1675 1213 ignes.
1695 1185 1742 1212 po-

952 1231 1055 1255 stremo
1072 1227 1190 1261 gladium
1209 1226 1402 1256 sustinuerint,
1418 1229 1446 1251 ut
1467 1232 1501 1251 ne
1525 1223 1571 1250 Dei
1587 1222 1685 1250 Filium
1714 1227 1743 1250 et

952 1271 987 1299 ab
1002 1272 1061 1306 ipso
1076 1278 1168 1298 revera
1183 1270 1374 1305 procedentem
1386 1269 1564 1304 abnegarent.
1578 1268 1658 1296 Pater
1669 1268 1742 1295 enim

952 1324 1037 1344 unum
1061 1316 1196 1343 duntaxat
1221 1315 1333 1347 Filium,
1347 1323 1400 1342 non
1416 1315 1533 1343 alterum
1556 1314 1590 1342 ab
1604 1321 1636 1342 eo
1653 1318 1744 1349 potest

951 1363 1073 1398 gignere,
1091 1361 1162 1388 idem
1177 1365 1204 1389 et
1228 1361 1362 1395 Spiritum
1389 1365 1527 1392 sanctum,
1544 1367 1599 1387 non
1624 1359 1742 1386 alterunt

951 1408 986 1436 ab
1001 1415 1034 1436 co
1051 1407 1183 1442 Spiritum
1205 1411 1302 1441 suapte
1318 1406 1343 1433 vi
1365 1411 1448 1441 atque
1474 1413 1507 1433 ex
1527 1413 1588 1433 sese
1602 1404 1742 1440 produxit.

951 1453 986 1480 At
1013 1460 1108 1480 corttm
1133 1461 1195 1488 quae
1217 1452 1253 1479 ab
1268 1452 1328 1488 ipso
1356 1452 1427 1479 facta
1454 1455 1529 1482 sunt,
1560 1455 1588 1478 et
1613 1454 1743 1485 perpetuo

953 1499 1030 1532 tinuit,
1050 1503 1159 1526 creator
1172 1503 1215 1526 est
1229 1506 1262 1526 ac
1277 1498 1413 1526 conditor.
1429 1497 1564 1531 Quocirca
1577 1504 1665 1531 neque
1685 1497 1743 1531 plu-

951 1553 995 1572 res
1022 1544 1112 1572 aJhuc
1138 1547 1303 1580 generantur
1329 1544 1387 1574 lilii,
1414 1550 1503 1578 neque
1529 1543 1622 1582 plures
1645 1542 1681 1569 ab
1705 1549 1740 1568 eo

285 1573 391 1612 ALO-71a}.
406 1573 455 1621 οὐχ
462 1573 516 1618 ἕως
527 1586 608 1621 ψιλῆς
624 1573 770 1621 ὀνομασίας
798 1587 843 1613 ἐπὶ
859 1586 897 1621 τῷ

952 1589 1100 1624 procedunt
1127 1573 1251 1625 spiritus.
1279 1588 1333 1616 Sed
1357 1573 1489 1615 divinitas
1517 1573 1576 1622 ipsa
1592 1578 1630 1614 ‘in
1656 1586 1745 1613 Trini-

105 1633 256 1667 γεννήματι
267 1631 374 1658 ἵσταται
392 1631 423 1658 τὸ
439 1631 560 1667 ἀξίωμα’
577 1633 638 1659 ἐπεὶ
651 1632 684 1659 ἂν
696 1632 810 1664 πολλοὺς
824 1633 897 1660 ἁδελ-

106 1679 175 1713 φοὺς
206 1679 263 1714 μετ’
295 1678 376 1705 αὑτὸν
400 1678 479 1714 ἔσχεν
501 1678 611 1714 ὁμοίους
630 1679 714 1714 αὐτῷ,
734 1679 772 1711 ὡς
791 1679 837 1707 ἐπὶ
857 1678 896 1715 τῷ

106 1725 264 1761 εἰρημένῳ·
286 1725 371 1758 Υῐοὺς
390 1725 540 1760 ἐμέννησα
566 1726 615 1753 καὶ
630 1725 756 1760 ὕψωσα·
782 1727 828 1753 καὶ
850 1726 896 1753 ἐπὶ

105 1770 161 1805 τῷ,
182 1771 213 1797 '0
227 1771 353 1804 τετοκὼς
365 1772 486 1804 ,βώλους
497 1771 609 1806 δρόσου
620 1779 628 1785 ⁸
644 1772 690 1798 καὶ
707 1772 753 1798 ἐπὶ
767 1771 816 1807 τῷ,
833 1772 896 1806 Ἀφ’

105 1815 144 1844 οὗ
158 1815 242 1843 πᾶσα
267 1816 374 1851 πατριὰ
392 1817 427 1843 ὲν
442 1817 558 1851 οὐρανῷ
570 1818 675 1844 καὶέπὶ
689 1817 745 1853 τῆς
761 1816 898 1852 ὀνομάζε-

105 1869 169 1888 ται·
185 1861 232 1887 καὶ
266 1861 312 1888 ἐπὶ
329 1860 379 1897 τῷ,
398 1862 460 1895 οὐχ
478 1859 522 1894 εἷς
541 1861 643 1897 Πατὴρ
661 1862 782 1888 ,πάντων
797 1861 896 1896 ὐμῶν;

106 1905 155 1932 καὶ
174 1905 220 1931 ἐπὶ
236 1904 285 1940 τῷ,
302 1905 377 1938 Παῖς
400 1913 460 1940 μου
484 1905 584 1932 Ἰακώϐ
593 1914 600 1921 ·
623 1906 670 1932 καὶ
695 1907 742 1932 ἐπὶ
756 1905 804 1941 τῷ,
818 1908 897 1940 Πρω.

107 1950 230 1982 τότοκός
239 1959 299 1984 μου
324 1949 453 1984 Ἰσραήλ.
466 1947 546 1977 Οὗτοι
557 1950 612 1985 γὰρ
626 1951 736 1982 πάντες,
745 1950 810 1986 ψιλῇ
825 1950 897 1984 λέξει

106 1997 137 2023 τὸ
152 1997 202 2031 τῆς
219 1996 364 2032 ἀναγωγῆς
381 1996 435 2023 ἀπὸ
448 1996 495 2023 τοῦ
512 1997 551 2032 μὴ
567 1994 637 2024 εἶναι
656 1998 694 2028 εἰς
703 1997 733 2023 τὸ
752 1995 821 2024 εἶναι
835 2005 898 2030 προς

108 2041 266 2076 κεκοφὸτες,
283 2042 314 2068 οὐ
334 2041 392 2068 κατ’
409 2042 504 2068 οὐσίαν
519 2043 552 2077 τῇ
570 2041 682 2078 ἀληθινῇ
704 2043 826 2069 ἵστανται
840 2043 897 2069 ὀνο-

109 2087 207 2124 μασίᾳ,
221 2087 290 2114 ἀλλά
300 2087 385 2122 ψιλῶς
395 2088 440 2114 καὶ
449 2087 519 2115 κατὰ
529 2087 619 2124 χάριν,
635 2087 697 2114 οὗτε
717 2088 781 2124 ψιλῇ
797 2089 897 2123 ὀνομα-

109 2133 156 2169 atq.
170 2132 368 2168 ὀνομαζομένου
384 2135 404 2164 ¹.
418 2133 487 2160 ἀλλὰ
495 2133 564 2160 κατὰ
572 2133 700 2169 ἀληθειαν
713 2133 766 2160 ἀπὸ
782 2133 828 2160 τοῦ
840 2133 897 2166 ἐνὸς

107 2177 151 2204 διὰ
165 2177 212 2204 τοῦ
231 2178 299 2210 ἐνὸς,
316 2179 364 2205 σὺν
378 2177 418 2213 τῷ
438 2177 468 2211 ἐξ
499 2176 583 2205 αὑτοῦ
605 2178 815 2214 ἐκπορευομένῳ
826 2199 832 2210 ,
849 2178 897 2205 τοῦ

108 2222 193 2249 αὺτοῦ
205 2222 238 2249 λα
242 2223 380 2259 μὸάνοντι.

948 1638 1004 1661 tate
1029 1638 1132 1666 manet,
1157 1641 1188 1661 ac
1213 1634 1388 1669 praedicatur,
1411 1641 1461 1660 nec
1485 1632 1519 1659 ad
1544 1639 1605 1660 eam
1632 1631 1692 1658 ulla
1714 1631 1744 1658 ιιι

946 1679 1080 1711 accessio.
1099 1687 1188 1714 neque
1205 1679 1308 1706 desinit
1324 1685 1455 1713 unquam,
1478 1685 1566 1712 neque
1582 1677 1661 1712 quasi
1679 1684 1745 1703 nus-

945 1732 1027 1760 quam
1040 1725 1075 1752 sit
1089 1724 1259 1753 destituitur.
1279 1723 1358 1751 Unde
1380 1731 1434 1750 non
1452 1723 1480 1750 in
1490 1723 1671 1758 appellatione
1684 1721 1744 1748 sola

946 1769 1008 1805 ejus
1024 1770 1097 1806 quod
1125 1770 1246 1805 genitum
1261 1774 1315 1802 est,
1329 1768 1450 1804 dignitas
1470 1768 1610 1795 consistit.
1633 1767 1744 1801 Alioqui

947 1824 1028 1851 quam
1047 1816 1180 1852 plurimos
1197 1819 1259 1851 post.
1285 1823 1315 1843 se
1337 1814 1438 1843 fratres
1453 1822 1486 1843 ac
1505 1814 1549 1842 sui
1568 1813 1672 1842 similes
1696 1812 1745 1839 ba-

946 1861 1031 1894 beret,
1064 1862 1100 1889 ut"
1118 1869 1152 1889 ex
1178 1861 1225 1888 illo
1245 1861 1306 1888 loco
1329 1865 1462 1889 constat:
1482 1860 1568 1887 Filio;
1591 1859 1688 1894 genui,
1717 1863 1743 1885 at

945 1907 1098 1939 exultanti“;
1117 1907 1182 1934 item
1198 1915 1205 1934 :
1227 1907 1279 1940 Qui
1291 1907 1380 1942 genuit
1394 1907 1484 1934 uilla:
1508 1906 1576 1933 roris
1591 1907 1618 1938 ";
1640 1911 1697 1932 tum
1716 1904 1745 1930 il-

949 1953 1015 1980 lud:
1037 1952 1079 1979 E1:
1101 1961 1152 1987 quo
1167 1951 1252 1980 omnis
1274 1953 1424 1988 ναίει-κῆαι
1443 1953 1470 1980 in
1485 1953 1550 1979 coelo
1578 1956 1603 1979 et
1623 1951 1649 1977 in
1674 1956 1745 1977 terra

947 1999 1099 2026 nominatur
1113 1999 1122 2014 ⁷
1134 2007 1142 2031 ;
1158 1998 1256 2026 deinde
1269 2007 1275 2026 :
1294 1997 1388 2025 Nonne
1398 2006 1466 2025 unus
1481 1997 1564 2025 Pater
1575 2001 1614 2024 est
1626 1996 1748 2023 omnium

947 2048 1062 2070 vestrum
1072 2043 1101 2069 ⁵⁸2
1115 2042 1196 2078 945
1209 2043 1288 2070 item:
1300 2042 1385 2070 Filius
1395 2051 1465 2070 meus
1475 2041 1560 2069 Iacob
1577 2043 1606 2074 ’ς
1621 2044 1649 2068 et
1662 2050 1668 2067 :
1681 2039 1744 2066 Pri-

948 2088 1092 2123 mogcuitur
1114 2096 1185 2114 meus
1207 2087 1296 2115 Israel
1312 2088 1344 2115 ὀ.
1363 2087 1431 2114 Nam
1454 2088 1500 2115 isti
1517 2095 1613 2114 omnes
1638 2093 1744 2113 accom-

948 2134 1057 2160 modata
1082 2141 1130 2168 per
1153 2137 1262 2168 tropum
1288 2133 1349 2160 Filii
1368 2141 1444 2166 voce,
1472 2141 1536 2160 cum
1564 2131 1686 2159 nondum
1703 2138 1745 2158 es-

948 2184 1019 2211 sent,
1035 2186 1068 2207 eo
1085 2184 1115 2206 ut
1131 2184 1225 2206 essent
1244 2179 1381 2214 progressi
1406 2182 1482 2206 sunt.
1499 2178 1616 2213 Ideoque
1638 2183 1744 2211 nequa-

948 2232 1029 2259 quam
1060 2232 1124 2251 vera
1145 2231 1177 2251 ac
1194 2225 1281 2252 solida
1297 2225 1447 2252 secumlum
1471 2228 1596 2250 naturam
1623 2221 1743 2258 appella-

109 2269 184 2296 tione
209 2273 374 2301 Censcutur.
404 2270 453 2298 sed
482 2270 574 2298 minus
607 2270 716 2306 proprie
744 2276 776 2296 ac
802 2269 896 2304 gratia:
935 2269 1114 2305 beneficiique
1138 2270 1198 2297 loco
1219 2270 1245 2296 id
1276 2270 1329 2297 illis
1352 2270 1510 2297 tribuitur:
1537 2269 1575 2296 ita
1598 2273 1690 2296 tamen
1712 2271 1742 2294 ut

109 2320 210 2351 praeter
220 2317 428 2351 appellationem
446 2318 533 2352 ipsam
548 2317 613 2345 insit
628 2317 741 2352 aliquid,
754 2321 896 2352 propterea
915 2316 988 2351 quod
1008 2317 1041 2343 ab
1059 2324 1113 2343 uno
1141 2321 1169 2344 et
1204 2324 1253 2352 per
1276 2325 1361 2344 unum
1383 2324 1479 2344 revera
1501 2319 1643 2352 procreata
1665 2319 1742 2350 sunt,

111 2371 219 2392 necnon
247 2368 276 2392 et
290 2371 305 2391 a
328 2364 431 2399 Spiritu
447 2369 555 2397 sancto,
579 2365 624 2400 qui
647 2365 681 2392 ab
695 2364 754 2400 ipso
769 2364 903 2399 procedit,
922 2369 949 2392 et
963 2372 997 2392 ex
1013 2363 1072 2400 ipso
1087 2364 1196 2399 accipit.
1231 2361 1236 2367 ”

306 2411 503 2438 ΚΕΦΛΛΔΙΟΝ
522 2411 650 2438 ΑΕΤῘΟΥ
670 2411 708 2437 Θ¹.
916 2412 938 2440 D

146 2457 179 2484 El
197 2457 390 2492 σπερματικῶς
404 2454 438 2492 ἦν
458 2458 486 2483 έν
501 2457 540 2492 τῷ
559 2457 699 2493 ἀγεννήτῳ
714 2457 773 2492 Θεῷ
791 2457 822 2483 τὸ
838 2456 898 2491 γέν‹

110 2512 197 2539 νημα,
213 2502 282 2538 μετά
295 2503 344 2539 τὴν
366 2502 491 2538 γέννησιν
509 2503 607 2536 ἔξωθεν
631 2502 794 2538 προσλαϐὸν,
811 2503 848 2534 ὡς
866 2502 899 2529 ἂν

111 2549 184 2575 εἴποι
205 2557 262 2580 τις,
274 2548 410 2583 ἠνδρώθη.
427 2548 535 2580 Τέλειος
549 2546 595 2575 οὖν
611 2549 683 2575 ἐστιν
699 2549 714 2575 ό
730 2548 793 2580 Υἱὸς
808 2547 859 2574 οὐκ
871 2547 901 2579 ἐξ

109 2591 148 2622 ὦν
163 2595 305 2630 ἐγεννήθη,
319 2594 376 2621 ἀλλ’
393 2594 423 2626 έξ
438 2591 477 2621 ὧν
494 2594 656 2631 προσέλαϐε.
674 2594 714 2620 Τὰ
730 2594 785 2630 γὰρ
801 2602 901 2628 συγγε-

111 2640 196 2672 νικῶς
207 2640 462 2676 προσλαμϐάνοντα,
474 2640 512 2672 ὡς
523 2640 553 2672 ἐξ
563 2639 675 2666 ἐκείνων
691 2640 855 2673 συνεστῶτα,
871 2640 901 2667 τὺ

111 2686 216 2714 τελείου
230 2686 316 2721 δνομα
326 2687 463 2721 διαφόρως
480 2686 641 2722 προϊεσθαι¹
655 2686 786 2721 πέφυκεν.

113 2866 126 2883 ν
141 2831 373 2903 shift???

1198 2409 1290 2437 AETII
1309 2409 1424 2437 CAPUT
1445 2409 1492 2438 IX.

991 2456 1019 2484 Si
1037 2456 1063 2484 in
1080 2456 1201 2493 ingenito
1227 2456 1282 2484 Deo
1298 2456 1405 2490 penitus
1426 2455 1512 2484 Filius
1538 2455 1611 2484 velut
1624 2456 1743 2492 quodam

953 2504 1057 2531 semine
1073 2503 1275 2536 continebatur,
1294 2502 1365 2530 idem
1379 2501 1425 2529 ubi
1441 2501 1551 2538 genitus
1566 2506 1618 2535 est,
1635 2502 1742 2530 extrin-

954 2557 1034 2578 secus
1057 2550 1215 2578 accessionc
1238 2549 1307 2576 facta
1322 2548 1355 2575 ad
1373 2548 1489 2581 virilem,
1509 2552 1538 2575 ut
1556 2548 1593 2576 ita
1613 2548 1741 2578 dixerim.
1759 2578 1762 2581 ,

950 2598 1056 2623 mtatcm
1071 2594 1200 2622 adolevit.
1217 2593 1309 2628 Itaque
1326 2594 1465 2629 perfectus
1479 2597 1522 2622 est
1537 2593 1622 2622 Filius
1639 2601 1693 2620 non
1705 2601 1740 2619 ex

951 2639 1009 2674 ipsa
1032 2640 1217 2676 generatione,
1238 2639 1286 2666 sed
1302 2647 1335 2666 ex
1352 2646 1385 2667 eo
1407 2639 1479 2674 quod
1501 2639 1540 2665 illi
1561 2637 1735 2673 postmodum

950 2684 1071 2712 accrevit
1085 2693 1092 2712 :
1111 2692 1174 2711 nam
1191 2692 1252 2720 qua:
1267 2688 1399 2719 cognatas
1417 2692 1461 2711 res
1477 2683 1510 2711 ad
1526 2684 1569 2710 sui
1584 2683 1740 2709 incremen-

949 2735 1007 2756 tum
1022 2730 1173 2762 asciscunt,
1192 2734 1322 2765 tanquam
1337 2737 1369 2757 ex
1384 2729 1437 2757 illis
1450 2729 1614 2759 constantia.
1629 2727 1739 2754 diverso

951 2775 1032 2802 modo
1049 2775 1160 2810 perfecti
1175 2782 1273 2802 nomen
1288 2775 1444 2802 admittunt.

375 2841 449 2867 vox.”
463 2832 473 2848 ¹
484 2831 515 2860 F.
528 2831 697 2867 προσίεσθαι.
736 2831 746 2847 ³
759 2831 841 2860 Eccli.
859 2841 901 2860 xw

952 2853 958 2861 .
997 2834 1007 2849 ‘
1028 2833 1109 2862 Ilebr.
1127 2842 1164 2864 tv.
1183 2835 1225 2862 i2.
1265 2836 1275 2851 '
1293 2835 1344 2863 lsa.
1366 2843 1384 2867 ι,
1401 2835 1428 2861 ‘2.
1467 2835 1477 2850 °
1493 2832 1544 2861 Job
1558 2840 1672 2866 utvttt,
1687 2832 1734 2862 28.

402 2868 412 2884 ⁸
427 2866 522 2894 Matth.
538 2866 616 2901 x’xttt,
632 2867 658 2895 9.
697 2867 708 2883 ’
723 2867 776 2895 lsa.
788 2876 843 2903 xu,
860 2869 885 2896 8.
925 2869 946 2885 ¹⁰
964 2868 1049 2897 Exod.
1071 2877 1107 2903 ιν,
1128 2870 1173 2897 ‘22.
1400 2876 1414 2890 ν
