1945 3043
208 153 261 182 867

489 209 644 244 Confutalio
665 208 718 236 ιχ.

246 256 266 284 1.
292 255 350 284 Nisi
374 262 500 291 corporis
526 260 665 290 expertem
691 256 842 291 genitorem
870 257 1000 284 conﬁtea-

210 310 282 335 Illlll',
295 305 525 337 quantascunque
538 301 614 329 voles
631 302 780 337 tragmdias
792 301 921 329 excitato.
935 301 1001 335 Qui-

210 347 261 373 bus
283 346 418 374 neminem
444 349 474 372 tu
493 345 604 380 quidem
633 351 782 381 perterres,
810 346 856 373 sed
882 350 1000 373 mentem

209 396 284 418 luant
307 399 322 417 a
347 398 418 418 verte
447 391 509 418 ﬁdei
533 391 705 427 professione
729 392 935 427 perturbatione
955 391 1000 418 illa

208 437 315 470 tlejicis.
338 437 424 472 Igitur
443 437 584 473 perfectus
606 445 621 465 e
641 438 733 473 seipso
753 437 825 466 Deus
851 437 1001 474 perfectum

208 482 302 517 genuit
316 482 425 515 Filium,
452 491 506 510 non
523 483 607 511 alium
629 489 728 519 praeter
746 490 884 511 naturam.
909 483 1002 519 Neque

208 529 282 555 enim
303 529 428 562 genitore
445 534 488 558 est
507 531 649 566 indiguus,
678 538 729 558 nec
751 534 892 559 externam
918 528 1001 558 ullam

208 576 395 603 accessionem
412 576 561 604 desiderat.
583 576 656 604 Nihil
668 577 768 612 quippe
790 576 940 604 secundum
954 575 1002 604 Dei

209 620 393 649 substantiam
427 622 516 657 majus
543 630 576 650 ac
605 623 779 657 prmstanlius
805 630 867 650 esse
890 626 1001 658 potest;

209 666 283 701 quod
304 667 377 694 istud
397 667 497 702 ipsum,
514 668 587 704 quod
603 668 637 695 ad
659 668 855 703 perfectionem
872 667 1004 695 accedere

209 713 322 745 dicitur,
347 722 409 741 cum
431 714 569 749 indigente
584 713 778 741 communicet.
797 713 866 741 Nam
882 713 928 748 qui
942 721 1004 748 per-

211 763 294 791 pt-tuo
313 767 411 794 expers
426 759 552 794 corporis
569 759 689 791 exsiluit,
720 767 848 794 peraeque
865 759 1003 787 exsisten—

211 806 266 831 tem
290 804 360 840 apud
380 805 481 840 ipsum,
500 804 710 839 perfectumque
731 805 870 839 perfectus
890 804 1003 839 genitali

211 852 329 888 quadam
341 851 366 878 vi
381 857 490 885 semper
506 857 538 877 ac
550 858 613 878 vere
625 850 765 885 produxit,
779 849 862 882 Deus,
878 850 1003 885 inquam,

210 882 325 932 spiritus
351 882 478 931 spiritum
500 896 605 931 genuit,
623 882 742 927 ierbutn
765 895 813 923 Dei
838 882 1002 924 subsistens,
1019 882 1041 911 Β

211 942 261 970 Est
275 949 340 969 vero
355 948 417 968 cum
429 940 536 976 primis,
551 941 623 972 Aeli,
641 944 718 968 tuum
733 941 799 968 illud
817 946 1003 968 commentum

212 986 371 1017 ridiculum,
387 987 433 1021 qui
452 986 577 1014 coelestia
593 986 773 1021 perscrutari,
791 993 823 1013 ac
840 987 904 1021 quid
919 986 953 1014 de
966 986 1005 1013 di-

211 1032 284 1060 vinis
308 1032 390 1059 rebus
409 1032 625 1060 existimandum
644 1033 691 1064 sit,
710 1032 876 1068 syllogismis
904 1036 931 1059 et
963 1039 1005 1061 at:-

212 1078 286 1114 gutis
304 1078 564 1106 ratiocinationibus
583 1079 752 1115 investigare
768 1079 872 1111 studes,
890 1086 952 1106 cum
977 1079 1002 1106 ei

211 1126 259 1161 qui
279 1134 295 1154 e
316 1125 403 1153 nihilo
418 1125 544 1153 condidit
558 1125 699 1159 universa,
723 1129 751 1154 et
765 1126 800 1154 ad
817 1133 902 1154 unum
918 1125 1004 1161 perfe-

210 1174 255 1197 cte
271 1169 365 1197 cadent
380 1169 523 1197 elaborare
542 1169 588 1197 illa
606 1174 707 1206 potest,
726 1171 829 1206 quique
848 1169 951 1198 nullius
966 1170 1004 1197 in-

211 1215 343 1243 erementi
364 1218 392 1242 et
408 1215 579 1243 accessionis
601 1220 671 1251 eget,
691 1220 719 1243 et
739 1216 786 1243 illa
810 1216 917 1252 legibus
946 1215 1005 1244 suis

213 1268 246 1288 ac
266 1260 386 1288 decretis
407 1261 547 1292 astrinxit,
565 1260 684 1288 Verbum
709 1260 815 1297 alﬁngis
835 1261 1004 1295 istiusmodi,

211 1306 285 1341 quod
310 1311 497 1342 augmentum
509 1307 662 1335 divinitatis
676 1306 814 1341 admittat,
840 1315 931 1343 neque
954 1308 1006 1336 sal-

211 1355 268 1379 tem
291 1359 354 1379 cum
371 1351 472 1380 creatis
497 1351 533 1379 ab
549 1352 608 1387 ipso
627 1353 711 1380 rebus
732 1352 871 1388 adaquari
889 1353 1004 1389 pateris.

212 1398 297 1434 9&6
310 1397 385 1431 Quas
402 1405 465 1425 cum
484 1398 621 1434 perfectas
637 1399 718 1426 initio
738 1399 935 1434 absolutasque
950 1406 1006 1427 mo-

215 1444 281 1472 litus
305 1447 358 1475 est,
382 1447 440 1471 tum
463 1452 525 1479 qum
547 1453 579 1472 ex
607 1445 675 1479 ipsis
695 1445 829 1477 pullulant
848 1445 1006 1473 accessione

215 1497 284 1524 opus
298 1490 399 1518 habere
415 1491 555 1525 sapientiae
576 1498 632 1518 suae
647 1491 757 1519 decreto
778 1491 921 1519 constituit
934 1501 940 1519 :
955 1499 1006 1519 cu-

213 1534 333 1569 jusmodi
349 1539 414 1563 sunt
433 1543 493 1571 quae
507 1535 637 1571 deinceps
661 1540 725 1563 nata
749 1540 824 1568 sunt,
842 1541 1006 1565 nascuntur-

214 1588 268 1616 que
279 1581 413 1616 quotidie,
430 1582 513 1609 veluti
528 1582 640 1613 caelum,
663 1586 749 1614 terra,
767 1591 850 1618 aqua,
874 1591 931 1614 aer.
951 1584 1004 1616 sol,

216 1627 279 1653 luna
292 1646 299 1658 ,
318 1626 408 1654 sidera
432 1631 460 1655 et
474 1635 536 1662 qua:
556 1636 589 1655 ex
607 1628 687 1662 aquis
704 1628 842 1660 oriuntur.
860 1629 894 1656 ad
917 1630 1006 1665 ipsum

215 1673 353 1700 hominem
382 1681 481 1708 usque.
516 1672 603 1709 Igitur
633 1682 722 1709 neque
749 1675 849 1702 coelum
879 1674 1007 1710 imperfe—

215 1723 301 1751 ctum,
317 1727 407 1754 neque
424 1723 526 1747 terram
548 1727 674 1747 mancam
700 1720 891 1757 defectamque
914 1720 1007 1747 condi-

216 1767 268 1797 dit,
288 1766 336 1794 scd
352 1766 500 1801 perfectam
518 1767 599 1799 hanc,
614 1767 728 1802 perinde
744 1772 825 1803 atque
839 1768 956 1798 coelum:
970 1773 1008 1795 ta-

217 1811 431 1844 metsiminime
455 1813 647 1847 aspectabilem
673 1814 759 1847 ipsam
784 1812 1008 1848 inconditamque

217 1857 367 1889 fabricarit,
385 1861 497 1892 propter
513 1858 706 1892 expolitionem
726 1862 752 1884 et
773 1863 900 1884 ornatum
919 1858 1006 1890 illiilli,

216 1911 297 1937 quem
310 1903 483 1938 postmodum
495 1908 554 1930 erat
569 1903 732 1938 eﬂ'ecturus;
745 1905 791 1932 sed
808 1908 834 1931 et
848 1912 946 1940 aquam
976 1911 1008 1932 ac

219 1949 310 1975 lumen
330 1949 396 1975 illud
411 1953 474 1976 ante
487 1956 579 1976 omnia
601 1955 775 1984 procreatum
793 1950 889 1981 edidit,
911 1958 942 1976 ac
959 1957 1008 1984 per

217 2000 324 2025 verum,
346 1992 496 2020 increutuln
527 2001 560 2021 ac
582 1994 662 2021 vitale
679 1994 769 2021 lumen
798 1994 925 2021 universa
949 2002 1009 2028 pro-

216 2038 304 2071 duxit,
323 2043 380 2066 tum
404 2040 513 2066 domum
532 2044 629 2066 caetera
643 2047 703 2074 qua:
722 2047 737 2067 e
761 2044 834 2067 terra
856 2048 1009 2075 propagan-

218 2089 272 2114 tur.
288 2085 398 2119 adjecit.
421 2084 491 2112 Ante
505 2085 596 2112 omnia
611 2093 674 2113 vero
697 2085 898 2116 firmamentqu
918 2085 1007 2121 ipsum

216 2131 330 2157 creavit.
353 2130 454 2158 llorum
472 2131 594 2158 omnium
613 2139 694 2166 porro
713 2132 780 2159 nihil
806 2131 1007 2167 imperfectum,

216 2177 265 2206 Sed
283 2177 409 2205 absoluta
428 2178 519 2204 omnia
536 2179 686 2205 constituta
708 2181 783 2205 sunt.
806 2177 953 2210 Producat,
971 2178 1008 2204 in-

215 2223 285 2257 quit,
302 2227 371 2250 terra
387 2223 494 2249 herbam
513 2223 647 2254 virentem,
665 2224 798 2250 seminans
811 2231 899 2250 semen
918 2223 952 2250 ad
971 2223 1009 2250 si-
1027 2243 1047 2270 ῃ

216 2269 393 2297 militudincm
412 2271 438 2296 in
463 2275 544 2300 terra,
569 2275 594 2297 e:
616 2270 716 2304 lignum
731 2269 909 2304 fructiferum,
932 2269 1007 2304 cujus

216 2323 302 2341 semen
319 2315 346 2341 in
363 2316 420 2350 ipso
443 2316 477 2342 sit
504 2316 538 2342 ad
554 2316 758 2343 simitiludinem
781 2316 808 2342 in
826 2316 926 2343 terra‘.
947 2317 1009 2343 Ani-

217 2361 404 2389 nmdvcrtisne
429 2369 511 2396 quam
531 2363 633 2389 nullam
660 2362 776 2390 subinde
797 2369 857 2397 quae
876 2361 1008 2396 producta

216 2410 282 2434 sunt
314 2408 503 2435 accessionem
544 2409 801 2443 incrementumque
831 2407 1005 2435 desiderave-

891 149 922 178 S.
943 148 1117 178 El’lPllANll

1804 147 1866 177 568

1337 208 1364 234 ’Λ
1371 207 1504 242 νατροπὴ
1519 208 1557 233 6'.

1079 252 1114 279 A’.
1122 252 1152 278 Et
1160 251 1198 287 μὴ
1203 250 1367 286 ὡμολογεῖτο
1374 248 1517 284 ἀσώματος
1523 249 1560 277 ὣν
1566 250 1580 277 ὸ
1585 249 1741 286 γεννήτωρ,
1757 251 1868 278 πάντα

1050 298 1127 333 παρὰ
1142 298 1184 324 σοὶ
1197 295 1464 333 δραματουργείσθω.
1476 297 1733 332 Δραματουργήσας
1744 297 1792 329 δὲ,
1809 297 1868 323 οὐκ

1050 344 1129 371 ἄλλον
1145 343 1206 370 τινὰ
1222 342 1346 378 πτύρεις,
1364 341 1480 369 σεαυτοῦ
1497 342 1525 368 δὲ
1540 342 1585 368 τὸν
1608 342 1670 369 νοῦν
1683 341 1782 374 θολοῖς
1803 342 1869 368 ἀπὸ

1051 390 1101 426 τῆς
1117 389 1246 425 ἀληθινῆς
1256 389 1412 424 ὁμολογίας.
1431 388 1475 422 Ἐξ
1490 387 1573 415 αὑτοῦ
1588 388 1642 424 γὰρ
1660 388 1731 419 Θεὸς
1747 388 1868 419 τέλειος

1051 437 1104 471 ὢν,
1121 437 1223 464 τέλειον
1247 436 1312 463 Υῐὸν
1329 435 1490 471 ἐγέννησεν,
1512 435 1562 470 οὐχ
1582 435 1676 470 ἕτερον
1697 434 1786 470 εταρά
1812 434 1866 469 τὴν

1052 484 1143 520 φύσιν.
1159 485 1197 512 Οὐ
1219 483 1274 520 γὰρ
1294 483 1422 519 ἀπρεπής
1447 483 1505 509 ἐστι
1529 482 1597 517 πρὸς
1617 482 1663 508 τὸν
1680 482 1868 517 γεννήτορα,

1051 531 1113 558 οὔτε
1127 529 1225 563 ἔξωθεν
1237 529 1409 566 ὲπιδεόμενος
1424 528 1612 564 προσλήψεως.
1626 529 1663 555 Οὐ
1675 528 1733 564 γάρ
1752 529 1785 554 τί
1801 529 1867 554 ἐστι

1053 576 1145 613 μεῖζον
1158 576 1228 612 μετὰ
1238 576 1287 612 τὴν
1302 575 1348 602 τοῦ
1362 574 1430 602 Θεοῦ
1441 574 1545 606 οὐσίαν,
1559 574 1632 606 ὅπως
1643 573 1680 609 τῷ
1695 574 1867 608 ὲνδεομένῳ

1054 617 1215 659 μεταδοῧναι
1239 622 1289 657 τῆς
1309 621 1488 657 προσλήψεως
1507 620 1575 656 πρὸς
1593 619 1757 655 τελειότητα
1774 620 1865 654 δυνη-

1052 668 1123 705 θείη.
1142 668 1172 695 '0
1184 668 1238 702 γὰρ
1251 667 1290 694 ὢν
1309 667 1353 694 ἀεὶ
1375 666 1531 702 ἀσώματος,
1545 666 1591 693 τὸν
1611 666 1676 692 ὄντα
1699 664 1864 700 ἀσώματον

1053 715 1119 750 παρ’
1132 713 1206 749 αὐτῷ
1219 713 1258 749 τῷ
1272 713 1329 740 ὁντι
1344 712 1388 740 ἀεὶ
1401 712 1578 748 γεννητικῶς,
1595 712 1699 738 τέλειον
1713 713 1729 738 ὁ
1747 711 1864 743 τέλειος

1053 761 1096 788 ἀεὶ
1110 760 1196 792 ὅντως
1212 759 1373 795 γεγέννηκε,
1393 758 1503 794 πνεῦμα
1525 757 1562 784 ὢν
1577 757 1653 789 Θεὸς,
1669 757 1717 784 καὶ
1741 757 1861 792 πνεῦμα

1053 805 1117 832 δντα
1141 805 1188 831 τὸν
1210 805 1393 831 ὲνυπόστατον
1419 803 1506 837 Λόγον
1523 802 1706 838 γεγεννηκώς.
1724 802 1768 828 Τὸ
1796 802 1860 827 ὅ).ον

1054 851 1109 887 γὰρ
1123 851 1225 886 ἠλίθιον
1239 851 1280 886 εἴη
1292 850 1369 886 παρὰ
1383 849 1425 876 σοὶ
1440 849 1480 884 τῷ
1498 848 1603 884 Ἀετὶῳ,
1615 847 1654 883 τῲ
1670 847 1859 883 ἐμϐατεύοντι

1056 897 1103 924 καὶ
1119 896 1168 928 τὰς
1185 896 1256 922 κατὰ
1270 895 1337 922 Θεὸν
1348 894 1426 928 δόξας
1444 894 1589 930 ὲρευνῶντι
1609 894 1640 920 ἐκ
1660 892 1860 928 συλλογισμῶν

1057 943 1104 970 καὶ
1121 942 1168 969 σοῦ
1185 938 1404 978 φιλόλογιστικῆς
1417 940 1530 972 ἑννοίας,
1545 940 1585 966 ὅτι
1601 939 1639 974 τῷ
1653 939 1807 974 ποιήσαντι
1825 939 1860 964 τὰ

1057 990 1145 1016 πάντα
1161 988 1191 1022 ἐξ
1202 989 1253 1015 οὐκ
1268 987 1364 1020 ὄντων,
1376 987 1423 1014 καὶ
1437 986 1577 1021 δυνηθέντι
1589 985 1700 1017 τελείως
1714 985 1750 1011 τὰ
1763 985 1859 1011 πάντα

1058 1034 1110 1061 ὑπὸ
1126 1033 1155 1062 ἒν
1172 1033 1352 1069 ἐργάσασθαι,
1369 1032 1452 1068 μηδὲν
1468 1030 1561 1067 χρείαν
1575 1030 1663 1065 ἔχοντι
1682 1030 1859 1065 προσληπτι-

1057 1080 1110 1115 κῆς
1129 1080 1293 1112 ἐπιδόσεως,
1311 1077 1405 1114 Θεσμῷ
1422 1077 1451 1104 δὲ
1466 1075 1554 1104 ταῦτα
1577 1075 1735 1111 πεδήσαντι,
1751 1075 1857 1111 ἅδρυν-

1057 1125 1136 1162 τικὴν
1164 1125 1258 1153 οὐσίαν
1285 1123 1493 1162 προσληπτικῆς
1521 1122 1647 1158 θεὼητος
1676 1121 1859 1154 ὲπιδεόμενον

1058 1170 1236 1206 ἐπιφημίζεις
1253 1170 1351 1204 Λόγον,
1363 1168 1411 1195 καὶ
1433 1167 1496 1195 οὔτε
1515 1167 1615 1201 ὲεισοϊς
1632 1167 1688 1197 τοῖς
1706 1166 1754 1192 ὑπ’
1768 1165 1856 1192 αὑτοῦ

1059 1215 1257 1251 κεκτισμένοις.
1272 1214 1413 1250 Ἀπαρχῆς
1433 1213 1488 1248 γὰρ
1507 1212 1617 1241 τελείως
1641 1211 1711 1238 αὐτὰ
1734 1211 1858 1246 ποιήσας

1058 1260 1238 1297 προσλήψεως
1253 1259 1427 1295 ὲπιδεόμενα,
1446 1258 1482 1284 τὰ
1505 1256 1535 1289 ἐξ
1558 1256 1648 1297 αὑτῷν
1674 1255 1716 1283 ἐτι
1735 1255 1856 1291 βλαστά-

1058 1296 1138 1335 νοντα
1152 1296 1236 1342 ὧρισε
1253 1306 1328 1342 νόμῳ
1345 1305 1458 1340 σοφίας·
1478 1303 1556 1330 ἅτινά
1573 1296 1629 1330 ἐστὶ
1646 1301 1744 1335 ταῦτα,
1764 1302 1795 1328 ἐν
1815 1298 1856 1332 οἷς

1059 1353 1118 1380 ἐστι
1133 1353 1166 1380 τὰ
1184 1351 1304 1387 καθεξῆς
1321 1350 1456 1386 γενόμενά
1473 1359 1502 1376 τε
1519 1349 1568 1377 καὶ
1584 1348 1729 1384 γινόμενα”
1743 1347 1784 1379 ὡς
1798 1344 1856 1374 οἷον

1058 1399 1157 1431 εἰπεῖν,
1173 1397 1302 1434 οὐρανὸν,
1316 1396 1383 1432 γῆν,
1407 1395 1489 1431 ὕδωρ,
1512 1395 1594 1431 ἀέρα,
1611 1394 1701 1430 ⁴ἣλιον,
1725 1393 1854 1428 σελήνην,

1055 1444 1149 1480 ’ἄστρα
1172 1443 1221 1470 καὶ
1237 1442 1272 1470 τὰ
1289 1443 1321 1469 ὲκ
1336 1441 1390 1469 τῶν
1403 1441 1507 1469 ὑδάτων
1522 1440 1722 1476 γεγεννημένα⁹
1737 1440 1792 1471 ἓως
1806 1438 1855 1465 καὶ

1059 1490 1142 1517 αὑτοῦ
1161 1489 1208 1517 τοῦ
1224 1489 1378 1525 ἀνθρώπου.
1398 1488 1456 1515 Οὐκ
1476 1487 1591 1524 οὐρανὸν
1612 1486 1695 1521 ἀτελῆ
1712 1486 1853 1521 ἐποίησεν,

1059 1538 1090 1564 οὐ
1105 1537 1158 1572 γῆν
1182 1535 1372 1571 ἀτελεστάτην,
1387 1534 1455 1561 ἀλλὰ
1469 1534 1575 1561 τελείαν
1594 1534 1643 1568 μὲν
1657 1533 1705 1568 τὴν
1727 1532 1790 1567 γῆν,
1808 1531 1855 1558 τέο

1059 1583 1131 1610 λειον
1145 1583 1173 1609 δὲ
1186 1582 1230 1609 τὸν
1242 1582 1370 1618 οὐρανόν·
1383 1581 1499 1616 ἀόρατον
1512 1581 1540 1607 δὲ
1551 1580 1599 1606 καὶ
1611 1579 1853 1606 ἀκατασκεύαστον

1060 1630 1131 1660 τότε,
1144 1628 1177 1657 δι’
1194 1628 1227 1662 ἢν
1243 1627 1339 1663 ἔμελλε
1356 1629 1442 1654 ποιεῖν
1455 1625 1649 1661 διακόσμησιν·
1666 1624 1738 1659 ὕδωρ
1755 1623 1783 1651 δὲ
1794 1624 1852 1659 ἅμα

1061 1675 1107 1701 καὶ
1118 1674 1176 1709 φῶς
1185 1673 1215 1700 τὺ
1231 1673 1444 1709 πρωτόκτιστον,
1456 1671 1501 1699 διὰ
1513 1671 1560 1698 τοῦ
1574 1670 1701 1706 ἀληθινοῦ
1715 1670 1803 1705 φωτὸς
1816 1670 1851 1696 τὰ

1061 1720 1149 1747 πάντα
1162 1719 1290 1755 ποιήσας,
1307 1718 1353 1746 τοῦ
1373 1719 1502 1746 ἀκτίστου
1519 1717 1565 1745 καὶ
1590 1715 1722 1749 ζωοποιοῦ
1734 1724 1740 1729 ”
1755 1716 1850 1743 ἔπειτα

1060 1765 1088 1792 δὲ
1102 1765 1137 1792 τὰ
1159 1766 1191 1792 ἐκ
1207 1765 1257 1800 τῆς
1273 1765 1326 1800 γῆς
1343 1765 1462 1799 φυέντα·
1483 1764 1530 1791 καὶ
1554 1763 1607 1799 πρὸ
1624 1762 1719 1790 τούτου
1739 1762 1769 1789 τὸ
1790 1771 1849 1789 στε-

1062 1811 1166 1847 ρέωμα.
1195 1811 1251 1847 Οὐχ
1273 1809 1403 1847 ἡμιτελὲς
1424 1819 1451 1837 τι
1473 1811 1587 1845 ἐγίνετο,
1615 1810 1684 1837 ἀλλὰ
1709 1809 1795 1837 πάντα
1821 1810 1850 1836 ἐν

1060 1857 1226 1894 τελειότητι·
1240 1857 1422 1893 Ἐξαγαγέτω
1435 1856 1489 1892 γὰρ
1502 1856 1521 1890 ἡ
1533 1855 1572 1891 τῆ
1582 1855 1720 1889 βοτάνην
1730 1856 1847 1890 χόρτου,

1061 1903 1187 1937 answer
1201 1902 1322 1937 σπέρμα
1340 1901 1404 1929 καθ’
1420 1901 1578 1936 ὁμοιότητα
1590 1900 1639 1927 ἐπὶ
1652 1900 1708 1934 τῆς
1719 1899 1784 1935 γῆς,
1799 1900 1848 1926 καὶ

1062 1949 1157 1983 ξύλον
1171 1948 1330 1983 κάρπιμον,
1355 1945 1391 1976 οὗ
1411 1947 1444 1974 τὸ
1461 1947 1581 1982 σπέρμα
1595 1946 1695 1974 αὐτῶν
1715 1947 1750 1973 ὲν
1769 1945 1847 1978 αὐτῷ

1061 1995 1125 2022 καθ’
1141 1995 1301 2030 ὁμοιότητα
1322 1995 1371 2021 ἐπὶ
1395 1993 1449 2029 τῆς
1472 1993 1537 2029 γῆς.
1555 1994 1611 2021 Καὶ
1631 1993 1709 2028 ὁρᾷς.
1725 1991 1761 2023 ὡς
1775 1991 1846 2018 οὐδε-

1063 2042 1127 2077 μιᾶς
1143 2040 1207 2068 εὐθὺ
1222 2041 1256 2069 τὰ
1276 2043 1408 2075 γεγονότα
1425 2039 1550 2067 ὲπεδέετο
1572 2037 1775 2073 προσληπτικῆς
1790 2037 1845 2063 ἐπι-

1061 2087 1171 2120 δόσεως,
1188 2086 1245 2114 ἀλλ*
1267 2086 1386 2123 ἀνδρεῖα,
1399 2086 1438 2118 ὡς
1457 2087 1555 2118 εἰπεῖν,
1572 2085 1618 2113 καὶ
1632 2084 1723 2112 τέλεια
1738 2083 1778 2110 διὰ
1799 2083 1843 2109 τοῦ

1062 2134 1274 2171 προστάγματος
1291 2133 1372 2170 εὐθὺς
1384 2132 1559 2168 εὑρίσκεσθαι
1570 2132 1597 2165 ';
1613 2130 1657 2166 Τῷ
1673 2130 1701 2158 δὲ
1716 2129 1843 2166 ἀνθρώπῳ

1062 2178 1221 2205 ὲπιδοθέντα
1233 2179 1279 2205 ὑπ’
1289 2179 1370 2206 αὑτὸν
1383 2179 1458 2211 ὄντα,
1470 2178 1517 2205 καὶ
1527 2179 1556 2205 ὲν
1569 2176 1643 2212 αὐτῷ
1657 2175 1842 2212 strepitum};

1062 2225 1102 2256 εὶς
1114 2224 1283 2257 δεσποτείαν,
1307 2225 1338 2253 οὐ
1365 2224 1455 2251 τέλεια
1471 2223 1618 2260 παρεδόθη,
1634 2222 1679 2250 διὰ
1695 2222 1725 2249 τὸ
1752 2221 1840 2248 εἰδέναι

1061 2270 1107 2297 τὸν
1137 2270 1281 2307 ἄνθρωπον
1311 2271 1427 2298 πάντοτε
1450 2270 1495 2297 τὸν
1519 2269 1730 2305 εἰεργετοῦντα,
1749 2267 1792 2294 καὶ
1813 2265 1841 2292 τὸ

1062 2315 1133 2344 εἶναι
1146 2318 1212 2344 πᾶσι
1229 2318 1393 2353 παρέχοντα,
1409 2317 1457 2344 ἐπὶ
1474 2317 1582 2344 πάντων
1595 2316 1624 2343 δὲ
1643 2315 1718 2347 ὄντα,
1737 2314 1781 2342 καὶ
1796 2313 1839 2344 τὰς

1063 2363 1197 2395 ἐπιδόσεις
1209 2364 1327 2400 ἑκάστης
1339 2364 1474 2399 ποιήσεως
1486 2363 1554 2399 πρὸς
1567 2362 1696 2388 σύστασιν
1707 2361 1759 2387 τῶν
1773 2359 1838 2394 αὐτῷ

1062 2410 1283 2446 χρησιμευόντων
1304 2410 1468 2445 παρέχοντα.

216 2453 289 2486 rint,
317 2454 365 2481 sed
381 2454 466 2486 virili,
481 2459 512 2482 ut
528 2455 566 2482 ita
589 2454 689 2487 dicam,
713 2456 811 2483 robore
826 2454 950 2490 praedita,
970 2459 997 2482 et
1016 2455 1108 2482 adulta
1139 2457 1230 2483 statim
1254 2456 1301 2484 Dei
1335 2456 1464 2485 mandato
1491 2454 1659 2490 prodierint?
1677 2453 1837 2486 Quaecunque

216 2507 282 2526 vero
300 2499 405 2526 homini
424 2500 548 2535 subjecta
564 2505 640 2532 sunt,
658 2504 705 2527 aut
726 2500 821 2527 insunt
835 2499 862 2527 in
876 2506 919 2532 eo,
950 2499 1009 2526 solo
1038 2499 1129 2527 adhuc
1153 2501 1257 2528 semine
1282 2505 1421 2532 contenta,
1440 2493 1556 2527 necdum
1579 2498 1700 2534 perfecta
1718 2497 1785 2525 illius
1796 2497 1836 2524 dn-

218 2543 332 2570 minntui
348 2545 495 2572 commissa
515 2548 590 2576 sunt,
609 2548 639 2571 ut
656 2544 679 2572 is
697 2544 765 2571 bene
778 2544 812 2571 de
824 2551 854 2571 se
874 2542 1001 2570 meritum
1017 2543 1146 2579 ignorare
1160 2553 1214 2573 non
1231 2551 1340 2581 posset;
1365 2545 1410 2580 qui
1438 2549 1465 2573 ct
1480 2545 1563 2572 rebus
1591 2543 1720 2571 omnibus
1741 2548 1768 2570 ut
1790 2543 1836 2570 sint

217 2591 383 2627 impertitur,
394 2595 421 2619 et
434 2591 564 2619 omnibus
578 2591 704 2626 superior
728 2594 787 2622 estI
808 2598 840 2618 ac
869 2591 976 2628 singula
1005 2599 1088 2627 opera
1116 2601 1166 2620 sua
1198 2601 1247 2628 pro
1272 2593 1346 2621 illius
1371 2591 1625 2628 opporttmitatibus
1648 2591 1835 2626 commodisque

218 2638 372 2674 tlilargitur.

253 2684 284 2711 Ιῐ.
323 2683 508 2717 Quamobrem
534 2683 641 2709 occulta
671 2690 763 2710 rerum
792 2683 897 2710 semina
925 2684 1011 2711 conti-

218 2735 326 2758 nentem
347 2730 371 2757 ei
390 2734 493 2757 terram
511 2729 633 2760 tradidit,
654 2736 769 2763 eamque
785 2729 955 2757 fundamenti
979 2737 1011 2757 ac

218 2776 305 2808 basis,
328 2781 358 2803 ut
380 2777 417 2803 ita
434 2776 535 2807 (licam,
554 2775 613 2802 vice
632 2775 793 2808 substravit,
816 2783 847 2803 ac
864 2776 937 2804 velut
958 2783 1012 2803 ma-

1098 2683 1136 2712 B'.
1155 2684 1316 2719 Παρὲδωκεν
1339 2682 1413 2718 αὐτῷ
1435 2681 1632 2718 σπερματικῶς
1651 2680 1702 2716 τὴν
1722 2680 1768 2716 γῆν
1780 2680 1834 2706 ὑποσ

1064 2730 1178 2766 ϐάθραν,
1196 2730 1233 2761 ὡς
1251 2731 1348 2761 εἰπεῖν,
1366 2728 1606 2765 προστησάμενος,
1629 2726 1676 2753 καὶ
1695 2726 1733 2758 ὡς
1747 2725 1833 2761 μήτραν

1066 2775 1139 2812 αὐτῴ
1155 2775 1361 2811 παραδεδωκὼς
1375 2775 1418 2803 ἵνα
1433 2775 1486 2803 ἀπὸ
1499 2775 1548 2810 τῆς
1563 2772 1699 2809 προϐολῆς
1714 2772 1761 2800 τῶν
1774 2770 1831 2801 κατὰ

256 2854 347 2882 'ch.
367 2863 385 2887 ι,
407 2855 447 2883 ll.
489 2854 573 2882 ’Cor.
590 2855 759 2890 εὑρίσκεται.
