1945 3043
100 163 156 190 δατ)

415 161 598 190 ADVERSUS
617 162 787 206 IIIERESES
802 163 866 192 LIB.
888 164 932 191 Ill.
953 163 1036 191 ΤΟΜ.
1058 163 1121 191 1.-
1140 163 1279 192 ll/ERES.
1302 163 1420 191 LXXVI.

1682 165 1736 193 570
1745 153 1747 155 ’

99 222 133 247 τὸ
153 220 256 247 τέλειον
276 218 329 246 ὑπὸ
352 219 420 245 Θεοῦ
447 220 616 253 γεγονότων,
641 221 677 248 τὰ
701 222 894 256 σπερματικῶς

955 223 1042 249 ,ricem
1059 222 1166 253 obtulit,
1180 227 1208 249 ut
1221 229 1282 256 qum
1297 222 1331 248 ab
1347 222 1380 249 iis
1396 223 1478 248 rebus
1496 226 1644 257 propagata
1659 227 1735 254 sunt,

101 266 136 292 δι’
159 264 258 292 ἑαυτοῦ
277 264 345 300 μετὰ
365 265 500 298 συνέσεως
521 266 568 292 ἐπὶ
584 267 636 302 γῆν
662 267 895 302 καταϐαλλόμενα,

101 312 142 343 ὡς
159 309 215 338 οἷόν
230 319 260 336 τε
272 310 358 343 ξύλων
372 310 420 337 καὶ
437 310 525 337 ἄλλων
540 312 728 347 γεννημάτων,
745 313 826 344 αὐτὸς
849 313 897 348 μὲν

101 357 222 392 λεπτομε
229 356 293 392 ρῶς,
306 356 343 388 ὡς
358 356 461 391 ψηφῖδα
479 357 555 393 παρὰ
569 358 622 384 τῶν
641 358 752 385 τελείων
770 359 896 394 ἐρανισά-

103 411 197 437 μενος,
211 402 312 437 ταύτην
328 403 368 433 είς
381 403 433 438 γῆν
448 403 631 439 ἐνθεματίζων
644 404 678 430 τὰ
690 405 739 439 τῆς
750 405 897 437 ἐπιδόσεως

100 448 151 474 τοῦ
178 448 281 474 τελείου
307 447 374 474 Θεοῦ
398 449 467 485 πρὸς
491 449 605 484 αὔξησιν
631 448 832 486 προσδέχηται,
854 451 899 478 ἵνα

102 493 236 529 αὐξηθείη
258 493 357 526 ἔξωθεν
373 494 409 520 τὰ
433 494 478 521 ὑπ’
503 495 585 521 αὑτοῦ
611 495 897 532 ἐνσπερματιζόμενα⁸

103 539 149 566 ἵνα
167 540 220 575 μὴ,
247 540 383 574 ἀγνοήσας
405 540 451 567 τὸν
475 541 639 576 ἐπιχορηγὺν
663 541 714 576 τῆς
736 542 896 573 ἐπιδόσεως,

103 586 188 613 αὐτὸν
202 586 300 621 νομίσῃ
313 585 488 621 δημιουργόν,
506 587 552 612 καὶ
571 587 676 623 ἐκπέσῃ
695 587 744 621 τῆς
760 587 897 622 ἀληθείας.

104 633 137 658 Εἰ
153 632 208 667 γὰρ
221 632 267 658 καὶ
280 631 413 666 ἐφύτευσε
420 631 480 658 Νῶε
491 632 623 667 ἄμπελον,
637 633 666 659 οὐ
682 632 844 668 γέγραπται,
858 634 899 660 ὅτι

102 675 138 712 ἦν
155 676 307 712 φυτουργὸς
317 684 324 690 ·
342 675 410 708 ἀλλ’,
432 676 564 710 Ἐγένετο
578 676 656 710 ἀνὴρ
669 678 805 712 γεωργός.
821 678 900 703 ’Έτε⁸

106 731 153 758 ρος
170 722 224 756 γάρ
242 723 315 748 ἐστιν
330 723 344 748 ὁ
363 722 397 749 τὰ
416 722 563 749 αὐθεντικὰ
586 723 713 758 παρέχων
730 725 786 754 τοῖς
801 723 898 758 ἐσομέ-

104 778 173 800 νοις,
191 769 284 804 ἕτερος
303 769 331 795 δέ
348 770 421 795 ἐστιν
436 769 450 794 ὁ
464 769 494 795 τὺ
514 767 583 795 εἶναι
605 768 670 804 παρ’
682 769 765 796 αὑτοῦ
781 769 899 804 εἰληφὼς

105 815 262 850 ἄνθρωπος,
274 815 320 840 καὶ
335 815 384 850 τὴν
397 815 500 841 ἐκείνου
516 815 654 851 γεωργίαν
667 816 897 851 πεπιστευμένος·

105 860 150 887 ἴνα
164 862 178 887 ὁ
200 860 249 895 μὲν
269 862 380 896 γεωργῇ
399 860 433 887 τὰ
458 860 605 892 ἐπιδόσεως
620 862 659 892 είς
674 861 812 887 τελείωσιν
838 861 898 887 ἐπι-

105 894 231 941 δεόμενα,
249 907 263 932 ὁ
279 906 306 932 δὲ
393 906 548 942 τελειότητα
565 907 679 942 παρέχοι
693 906 737 934 διὰ
756 906 805 942 τῆς
816 906 897 934 αὒτοῦ
914 894 935 922 Β

106 952 254 983 ἐπιδόσεως
266 952 318 978 τῶν
329 953 375 978 ὑπ’
386 952 468 979 αὐτοῦ
480 952 656 988 ἐκτισμὲνων,
668 952 715 979 καὶ
728 952 898 989 [ἐπιδόσεως]

107 999 148 1029 εἰς
163 998 318 1034 τελειότητα
330 998 530 1034 αὐξανομένων.
543 998 620 1025 Οὕτω
633 999 680 1025 καὶ
696 999 742 1025 ἐπὶ
753 998 807 1025 τῶν
822 998 899 1030 ζώων

107 1045 155 1070 καὶ
171 1044 218 1070 ἐπὶ
227 1043 280 1070 τῶν
294 1044 438 1071 πετεινῶν·
451 1043 522 1071 οὓτω
537 1044 584 1070 καὶ
601 1044 712 1071 ἐπὶτῶν
724 1044 831 1080 κτηνῶν
853 1044 900 1071 καὶ

108 1089 232 1126 ἑρπετῶν
250 1090 297 1116 καὶ
324 1090 448 1122 ἐναλίων,
465 1090 554 1116 πάντα
569 1091 598 1116 ἐν
615 1090 685 1125 ἀρχῇ
701 1090 790 1117 τέλεια
804 1090 899 1124 γέγονε

107 1135 151 1161 διὰ
167 1135 214 1162 τοῦ
232 1135 442 1171 προστάξαντος.
461 1135 591 1172 Βουλήσει
617 1135 646 1162 δὲ
662 1136 757 1170 σοφίας
775 1135 822 1163 νῦν
839 1137 901 1162 ἑπι-

107 1181 208 1213 ῑόσεως
224 1182 310 1209 δεῖται
330 1181 374 1208 διὰ
388 1181 436 1217 τὴν
451 1181 499 1208 τοῦ
523 1181 569 1208 ἐπὶ
585 1180 638 1216 γῆς
659 1181 836 1215 δεσπόζοντος
855 1182 902 1208 ἀνο

108 1227 219 1262 Optimae
233 1228 292 1254 κατ’
301 1227 404 1254 ἔννοιαν
412 1227 556 1262 ὠφέλειαν,
566 1227 606 1258 εἰς
616 1227 647 1253 τὺ
654 1227 846 1262 ἐπιγινώσκειν
857 1227 902 1254 τὸν

108 1265 203 1301 ἐπάνω
214 1273 322 1300 πάντων
329 1273 405 1305 Θεὸν,
413 1273 458 1299 τὸν
467 1272 583 1309 χορηγὸν
591 1272 645 1299 τῶν
654 1266 847 1308 σπερματικῶν
855 1274 902 1300 καὶ

107 1319 158 1354 τῆς
174 1319 320 1351 ἐπιδόσεως
333 1319 389 1346 τῶν
402 1319 553 1355 αὺξήσεων,
570 1319 635 1346 ὅντα
645 1319 710 1345 Θεὸν
726 1320 773 1346 καὶ
787 1319 898 1356 Κύριον.

108 1365 212 1400 Διόπερ
223 1364 258 1391 τὰ
273 1365 322 1400 μὲν
339 1365 399 1391 κατ’
422 1364 547 1400 οὐρανὸν,
563 1365 609 1391 καὶ
626 1365 657 1391 οὐ
675 1364 718 1392 διὰ
740 1365 838 1400 χειρῶν
853 1365 900 1391 ἀν-

109 1410 221 1446 θρώπου
247 1411 415 1446 σπειρόμενα
444 1410 526 1442 ὄντα,
548 1410 595 1437 καὶ
622 1411 652 1437 οὺ
678 1411 816 1445 γεννῶντα
842 1410 902 1438 οὐδὲ

109 1457 278 1491 γεννώμενα,
295 1456 386 1484 εἴασεν
399 1457 413 1483 ὁ
428 1456 494 1488 Θεὸς
506 1457 535 1483 ὲν
555 1456 715 1492 τελειότητι.
735 1457 772 1483 υύ
787 1457 842 1493 γὰρ
859 1457 902 1483 ἐν-

111 1502 250 1538 έσκηπτον
272 1504 304 1538 τῇ
327 1503 431 1538 διανοίᾳ.
455 1502 502 1529 τοῦ
526 1501 669 1538 ἀνθρώπου
695 1503 734 1534 εἰς
757 1502 902 1538 ἐπιϐουλὴν

73 1567 79 1571 .
111 1548 160 1573 καὶ
172 1547 256 1582 τῦιρον
272 1548 436 1580 κενοδοξίας,
450 1547 487 1579 ὼς
506 1544 562 1574 οἷον
587 1548 634 1573 ἐπὶ
651 1547 726 1583 ἡλίου
742 1544 902 1579 είπεῖνῖκαὶ
915 1547 932 1583 ί,

111 1592 226 1629 σελήνης
246 1593 293 1620 καὶ
315 1593 432 1630 ἄστρων.
470 1593 538 1620 Οὔτε
562 1593 616 1629 γὰρ
634 1593 677 1620 διὰ
701 1593 730 1619 ea
756 1594 901 1628 γεννᾶσθαι

110 1638 160 1674 τὴν
186 1638 316 1674 σελήνην,
341 1638 358 1674 ἢ
383 1638 496 1672 φθίνειν,
521 1639 537 1674 ἥ
559 1638 663 1670 αὔξειν,
688 1638 841 1666 ἀλλοιοῦται
857 1639 901 1665 τὸν

111 1684 224 1719 τρόπον,
240 1683 307 1710 ἀλλὰ
323 1683 367 1710 διὰ
384 1683 414 1710 τὸ
431 1684 533 1719 καιρῶν
546 1681 615 1710 εῖναι
633 1684 762 1710 σύστασιν
779 1685 826 1712 καὶ
841 1685 902 1712 ἐπι-

112 1729 256 1766 χορηγίαν,
270 1725 308 1755 ὧν
324 1729 390 1761 Θεὸς
404 1730 459 1761 τοῖς
470 1729 612 1764 φωστῆρσι
626 1729 776 1763 διετάξατο.

948 276 1016 303 quas
1040 267 1109 295 Deus
1127 268 1262 302 perfectas
1283 267 1421 302 produxit.
1446 275 1509 294 cum
1537 268 1610 295 velut
1633 270 1736 295 semina

948 313 1070 348 quadam
1091 314 1200 348 proprio
1227 313 1320 340 labore
1334 318 1361 340 et
1376 313 1511 340 industria
1527 313 1554 340 in
1575 318 1677 340 terram
1693 314 1738 341 de-

948 359 1071 394 posuerit
1088 369 1094 386 :
1111 359 1266 394 cujusmodi
1284 363 1349 386 sunt
1370 358 1501 386 arborum
1527 366 1559 386 ac
1576 364 1737 386 cancrorum

949 405 975 432 id
996 413 1082 440 genus
1099 405 1214 435 semina;
1242 413 1303 431 eum
1326 404 1394 437 hzec,
1420 405 1542 439 inquam,
1569 405 1738 440 singillatim,

948 450 1021 476 velut
1041 450 1187 481 calculum,
1208 457 1222 476 a
1237 449 1368 484 perfectis
1384 450 1437 476 illis
1456 450 1585 484 operibus
1599 453 1739 477 mutuatus

948 496 975 523 in
996 501 1096 523 terram
1116 495 1266 527 demiserit,
1288 503 1302 522 a
1326 495 1446 530 perfecto
1468 495 1524 523 Deo
1541 496 1739 523 incrementum

949 542 1096 577 accipiant,
1114 543 1300 577 paulatimque
1322 549 1382 577 qua:
1400 541 1444 568 ille
1471 542 1625 569 conseverit
1646 541 1740 569 adole-

949 593 1037 620 seant,
1056 595 1090 615 ne
1102 588 1124 615 si
1142 588 1218 615 illum
1242 588 1342 622 ipsum,
1359 588 1438 622 cujus
1457 587 1508 615 ista
1529 587 1662 615 beneﬁcio
1677 595 1741 614 suc-

949 636 1089 665 crescunt,
1113 633 1290 667 ignoraverit,
1307 636 1446 659 auctorem
1465 640 1494 659 se
1516 639 1548 658 ac
1570 623 1740 659 conditorem

949 678 1107 709 arbitretur,
1120 681 1147 704 et
1162 684 1177 703 a
1192 677 1305 704 veritate
1318 684 1432 712 prorsus
1445 677 1563 704 excidat.
1579 675 1655 703 Licet
1667 676 1740 703 enim

949 723 1080 751 Noemum
1110 723 1231 758 legamus
1257 723 1395 757 plantasse
1417 723 1532 754 vitem',
1562 731 1615 749 non
1648 713 1740 749 tamen

950 770 1082 804 seriptutn
1097 773 1139 796 est
1154 769 1248 804 stirpis
1266 768 1347 803 hujus
1362 769 1530 795 conditorem
1547 769 1621 794 illum
1638 768 1739 800 fuisse;

949 815 1030 851 947
1039 815 1087 842 sed
1102 815 1153 842 boe
1164 815 1296 842 duntaxat
1311 824 1317 841 :
1341 814 1386 840 Vir
1396 818 1463 845 erat,
1479 814 1576 848 inquit,
1591 813 1708 849 agricola
1718 813 1739 840 ³.

950 862 1017 887 Nam
1037 861 1108 888 alius
1126 860 1203 888 estis
1220 860 1266 895 qui
1287 860 1387 887 futuris
1405 860 1487 887 rebus
1516 859 1665 886 naturalem
1685 859 1740 886 vim

950 914 982 933 ac
1002 906 1138 941 prtecipna
1162 914 1276 941 quaeque
1299 914 1349 941 pro
1379 913 1428 933 sua
1458 909 1593 940 potestate
1617 905 1741 940 largitur,

950 953 1020 981 alius
1032 953 1079 988 qui
1098 953 1134 980 ab
1156 953 1217 988 ipso
1235 957 1265 979 ut
1287 958 1362 980 esset
1377 952 1482 987 accepit
1504 952 1597 984 homo,
1613 951 1742 978 commis~

950 1006 1063 1036 sanique
1077 998 1127 1025 sibi
1141 998 1176 1024 ab
1190 998 1286 1024 eodem
1305 998 1501 1033 agriculturam
1517 997 1648 1032 suscepit.
1663 996 1698 1024 Ut
1715 1000 1743 1023 ct

951 1045 995 1071 ille
1012 1052 1073 1080 qua:
1095 1043 1128 1071 ad
1147 1044 1342 1079 perfectionem
1367 1043 1544 1070 obtinendam
1569 1043 1742 1078 progressio-

950 1098 1011 1118 nem
1032 1090 1186 1125 requirunt,
1203 1091 1320 1122 excolat,
1336 1094 1360 1116 et
1379 1090 1432 1121 hic,
1451 1089 1569 1116 conditis
1584 1097 1599 1115 a
1615 1096 1644 1116 se
1661 1089 1743 1115 rebus

950 1136 1110 1171 largiendis,
1125 1143 1156 1162 ea
1168 1144 1228 1170 quae
1239 1135 1373 1170 ejusmodi
1389 1136 1548 1162 accessione
1561 1135 1692 1170 gliscunt,
1708 1134 1742 1161 ad

951 1181 1138 1208 maturitatem
1159 1181 1409 1216 perfectionemque
1425 1180 1567 1216 perducat.
1585 1180 1663 1213 Quod
1681 1179 1742 1215 qui-

952 1227 1014 1254 dem
1031 1226 1143 1261 perinde
1158 1227 1185 1253 in
1204 1227 1362 1253 animalium
1390 1231 1415 1254 ct
1432 1226 1574 1253 volnerum
1599 1233 1696 1261 genere
1711 1232 1743 1251 ae

951 1273 1097 1308 pecudum,
1134 1277 1291 1308 serpentum
1317 1273 1488 1308 pisciumque
1517 1272 1650 1308 contigit;
1681 1279 1742 1298 nam

951 1319 1041 1346 omnia
1060 1318 1194 1354 principio
1219 1319 1379 1353 imperantis
1399 1319 1446 1346 Dei
1463 1320 1603 1346 voluntate
1620 1317 1741 1353 perfecta

951 1365 1130 1400 prodierunt;
1145 1373 1217 1392 nttnc
1232 1370 1323 1392 autem
1335 1365 1456 1400 ejusdem
1476 1365 1617 1400 sapientia:
1632 1365 1744 1391 decreto

952 1411 1196 1446 progressionibus
1227 1411 1286 1438 suis
1320 1415 1347 1438 et
1379 1411 1556 1438 incrementis
1583 1414 1745 1446 augescunt.

951 1457 1028 1490 Quod
1045 1457 1078 1484 ad
1097 1457 1225 1490 hominis,
1244 1457 1291 1492 qui
1310 1457 1336 1483 in
1354 1461 1427 1484 terra
1445 1456 1610 1488 dominatur,
1626 1455 1744 1483 fructum

953 1503 1037 1530 animi
1057 1503 1257 1537 utilitatemque
1282 1503 1417 1538 pertinet,
1435 1510 1490 1538 qtto
1511 1503 1534 1530 is
1555 1510 1692 1529 summum
1714 1501 1746 1528 il-

953 1549 1008 1575 lmu
1026 1548 1120 1581 Deum,
1137 1556 1152 1575 a
1173 1556 1228 1583 quo
1253 1553 1307 1574 tam
1331 1549 1435 1576 semina
1460 1549 1528 1583 ipsa.
1546 1556 1627 1583 quam
1649 1555 1744 1575 eorum

955 1595 1124 1622 incrementa
1153 1594 1382 1629 proficiscuntur,
1417 1594 1500 1622 Deum
1537 1601 1568 1620 ac
1601 1594 1744 1620 Dominum

955 1644 1097 1675 agnoscat.
1119 1639 1422 1675 Proindeqtnecunqne
1443 1641 1469 1666 in
1491 1641 1561 1666 emlo
1579 1645 1654 1671 sntit,
1673 1647 1747 1674 qua:-

955 1695 1008 1722 que
1027 1687 1168 1713 hominum
1195 1694 1278 1713 manu
1304 1695 1357 1713 non
1387 1690 1526 1717 seruntur,
1542 1694 1574 1713 ac
1595 1693 1682 1720 neque
1704 1686 1747 1720 gi-

955 1737 1053 1768 gnunt,
1069 1741 1119 1760 nec
1133 1733 1168 1759 ah
1183 1733 1245 1759 aliis
1260 1733 1417 1769 gignuntur,
1437 1740 1467 1759 ea
1485 1732 1556 1759 Deus
1570 1733 1686 1766 perfecta
1701 1739 1746 1757 rc-

113 1777 204 1811 liquit.
221 1775 312 1811 Neque
331 1776 404 1802 enim
429 1776 556 1803 humanas
579 1781 684 1804 mentes
697 1777 790 1804 damni
815 1785 847 1804 ex
871 1777 904 1805 iis
919 1778 1021 1813 aliquid
1042 1786 1140 1813 capere
1161 1782 1298 1812 poterant,
1329 1783 1376 1804 aut
1400 1777 1433 1804 ad
1465 1777 1649 1812 arrogantiam
1671 1775 1746 1803 exci-

113 1822 178 1851 tari.
196 1826 225 1847 ut
248 1822 274 1848 in
292 1821 359 1852 sole,
380 1822 443 1848 luna
472 1823 633 1858 caeterisque
653 1823 791 1851 sideribus
815 1830 936 1859 apparet.
950 1825 1017 1852 Nam
1034 1833 1067 1852 ex
1092 1832 1125 1852 eo
1158 1824 1232 1859 quod
1260 1825 1322 1851 luna
1354 1827 1494 1856 nascatur,
1521 1827 1568 1850 aut
1584 1823 1738 1854 decrescat,

114 1872 290 1901 augeatur-ve.
305 1868 378 1894 nulla
390 1868 464 1895 illius
481 1869 508 1896 in
525 1877 614 1897 mores
628 1870 742 1896 mutatio
757 1870 903 1898 redundat.

151 1912 214 1944 Πῶς
230 1911 277 1940 οὖν
293 1913 327 1940 τὰ
342 1915 485 1950 σωματικὰ
513 1915 578 1946 Θεὸς
601 1915 647 1942 καὶ
661 1915 696 1942 τὰ
713 1915 839 1950 φθίνοντα
859 1916 905 1942 καὶ

114 1959 149 1986 τὰ
164 1959 312 1994 φθινόμενα
327 1959 442 1994 θελήσας
458 1960 538 1992 εὐθὺς
552 1961 641 1987 τέλεια
657 1962 814 1997 εἰργάσατο,
831 1962 860 1988 ὃν
876 1962 904 1988 δὲ

114 2006 145 2038 ἐξ
157 2005 240 2032 αὑτοῦ
255 2005 410 2040 ἐγέννησεν,
427 2006 474 2032 ἕνα
490 2006 518 2039 ἐξ
531 2007 590 2037 ἐνὸς
608 2007 653 2033 τὸν
669 2007 733 2034 ὄντα
748 2007 791 2034 ἀεὶ
808 2016 905 2043 γεννη-

114 2051 199 2083 τιχῶς
213 2051 287 2087 παρὰ
303 2052 342 2086 τῷ
363 2052 420 2079 ὄντι
437 2052 582 2084 ἐπιδόσεως
597 2053 693 2086 ἐγέννα
713 2054 903 2089 ἐπιδεόμενον;

116 2097 246 2124 Πέπαυσο
261 2094 318 2129 οὖν,
333 2093 355 2123 ὦ
380 2097 475 2129 ’Λὲτιε,
495 2097 575 2129 κενὰς
591 2098 656 2132 ἡμῖν
679 2098 726 2124 καὶ
748 2098 903 2133 Ἀριστοτε-

116 2140 195 2171 λικὰς
212 2139 298 2173 λέξεις
311 2140 411 2175 φέρων,
429 2141 553 2176 ἀρκετῶς
567 2141 682 2175 ἐχόντων
697 2141 785 2177 ἡμῶν,
802 2142 849 2168 καὶ
865 2142 903 2178 μὴ

117 2187 306 2222 ἀπατωμένων
325 2186 374 2222 τὴν
387 2188 394 2202 ¹
412 2187 458 2213 τοῦ
475 2187 577 2222 Κυρίου
595 2187 674 2222 ἡμῶν
689 2188 817 2223 ἀληθινὴν
836 2188 905 2215 8:60.-

995 1914 1053 1941 Jam
1076 1921 1140 1940 vero
1166 1913 1212 1948 qui
1240 1913 1296 1940 ﬁert
1317 1916 1416 1948 potest,
1443 1916 1471 1939 ut
1492 1919 1622 1948 corporea
1643 1912 1687 1939 illa
1711 1921 1743 1940 ac

956 1959 1127 1993 eorruptioni
1144 1959 1267 1994 subjecta
1291 1958 1362 1986 Deus
1380 1958 1495 1986 subinde
1511 1960 1629 1994 perfecta
1649 1959 1748 1986 volun-

955 2011 1009 2034 tate
1025 2014 1073 2033 sua
1095 2006 1256 2040 procreavit.
1278 2013 1339 2033 cum
1361 2013 1437 2037 vero,
1458 2013 1537 2040 quem
1563 2013 1578 2031 e
1598 2005 1689 2040 seipso
1705 2013 1750 2039 ge-

956 2053 1026 2084 nuit.
1043 2059 1125 2079 unum
1147 2059 1178 2078 ex
1201 2059 1266 2081 uno.
1283 2051 1385 2086 quique
1407 2051 1478 2086 apud
1496 2051 1674 2078 exsistentem
1688 2058 1749 2088 per-

955 2102 1038 2132 petuo
1073 2105 1120 2132 per
1148 2097 1350 2132 generationem
1376 2097 1499 2127 exsistat,
1527 2096 1695 2123 accessionis
1716 2103 1748 2122 ac

957 2143 1160 2178 progressionis
1183 2147 1306 2177 egentem
1335 2141 1516 2176 produxerit?
1532 2141 1630 2169 Desine
1654 2141 1747 2175 igitur,

957 2189 1028 2220 Aeli,
1044 2187 1234 2215 Aristotelicas
1252 2187 1312 2214 illas
1336 2191 1398 2213 tuas
1424 2194 1504 2214 voces
1529 2190 1556 2213 et
1585 2187 1680 2213 inanes
1697 2186 1748 2214 ob-

117 2232 242 2264 σκαλῖαν,
255 2232 304 2267 τὴν
321 2233 451 2266 λέγουσαν
467 2233 508 2264 τὺ,
528 2234 575 2259 Ἐκ
592 2234 644 2260 τοῦ
658 2233 772 2268 Πατρὺς
785 2233 842 2268 ἐγὼ
857 2234 901 2266 ἐξ·

959 2233 1087 2266 trudere;
1103 2234 1182 2260 nobis
1199 2234 1271 2260 cutim
1286 2233 1353 2260 citra
1375 2233 1460 2259 ullum
1479 2233 1582 2260 erroris
1596 2233 1747 2268 perieulum

117 2278 231 2313 ἦλθον,
256 2278 305 2305 καί
320 2278 398 2311 ἥκω,
414 2279 461 2305 καὶ
487 2280 517 2305 οὐ
545 2279 770 2315 καταχρηστικῶς
792 2280 907 2314 ἐχούσης

116 2328 166 2362 τῆς
181 2326 279 2359 λέξεως
294 2326 343 2360 τὴν
360 2326 484 2361 δύναμιν,
501 2327 568 2353 ἀλλὰ
584 2326 750 2362 τελειότητος
766 2327 812 2353 καὶ
828 2325 907 2358 ἀξίας

117 2371 185 2398 Θεοῦ
199 2371 384 2408 σημαινούσης
401 2372 450 2406 τὴν
463 2372 567 2399 οὐσίαν.

316 2461 514 2489 ΚΕΦΛΛΛΙΟΝ
538 2462 664 2489 ΛΕΤῐΟΥ
683 2462 712 2489 l'.

155 2509 186 2535 Εἰ
208 2508 311 2535 τέλειον
327 2506 360 2544 ἦν
377 2508 408 2535 τὸ
427 2509 561 2544 γέννημα.
579 2510 608 2535 ἐν
627 2508 768 2543 ἁγεννήτῳ
784 2506 908 2542 γέννημά

119 2555 188 2587 ἐστι,
213 2554 260 2581 καὶ
277 2555 326 2581 οὐκ
355 2554 385 2586 ἐξ
405 2551 442 2580 ὧν
467 2555 481 2580 ὁ
504 2554 651 2589 ἀγέννητος
674 2554 740 2580 αὐτὸ
765 2554 906 2587 ἐγέννησε.

120 2601 253 2636 Γεννητὴν
265 2601 319 2636 γὰρ
330 2600 411 2636 φύσιν
423 2601 452 2626 ἐν
472 2601 610 2636 ἁγεννήτῳ
621 2601 699 2636 οὐσίᾳ
712 2601 761 2626 οὐκ
774 2599 908 2634 ἐνδέχεται

121 2646 203 2674 εἶναι’
217 2647 247 2673 τὸ
263 2646 316 2682 γὰρ
334 2645 399 2673 αὐτὸ
412 2644 480 2673 εἷναί
497 2646 526 2673 τέ
543 2647 600 2673 ἐστι
616 2647 662 2673 καὶ
685 2646 722 2682 μὴ
742 2643 822 2672 εἶναι.
847 2645 908 2671 Γέν-

119 2701 195 2727 νημα
211 2692 265 2727 γὰρ
281 2691 428 2727 ἀγέννητον
443 2692 493 2718 οὐκ
508 2691 575 2724 ἔστι,
592 2692 638 2718 καὶ
650 2691 796 2726 ἀγέννητον
804 2691 832 2718 ὃν
848 2690 909 2724 γέν-

122 2747 197 2774 νημα
218 2738 268 2763 οὐκ
291 2735 339 2773 ἦν·
358 2738 405 2764 τοῦ
423 2738 550 2773 ἀνομοίου
563 2739 662 2773 μέρους
679 2738 726 2764 ἐπὶ
744 2738 811 2765 Θεοῦ
827 2737 909 2772 βλασ-

121 2784 227 2819 φημίας
242 2783 327 2810 τύπον
340 2785 386 2811 καὶ
403 2784 482 2820 ὓϐριν
496 2784 648 2819 ἐπέχοντος.

707 2880 718 2896 ³
733 2880 798 2909 ibid.

165 2880 174 2897 ί
185 2880 265 2909 Deest
281 2881 350 2908 κατὰ
362 2882 418 2916 τήν.
458 2881 468 2897 ¹
482 2880 550 2908 Gen.
570 2888 607 2914 Ix,
622 2880 666 2908 20.

960 2279 1114 2307 certissima
1138 2279 1240 2306 Christi
1257 2279 1381 2306 doctrina
1399 2278 1508 2309 sufficit.
1526 2286 1588 2305 cum
1607 2279 1642 2304 ita
1659 2279 1747 2313 loqui-

959 2330 1026 2352 tur:
1042 2325 1097 2360 Ego
1116 2325 1184 2352 exivi
1203 2333 1219 2351 (ι
1243 2324 1334 2355 Patre,
1353 2329 1378 2351 et
1396 2324 1462 2351 vado
1475 2325 1501 2357 ‘;
1518 2325 1597 2358 cujus
1619 2325 1749 2352 dictionis

959 2371 1001 2399 vis
1016 2379 1071 2398 non
1091 2371 1118 2398 in
1135 2370 1268 2398 abusione
1285 2371 1339 2397 ulla
1363 2370 1499 2402 consistit,
1522 2370 1568 2397 sed
1583 2370 1674 2397 divina
1687 2378 1748 2405 per—

960 2417 1078 2445 fectione
1095 2423 1127 2444 ac
1143 2416 1274 2451 dignitate
1295 2416 1434 2450 praeditam
1452 2420 1579 2443 naturam
1600 2416 1747 2451 signiﬁcat.

1216 2461 1306 2489 AETll
1324 2461 1437 2489 CAPUT
1457 2461 1491 2488 Χ.

998 2508 1026 2536 Si
1042 2508 1163 2544 perfecta
1185 2508 1221 2536 sit
1234 2510 1323 2544 genita
1339 2509 1457 2536 soboles.
1473 2511 1566 2537 eadem
1580 2509 1607 2537 in
1629 2508 1749 2543 ingenito

961 2554 1025 2586 erit,
1048 2561 1102 2581 non
1131 2562 1163 2581 ex
1180 2553 1213 2581 iis
1234 2561 1295 2588 qua:
1316 2561 1376 2580 cum
1397 2554 1432 2581 ab
1451 2553 1571 2588 ingenito
1593 2554 1749 2589 gigneretur

961 2601 1090 2628 obtinuit.
1110 2600 1176 2627 Nam
1194 2600 1284 2635 genita
1303 2604 1400 2627 natura
1421 2600 1447 2627 in
1462 2599 1580 2635 ingenita
1595 2599 1748 2627 substantia

961 2654 1022 2674 esse
1043 2655 1096 2674 non
1122 2650 1228 2682 potest;
1245 2650 1318 2674 esset
1338 2646 1411 2673 enim
1431 2646 1513 2674 simul
1537 2645 1619 2677 idem,
1643 2649 1670 2672 et
1693 2652 1748 2672 non

961 2696 1044 2720 esset.
1057 2691 1123 2719 Nam
1137 2692 1210 2726 quod
1225 2693 1345 2727 genitum
1360 2696 1412 2724 est,
1428 2692 1577 2726 ingenitum
1599 2698 1652 2717 non
1665 2690 1749 2726 953

963 2743 1015 2769 est,
1026 2741 1054 2765 et
1068 2737 1140 2772 quod
1156 2737 1303 2772 ingenitum
1314 2741 1366 2767 est.
1379 2738 1498 2772 genitum
1511 2745 1564 2763 non
1575 2735 1749 2769 fuit2quippe

964 2783 1122 2810 dissimilem
1147 2783 1264 2818 aliquam
1286 2782 1339 2809 Deo
1356 2786 1459 2817 partem
1479 2781 1614 2816 allingerc.
1636 2780 1749 2808 maledi-

964 2828 1000 2854 cti
1017 2828 1043 2854 in
1059 2836 1121 2855 eum
1137 2836 1168 2856 ac
1186 2828 1357 2855 contumelia:
1370 2827 1487 2862 speciem
1502 2826 1622 2861 praelert.

837 2881 846 2896 ⁸
858 2881 937 2909 Joan.
955 2890 997 2908 tu"!
1022 2882 1067 2908 “.9.
