1945 3043
71 184 134 214 573

275 241 401 267 ΔΕΤῙΟΥ
417 241 615 270 ΚΕΦΛΛΑΙΟΝ
635 243 684 272 ΙΛ¹.

113 286 150 312 Et
161 286 310 320 ἁγεννήτου
325 286 434 320 φύσεως
447 287 576 322 ὑπάρχων
591 290 605 315 6
619 288 685 321 Θεὸς
697 298 711 316 ο
722 291 874 327 παντοκρά-

72 340 150 366 τωρ,
167 331 302 366 γεννητῆς
318 331 425 366 φύσεως
442 333 492 360 οὐκ
512 331 583 360 οἶδεν
603 335 709 362 ἑαυτὸν
727 337 741 362 6
757 337 785 363 δὲ
799 337 872 369 Υἱὸς,

71 376 218 412 γεννητῆς
238 376 346 410 φύσεως
365 377 506 413 ὑπάρχων,
526 378 605 406 τοῦτο
623 380 751 414 γινώσκει
768 382 872 413 ἑαυτὸν,

72 423 153 457 ὅπερ
166 422 235 448 ἐστι·
250 422 308 453 πῶς
321 423 371 449 οὐκ
387 423 420 449 ἂν
435 423 477 459 εἴη
495 424 525 450 τὸ
540 424 682 459 ὁμοούσιον
701 426 808 461 ψεῦδος,
827 428 873 454 τοῦ

76 469 133 503 μὲν
149 468 331 502 γινώσκοντος
347 469 443 495 ἑαυτὸν
457 470 616 506 ἀγέννητον,
632 471 678 497 τοῦ
694 472 722 498 δὲ
735 473 873 508 γεννητόν;

367 565 530 600 Ἀνατροπὴ
547 567 602 593 IA'.

118 609 244 644 Ἐφησεν
265 609 376 642 Ἀέτιος,
398 610 445 636 καὶ
466 610 648 646 ἀπεφήνατοό
660 612 814 645 διαστολεὺς
828 614 874 640 καὶ

76 654 216 690 ὁροθὲτης
231 655 278 681 ἐπὶ
294 655 402 689 φύσεως
416 655 484 682 Θεοῦ
509 656 710 692 διαλαμϐάνων,
733 659 875 694 ἄνθρωπος

77 700 119 729 ὢν
134 701 169 736 τῇ
188 701 278 735 φύσει,
299 701 347 727 καὶ
360 701 394 728 τὰ
409 702 480 737 ὑπὲρ
495 702 576 736 φύσιν
594 703 753 739 βουλόμενος
768 705 874 736 εἰδέναι,

79 746 188 773 εἰδέναι
201 747 230 773 δὲ
246 747 277 774 οὑ
292 747 363 773 κατὰ
376 747 538 775 ἀκολουθίαν
555 749 676 785 Γραφῆς,
697 750 754 785 ὀιλλ¹
768 751 800 777 ἐκ
815 751 877 778 συλ-

80 791 226 827 λογισμῶν
248 791 377 827 βροτείων
400 782 599 828 διανοημάτων.
619 782 666 821 ηὸτι
689 782 875 831 ιπΔγεννήτου

81 837 196 872 φύσεως
209 838 338 874 ὑπάρχων
358 838 373 865 6
393 838 460 870 Θεὸς
481 840 495 865 6
514 841 721 876 παντοκράτωρ,
744 841 878 876 γεννητῆς

82 883 197 917 φύσεως
211 883 262 913 οὐκ
274 881 344 915 οἶδεν
357 883 464 911 ἑαυτόν.
480 893 490 909 ι
506 885 625 911 Πάντοτε
637 885 666 911 δὲ
676 886 719 912 ἀεὶ
730 886 776 912 καὶ
790 886 878 921 ἀπαρ-

82 931 136 965 χῆς
150 929 198 956 τοῦ
214 929 305 964 λόγου,
325 930 416 957 οὐκέτι
437 931 508 958 κατὰ
528 931 590 962 τοὺς
613 932 743 963 παλαιοὺς
772 933 878 967 Ἀρεια-
895 925 915 952 Β

83 976 159 1007 νοὸς,
176 974 229 1001 κᾶν
244 975 500 1010 ἀποκεκρυμμένως
516 975 580 1002 Υεὺν
594 975 716 1011 βούλεται
732 977 821 1011 λέγειν
832 977 878 1004 τὸν

83 1021 238 1056 Μονογενῆ.
263 1020 307 1047 Ἐν
332 1022 399 1048 πᾶσι
424 1021 452 1048 δὲ
479 1020 651 1056 θεωρήσατε,
675 1023 728 1049 υἱοὶ
742 1024 792 1058 τῆς
811 1024 878 1058 ἀλη-

85 1066 174 1098 θείας,
189 1067 227 1097 ὡς
246 1066 403 1093 παντάπασι
420 1066 545 1101 βούλεται
562 1067 643 1094 αὑτὸν
656 1067 796 1103 ἀλλότριον
809 1065 879 1095 εἶναι

85 1111 134 1137 τοῦ
150 1111 267 1146 [la-596;,
290 1111 338 1138 καὶ
357 1111 411 1138 οὐδ’
427 1111 495 1144 ὅλως
513 1113 660 1148 μετέχοντα
677 1112 770 1148 θεῖκῆς
786 1113 879 1144 οὐσίας

86 1157 118 1189 ἐξ
134 1153 173 1184 ὧν
187 1156 301 1183 πάντοτε
316 1157 461 1193 τολμηρῶς
481 1158 694 1192 ἀποφθέγγεται.
716 1158 752 1184 Τὸ
768 1158 822 1193 γὰρ
834 1157 878 1183 λέ-

85 1211 158 1237 γειν,
179 1203 221 1229 ὅτι
242 1203 323 1230 αὑτὸν
337 1203 486 1238 ἀγέννητον
501 1203 641 1238 γινώσκει,
657 1204 703 1230 καὶ
719 1203 880 1238 γεννητικῆς

87 1248 197 1283 φύσεως
218 1249 267 1275 οὑκ
289 1246 359 1275 οἶδεν
376 1249 482 1283 ἑαυτὸν,
508 1249 596 1285 μάτην
617 1249 682 1284 παρ’
699 1249 774 1285 αὑτῷ
791 1250 837 1283 καὶ
850 1249 881 1279 τὸ

87 1294 141 1321 κᾶν
151 1294 196 1321 διὰ
210 1294 289 1329 ψιλῆς
304 1294 404 1327 λέξεως
415 1295 478 1321 Υἱδν
490 1295 536 1320 τὸν
550 1294 615 1320 Υἱὸν
630 1294 780 1321 καλεῖσθαι.
800 1295 879 1320 Ἀνα-

86 1340 258 1375 τραπήσεται
279 1339 308 1366 δὲ
330 1339 412 1366 αὑτοῦ
435 1341 448 1366 6
468 1339 557 1373 λόγος.
580 1339 635 1366 Καὶ
656 1339 711 1374 γὰρ
735 1339 880 1373 ἀγέννητὸς

88 1385 163 1410 ἐστιν
179 1386 194 1410 6
211 1385 317 1420 Πατὴρ,
338 1386 386 1412 καὶ
401 1385 546 1420 ἐγέννησεν
561 1385 654 1416 ἀϊδίως
669 1385 715 1411 τὸν
729 1385 878 1421 Μονογενῆ,

88 1430 198 1464 φύσεως
212 1429 249 1457 ὢν
268 1431 350 1466 ἑαυτῇ
365 1431 534 1466 πρεπούσης,
555 1431 595 1466 τῷ
610 1430 658 1458 ἕνα
674 1431 753 1466 μόνον
766 1431 811 1458 τὸν
825 1431 882 1458 Μο-

87 1477 183 1512 νογενῆ
209 1477 411 1512 γεγεννηκέναι,
438 1478 484 1504 καὶ
510 1477 623 1512 Πνεῦμα
646 1478 810 1513 ἐνηνοχέναι.
836 1477 881 1504 τὸν

91 1522 170 1557 μόνον
185 1522 257 1557 μόνῳ
267 1522 313 1548 ἐπὶ
328 1522 475 1556 Μονογενεῖ
486 1523 646 1557 γεννήτορα·
662 1522 692 1554 ὃς
706 1522 743 1558 τῷ
756 1522 881 1557 ἀνάρχως

88 1566 281 1601 γεγεννημένῳ
296 1566 354 1601 Υἱῴ
374 1566 552 1602 συνυπάρχει,
573 1566 682 1602 πνεῦμα
703 1566 751 1599 ὢν,
769 1567 881 1602 Πνεῦμα

89 1611 272 1647 γεγεννηκὼς,
290 1612 336 1638 καὶ
354 1612 385 1638 οὑ
403 1612 483 1647 σῶμα
496 1611 534 1638 ὢν
552 1612 714 1647 σωματικῶς
727 1611 878 1638 διαστελλό-

93 1666 182 1693 μενον,
198 1657 258 1684 οὑδὲ
271 1657 364 1692 φθῖνον
397 1658 445 1684 καὶ
464 1656 544 1691 αὔξον
564 1659 611 1685 καὶ
625 1658 711 1693 τομὴν
730 1658 881 1692 ὑφιστάμε-

91 1708 146 1731 νονξ
162 1703 209 1730 Διὸ
222 1704 298 1739 παρὰ
312 1706 366 1736 τοῖς
382 1704 473 1735 ἄλλοις
486 1699 552 1730 πᾶσι
570 1706 625 1735 τοῖς
642 1703 820 1739 γεγεννηκόσι
835 1703 881 1729 καὶ

91 1748 269 1783 γεννωμένοις
290 1748 366 1775 ἀλλ’Ι
380 1749 427 1775 ἐπὶ
448 1748 554 1775 πολλῶν
575 1748 727 1783 ἐπιδέχεται
750 1750 765 1783 ἡ
790 1748 878 1783 χρεία·

91 1793 208 1820 ἐνταῦθα
221 1793 249 1820 δὲ
264 1794 313 1829 οὑχ
325 1795 418 1829 ὅμοιον
427 1795 482 1826 τοῖς
494 1793 553 1821 οὖσι
567 1795 649 1821 πᾶσιν
660 1793 731 1830 ήτοῦ
744 1794 802 1825 ἐνὸς
813 1794 881 1830 πρὸς

90 1840 136 1866 τὸν
147 1839 196 1866 ἕνα
209 1839 281 1873 ἀξία.
296 1840 341 1866 Διὸ
355 1841 401 1866 καὶ
416 1841 496 1872 αὐτὸς
509 1842 523 1867 6
538 1840 677 1875 γεννηθεὶς
690 1840 835 1874 ἐξαιρέτως
848 1840 881 1865 ἐκ

90 1886 138 1912 τοῦ
153 1886 313 1921 ὲκπλήκτως
329 1887 519 1921 γεννήσαντος,
544 1886 638 1922 ὥσπερ
656 1886 712 1913 ἀπὸ
731 1885 778 1912 τοῦ
799 1886 880 1919 ἀγεν-

91 1933 171 1967 νήτου
186 1932 348 1967 γεγέννηται
364 1932 534 1968 συμπρὲπων
550 1932 589 1968 τῷ
603 1933 756 1968 γεννήτορι.
770 1932 816 1959 καὶ
831 1933 880 1958 αὑ-

91 1977 136 2008 τὸς
148 1978 179 2004 οὑ
196 1978 289 2013 γεννᾷ,
306 1978 398 2005 οὑκέτι
416 1978 488 2004 κατὰ
501 1979 551 2014 τὴν
565 1978 660 2005 οὑσίαν
674 1979 755 2014 φημὶ,
770 1979 814 2005 ἵνα
828 1978 881 2005 ἀπὸ

91 2023 137 2049 τοῦ
154 2023 253 2057 μηκέτι
268 2025 364 2059 γεννᾷν
381 2025 442 2050 κατ’
457 2024 561 2056 οὐσίαν,
576 2024 623 2051 καὶ
638 2024 691 2050 ἀπὸ
706 2023 753 2050 τοῦ
768 2024 813 2050 τὸν
824 2024 881 2050 Πα-

91 2068 157 2102 τέρα
179 2068 216 2103 μὴ
238 2069 428 2104 γεγεννῆσθαι,
447 2069 476 2102 ἐξ
500 2069 638 2105 ἑκατέρων
654 2069 744 2104 μερῶν
767 2069 784 2104 ἡ
805 2070 881 2096 πᾶσα

92 2114 153 2147 δόξα
168 2114 215 2140 τοῦ
231 2114 385 2150 ἀξιώματος
402 2115 522 2150 σώζηται
546 2116 574 2141 ὲν
593 2116 625 2150 τῇ
645 2116 693 2150 μιᾷ
709 2115 814 2150 ἑνότητι
829 2115 880 2149 τῆς

93 2160 168 2193 ἀξίας
202 2160 287 2193 Θεοῦ,
307 2161 412 2197 Πατρὸς
434 2161 535 2188 τελείου
559 2162 605 2188 καὶ
624 2161 688 2188 Υἱοῦ
711 2161 813 2188 τελείου
832 2161 879 2188 καὶ

93 2206 193 2232 τελείου
211 2206 369 2242 Πνεὺματος
379 2207 469 2241 ἁγίου.
485 2208 539 2234 Καὶ
551 2208 594 2234 διὰ
607 2207 684 2234 τοῦτο
697 2207 728 2233 τὴ
737 2208 879 2242 όμοούσιον

440 185 623 214 ADVEItSUS
642 187 812 216 IIZERESES
831 190 894 216 LIB.
915 190 960 219 ΙΙΙ,
983 189 1065 217 TOM.
1085 189 1106 217 1.
1125 204 1160 209 -
1179 187 1307 216 ll/ERES
1335 188 1453 218 LXXVI.
1663 189 1714 218 57$

1173 245 1264 272 AETll
1281 245 1395 274 CAPUT
1415 245 1459 274 XI.

964 292 992 319 Si
1017 291 1136 327 ingenita
1168 297 1266 318 natura
1291 292 1421 326 praeditus
1438 292 1508 320 Deus
1531 292 1716 327 omnipotens,

928 339 1025 373 genita:
1041 343 1144 365 naturae
1161 337 1344 365 conditionem
1369 338 1396 365 in
1416 346 1476 366 sese
1500 347 1554 366 non
1577 340 1717 375 agnoscit;

928 384 1012 411 Filius
1033 392 1097 411 vero
1111 384 1229 418 genitam
1253 388 1377 411 naturam
1403 385 1506 412 habens
1521 386 1716 422 ejustitodi,se,

927 431 1017 465 qualis
1032 434 1085 461 est,
1097 430 1220 464 agnoscit
1238 438 1243 455 :
1263 438 1354 457 nonne
1365 434 1419 456 tota
1437 431 1481 457 illa
1496 431 1717 458 consubstantia-

933 476 966 503 lis
985 476 1054 502 ratio
1072 475 1187 502 mendax
1213 479 1254 502 est
1273 483 1303 501 ac
1316 475 1393 506 falsa,
1407 483 1470 502 cum
1483 476 1552 504 alter
1568 477 1717 511 ingenitum

928 530 999 553 sese,
1016 521 1136 556 genitum
1155 521 1222 547 alter
1238 520 1383 555 agnoscat?

1209 576 1362 611 Conftuatt'o
1381 576 1435 606 XI.

964 622 1059 650 Aelius
1085 622 1140 654 ille,
1156 623 1202 657 qui
1225 622 1252 649 in
1267 623 1358 649 divina
1376 627 1472 649 natura
1492 622 1638 650 discrimen
1655 630 1714 650 con-

929 668 1042 695 stituere
1068 675 1101 695 ac
1120 669 1252 696 terminos
1267 668 1399 703 quosdam
1417 669 1530 696 deﬁnire
1553 669 1718 703 disputanth

929 717 1044 740 conatus
1056 717 1108 743 est,
1126 720 1188 740 cttm
1204 719 1300 740 natura
1313 714 1480 741 conditionis
1492 718 1564 741 esset
1580 715 1717 745 humanae.

930 758 1031 792 quiun
1045 766 1077 785 ea
1099 766 1160 792 qua:
1179 763 1304 785 naturam
1323 767 1430 787 onmem
1449 764 1596 794 superant,
1613 768 1668 787 non
1684 768 1718 786 ιχ

930 811 1070 831 sacrarum
1086 803 1250 831 auctoritate.
1270 803 1447 837 Litterarum,
1472 805 1519 832 sed
1534 813 1568 832 ex
1592 805 1719 833 humanis

930 848 1184 876 ratiocinationibus
1209 849 1441 884 comprehendere
1463 849 1578 881 studuit,
1603 850 1660 880 sic.
1678 850 1719 876 in-

929 900 1023 927 quam.
1049 893 1095 921 ille
1114 895 1298 928 pronuntiavit
1323 903 1330 921 :
1353 903 1364 920 ι
1380 894 1599 929 Omnipotentem
1621 895 1717 926 Deum,

929 945 990 964 eum
1010 942 1105 964 natura
1127 939 1165 968 sit
1188 939 1341 973 ingenitus,
1365 939 1485 973 genitum
1503 947 1533 966 se
1550 943 1647 966 natura
1669 948 1719 966 ne-

928 989 1065 1016 quaquam
1090 982 1252 1017 intelligere.
1271 993 1280 1010 ι
1305 983 1382 1016 Quod
1395 984 1504 1018 quidem
1523 986 1560 1011 ita
1576 990 1717 1020 perpetuo.

928 1032 955 1054 ct
974 1027 1008 1054 ab
1024 1027 1084 1061 ipso
1104 1027 1181 1054 initio
1198 1030 1332 1056 sermonis
1349 1031 1478 1062 asseruit,
1504 1034 1533 1056 ut
1550 1038 1565 1056 a
1582 1031 1719 1058 veteribus

929 1071 1038 1098 Arionis
1057 1072 1198 1104 diSsideat,
1222 1073 1285 1099 licet
1309 1072 1405 1099 Filium
1434 1074 1604 1108 unigenitum
1630 1076 1721 1109 appel-

930 1117 987 1145 lare
1015 1117 1213 1145 dissimulando
1239 1118 1365 1145 voluerit.
1395 1118 1464 1145 Illud
1489 1126 1568 1151 vero,
1596 1120 1720 1147 veritatis

930 1164 993 1194 titii,
1025 1163 1125 1198 ubique
1145 1164 1289 1198 diligenter
1317 1164 1448 1192 attendite
1465 1172 1471 1190 :
1489 1165 1719 1200 quemadmodum

929 1217 944 1235 ιι
963 1208 1044 1237 Patre
1064 1210 1188 1237 eumdem
1213 1210 1369 1237 abalienare
1387 1211 1495 1245 penitus
1515 1211 1640 1244 studeat,
1668 1219 1720 1238 nec

932 1248 997 1282 ullo-
1010 1255 1090 1282 modo
1113 1255 1211 1283 divinae
1233 1255 1391 1283 substantia:
1415 1257 1574 1292 participem
1599 1264 1661 1284 esse
1685 1264 1720 1283 ex

930 1299 974 1331 his
992 1299 1116 1329 ostendat
1132 1318 1139 1331 ,
1165 1307 1225 1334 qua:
1246 1299 1392 1327 identidem
1418 1305 1520 1328 temere
1542 1301 1720 1335 pronuntiare

929 1343 1012 1379 95¢
1028 1352 1082 1376 non
1097 1344 1211 1371 dubitat.
1231 1344 1297 1371 Nam
1311 1352 1373 1372 cum
1390 1344 1497 1372 Patrem
1523 1353 1627 1373 asserat
1641 1347 1720 1381 inge-

931 1381 1017 1415 nitum
1035 1397 1094 1417 sese
1110 1397 1288 1426 cognoscere,
1304 1399 1391 1425 neque
1413 1392 1563 1419 naturalem
1584 1392 1611 1418 in
1633 1399 1662 1419 se
1677 1401 1722 1427 ge-

931 1434 1043 1462 nerandi
1068 1435 1221 1465 facultatem
1247 1445 1311 1465 esse
1335 1438 1417 1469 scire,
1439 1438 1539 1465 frustra
1556 1437 1653 1464 Filium
1677 1438 1721 1465 vel

931 1480 1063 1506 vocabulo
1079 1486 1158 1508 tenus
1175 1480 1273 1509 Filium
1300 1482 1426 1518 appellat.
1444 1481 1544 1510 Verum
1562 1483 1640 1510 facile
1659 1483 1720 1518 ejus

931 1526 1020 1552 oratio
1043 1526 1217 1553 refutabitur.
1243 1519 1352 1555 Nant‘ct
1370 1526 1507 1564 ingenitus
1521 1531 1563 1555 est
1578 1527 1673 1561 Pater;
1694 1533 1721 1555 et

933 1572 1102 1605 unigenitum
1121 1572 1154 1598 ab
1165 1576 1268 1599 aterno
1283 1573 1386 1607 genuit.
1400 1567 1461 1599 cum
1480 1577 1605 1600 naturam
1621 1573 1720 1602 habent

933 1617 1078 1651 ejusmodi,
1099 1625 1159 1651 qua:
1178 1617 1229 1644 sibi
1254 1618 1305 1652 ipsi
1326 1619 1490 1652 conveniens
1513 1620 1549 1647 sit
1564 1629 1570 1647 :
1585 1619 1719 1654 siquidem

933 1671 1016 1688 unum
1031 1670 1063 1689 ac
1080 1663 1168 1690 solutn
1184 1664 1329 1698 unigenain
1341 1663 1443 1690 Filium
1455 1655 1558 1700 sonuit,
1573 1665 1722 1700 Spiritum.-

932 1716 984 1742 que
1004 1708 1134 1742 produxit
1156 1709 1231 1736 soltts
1256 1716 1318 1735 cum
1336 1709 1481 1744 Unigcuito
1511 1711 1569 1737 solo
1592 1711 1717 1752 genitor;

931 1752 977 1787 qui
994 1761 1055 1780 cum
1072 1752 1141 1779 Filio
1159 1753 1218 1780 sine
1232 1753 1286 1780 ullo
1310 1754 1387 1781 initio
1401 1755 1492 1789 genito
1510 1755 1588 1781 simul
1600 1755 1720 1799 exsistit,

931 1802 957 1826 et
973 1806 1034 1826 cum
1050 1799 1163 1833 spiritus
1183 1799 1236 1831 sit,
1263 1798 1393 1834 Spiritum
1406 1800 1521 1834 igenuit.
1545 1799 1638 1834 Neque
1655 1808 1720 1837 vero

932 1851 1033 1878 corpus
1051 1848 1103 1877 est,
1120 1843 1192 1878 quod
1206 1851 1338 1878 corporeo
1363 1852 1438 1872 more
1464 1844 1644 1875 distrahatur,
1672 1850 1720 1875 aut,

931 1893 1123 1924 corrumpatur
1143 1894 1319 1924 augeaturve,
1344 1890 1385 1917 vel
1408 1890 1557 1917 sectionem
1588 1890 1718 1924 patiatur.

931 1935 1112 1969 Quamobrem
1128 1936 1178 1963 etsi
1202 1936 1229 1962 in
1257 1936 1362 1963 czeteris
1380 1936 1508 1964 omnibus
1524 1944 1584 1971 qua:
1605 1937 1720 1972 gignunt

931 1985 977 2008 aut
992 1981 1149 2016 gignuntur,
1167 1981 1239 2007 aliud
1253 1982 1405 2008 necessitas
1424 1981 1481 2016 ipsa
1497 1981 1663 2009 conditionis
1677 1981 1720 2009 fe-

930 2030 990 2058 rat,
1005 2030 1096 2053 tamen
1111 2026 1156 2053 hic
1173 2027 1254 2053 unius
1274 2026 1307 2054 ad
1321 2034 1405 2053 unum
1420 2032 1579 2062 comparata
1596 2027 1718 2062 dignitas

931 2072 1065 2099 dissimile
1085 2071 1213 2106 quiddam
1232 2076 1272 2099 est
1289 2072 1322 2099 ab
1335 2071 1396 2099 aliis
1410 2073 1517 2099 sortita.
1534 2071 1612 2098 Unde
1625 2077 1652 2098 et
1673 2080 1721 2107 ge-

930 2117 1003 2143 nitus
1017 2117 1074 2151 ipse
1088 2117 1187 2144 eximia
1207 2116 1325 2151 quadam
1342 2117 1448 2143 ratione
1466 2124 1480 2142 ιι
1498 2116 1579 2143 Patre
1591 2136 1598 2148 ,
1612 2117 1657 2151 qui
1674 2117 1721 2143 ad-

930 2161 1092 2188 mirabiliter
1114 2160 1217 2195 genuit,
1243 2164 1373 2195 tanquam
1402 2159 1435 2186 ab
1459 2159 1580 2194 ingenito
1609 2159 1720 2193 genitus

930 2209 982 2234 est.
993 2204 1123 2238 genitoris
1135 2209 1240 2231 natura:
1252 2209 1465 2232 consentaneus.
1477 2203 1547 2230 Idem
1559 2203 1615 2238 ipse
1622 2210 1719 2238 porro.

92 2251 121 2277 οὐ
137 2251 233 2285 ψεῦδος
247 2250 317 2278 οἶδεν
332 2253 349 2287 ἡ
364 2247 423 2279 θεία
438 2253 544 2288 Γραφὴ,
560 2253 619 2279 οὐδὲ
636 2254 650 2279 6
671 2253 784 2288 εὐσεϐὴς
804 2253 877 2287 λογι-

932 2250 1002 2285 quod
1019 2249 1127 2284 quidem
1143 2249 1175 2276 ad
1193 2255 1318 2276 naturam
1333 2250 1448 2281 attinet,
1468 2256 1521 2276 non
1538 2248 1655 2282 amplius
1671 2255 1719 2283 ge-

94 2296 158 2330 σμὸς
173 2298 188 2322 6
202 2297 265 2332 περὶ
277 2297 382 2332 Πατρὺς
400 2297 448 2324 καὶ
478 2298 541 2324 Υἰοῦ
564 2298 609 2324 καὶ
623 2297 701 2331 ἁγίου
719 2298 877 2333 Πνεὺματος

93 2341 210 2373 εὐσεϐῶς
231 2342 409 2378 μεμαθηκὼς,
429 2343 459 2369 τὺ
478 2343 598 2375 δοξάζειν
611 2343 658 2369 καὶ
671 2345 833 2380 προσκυνεῖν
845 2343 877 2370 ὲκ

93 2386 158 2413 Θεοῦ
171 2387 261 2414 λαὸὼν
273 2388 322 2423 τὴν
333 2389 424 2424 χάριν.

931 2300 1019 2328 norat,
1038 2300 1067 2323 ut
1083 2304 1115 2323 ex
1129 2303 1161 2323 eo
1177 2296 1249 2330 quod
1275 2296 1341 2322 nihil
1358 2295 1415 2330 ipse
1430 2299 1527 2322 natura
1550 2293 1719 2322 substantia-

931 2349 984 2377 que
998 2341 1100 2377 gignat,
1119 2341 1198 2368 Pater
1216 2348 1280 2368 vero
1298 2348 1313 2367 a
1329 2341 1405 2367 nullo
1420 2340 1457 2368 sit
1479 2340 1586 2375 genitus
1597 2359 1605 2372 ,
1620 2339 1720 2367 divina}

931 2387 1117 2423 amplitudinis
1131 2387 1216 2422 gloria
1233 2387 1259 2413 in
1287 2394 1341 2413 una
1362 2394 1394 2413 ac
1416 2386 1548 2421 singulari
1567 2385 1612 2412 Dei
1629 2385 1719 2420 (Ιίεηί-

931 2437 986 2460 tate
1000 2437 1135 2464 servetur,
1149 2432 1240 2459 Patris
1253 2431 1379 2459 videlicet
1397 2431 1520 2467 perfecti.
1535 2431 1649 2466 perfecti
1669 2429 1716 2457 Fi-

95 2477 121 2504 lii
140 2485 169 2504 ac
186 2476 299 2512 perfecti
323 2477 441 2514 Spiritus
464 2479 560 2506 sancti.
596 2478 661 2511 Quae
683 2486 745 2506 eum
776 2479 813 2506 ita
841 2479 914 2512 sint,
932 2480 991 2514 ipsa
1020 2479 1263 2508 constthstantialis
1295 2479 1366 2506 ratio
1401 2479 1468 2506 falsa
1500 2486 1533 2505 ex
1567 2477 1718 2513 Scripturis

94 2523 197 2550 ostendi
212 2523 322 2551 minime
334 2529 432 2558 potest,
445 2531 531 2558 neque
546 2523 588 2558 pia
603 2531 634 2550 ac
650 2523 776 2561 religiosa
790 2531 866 2551 mens
881 2524 1025 2558 repudiare
1039 2524 1111 2551 velut
1123 2523 1268 2551 conﬁctam
1292 2526 1392 2557 potest,
1415 2523 1487 2558 quod
1512 2522 1546 2550 de
1573 2522 1663 2552 Patre,
1686 2529 1718 2549 ac

95 2568 161 2596 Filio
193 2574 343 2604 sanctoque
368 2570 469 2605 Spiritu
503 2570 545 2604 pie
577 2570 701 2596 instituta
723 2569 816 2600 fuerit.
847 2569 1026 2606 eamdemque
1057 2571 1195 2598 celebrare
1227 2573 1254 2597 et
1285 2568 1401 2596 adorare
1436 2576 1518 2604 posse
1544 2567 1717 2602 Trinitatem,

95 2614 184 2642 divino
203 2614 239 2642 sit
254 2614 388 2642 beneﬁcio
403 2619 561 2642 consecuta.

284 2670 481 2697 KE‘PAAAION
497 2670 621 2697 ΛΕΤΙΟΥ
632 2670 681 2697 ΙΒ’.

129 2715 158 2742 El
175 2715 212 2750 μὴ
223 2716 253 2742 τὺ
270 2716 416 2751 ἀγέννητον
431 2718 480 2752 τὴν
497 2717 645 2743 ὑπόστασιν
660 2717 706 2744 τοῦ
719 2716 788 2744 Θεοῦ
803 2725 875 2754 παρ-

97 2760 208 2795 ίστησιν,
221 2761 278 2788 ἀλλ’
293 2762 419 2794 ὑπονοίας
432 2762 505 2788 ἐστὶν
516 2761 688 2799 ἀνθρωπίνης
703 2763 733 2790 τὸ
745 2763 878 2798 ἀσύγκρι-

97 2814 138 2833 τον
154 2806 248 2842 ὖνομα,
267 2809 346 2844 χάριν
366 2810 422 2841 τοῖς
440 2809 597 2844 ἐπινοήσασι
617 2807 744 2843 γινώσκει
764 2809 781 2837 é
798 2808 877 2842 Θεὸς.

1171 2668 1262 2696 AETll
1281 2667 1395 2695 CAPUT
1414 2667 1472 2696 XII.

966 2716 995 2744 Si
1018 2715 1128 2751 ingeniti
1145 2722 1197 2742 vox
1215 2715 1259 2742 Dei
1276 2714 1456 2742 substantiam
1475 2714 1586 2751 minime
1612 2715 1714 2748 signiti-

930 2767 993 2793 cat,
1017 2749 1064 2789 sed
1089 2759 1301 2795 incomparabilc
1317 2758 1389 2786 istud
1410 2749 1566 2785 nomen‘ab
1588 2758 1714 2787 humanis

931 2806 1047 2843 ingeniis
1067 2806 1249 2842 crcogitatum
1266 2809 1325 2837 est,
1341 2803 1414 2831 Deus
1430 2803 1465 2831 ob
1480 2803 1544 2831 illud
1569 2803 1657 2839 ipsum
1672 2803 1715 2832 in-

130 2886 139 2905 τ
153 2887 182 2916 ἒ.
195 2887 261 2916 ἄλλ’.
