1945 3043
245 162 305 192 US

954 180 982 207 S.
1005 181 1179 212 EPIPHANII

1825 197 1885 225 576

249 223 331 258 geniti
347 231 528 255 commentum
545 228 578 257 iis
588 231 633 264 qui
646 234 911 271 repererint.gratiie
928 238 1020 267 debito

249 274 290 290 oc!
327 278 388 290 mum
404 276 478 290 lnnln
492 275 594 290 "nmini
619 285 714 290 ..Μωρέ
730 281 736 290 Ι
776 286 780 290 .
913 285 928 290 ..
981 286 986 290 .

1087 243 1131 269 διὰ
1147 243 1198 279 τὴν
1218 245 1365 281 ἀγέννητον
1388 249 1508 277 ἐπίνοιαν
1531 251 1580 287 τὴν
1602 252 1740 290 ὑπεροχὴν
1764 255 1806 282 τοῦ
1820 256 1882 283 ὀνό-

248 274 291 296 cst
302 291 309 303 ,
327 278 388 297 cum
403 276 478 300 tanto
491 275 595 302 nomini
619 281 827 313 respondentem
844 285 1033 313 excellentiam

249 314 277 341 in
293 318 410 344 essentia
428 326 476 346 sua
492 328 546 347 non
562 321 669 350 habeat.

517 384 672 420 Con/utalia
691 389 760 416 XII.

282 435 394 471 lngeniti
423 447 491 472 vox,
534 446 563 469 ut
593 444 724 474 adversus
751 448 858 476 Aetium
891 454 1036 481 contendi-

246 488 318 513 mus,
336 490 384 510 nec
400 483 516 512 inficiari
531 495 690 523 possumus,
705 494 813 520 tametsi
831 494 857 521 in
875 498 963 525 sacris
978 498 1036 526 Lit-

245 528 311 556 teris
328 530 438 559 minime
454 535 618 568 reperiatur,
634 537 713 572 951
732 539 775 574 pie
789 544 880 568 tamen
898 547 939 571 est
953 552 1034 573 cxco-

244 573 339 607 gitata.
354 575 425 612 Ergo
443 578 594 614 ingenitum
607 580 714 610 Patrem
729 586 911 621 appellamus,
925 597 956 617 ac
971 598 1034 619 eon«

244 619 352 648 titemur
366 630 372 647 :
389 624 510 657 genitum
528 634 591 654 vero
608 626 706 656 Filium
724 619 874 661 asserimus
886 655 893 666 ,
908 640 935 663 et
955 643 1032 665 crea-

243 668 300 692 tum
323 666 409 695 fuisse
435 678 576 705 negamus.
604 673 671 701 Nam
697 683 760 703 cum
789 677 884 707 Filium
911 684 1031 716 genitum

242 718 303 738 esse
319 714 556 749 constituerimus,
572 719 639 752 quin
656 727 670 746 a
685 720 741 748 Deo
753 721 834 752 Patre
850 714 1032 756 substantiam

241 759 389 792 acceperit,
406 768 506 796 negare
523 771 576 791 non
594 772 752 800 possumus.
770 768 838 798 Nam
856 775 1031 807 generatione

242 800 332 835 ipsum
359 805 506 839 produxit,
526 816 581 836 non
599 813 714 841 creavit.
733 815 771 842 Ae
787 820 816 844 tu
841 800 982 854 pErperam
1003 827 1032 850 et

241 847 352 882 oblique
374 851 495 884 genitum
511 853 578 881 illud
594 860 621 883 et
640 857 793 893 ingenitum
810 847 965 899 accipiens,
980 866 1030 894 de-

242 897 368 928 torquere
380 898 552 933 temetipsum
569 903 665 932 studes
681 906 781 941 (neque
791 909 864 935 enim
873 897 1028 946 quidquam

241 939 313 965 aliud
329 940 434 975 eﬂicis),
452 947 508 971 tum
522 945 555 973 de
579 946 707 977 humanis
724 939 983 985 ratiocinationibus
1000 961 1028 986 et

241 989 336 1019 arguta
353 990 554 1023 oppugnatione
572 993 813 1033 disputationeque
839 1005 884 1027 tua
896 1021 903 1033 ,
919 1002 971 1030 hoc
990 1008 1033 1032 est

239 1031 273 1056 de
288 1030 405 1059 humana
419 1035 546 1068 stultitia,
564 1041 708 1069 commode
726 1030 792 1070 illud
810 1053 825 1072 e
840 1048 928 1075 sacris
945 1047 1031 1077 Litte-
1046 1065 1069 1091 Β

240 1077 277 1091 nia
292 1079 421 1091 η-η..Ᾱε-..
439 1089 451 1091 ..
462 1086 481 1091 ..
555 1084 573 1091 λ
766 1090 771 1091 γ

239 1077 278 1103 ris
291 1079 423 1108 exaudire
438 1086 516 1116 potes
530 1093 537 1111 :
554 1084 684 1122 Prompta
705 1093 747 1116 est
765 1090 886 1120 hominis
903 1102 981 1122 mens
1001 1095 1028 1123 in

238 1123 310 1150 mala
334 1124 484 1160 impensius
496 1148 504 1160 ,
519 1130 576 1163 jam
600 1131 663 1160 inde
685 1134 720 1162 ab
735 1135 950 1167 adolescentia‘.
974 1140 1031 1170 Nos

237 1174 328 1198 autem
345 1176 372 1199 et
389 1173 456 1200 illud
481 1179 577 1203 coatra
610 1183 635 1206 te
650 1179 742 1208 dicere
757 1190 904 1217 possumus
920 1194 927 1212 :
944 1188 1031 1216 multo

236 1215 264 1242 id
292 1217 412 1246 iuereato
439 1220 495 1248 Deo
517 1223 655 1259 indignius
670 1246 677 1258 ,
708 1231 736 1255 et
761 1229 932 1260 indecentius
956 1241 1028 1267 esse.

235 1269 331 1290 creare
345 1265 476 1300 quidquid
490 1271 531 1294 est
543 1269 694 1304 conditum,
723 1277 771 1300 aut
788 1275 833 1309 qui
857 1283 873 1302 a
895 1278 971 1305 nullo
987 1265 1028 1306 fa;

235 1314 297 1337 ctus
311 1315 352 1338 est
366 1311 464 1340 facere.
482 1314 588 1342 Etenim
604 1317 638 1349 si,
658 1319 730 1353 quod
746 1320 842 1350 Aetius
857 1325 966 1357 asserit,
983 1326 1027 1353 iu-

235 1355 357 1389 genitum
382 1365 513 1393 generare
536 1369 709 1398 nequaquam
735 1365 829 1401 decet,
856 1376 1028 1406 consequens

636 1396 643 1398 _
823 1396 828 1401 .
912 1396 1027 1406 στημ-

233 1396 287 1432 εὲι,
308 1409 358 1429 nec
374 1402 524 1433 increatum
544 1414 637 1436 creare
664 1410 825 1446 quidquam,
844 1423 933 1450 neque
947 1418 993 1452 qui
1011 1425 1027 1446 a

235 1446 311 1474 nttllo
329 1447 416 1476 factus
438 1455 496 1482 est,
513 1460 574 1486 quze
594 1459 673 1482 erant
689 1457 832 1485 condenda
851 1468 1024 1494 procreasse.

234 1490 367 1524 Quocirca
389 1501 451 1522 eum
471 1501 573 1525 creatae
597 1507 641 1527 res
665 1502 754 1530 oculis
777 1505 972 1541 subjiciantur,
993 1517 1025 1537 ac

235 1537 304 1563 lmua
321 1544 384 1571 pars
400 1544 503 1567 natura:
520 1543 697 1572 subsistentis
712 1537 862 1582 appareat,
886 1559 937 1578 nec
956 1552 1023 1579 illud

1092 299 1177 326 ματος
1192 293 1223 319 οὺ
1240 293 1330 328 φέρων
1347 294 1376 321 ἐν
1387 295 1475 331 οὐσίᾳ.

1369 405 1528 440 Ἀνατροπὴ
1541 407 1598 435 ῙΒ’.

1125 458 1181 486 Καὶ
1209 459 1371 496 ἀγέννητον,
1399 462 1437 494 ὡς
1466 463 1569 500 ἔφαμεν
1594 464 1661 501 πρὸς
1690 466 1737 493 τὸν
1776 467 1882 494 Ἀέτιον

1088 506 1302 541 ἁποτεινόμενοι,
1324 506 1393 543 [καὶ]
1412 509 1461 535 οὐκ
1478 510 1643 545 ἀρνούμεθα,
1661 513 1712 539 κᾶν
1725 521 1757 538 τε
1771 514 1801 539 ὲν
1819 513 1881 548 θείᾳ

1088 551 1183 587 Γραςρῇ
1201 552 1238 588 μὴ
1255 553 1420 589 ἐμφέρηται,
1443 554 1561 588 εὐσεϐῶς
1581 557 1762 593 ἐπινενόηται.
1785 559 1881 592 ’Δγέν-

1088 606 1167 632 νητον
1181 597 1210 623 δὲ
1226 598 1377 633 φάσκοντες
1392 599 1437 626 τὸν
1453 601 1574 637 Πατέρα,
1590 602 1636 629 καὶ
1650 603 1799 639 ἀγέννητον
1814 606 1881 640 ὀμο-

1087 641 1229 678 λογοῦμεν·
1249 645 1377 680 γεννητὸν
1390 645 1419 672 δὲ
1432 645 1477 672 τὸν
1492 646 1555 673 Υἰὸν
1569 647 1618 673 οὐκ
1631 648 1799 684 ἀρνούμεθα,
1821 650 1880 677 ἀλλ’

1086 688 1147 723 οὐχὶ
1168 689 1286 716 κτιστόν·
1306 689 1368 716 οὔτε
1391 691 1455 727 γὰρ,
1471 692 1519 718 ἐὰν
1533 691 1579 718 τὸν
1595 692 1657 719 Υἰὸν
1674 694 1806 730 γεννητὸν
1821 696 1880 729 ὁρι-

1087 733 1207 770 σώμεθα,
1221 736 1254 762 ὲκ
1266 735 1333 763 Θεοῦ
1352 737 1457 773 Πατρὸς
1475 738 1523 773 τὴν
1536 739 1628 766 οὐσίαν
1643 739 1717 775 ἔχειν
1732 741 1879 776 ἀρνεῖσθαι

1085 781 1234 817 δυνάμεθα.
1249 783 1389 818 Γεννητῶς
1403 784 1457 820 γὰρ
1472 785 1611 821 ἐγέννησε,
1630 786 1676 813 καὶ
1690 786 1741 814 οὐκ
1756 787 1877 814 ἔκτισεν.

1091 827 1135 858 Ὠς
1147 828 1202 862 γὰρ
1215 828 1299 860 λοξῶς
1315 830 1403 857 πάντα
1420 831 1466 857 ἐπὶ
1483 831 1530 858 τοῦ
1550 832 1679 868 γεννητοῦ
1696 834 1744 859 καὶ
1759 834 1878 869 ἀγεννή-

1083 883 1131 901 του
1155 875 1344 910 διανοούμενος
1369 877 1568 912 παρεκτρέπειν
1593 879 1687 906 ἑαυτὸν
1711 879 1804 914 βούλει
1836 881 1877 915 (οὐ

1083 920 1137 954 γάρ
1150 929 1176 946 τι
1191 920 1304 957 ἕτερον),
1319 921 1405 954 οὕτως
1421 923 1466 949 καί
1479 923 1559 955 αὐτὸς
1574 924 1683 956 ἀκούεις
1694 925 1723 957 ἐξ
1733 926 1876 962 ἀνθρωπί-

1083 974 1136 992 νων
1171 966 1357 1002 συλλογισμῶν
1387 968 1435 994 καὶ
1463 969 1626 1001 ἀντιθέσεως
1654 970 1875 1008 συλλογιστικῆς.

1082 1010 1255 1047 ἀνθρωπείας
1266 1021 1296 1039 τε
1310 1014 1557 1050 ματαιοφροσύνης,
1572 1015 1611 1047 τὸ,
1629 1016 1770 1050 Ἐγκειται
1784 1019 1802 1053 ἡ
1818 1018 1876 1045 διά-

1082 1063 1140 1082 νοια
1155 1055 1201 1082 τοῦ
1215 1056 1359 1092 ἀνθρώπου
1379 1059 1425 1085 ἐπὶ
1439 1059 1474 1085 τὰ
1495 1060 1601 1096 πονηρὰ
1617 1061 1755 1097 ἐπιμελῶς
1767 1063 1801 1089 ἐκ
1818 1064 1876 1090 νεό-

1080 1109 1171 1136 τητος.
1187 1101 1307 1137 Λέξομεν
1323 1104 1370 1130 καὶ
1384 1105 1471 1138 αὐτοὶ,
1483 1105 1523 1132 ὅτι
1538 1106 1642 1133 πολλῶν
1651 1108 1661 1123 θ
1676 1108 1778 1143 μᾶλλον
1791 1110 1876 1145 ἀπρέ-

1081 1156 1146 1174 πεια
1166 1148 1225 1184 Θεῷ
1246 1149 1285 1184 τῷ
1298 1150 1418 1186 ἀκτίστῳ
1431 1151 1461 1178 τὸ
1475 1151 1577 1184 κτίζειν
1595 1153 1629 1179 τὰ
1649 1154 1808 1187 κτισθέντα,
1828 1156 1874 1182 καὶ

1080 1193 1119 1229 τῷ
1130 1194 1252 1230 ἀποιήτῳ
1267 1196 1296 1222 τὺ
1310 1198 1406 1223 ποιεῖν.
1422 1198 1459 1223 Οὐ
1474 1197 1526 1233 γὰρ
1540 1199 1675 1234 ἐνδέχεται
1686 1200 1731 1227 τὸν
1743 1200 1874 1228 ἄκτιστον

1079 1240 1181 1272 κτίζειν
1195 1241 1228 1268 τὰ
1243 1242 1397 1276 κτισθέντα,
1413 1243 1472 1279 [καὶ
1490 1244 1529 1280 τῷ
1544 1245 1667 1281 ἁποιήτῳ
1685 1246 1715 1273 τὸ
1730 1249 1832 1274 ποιεῖν·
1844 1248 1872 1275 οὺ

1079 1286 1133 1321 γὰρ
1145 1287 1279 1322 ἐνδέχεται
1293 1288 1343 1315 τὸν
1350 1289 1478 1317 ἄκτιστον
1491 1291 1618 1328 κτίζειν,]
1628 1293 1675 1319 καὶ
1682 1293 1728 1320 τὸν
1741 1293 1780 1329 μὴ
1793 1294 1872 1328 γενό-

1080 1339 1160 1365 μενον
1175 1333 1261 1359 ποιεῖν
1274 1333 1309 1360 τὰ
1326 1333 1453 1368 ἐσόμενα,
1470 1335 1494 1360 εἰ
1512 1335 1543 1361 οὺ
1559 1336 1658 1372 πρέπει
1675 1336 1714 1372 τῷ
1727 1338 1873 1374 ὰγεννήτῳ

1078 1376 1109 1402 τὸ
1128 1378 1225 1413 γεννᾷν
1248 1378 1318 1405 κατὰ
1337 1379 1383 1406 τὸν
1408 1381 1511 1408 Ἀετίου
1527 1381 1616 1415 λόγον.
1634 1383 1694 1409 Τῶν
1711 1383 1739 1410 δὲ
1752 1383 1872 1411 κτίσεων

1076 1421 1235 1458 ὁρωμένων,
1250 1425 1297 1451 καὶ
1310 1425 1357 1452 τοῦ
1370 1426 1497 1454 πλείστου
1516 1427 1615 1464 μέρους
1630 1429 1680 1464 τῆς
1693 1429 1788 1462 οὐσίας
1801 1431 1871 1458 ὑπο-

1078 1469 1199 1501 στάσεως
1213 1471 1388 1507 φαινομένης,
1402 1472 1462 1508 Θεῷ
1476 1474 1504 1500 δὲ
1519 1473 1558 1509 τῷ
1572 1475 1693 1510 ἀκτίστῳ
1709 1475 1741 1502 τὺ
1759 1476 1805 1503 ὄπ’
1821 1477 1871 1504 αὐ-

1076 1512 1124 1539 τοῦ
1139 1514 1280 1542 κεκτίσθαι
1295 1515 1332 1551 μὴ
1349 1518 1517 1553 πρεπούσης,
1535 1519 1579 1546 ἵνα
1596 1519 1633 1556 μὴ
1654 1520 1684 1547 τδ
1700 1520 1870 1558 ἀσύγκριτον

1077 1557 1123 1584 ἐπὶ
1139 1559 1289 1596 μεταϐολὴν
1303 1562 1357 1588 τῶν
1377 1563 1531 1597 γενομένων
1550 1565 1716 1600 παρενεχθὲν
1739 1567 1801 1593 ἀντὶ
1823 1567 1869 1594 τοῦ

232 1580 343 1615 deccat,
368 1584 505 1614 increatus
524 1593 553 1615 ut
578 1589 651 1616 illam
675 1590 744 1620 Deus
769 1596 921 1628 creaverit,
947 1605 981 1625 ne
1001 1599 1023 1626 si

232 1627 445 1647 innnannurolﬁln
460 1633 525 1647 :Il...l
542 1635 573 1647 ...ι
600 1644 672 1647 --.μή
786 1640 795 1647 .-
831 1646 835 1647 ,

1077 1580 1123 1584 ν...
1139 1580 1287 1596 run-vv...”
1308 1580 1356 1588 ,ων
1382 1580 1530 1597 λεγομενων
1553 1580 1716 1600 ιιιιρινελυιν
1739 1580 1801 1593 ανῐι
1823 1580 1869 1594 του

1078 1604 1228 1640 πρέποντος
1248 1607 1324 1642 παρὰ
1343 1607 1382 1643 τῷ
1411 1608 1504 1644 Ἀετίῳ
1528 1610 1651 1644 ἀπρεπὲς
1673 1611 1775 1646 μᾶλλον
1791 1621 1869 1647 νομι-

232 1627 445 1664 incomparabile
460 1633 525 1660 illud
541 1635 573 1662 ad
598 1644 692 1664 eorum
707 1647 768 1673 quae
784 1640 856 1668 facta
870 1647 946 1675 sunt,
961 1652 1022 1671 mu-

233 1674 341 1702 tabilem
356 1677 543 1706 conditionem
558 1681 713 1716 abjiciatnr,
735 1692 789 1712 non
807 1688 889 1715 modo
907 1697 960 1716 non
978 1690 1023 1718 de-

231 1728 326 1748 corum
343 1723 389 1755 sit,
406 1725 452 1752 sed
469 1733 501 1753 ex
518 1726 604 1761 ipsius
615 1729 685 1756 Aetii
700 1732 837 1759 sententia
851 1734 892 1761 vel
905 1737 1023 1764 maxime

230 1767 371 1801 dedeceat,
387 1765 420 1797 eo
433 1778 479 1798 res
498 1773 605 1800 tandem
623 1775 779 1810 adducitur,
807 1782 837 1805 ut
861 1780 929 1807 alter
950 1781 1022 1810 Deus

230 1813 380 1846 increatus,
399 1817 467 1843 alter
482 1823 602 1850 creatus,
620 1821 667 1855 qui
690 1822 723 1849 ad
751 1824 793 1850 sui
813 1825 1019 1854 similitudinem

230 1867 326 1887 creare
342 1865 440 1888 cietcra
461 1864 564 1896 possit,
589 1867 752 1900 qllzerendus
773 1871 870 1898 merito
885 1872 1019 1900 videatur.

229 1903 289 1930 Jam
306 1913 370 1932 vero
385 1914 446 1933 cum
465 1908 510 1934 hie
532 1909 591 1944 ipse
614 1917 724 1940 creatus
746 1913 834 1947 Deus,
858 1921 885 1943 et
909 1918 1020 1945 creandi

231 1954 366 1984 potestate
391 1953 530 1987 pneditus,
561 1963 575 1982 a
598 1965 628 1985 se
648 1957 707 1993 ipso
730 1967 785 1987 non
801 1962 947 1995 exstiterit,
972 1965 1020 1992 sed

230 2000 341 2023 creatus
359 2003 489 2031 ponatur,
514 2003 678 2035 quaerendus
699 2005 797 2032 iterum
815 2007 884 2034 alter
900 2008 945 2035 ille
960 2009 1020 2037 fue—

230 2040 275 2072 rit,
288 2048 302 2068 a
319 2050 372 2076 quo
387 2048 513 2080 tauquam
527 2054 541 2074 a
559 2049 695 2083 principio
708 2050 847 2084 profectus
859 2053 903 2080 sit.
917 2054 1019 2084 Deinde

229 2087 310 2114 etiam
328 2089 398 2117 alius
418 2097 478 2126 post
494 2093 582 2127 ipsum
601 2096 809 2130 excogitandus.
829 2098 867 2126 Ex
884 2108 939 2135 quo
955 2110 1019 2137 pro-

232 2132 409 2163 I'undissinius
435 2136 486 2164 iste
500 2146 576 2166 error
596 2140 629 2167 ad
658 2141 795 2176 ingentem
812 2144 971 2179 dogmatum
991 2154 1018 2176 et

229 2180 425 2207 sententiarum
455 2182 653 2210 absurditalem
693 2190 832 2220 postremo
860 2190 1016 2220 deducitur.

228 2222 321 2258 Neque
348 2226 419 2252 enim
446 2228 598 2255 consistere
626 2230 735 2258 animus
762 2234 868 2268 uspiam
899 2238 1016 2272 poterit;

228 2269 276 2296 s--d
298 2270 363 2298 illud
381 2279 396 2299 e
420 2271 572 2313 scripturis
595 2275 738 2310 implebit:
764 2278 847 2306 Slulli
872 2269 938 2315 farti
954 2269 1015 2310 amri

227 2314 278 2342 Dei
302 2317 378 2344 servi.
405 2317 439 2343 Et
461 2311 553 2352 fatuus
579 2322 664 2348 omnis
686 2323 763 2351 homo
791 2326 910 2354 redditus
937 2334 976 2356 est
997 2339 1014 2357 α

227 2363 338 2389 scientia
346 2364 368 2389 ¹.
384 2362 477 2398 Neque
491 2366 563 2392 enim
578 2367 629 2394 sibi
645 2368 695 2403 ipsi
713 2370 859 2406 quisquam
877 2373 952 2407 vivit,
968 2379 1014 2402 aut

227 2409 381 2442 inoritur';
398 2419 486 2444 neque
508 2412 647 2448 quidpiam
672 2418 815 2450 cognoscit
838 2418 927 2451 ullus,
953 2421 1015 2449 sine

226 2462 277 2488 ope
294 2454 350 2487 Dei,
366 2456 410 2490 qui
428 2465 518 2484 veram
533 2459 613 2487 nobis
628 2459 705 2487 [idem
719 2462 861 2496 patefecit,
874 2471 906 2491 ac
920 2466 988 2493 dixit
1004 2477 1011 2495 :

227 2500 279 2526 llic
295 2506 333 2528 est
354 2501 442 2530 Filius
465 2513 537 2531 meus
556 2505 686 2538 dilectus;
708 2507 794 2541 ipsum
818 2509 927 2537 audite‘
950 2521 957 2539 :
979 2520 1012 2540 ac

227 2549 287 2576 sine
308 2549 381 2578 illius
401 2559 481 2586 quem
510 2553 602 2587 genuit
625 2553 745 2585 auxilio,
769 2556 815 2590 qui
835 2564 914 2584 suum
933 2559 1012 2587 nobis

225 2597 330 2624 Patrem
344 2597 491 2625 declaravit
506 2599 549 2627 his
562 2600 651 2627 verbis
665 2607 673 2626 :
693 2599 747 2635 Ego
763 2610 779 2627 α
794 2601 877 2630 Patre
890 2604 970 2636 exivi,
985 2610 1011 2632 et

227 2643 330 2670 venio".
342 2643 426 2671 Porro
440 2653 528 2679 neque
544 2653 576 2672 ex
592 2646 731 2673 hominum
748 2648 928 2682 appellatione
939 2650 1011 2678 Deus

224 2690 290 2716 illud
313 2690 525 2725 iucomparabile
541 2692 623 2727 952
649 2693 762 2722 sortitus
786 2699 846 2729 est;
868 2704 956 2731 neque
974 2698 1010 2725 ob

225 2736 294 2763 idem
310 2737 530 2772 incomparabilc,
554 2739 607 2765 veri
619 2746 650 2766 ac
668 2740 845 2770 subsistentis
856 2742 903 2770 Dei
916 2742 1008 2777 Verbi,

259 2823 347 2859 θαι-ιι.
365 2835 401 2859 νι,
414 2827 439 2854 5.

502 2827 579 2856 ‘Jer.
594 2836 648 2864 xw,
675 2831 724 2866 10;
739 2839 776 2865 LI,
794 2832 836 2861 l7.

222 2858 324 2894 πολλῷ.

889 2834 994 2868 ξΡιοιη.
1014 2843 1068 2870 xxv,
1091 2836 1115 2863 7.

1076 1650 1163 1686 σθείη,
1177 1650 1358 1687 ζητηθήσεται
1369 1652 1461 1680 λοιπὸν
1471 1654 1564 1690 ἔτερος
1575 1655 1612 1681 ὣν
1622 1655 1687 1687 Θεὸς
1700 1657 1713 1682 ὁ
1727 1657 1867 1690 ἄκτιστος,

1074 1695 1166 1732 ἕτερος
1180 1697 1208 1723 δὲ
1231 1698 1245 1723 ὀ
1268 1698 1397 1731 κτισθεὶς,
1420 1700 1469 1726 καὶ
1492 1701 1595 1733 κτίζειν
1616 1701 1756 1736 ἀναλόγως
1778 1704 1868 1739 ἑαυτῷ

1072 1740 1229 1777 δυνάμενος.
1239 1743 1292 1770 Τοῦ
1302 1743 1330 1770 δὲ
1341 1745 1518 1781 κεκτισμένου
1532 1747 1579 1773 καὶ
1591 1747 1621 1774 τὸ
1634 1748 1737 1780 κτίζειν
1746 1749 1865 1784 ἔχοντος,

1073 1787 1225 1820 αὐτομάτου
1245 1789 1282 1825 μὴ
1300 1790 1384 1823 ὄντος,
1395 1791 1462 1818 ἀλλὰ
1476 1793 1666 1828 κεκτισμένου,
1680 1794 1866 1831 ζητηθήσεται

1073 1833 1120 1858 καὶ
1141 1834 1233 1869 ἕτερος
1251 1835 1266 1861 ο
1284 1835 1377 1862 τούτου
1395 1837 1481 1869 αἴτιος
1494 1837 1623 1872 γεγονὼς,
1641 1839 1687 1866 καὶ
1700 1840 1755 1866 ἀπὸ
1768 1841 1864 1868 τούτου

1072 1876 1152 1909 ἄλλος
1160 1878 1378 1915 ἐπινοηθήσεται.
1390 1881 1445 1908 Καὶ
1453 1881 1537 1917 πολλὴ
1547 1881 1623 1909 ἔσται
1635 1884 1651 1918 ή
1661 1883 1706 1910 τοῦ
1718 1884 1802 1919 βυθοῦ
1815 1887 1865 1921 τῆς

1072 1922 1177 1955 πλάνης
1193 1924 1209 1959 ὴ
1226 1925 1403 1961 ματαιολογία
1425 1927 1480 1953 τῶν
1501 1928 1656 1963 νοημάτων,
1680 1930 1730 1965 ἰῆς
1744 1930 1864 1963 διανοίας

1072 1969 1170 2004 μηκέτι
1190 1970 1382 2007 εὐσταθούσης,
1401 1972 1469 2000 ἀλλὰ
1487 1974 1644 2011 πληρούσης
1659 1976 1690 2003 τὸ
1705 1978 1861 2013 εἰρημένον·

1078 2014 1306 2050 Ἐμωράνθησαν
1319 2018 1347 2044 οἱ
1360 2018 1464 2045 δοῦλοι
1478 2019 1531 2046 τοῦ
1546 2021 1630 2048 Θεοῦ·
1643 2022 1693 2048 καὶ
1706 2023 1862 2057 ἐμωράνθη

1070 2058 1129 2091 πᾶς
1143 2059 1297 2094 ἅνθρωπος
1313 2061 1372 2088 ἀπὸ
1383 2063 1531 2097 γνώσεως.
1545 2066 1581 2091 Uti
1594 2066 1648 2102 γάρ
1659 2075 1701 2099 τις
1712 2067 1803 2103 ἑαυτῷ
1816 2069 1860 2104 ζῇ.

1069 2104 1129 2130 οὐδὲ
1152 2105 1242 2140 ἐαυτῷ
1266 2106 1444 2143 ἀποθνήσκειι
1470 2109 1531 2136 οὐδέ
1552 2103 1596 2142 Ῑεις
1621 2111 1756 2145 γνώσεται
1784 2113 1860 2140 οὐδὲν

1070 2149 1156 2184 πάρεξ
1170 2151 1217 2177 τοῦ
1233 2151 1312 2184 Θεοῦ,
1331 2153 1378 2179 τοῦ
1395 2155 1619 2190 ἀποκαλύψαντος
1643 2157 1709 2192 ἡμῖν
1728 2158 1778 2193 τὴν
1795 2158 1860 2193 ἀλη-

1069 2193 1144 2230 θινὴν
1158 2196 1248 2222 πίστιν
1263 2197 1355 2230 αὐτοῦ,
1381 2198 1515 2232 λέγοντος·
1535 2198 1630 2234 Οὗτός
1649 2202 1736 2229 ἐστιν
1750 2204 1767 2230 ὁ
1794 2204 1859 2235 Υἱός

1065 2249 1125 2274 μου
1142 2242 1158 2268 ό
1173 2242 1336 2276 ἀγαπητὸς,
1354 2244 1402 2271 καὶ
1425 2245 1518 2273 αὐτοῦ
1534 2247 1671 2274 ἀκούετε·
1692 2248 1740 2275 καί
1762 2249 1810 2275 τοῦ
1829 2249 1858 2282 ἐξ

1033 2304 1054 2330 D
1069 2287 1150 2314 αὐτοῦ
1161 2289 1360 2324 γεγεννημένου
1375 2291 1598 2327 ἅποκαλύψαντος
1610 2295 1676 2329 ἡμῖν
1688 2294 1734 2321 τὸν
1747 2295 1858 2331 Πατέρα

1069 2333 1162 2365 αὐτοῦ,
1177 2335 1223 2361 καὶ
1239 2334 1373 2369 λέγοντος⁸
1392 2337 1462 2372 Ἐγὼ
1475 2339 1509 2365 ἐκ
1524 2339 1576 2366 τοῦ
1587 2340 1701 2374 Πατρὸς
1712 2341 1855 2375 ἐξῆλθον,

1068 2379 1116 2405 καὶ
1141 2379 1212 2413 ἥκω.
1238 2381 1292 2407 Καὶ
1313 2381 1374 2408 οὕτε
1397 2383 1452 2410 ἀπὸ
1477 2385 1623 2420 ὀνομασίας
1647 2386 1801 2422 ἀνθρώπων
1827 2388 1855 2416 τὸ

1067 2424 1232 2460 ἀσύγκριτον
1249 2426 1310 2462 ἔσχε
1325 2427 1400 2460 Θεὸς,
1414 2428 1475 2455 οὔτε
1488 2429 1532 2456 διὰ
1545 2431 1575 2456 τὸ
1589 2430 1782 2468 ἀσύγκριτονὴ
1795 2433 1856 2466 ἀξία

1066 2470 1113 2496 τοῦ
1138 2471 1263 2506 ἀληθινοῦ
1286 2473 1467 2501 ἐνυποστάτου
1484 2475 1551 2502 Θεοῦ
1575 2477 1672 2511 Λόγου,
1690 2479 1737 2505 καὶ
1750 2479 1783 2506 ἐκ
1799 2480 1854 2506 Πα-

1063 2516 1127 2550 τρὸς
1148 2517 1275 2553 ἀνάρχως
1296 2520 1447 2554 ὁμοουσίως
1465 2523 1675 2558 γεγεννημένου,
1695 2533 1853 2561 παρεκτρα-

1064 2563 1190 2597 πήσεται·
1204 2564 1265 2590 οὔτε
1279 2566 1410 2602 ὁποτέρου
1424 2567 1478 2593 τῶν
1497 2568 1637 2603 ὀνομάτων
1649 2571 1730 2606 χάριν
1745 2571 1853 2606 ἔχοντος

1064 2609 1196 2640 ἐπινοίαις
1215 2602 1376 2646 ἀνθρώπων.
1395 2613 1478 2640 Οὐδὲν
1497 2602 1552 2650 γὰρ
1568 2602 1809 2651 προσ-λαμϐάνεται

1062 2653 1139 2681 Θεῖον
1164 2655 1346 2693 ἀξιώματοςῆ
1365 2659 1532 2695 προσθήκης·
1554 2661 1620 2688 αὐτὸ
1641 2661 1669 2688 δὲ
1685 2663 1763 2690 Θείον
1787 2665 1851 2690 πᾶσι

1063 2699 1176 2735 παρέχει
1193 2702 1225 2727 ἐκ
1244 2701 1291 2728 τοῦ
1305 2703 1387 2729 αὐτοῦ
1401 2704 1592 2741 πληρώματος,
1606 2707 1649 2734 ἀεὶ
1665 2709 1694 2734 ὲν
1708 2710 1851 2745 ταυτότητι

1063 2745 1198 2780 μένοντος,
1219 2747 1266 2774 καὶ
1281 2749 1318 2784 μὴ
1332 2750 1539 2786 ἐλαττουμένου,
1559 2753 1616 2779 ἀλλ’
1634 2754 1662 2779 ὲν
1683 2756 1716 2790 τῇ
1738 2755 1792 2790 iet;
1806 2756 1839 2790 φέ

1167 2838 1177 2855 ⁸
1192 2838 1287 2867 Matth.
1305 2848 1370 2874 xvn,
1393 2841 1420 2869 5.
1478 2842 1487 2858 '
1504 2841 1582 2869 Juan.
1603 2850 1657 2875 ιινι,
1676 2843 1720 2871 28.
1760 2845 1771 2860 ⁸
1787 2843 1848 2872 Cor.
