1945 3043
80 151 133 179 5⁸17
421 149 604 179 ADVERSUS
622 148 792 178 lleRESES
810 147 874 176 LIB.

930 170 936 176 .
948 149 1029 178 ΤΟΜ.
1051 151 1071 178 Ι.
1089 167 1123 172 -
1139 151 1274 180 llASRES.
1295 152 1413 181 LXXVI.
1661 153 1714 181 578

81 217 177 244 ροντος
198 209 242 236 ἀεὶ
259 209 339 244 οὐσίᾳ
361 209 409 236 τοῦ
425 210 566 245 ὀνόματος,
585 210 632 236 καὶ
655 209 805 244 δυνάμεως,
829 209 874 235 καὶ

928 215 954 238 et
971 217 987 237 a
1000 209 1080 237 Patre
1096 210 1157 238 sine
1177 211 1233 238 ullo
1247 211 1326 238 initio
1340 212 1434 238 eadem
1452 212 1479 238 in
1499 211 1653 239 substantia
1669 219 1715 246 ge«

79 256 173 287 οὐσίας
187 262 218 281 το
233 255 351 290 ἀξίωμα..

928 255 975 282 ltiti
991 255 1111 289 dignitas
1127 255 1314 290 abrogabitur.
1341 256 1475 284 Neutrum
1498 257 1571 284 enim
1597 257 1713 283 istm-nm

83 302 226 328 nominum
245 301 364 337 ingeniis
387 301 539 334 hominum,
555 301 597 329 vel
612 301 731 328 inventis
743 304 884 335 acceptum
903 299 1044 327 terendum
1060 304 1112 327 est.
1126 300 1231 335 Quippe
1259 301 1352 328 divina
1371 307 1466 328 natura
1497 310 1593 329 novam
1613 302 1714 328 nullam

82 346 249 381 dignitatem
274 346 497 374 accessionem've
523 350 615 381 potest
646 346 814 374 admittere:
832 345 898 380 quiti
926 345 1018 380 potius
1039 353 1072 372 ex
1092 353 1124 373 eo
1148 346 1221 381 quod
1248 347 1326 381 plene
1350 347 1377 374 iu
1403 355 1464 375 sese
1490 348 1715 382 abundaltlcl'qne

81 392 216 425 continet,
229 393 358 421 omnibus
378 393 544 428 suppeditat,
560 393 655 421 eodem
672 393 699 419 in
715 396 788 420 statu
808 399 982 427 permanens,
999 399 1049 420 nec
1066 391 1120 419 ullo
1141 392 1222 419 modo
1250 393 1398 426 diminuta,
1420 401 1452 420 ac
1479 394 1589 421 demum
1619 394 1712 422 nomi-

81 439 125 467 nis
137 440 212 468 illius
227 447 259 468 ac
276 441 419 475 potestatis
431 444 458 468 et
473 441 633 468 substantia:
645 440 803 475 dignitatem
816 440 843 466 in
859 443 956 466 natura
973 446 1022 466 sua
1038 439 1238 473 complectitur.

271 497 471 523 ΚΕΦΑΛΑΙΟΝ
489 496 616 524 ΑΕΤΙΟΥ
631 497 681 523 II".

1154 495 1244 522 ΑΕΤΙΙ
1265 496 1380 524 CAPUT
1399 496 1470 525 XIII.

115 541 147 568 Εἰ
163 541 263 574 ἔξωθεν
276 542 468 578 ὲπιθεωρεῖται
479 542 518 578 τῷ
528 541 587 578 Θεῴ
600 543 756 578 ἀγέννητον,
773 543 796 568 οἱ
812 543 872 569 ἐπι-

959 540 988 568 Si
1011 540 1124 576 ingenili
1146 540 1268 567 conditio
1289 540 1343 568 Deo
1369 542 1542 569 extrinsecus
1564 541 1711 576 attingitur.

79 586 268 623 θεωρήσαντες
297 587 346 614 τοῦ
372 588 604 624 ἐπιθεσῳηθέντος
632 589 701 615 εἰσὶν
730 588 869 623 ἀμείνους,

928 586 969 621 μή
984 593 1044 612 eam
1061 585 1225 612 aninxerunt
1241 586 1265 612 ei
1282 585 1334 620 ipsi
1347 586 1392 612 cui
1407 585 1552 620 attingitur,
1570 591 1712 621 przestant,

79 634 203 667 κρεῖττον
217 633 303 665 ὄνομα
317 634 365 669 τῆς
383 633 491 668 φύσεως
503 633 577 669 αὺτῷ
592 634 781 669 πορισάμενοι.

928 639 983 659 :um
1009 631 1184 666 praestantius
1198 637 1280 665 quam
1298 634 1397 658 natura
1415 630 1545 666 patiatur,
1560 631 1585 658 ei
1613 639 1712 658 nomen

923 677 1082 704 attribuant.

361 722 521 758 Ἆνατροπὴ
531 724 586 750 II".

120 768 254 803 Ἀμείνων
269 768 355 800 οὐδεὶς
372 768 440 795 Θεοῦ
470 768 551 804 (πρὸς
570 769 673 795 Ἀέτιον
689 777 733 804 μοι
751 770 768 804 ἡ
787 768 868 801 λέξις,

76 814 124 841 τὸν
140 813 228 845 οὕτως
247 814 463 849 ὲπινενοηκότα),
483 814 521 846 ὡς
542 814 597 850 ἔχει
622 815 638 850 ἠ
662 815 784 851 ἀλήθεια.
807 815 869 846 Πῶς

77 860 133 895 γὰρ
157 859 277 894 ἀμείνων
299 859 367 886 Θεοῦ
384 860 427 895 εἴη
448 869 501 892 τις,
518 860 572 886 τῶν
589 861 696 888 πάντων
712 862 744 887 ἐκ
759 861 826 887 Θεοῦ
841 861 871 888 τὸ
889 851 908 878 Β

78 904 150 932 εἶναι
171 905 337 941 εἰληφότωνς
359 906 451 932 Attico
468 906 496 932 δὲ
518 905 594 936 ὄντος
614 906 660 933 τοῦ
677 905 744 932 Θεοῦ
758 906 813 933 τῶν
825 907 871 933 ὑπ’

78 947 163 975 αὑτοῦ
172 948 359 984 κεκτισμένων
372 949 488 985 λογικῶν
496 958 526 976 τε
537 950 584 976 καὶ
594 950 710 984 ἀλόγων,
724 951 829 986 ὁρατῶν
841 960 871 978 τε

79 995 127 1022 καὶ
143 995 278 1030 ἀοράτων,
297 995 417 1030 ἀμείνων
430 995 511 1027 αὑτός
526 996 584 1022 ἐστι
599 996 674 1032 παρὰ
689 996 803 1029 πάντας,
821 997 872 1024 κᾶν

79 1049 109 1066 τε
128 1040 154 1066 οἱ
176 1040 281 1074 λογικοὶ
299 1039 417 1071 διανοίας
435 1040 554 1074 γένοιντο
568 1040 652 1077 ὀρθῆς
666 1041 705 1072 είς
720 1041 871 1074 εὐσέϐειαν,

79 1085 127 1112 τοῦ
141 1085 283 1120 γεραίρειν
293 1085 323 1112 τὸ
333 1085 444 1120 ἄμεινον
460 1086 514 1112 ἀπὸ
532 1086 641 1121 μέρους,
657 1086 724 1122 μηδὲ
736 1087 805 1118 ὅλως
817 1087 872 1114 τῶν

1179 722 1334 757 Con/utalia
1354 721 1440 749 XIII.

958 767 1013 795 Deo
1033 768 1130 796 melior
1155 776 1216 797 esse
1235 776 1316 796 nemo
1338 772 1427 803 potest
1443 767 1488 802 (ut
1502 765 1635 794 adversus
1660 768 1713 794 Ae-

922 814 991 841 tium
1006 815 1155 841 commenti
1179 814 1263 848 hujus
1279 819 1420 841 auctorem
1436 813 1602 847 disputem),
1625 819 1713 847 neque

922 860 1070 895 quidquam
1093 868 1126 887 eo
1152 860 1206 888 dici
1232 864 1321 895 potest
1347 860 1451 886 verius.
1478 857 1546 884 Nam
1575 858 1714 893 quomodo

922 907 1067 941 quisquam
1082 905 1138 933 Deo
1151 906 1248 933 melior
1268 913 1329 933 esse
1344 909 1451 940 potest,
1467 911 1529 931 cum
1552 903 1586 930 ab
1603 911 1635 930 eo
1657 903 1713 931 sint

922 952 1013 979 omnia
1029 952 1182 987 producta?
1206 952 1275 979 Cum
1296 952 1378 986 igitur
1404 950 1578 977 conditarum
1593 957 1608 976 a
1625 957 1655 977 se
1672 957 1714 976 rc-

922 990 982 1024 rnm
1006 997 1128 1024 omnium
1144 1001 1241 1024 auctor
1258 997 1294 1024 sit
1311 996 1382 1024 Deus
1404 1004 1437 1023 ac
1453 995 1636 1031 principium,
1658 999 1713 1021 tam

922 1051 983 1078 quae
998 1044 1104 1071 ratione
1116 1043 1236 1078 praeditam.
1246 1047 1310 1070 sunt
1319 1050 1401 1077 quam
1413 1049 1475 1077 qua:
1486 1041 1592 1069 ratione
1605 1045 1713 1073 carent,

924 1094 977 1116 tam
995 1097 1054 1124 qum
1076 1089 1162 1116 videri
1187 1092 1303 1125 possunt
1327 1095 1408 1123 quam
1431 1095 1492 1122 qua
1510 1091 1650 1122 aspectum
1670 1086 1714 1113 Iu-

922 1135 1010 1170 giunt,
1032 1137 1145 1162 necesse
1166 1139 1208 1162 est
1223 1134 1350 1162 omnibus
1367 1137 1396 1160 ut
1412 1133 1447 1160 sit
1462 1133 1508 1160 ille
1525 1131 1712 1167 praestantior,

926 1178 1101 1214 quantumvis
1113 1186 1146 1206 ex
1160 1180 1241 1208 rebus
1257 1179 1359 1207 creatis
1376 1186 1437 1213 quae
1466 1178 1573 1205 ratione
1592 1177 1714 1212 praedita:

922 1231 998 1259 sunt,
1018 1232 1122 1255 rectum
1138 1227 1172 1254 ad
1188 1227 1317 1263 pietatem
1347 1225 1468 1252 animum
1485 1224 1666 1255 obtinuerint,
1683 1226 1714 1250 ut

922 1281 956 1301 ex
972 1273 1063 1308 aliqua
1086 1277 1163 1308 parte
1176 1272 1353 1300 excellentius
1371 1270 1438 1298 illud
1451 1270 1540 1298 colere
1568 1277 1600 1297 ac
1614 1268 1714 1305 praedi-

923 1327 987 1346 care
1003 1319 1120 1354 possint.
1138 1319 1245 1346 Etenim
1262 1318 1286 1346 si
1304 1317 1331 1345 in
1346 1324 1430 1345 unum
1456 1317 1546 1344 locum
1563 1315 1710 1344 conferan-

928 1370 972 1392 tur
986 1373 1093 1398 omnes,
1110 1369 1137 1393 et
1152 1365 1259 1392 inlinito
1276 1364 1368 1399 plures
1384 1363 1560 1398 adjiciantur,
1579 1366 1661 1397 atque
1678 1360 1712 1388 ad

923 1410 1131 1438 collaudandutn
1151 1410 1235 1438 Deutn
1252 1410 1324 1438 vires
1348 1417 1414 1438 suas
1436 1417 1533 1437 omnes
1558 1408 1714 1442 intendant,

924 1464 1064 1492 nunquam
1080 1456 1231 1491 perfectum
1251 1456 1325 1483 illius
1350 1455 1523 1491 splendorem
1543 1461 1575 1481 ac
1598 1454 1712 1489 gloriam

925 1502 952 1529 in
968 1502 1067 1537 seipsis
1084 1502 1230 1537 concipere
1244 1504 1384 1536 poterunt,
1397 1507 1430 1528 eo
1448 1500 1521 1536 quod
1539 1499 1714 1535 praestantior

925 1548 971 1575 illa
987 1553 1084 1575 natura
1098 1547 1258 1575 inferiorum
1269 1568 1277 1580 ,
1294 1555 1326 1575 ac
1340 1547 1392 1575 sibi
1410 1547 1596 1581 subjectarum
1609 1547 1714 1580 cogita-

925 1593 1028 1621 tionem
1043 1600 1153 1620 omnem
1168 1596 1290 1628 superat,
1307 1593 1371 1620 licet
1389 1599 1439 1627 pro
1457 1592 1573 1624 viribus,
1590 1591 1645 1618 imo
1663 1598 1713 1618 su-

927 1645 975 1675 pra
985 1639 1070 1671 vircs,
1081 1638 1207 1666 laudibus
1221 1638 1420 1673 praeconiisque
1434 1637 1492 1665 suis
1503 1644 1565 1664 cum
1581 1642 1714 1672 praestat»

926 1685 997 1712 tiore
1020 1683 1164 1718 adaequare
1183 1691 1214 1711 se
1240 1687 1384 1711 conentur.
1406 1683 1453 1710 Est
1477 1684 1550 1710 enim
1577 1689 1630 1708 non
1655 1681 1717 1709 solo

903 1754 906 1758 .
927 1736 1063 1761 sermone,
1088 1728 1135 1756 sed
1159 1732 1302 1764 potestate,
1319 1736 1386 1756 voce
1409 1736 1441 1756 ac
1457 1729 1564 1755 ratione
1578 1731 1714 1763 prmstan-

927 1775 991 1802 tior.
1002 1774 1089 1802 Porro
1105 1774 1320 1809 incomparabile
1336 1782 1418 1802 unum
1431 1775 1465 1802 ab
1478 1775 1564 1802 altero
1575 1781 1714 1808 nunquam

80 1132 191 1158 πάντων
206 1131 351 1158 ὲπιτοαυτδ
361 1131 557 1166 συναχθέντων,
570 1133 616 1159 καὶ
630 1133 734 1168 μυρίων
745 1133 873 1159 ἐπέκεινα

79 1173 306 1210 διανενοημένων,
321 1175 388 1210 πρὸς
399 1174 482 1210 ὕμνον
494 1175 561 1202 Θεοῦ
576 1177 778 1204 ἐπεκτείνεσθαι
794 1177 873 1204 δυνα-

81 1220 182 1255 μένων,
195 1219 239 1246 τὺι
249 1219 350 1246 τέλειον
359 1221 407 1256 τῆς
418 1221 503 1257 αὐτῆς
515 1221 593 1257 δόξης
603 1223 632 1248 ὲν
642 1223 749 1254 ἑαυτοῖς
760 1223 872 1258 ἐμπερι-

80 1267 166 1301 έχειν,
186 1265 405 1302 ὑπερϐαινούσης
424 1266 468 1293 ἀεὶ
484 1267 534 1303 τῆς
549 1267 690 1303 ἀμείνονος
705 1267 758 1294 τῶν
773 1268 873 1294 ὑποϐε-

82 1312 208 1347 ϐηκότων
218 1313 268 1348 τὴν
281 1312 394 1344 ἔννοιαν,
415 1313 466 1340 κᾶν
481 1321 511 1339 τε
528 1313 599 1340 κατὰ
614 1313 727 1349 δύναμιν
740 1313 787 1340 καὶ
802 1314 873 1349 ὑπὲρ

80 1360 197 1395 δύναμιν
213 1360 281 1396 πρὸς
292 1360 455 1396 ὑμνολογίαν
468 1361 678 1387 ὲπεκτείνωνται
690 1360 729 1396 τῷ
739 1360 872 1396 ἀμείνονι.

83 1407 161 1433 Ἔστι
179 1406 234 1441 γὰρ
252 1407 282 1433 οὺ
297 1406 368 1441 λόγῳ
384 1406 515 1441 ἀμείνων,
531 1406 599 1433 ἀλλὰ
611 1406 736 1441 δυνάμει,
752 1407 799 1433 καὶ
812 1405 872 1432 ὀνό-

81 1461 159 1488 ματι,
180 1453 229 1479 καὶ
247 1452 328 1488 λόγῳ.
353 1452 422 1479 Ἀλλ’
436 1453 467 1478 ού
483 1451 577 1479 διοίσει
594 1452 624 1478 τὸ
642 1452 805 1488 ἀσύγκριτον
820 1452 873 1479 ἀπὸ

81 1499 128 1527 τοῦ
150 1499 316 1534 ἁσυγκρίτου
332 1499 349 1534 ἢ
366 1501 376 1515 ²
391 1499 437 1525 τοῦ
454 1499 595 1534 ἀμείνονος
611 1498 687 1534 παρὰ
701 1498 756 1526 τῶν
773 1498 871 1526 ὑποϐε-

82 1545 206 1580 61;me
219 1544 366 1578 δοξολογία.
384 1541 445 1571 Οἵδε
457 1544 512 1580 γὰρ
526 1544 553 1570 έν
567 1544 654 1578 Πατρὶ
668 1543 697 1570 τὸ
708 1543 818 1579 ἄμεινον
829 1544 873 1571 διὰ

81 1590 129 1618 τοῦ
144 1590 304 1624 ἀγεννήτου,
323 1590 370 1616 καὶ
388 1589 418 1616 τὸ
433 1589 543 1625 ἄμεινον
560 1588 590 1621 ἐξ
606 1582 688 1621 αὑτοῦ
704 1589 871 1624 γεγεννημέ-

82 1645 137 1663 νον.
152 1635 252 1670 Διόπερ
262 1634 404 1670 ὁμοούσιον
416 1634 542 1670 ὁμολογεῖ
557 1635 574 1669 ή
590 1633 702 1661 tae-0506
717 1633 872 1671 ἀνθρώποις

82 1681 150 1717 ὀρθὴ
175 1681 359 1717 κεχαρισμένη
380 1680 479 1708 ἔννοια·
499 1680 543 1706 ἵνα
563 1679 612 1715 μὴ,
634 1678 664 1706 τὺ
686 1679 873 1715 ἀνομοιούσιον

82 1728 251 1763 ὲπινοήσασα
269 1727 334 1754 Υἱοῦ
352 1726 420 1762 πρὸς
441 1726 561 1762 Πατέρα,
581 1726 712 1761 διαίρεσιν
727 1726 874 1761 ποιήσηται

82 1776 133 1810 τῆς
147 1774 290 1809 ἀμείνονος
303 1773 350 1800 καὶ
362 1773 532 1808 ἀκραιφνοῦς
547 1773 715 1808 τελειότητος
730 1772 763 1799 δι’
776 1769 805 1799 οὗ
819 1769 873 1798 οἶδε

83 1819 283 1855 γεγεννημένου
297 1820 326 1846 ὲν
336 1819 450 1854 ἀληθείᾳ
463 1818 514 1845 ὑπὸ
525 1818 573 1845 τοῦ
585 1818 780 1853 γεγεννηκότος
789 1817 873 1852 ἀσυγ-

928 1817 1128 1846 excellentioris
1154 1818 1188 1845 ab
1207 1817 1384 1846 inferioribus
1403 1822 1531 1853 suscepta
1559 1817 1715 1853 praedicatio

84 1865 185 1901 κρίτως
202 1864 291 1896 πάσας
307 1864 411 1896 ἑννοίας
428 1864 637 1900 ὑπερϐαίνοντος
650 1863 693 1890 διὰ
708 1863 738 1890 τὸ
750 1863 872 1898 ἄμεινον.

928 1863 1075 1898 separabit.
1100 1862 1181 1890 Novit
1204 1863 1278 1891 enim
1294 1863 1322 1891 in
1336 1863 1416 1891 Patre
1432 1863 1607 1898 praestantius
1625 1862 1716 1889 inesse

85 1911 239 1946 quiddam,
255 1913 391 1946 quatenus
416 1914 458 1938 est
482 1910 632 1945 ingenitus,
662 1917 694 1936 ac
726 1909 902 1944 praestantius
918 1909 1012 1938 itidem
1039 1917 1101 1937 esse
1125 1909 1177 1936 hoc
1196 1908 1268 1944 qttod
1295 1909 1329 1936 ab
1352 1917 1385 1937 eo
1409 1909 1529 1944 genitum
1552 1912 1605 1936 est.
1634 1907 1716 1942 953

85 1959 270 1992 Quamobrem
282 1965 347 1985 vera
376 1964 408 1983 ac
423 1956 551 1988 sincera,
574 1963 655 1990 quam
672 1955 744 1982 Deus
770 1955 926 1982 ltominibus
955 1955 1123 1990 impertitur,
1158 1955 1338 1990 intelligentia
1369 1955 1631 1982 consubstantialem
1654 1961 1717 1981 esse

85 2005 158 2033 Patri
187 2004 287 2031 Filium
312 2002 466 2038 proﬁtetur,
485 2010 522 2030 ne
547 2002 569 2031 si
592 2001 735 2029 dissimilis
752 2001 813 2029 illos
843 2001 972 2029 essentia:
998 2001 1161 2033 constituat,
1188 2000 1375 2028 excellentiori
1402 2001 1439 2028 illi
1463 2008 1495 2028 ac
1520 1999 1714 2028 sincerissima

85 2050 246 2088 perfectioni
274 2050 419 2078 divisionis
440 2047 544 2083 aliquid
570 2047 700 2079 inducat,
733 2054 795 2073 cutn
827 2046 871 2074 ille
889 2046 961 2081 ipse,
981 2045 1060 2080 cujus
1093 2046 1145 2073 ista
1179 2045 1309 2073 beneﬁcio
1329 2045 1462 2080 percipit,
1486 2052 1500 2072 a
1525 2046 1647 2080 genitore
1671 2050 1715 2071 re-

85 2108 149 2127 vera
179 2098 215 2126 sit
238 2098 363 2132 genitus,
387 2101 413 2125 et
437 2096 646 2132 intelligentiam
669 2101 798 2126 omnem,
839 2100 894 2128 pra:
927 2092 1087 2120 excellentia
1121 2099 1191 2125 sua,
1223 2092 1283 2120 sine
1310 2093 1366 2119 ulla
1396 2092 1600 2126 comparatione
1624 2094 1717 2116 trans-

85 2147 195 2175 cendat.

1167 2191 1257 2219 AETlI
1274 2191 1390 2220 CAPUT
1406 2191 1475 2219 XIV.

281 2203 478 2232 ΚΕΦΛΛΑΙΟΝ
494 2202 621 2229 ΑΕΤΙΟΥ
635 2202 684 2228 1Δ¹.
893 2203 917 2231 D

121 2253 153 2280 El
167 2252 205 2288 μὴ
226 2252 294 2278 εἴκει
307 2252 324 2286 ἡ
336 2251 482 2285 ἀγέννητος
497 2249 578 2284 φύσις
590 2248 705 2282 γενέσει,
717 2245 787 2273 τοῦτ’
802 2245 874 2271 ἔστιν

84 2299 99 2326 δ
112 2299 231 2332 λέγεται.
250 2297 282 2324 Εἰ
293 2297 321 2323 δὲ
329 2296 400 2323 εἴκει
412 2295 528 2330 γενέσει,
545 2295 579 2321 τὰ
595 2294 644 2328 τῆς
658 2292 790 2327 γενέσεως
801 2289 874 2325 πάθη

85 2346 135 2381 τῆς
150 2343 326 2374 ὑποστάσεως
340 2342 387 2368 τοῦ
400 2341 467 2368 Θεοῦ
483 2340 525 2376 εἴη
539 2340 651 2375 ἄμεινον
666 2339 691 2367 ³.

368 2439 532 2474 ’Λνατροπὴ
551 2439 605 2466 1Δ’.

124 2490 164 2517 A’.
184 2489 261 2525 Πάοη
288 2488 355 2519 ὅλως
377 2488 406 2513 ὲν
431 2485 491 2520 Θεῷ
513 2484 664 2521 διηγεῖσθαι
686 2482 875 2509 ἀσεϐέστατον.

85 2538 160 2564 Εἴπω
171 2536 225 2571 γὰρ
237 2534 331 2562 παθῶν
342 2534 396 2560 οὐδ’
408 2533 476 2564 ὅλως
488 2531 643 2566 περιέχεται
655 2529 684 2556 τὸ
694 2529 780 2555 Θείον.
800 2528 878 2554 Ἀνω-

85 2583 161 2611 τάτω
174 2583 202 2609 δὲ
218 2582 247 2608 ὃν
264 2582 274 2596 ⁸
288 2580 343 2607 τῶν
355 2579 495 2609 τοιούτων,
514 2578 567 2604 τῶν
582 2578 611 2603 ἐν
625 2577 690 2611 ἡμῖν
704 2577 743 2607 είς
757 2582 878 2610 μεριστι-

86 2629 138 2660 κάς
167 2627 272 2659 ἑννοίας
296 2626 512 2656 ὑποπιπτόντων,
539 2623 610 2649 κατὰ
636 2622 724 2649 πάντα
744 2621 845 2656 τρόπον
861 2621 876 2646 ὁ

93 2675 197 2702 ’Δετίου
210 2673 288 2707 λόγος
299 2672 532 2707 ἁνατραπήσεται.
548 2670 639 2696 Πάντα
652 2668 707 2703 γὰρ
721 2667 756 2694 τὰ
770 2668 799 2693 ὲν
811 2667 876 2702 ἡμῖν

88 2720 248 2754 παθητικῶς
259 2718 450 2754 συμϐαίνοντα,
464 2718 492 2743 ὲν
503 2715 562 2751 Θεῷ
571 2714 684 2746 ἀπαθῶς
700 2713 874 2748 συνέστηκεν.

93 2767 138 2794 Ἐν
153 2767 218 2802 ἡμῖν
234 2766 288 2800 γὰρ
307 2765 376 2791 κατά
391 2773 417 2791 τι
443 2764 524 2799 μέρος
543 2762 573 2788 τὸ
595 2761 681 2788 θέλειν
700 2760 758 2787 ἐστὶ
774 2758 874 2790 πάθος·

149 2846 181 2876 F.
195 2847 264 2882 πρὸς
280 2846 320 2873 τό.
359 2848 368 2863 ³
388 2846 450 2873 Cor.
463 2846 491 2880 ἡ.
530 2845 539 2860 ³
558 2843 588 2871 F.
602 2842 714 2878 ἀμείνω.
752 2843 762 2857 ⁸
779 2839 810 2868 ι’.
823 2839 909 2871 ὅντος.

964 2240 993 2268 Si
1013 2238 1132 2275 ingenita
1159 2243 1258 2265 natura
1292 2237 1460 2273 generationi
1490 2238 1601 2266 minimc
1625 2239 1716 2271 cedat,

930 2287 1061 2314 habemus
1085 2284 1157 2319 quod
1190 2284 1328 2312 volumus.
1358 2283 1405 2310 Sin
1430 2284 1597 2319 generationi
1626 2284 1718 2318 cedat,

918 2331 1114 2368 generationis
1138 2329 1297 2358 aﬂectioues
1309 2330 1401 2357 divina
1417 2330 1570 2358 substantia
1585 2335 1718 2366 praestan-

930 2379 1016 2406 tiores
1026 2380 1119 2405 erunt.

1199 2433 1353 2468 Confututio
1378 2432 1420 2460 XI
1428 2433 1458 2460 V.

966 2481 988 2509 l.
1004 2480 1071 2509 Esse
1087 2481 1193 2516 aliquas
1211 2480 1237 2506 in
1261 2479 1316 2506 Deo
1329 2478 1486 2508 allectiones
1510 2479 1612 2511 dicere,
1633 2479 1722 2507 sacri-

931 2527 1021 2562 legum
1036 2530 1116 2555 estet
1131 2526 1255 2561 impium.
1268 2525 1393 2552 Divinum
1405 2525 1505 2560 quippe
1526 2534 1625 2553 muucn
1641 2526 1723 2553 nullis

931 2578 973 2602 est
996 2573 1185 2602 atl'ectionibus
1208 2572 1368 2603 obnoxium,
1389 2575 1416 2599 et
1439 2571 1482 2598 his
1497 2571 1624 2599 omnibus
1641 2579 1723 2606 sape-

930 2621 988 2648 rius
1011 2624 1064 2652 est,
1085 2628 1145 2655 qua:
1170 2618 1300 2654 peculiari
1325 2618 1481 2653 cognitione
1506 2625 1538 2645 ac
1557 2618 1724 2653 cogitatione

930 2666 1197 2702 comprehendimus.
1213 2665 1303 2697 Quare
1316 2663 1388 2697 quod
1403 2663 1437 2690 ab
1455 2663 1532 2690 Aetio
1553 2661 1722 2697 propositum

930 2717 982 2744 est,
1005 2712 1129 2739 funditus
1149 2713 1296 2738 evertetur.
1330 2708 1396 2736 Nam
1415 2716 1475 2743 qua:
1498 2708 1576 2734 nobis
1595 2713 1657 2733 cum
1682 2705 1723 2733 af-

932 2758 1048 2786 fectione
1068 2758 1159 2792 aliqua
1174 2755 1347 2790 contingunt,
1365 2755 1418 2782 Deo
1436 2755 1495 2783 sine
1507 2753 1561 2781 ulla
1579 2751 1721 2780 atlectione
