1945 3043
233 147 285 176 ὅῖθ

929 134 960 163 S.
979 131 1150 160 EPIPIIANI!

1808 133 1859 163 580

232 208 409 237 conveniunt.
427 207 566 242 Siquidem
579 207 606 234 in
626 206 704 234 nobis
719 205 786 232 velle
804 205 904 240 ipsum.
920 202 1018 238 partim

1075 197 1103 223 οὐ
1115 199 1145 225 τὸ
1159 198 1244 225 θέλειν
1261 197 1381 225 εὐσεϐεῖν
1400 197 1480 233 λέγω,
1496 197 1564 225 ἀλλὰ
1583 197 1614 224 τὸ
1627 197 1715 224 θέλειν
1731 206 1757 224 τι
1771 196 1858 231 πράτ-

234 255 342 283 a‘Tectio
370 255 492 290 qutedam
515 257 568 286 est,
594 260 666 284 non,
696 251 812 286 exempli
836 257 930 281 causa,
950 249 1019 276 velle

235 302 310 336 pium
333 308 404 332 esse,
429 300 507 333 dico;
524 299 571 327 sed
588 298 687 333 aliquid
700 297 834 333 ejusmodi
850 297 917 324 velle
929 295 1018 323 facere

235 347 308 381 quod
336 351 440 374 natum.
470 351 577 380 captum
606 347 727 380 superat,
747 342 865 378 ecquod
887 341 1020 369 voluntati

236 393 348 428 obsequi
366 393 477 420 minime
492 392 639 426 possimus,
658 391 731 418 velut
746 390 773 416 in
789 389 898 416 homine
917 388 1019 420 volare,

236 439 328 465 autin
348 445 436 465 aerem
460 438 534 468 t'erri,
561 440 607 463 aut
621 436 747 471 profundi
772 442 855 462 venas
883 433 1019 467 indagare,

237 489 315 511 terra!
340 483 452 510 fundum
478 482 643 516 investigare
662 485 688 507 et
715 480 741 508 id
759 487 844 515 genus
856 479 919 505 alia.
934 476 1021 510 Quid-

236 529 301 563 quid
317 534 405 557 autem
423 537 485 556 cum
501 529 591 563 aliqua
615 527 758 554 atl'eetione
779 530 884 553 natura:
899 532 965 550 mete
984 523 1023 549 in-

235 576 318 603 situm
334 581 385 607 est,
402 575 466 602 illud
483 582 563 601 omne
571 574 639 601 citra
653 573 806 608 passionem
822 573 894 598 inest
915 571 940 597 ia
954 570 1020 597 Deo.

238 621 306 648 llinc
336 625 378 648 est
402 620 473 656 quod
490 627 658 655 quaecunque
687 618 745 644 vult
769 617 899 653 perficere
919 619 1020 650 potest,

235 667 363 701 quoniam
379 670 476 693 natura
490 666 549 700 ejus
563 665 694 692 voluntati
720 672 773 690 non
792 663 956 692 reluctatur;
972 668 1021 687 no-

236 718 292 739 stra
308 719 373 739 vero
387 713 413 738 in
431 711 510 739 nobis
526 711 592 746 ipsis
605 713 748 745 repugnat,
763 707 870 744 quoties
881 708 1021 734 voluntate

235 759 270 786 ad
295 758 322 785 id
355 757 532 788 intendimur,
550 756 621 791 quod
639 756 697 782 ﬁeri
716 754 828 781 omnino
846 761 900 780 non
922 754 1019 787 potest.

235 802 336 831 Verum
354 802 426 837 quod
450 802 533 829 Deum
551 801 671 828 diximus
682 807 742 835 qua:
753 799 817 826 velit
832 798 921 825 omnia
939 796 1020 832 perti-

236 857 312 881 cere,
320 856 374 876 non
386 852 428 876 est
442 848 514 882 quod
526 847 626 882 aliquis
636 846 746 881 obiiciat
759 841 1020 872 tacereillumetiam

236 904 296 931 qua:
320 895 410 922 minus
442 894 564 922 deceant.
585 893 762 928 Nequaquam
791 897 869 922 vero;
893 895 955 915 nam
978 887 1022 913 illa

236 941 304 971 vult.
319 947 379 975 quae
404 947 434 966 re
456 939 514 973 ipsa
537 937 612 969 facit,
627 937 734 964 ratione
749 943 805 963 suae
821 933 961 969 dignitatis
976 931 1024 958 ha-

237 985 304 1014 hila.
321 984 388 1011 adeo
404 988 432 1010 ut
460 990 547 1017 neque
571 981 698 1017 potestati
712 980 848 1009 voluntas,
867 984 954 1012 neque
974 984 1022 1003 vo-

237 1027 335 1055 luntati
351 1027 386 1054 sit
405 1026 544 1053 contraria
562 1029 684 1060 potestas
701 1032 707 1051 :
721 1032 775 1051 non
788 1023 861 1059 quod
876 1024 964 1052 facere
980 1030 1024 1051 nc-

236 1077 329 1109 qucat,
346 1072 393 1100 sed
412 1071 484 1107 quod
504 1079 558 1098 non
579 1071 671 1098 libeat.

273 1117 304 1144 ll.
320 1117 466 1150 Pra-terea,
487 1121 631 1152 postquam
649 1116 711 1143 talis
733 1119 775 1144 est
799 1114 971 1141 all'ectionum
995 1114 1022 1141 in

235 1162 291 1190 Deo
305 1163 455 1190 constituta
478 1162 613 1194 vacuitas,
633 1169 695 1188 cum
719 1161 745 1188 in
761 1160 841 1188 nobis
863 1159 1024 1194 ueterisque

235 1209 335 1236 creatis
350 1209 432 1235 rebus
450 1207 545 1235 eadem
567 1208 612 1235 illa
626 1215 687 1234 cum
708 1205 896 1233 aﬂ‘ectionibus
912 1205 1024 1239 conjun-

234 1261 278 1282 cta
291 1255 355 1286 sint,
372 1253 456 1289 954
469 1253 491 1280 si
508 1253 542 1280 ad
556 1253 631 1280 illum
653 1252 762 1279 modum
778 1251 916 1286 quidpiam
933 1251 1024 1278 animo

235 1299 419 1333 concipiatur,
436 1298 488 1325 alia
502 1305 599 1325 rursus
611 1297 718 1324 affectio
729 1305 760 1323 ex
777 1296 816 1323 rei
829 1296 943 1323 veritate
957 1302 1024 1322 con-

236 1345 338 1372 ﬁtenda
349 1344 441 1376 fuerit,
458 1347 485 1370 ct
502 1347 564 1378 post
581 1343 651 1369 hanc
675 1342 760 1377 ipsam
777 1341 873 1371 altera,
891 1341 1025 1375 tertiaque

235 1390 373 1418 similiter.
391 1389 447 1417 Nos
472 1389 582 1424 quidem
606 1395 659 1415 non
680 1388 739 1415 sine
755 1385 896 1414 aﬂ‘eetione
909 1391 1024 1420 genera-

235 1442 299 1463 mus
326 1440 374 1463 aut
396 1436 543 1471 gignimur,
561 1438 705 1470 propterea
724 1433 796 1468 quod
817 1436 913 1459 natura
929 1435 1024 1458 nostra

237 1485 452 1516 morarunique
480 1489 582 1512 rerum,
611 1487 672 1515 qua:
697 1480 821 1515 gignunt,
845 1482 892 1505 aut
914 1478 948 1505 ab
962 1477 1023 1505 aliis

238 1527 396 1563 gignuntur,
409 1527 581 1562 partitionem
598 1525 727 1556 admittit,
744 1532 775 1551 ac
789 1523 927 1559 protluens
943 1527 1023 1551 estet

237 1570 394 1605 collatatur,
418 1576 466 1599 aut
494 1571 672 1604 contrahitur,
682 1575 709 1598 et
729 1571 809 1598 molis
825 1570 1022 1598 incrementum

237 1619 281 1648 vel
293 1619 500 1646 diminutionem
519 1618 632 1653 patitur,
647 1625 679 1644 ac
692 1621 789 1644 caetera
809 1615 836 1643 id
852 1623 948 1651 genus,
964 1623 1024 1650 qum

236 1674 300 1694 cum
313 1665 455 1693 aﬂ‘ectione
465 1665 609 1699 conjuncta
625 1668 698 1696 sunt,
716 1664 837 1692 eamdem
851 1664 886 1691 ob
901 1670 1023 1691 causam.

238 1709 266 1736 In
283 1710 337 1738 Deo
355 1718 420 1737 vero
437 1710 504 1737 nihil
519 1710 669 1744 ejusmodi,
681 1709 745 1737 dum
759 1708 858 1736 Filium
871 1713 1023 1744 generaret,

238 1758 326 1784 locum
349 1756 449 1783 habere
472 1756 569 1790 potuit.
582 1755 649 1782 Nam
666 1756 689 1784 si
708 1756 761 1783 tale
772 1756 911 1791 quidpiam
923 1755 950 1783 in
964 1755 1024 1791 ipso

239 1801 381 1829 exst.tisse
393 1801 528 1834 dicamus,
549 1806 578 1828 ut
594 1802 684 1830 inanis
714 1803 829 1830 istorum
850 1801 904 1829 fert
919 1801 1023 1836 opinio,

237 1855 299 1883 qutr
324 1847 358 1874 ad
387 1848 562 1875 evertendam
583 1847 630 1876 Dei
653 1848 773 1876 sobolem
793 1848 922 1884 pertinet,
937 1855 970 1875 ex
985 1847 1024 1874 al-

238 1897 309 1926 tero,
321 1895 394 1928 quod
416 1893 442 1919 in
459 1893 537 1920 nobis
551 1894 631 1925 inest,
653 1894 706 1922 tale
720 1894 853 1921 adversus
871 1893 932 1920 illos
943 1901 1024 1928 argu-

239 1943 359 1964 mentum
381 1937 538 1966 elht-iemus.
565 1938 672 1966 Etenim
699 1939 779 1966 nobis
803 1938 881 1973 ipsis,
896 1938 942 1973 qui
968 1945 1023 1965 non

239 1984 299 2011 sine
313 1983 454 2012 aﬂectione
469 1985 615 2019 gignimus,
636 1989 683 2012 aut
704 1985 851 2020 gignimur,
872 1984 1023 2012 secundum

239 2029 375 2064 quoddam
391 2030 501 2057 insitum
519 2035 561 2058 est
574 2030 726 2058 aﬂ'ectionis
739 2038 835 2066 genus,
849 2037 911 2057 cum
921 2029 1024 2064 aliquid

239 2080 424 2111 procreamus.
453 2076 520 2103 Tum
537 2077 609 2104 enim
636 2076 748 2112 perinde
767 2076 895 2110 patimur,
912 2083 944 2103 ac
959 2075 1024 2103 dum

239 2122 386 2156 gignimus.
412 2126 458 2148 aut
482 2122 628 2157 gignimur.
655 2121 735 2156 Atqui
752 2121 834 2149 Deum
850 2129 907 2154 vos,
931 2122 953 2148 si
970 2129 1024 2149 non

239 2166 399 2201 genitorem,
430 2170 503 2193 certe
523 2170 673 2193 creatorem
695 2166 862 2201 agnoscitis;
887 2171 969 2201 atque
996 2170 1025 2193 ut

1072 254 1138 276 τειν,
1155 245 1222 280 ὅπερ
1235 245 1309 271 ἐστὶν
1320 245 1390 281 ὑπὲρ
1406 245 1497 279 φύσιν,
1513 244 1558 271 διὰ
1570 245 1600 271 τὸ
1615 245 1651 280 μὴ
1662 244 1793 271 δύνασθαι
1805 245 1860 271 ἑπι-

1071 291 1157 317 τελείν
1173 291 1202 317 τὸ
1223 290 1341 325 καθῆκον
1362 290 1410 317 τοῦ
1430 290 1598 326 θελήματος·
1616 289 1672 317 οἷον
1691 291 1729 322 ὡς
1745 291 1793 317 ἐπὶ
1814 291 1858 317 ἀν-

1073 337 1173 372 θρώπῳ
1187 337 1275 372 λέγειν
1297 337 1326 363 τὸ
1343 337 1453 371 πτῆναι,
1469 337 1498 364 τδ
1514 337 1554 369 εἰς
1576 337 1644 373 ἀέρα
1668 336 1812 371 φέρεσθαι,
1831 344 1859 363 το

1073 384 1122 415 τὰς
1139 384 1239 418 φλέϐας
1259 383 1306 410 τοῦ
1324 383 1404 418 βυθοῦ
1429 384 1610 418 κατανοῆσαι,
1636 383 1667 409 τὺ
1691 383 1794 410 εἰδέναι
1810 391 1858 408 πυ-

1074 430 1156 466 θμίας
1170 431 1231 466 γῆς,
1246 431 1293 457 καὶ
1307 430 1342 457 τὰ
1363 430 1467 462 τούτοις
1483 431 1574 466 ὃμοια.
1596 431 1677 457 ’Ὀσον
1690 430 1718 457 δέ
1735 432 1810 457 ἐστιν
1832 431 1860 456 ὲν

1074 477 1135 512 ἐμοὶ
1156 477 1314 512 παθητικῶς
1336 478 1524 512 συνεχόμενον,
1547 477 1674 504 τοσοῦτον
1697 477 1725 503 ὲν
1748 476 1788 512 τῷ
1803 476 1860 511 Θεῷ

1074 523 1185 555 ἀπαθῶς
1203 524 1275 550 ἐστιν
1289 524 1419 559 ὑπάρχον,
1439 524 1487 550 Διὰ
1501 523 1580 550 τοῦτο
1598 524 1684 551 πάντα
1698 525 1749 550 ὅσα
1767 523 1860 558 βούλε-

1073 577 1128 600 ται,
1142 569 1273 596 δύνασθαι
1291 571 1297 585 ¹
1318 570 1458 605 πράττειν.
1473 569 1524 604 τῆς
1546 570 1651 604 φύσεως
1670 569 1745 604 αὐτῷ
1761 570 1799 605 μὴ
1814 570 1861 596 άν-

1073 614 1273 650 τιπραττούσης
1290 615 1356 650 πρὸς
1372 615 1403 642 τὸ
1425 615 1558 651 βούλημα,
1573 615 1621 650 τῆς
1638 616 1666 642 δὲ
1682 615 1824 651 ἡμετέρας
1834 616 1861 642 ἐν

1073 661 1139 695 ἡμῖν
1149 660 1382 696 ἀντιπραττούσης
1394 661 1461 697 πρὸς
1470 662 1502 688 τά
1517 661 1740 697 βουλήματα,ὂσα
1752 661 1821 696 πρὸς
1833 661 1861 688 τδ

1074 704 1202 731 ἀδύνατον
1210 705 1491 734 ὲπεκτείνεσθαίὲστιν
1500 708 1528 733 ὲν
1536 708 1610 742 ἡμῖν.
1618 707 1729 734 Καὶούε
1737 708 1780 734 ὅτι
1789 707 1863 734 εἴπο-

1075 758 1126 785 μεν
1136 750 1181 776 τὸν
1194 750 1260 777 Θεὸν
1271 750 1401 786 πράττειν
1414 751 1428 778 ὅ
1441 751 1575 786 βούλεται,
1588 752 1697 784 πάντως
1709 751 1799 784 λέξειὲ
1811 761 1863 784 τις,

1073 796 1113 822 δτι
1128 796 1245 831 Πράττει
1255 794 1301 824 οὖν
1313 796 1347 823 τὰ
1361 797 1399 832 μὴ
1410 798 1559 833 πρέποντα⁹
1571 798 1601 824 οὑ
1616 798 1735 829 πάντως.
1756 798 1863 825 Ἐκεῖνα

1075 841 1129 878 γὰρ
1144 842 1278 878 βούλεται.
1300 842 1317 870 ἃ
1332 844 1380 870 καὶ
1401 843 1526 878 πράττει.
1550 844 1687 878 ἀναλόγως
1706 844 1758 879 τῆς
1779 843 1862 871 αὑτοῦ

1076 888 1163 921 ἀξίας,
1176 882 1237 915 οὔτε
1252 889 1300 916 τοῦ
1321 888 1401 924 βουλή
1407 898 1492 924 ματος
1505 890 1731 925 ἀντιπράττοντος
1749 890 1821 925 πρὸς
1833 889 1863 916 ab

1076 933 1113 969 μὴ
1125 933 1264 966 δύνασθαι,
1276 934 1337 961 οὔτε
1351 934 1396 961 τοῦ
1410 934 1539 962 δύνασθαι
1550 935 1687 962 ἀντιθέτου
1702 935 1781 968 ὄντος
1794 936 1864 972 πρὸς

1073 978 1104 1004 τὺ
1121 978 1272 1013 βούλεσθαι,
1288 980 1318 1006 οὐ
1333 979 1377 1007 διὰ
1390 980 1419 1007 τὸ
1435 980 1471 1016 μὴ
1486 980 1624 1014 δύνασθαι,
1639 980 1706 1008 ἀλλὰ
1718 981 1764 1008 διὰ
1778 981 1810 1008 τὸ
1826 979 1864 1017 μὴ

1075 1024 1151 1060 βούλε
1156 1025 1226 1052 σθαι.

1110 1116 1146 1142 B’.
1165 1116 1220 1143 Kal.
1229 1116 1326 1148 ἄλλως·
1338 1117 1410 1144 Μετὰ
1423 1117 1474 1152 τὴν
1484 1118 1609 1154 τοιαύτην
1619 1118 1753 1146 ἀπάθειαν
1765 1119 1794 1146 ὲν
1805 1119 1866 1155 Θεῷ

1074 1161 1260 1196 ὑπάρχουσαν,
1273 1164 1301 1189 έν
1313 1163 1378 1197 ἡμῖν
1389 1162 1418 1188 δὲ
1432 1164 1480 1190 καὶ
1490 1163 1518 1190 ἄ)
1524 1163 1579 1195 λοις
1591 1164 1722 1199 κτίσμασι
1736 1164 1865 1200 παθητὴν

1074 1204 1167 1238 οὖσαν,
1188 1206 1236 1233 ἐὰν
1256 1207 1346 1242 συμϐῇ
1362 1206 1448 1239 οὕτως
1469 1207 1641 1239 διανοεῖσθαι,
1666 1208 1747 1235 πάλιν
1769 1209 1865 1245 ἕτερον

1075 1251 1161 1283 πάθος
1174 1251 1245 1278 κατὰ
1265 1253 1314 1287 τὴν
1334 1252 1461 1288 ἀλήθειάν
1487 1255 1561 1283 ἔνι-τιν
1580 1255 1775 1290 ὁμολογητέοψ
1796 1257 1866 1290 μετὰ

1074 1297 1102 1324 δὲ
1122 1297 1152 1324 τὸ
1173 1297 1298 1332 δεύτερον
1314 1298 1362 1325 καὶ
1382 1299 1473 1334 τρίτον
1494 1299 1550 1326 ἐστὶ
1569 1300 1754 1336 διανοηθῆναι.
1779 1302 1868 1330 Πάθει

1074 1343 1224 1378 γεννῶμεν,
1241 1344 1289 1370 καὶ
1313 1344 1483 1379 γεννώμεθα,
1507 1345 1557 1381 τῆς
1582 1346 1720 1382 ἡμετέρας
1742 1347 1866 1382 φύσεως,

1075 1389 1122 1414 καὶ
1135 1388 1185 1423 τῆς
1197 1388 1252 1415 τῶν
1272 1389 1360 1416 ἄλλων
1380 1390 1434 1416 τῶν
1449 1391 1626 1425 γεννωμένων
1644 1392 1691 1418 καὶ
1706 1392 1868 1426 γεννώντων

1074 1433 1160 1469 τομὴν
1183 1433 1394 1469 ὑποδεχομένης,
1412 1436 1459 1462 καὶ
1483 1435 1560 1471 ῥύσιν
1582 1437 1744 1472 ἐπεχούσης,
1763 1438 1871 1466 πλατυ-

1076 1479 1143 1514 σμόν
1157 1488 1187 1506 τε
1203 1480 1251 1506 καὶ
1273 1480 1411 1515 συστολὴν.
1427 1481 1508 1515 ὄγκον
1520 1490 1549 1508 τε
1567 1482 1614 1508 καὶ
1633 1483 1757 1517 μείωσιν,
1772 1483 1822 1510 καὶ
1833 1483 1869 1512 τὰ

1077 1525 1144 1552 ἄλλα
1161 1526 1260 1557 πάντα.
1276 1524 1386 1562 ὅσαπερ
1395 1527 1475 1554 πάθει
1496 1530 1634 1563 συνέχεται
1650 1529 1694 1556 διὰ
1703 1529 1755 1564 τὴν
1771 1529 1868 1557 τοιαύ-

1075 1580 1125 1607 την
1139 1572 1237 1599 αίτίαν.
1260 1573 1303 1598 Ἐν
1319 1572 1378 1607 Θὲῷ
1394 1572 1422 1599 δὲ
1441 1573 1517 1600 οὐδὲν
1530 1574 1632 1600 τούτων
1647 1575 1676 1601 ἐν
1689 1575 1729 1610 τῷ
1741 1576 1789 1603 τὸν
1802 1576 1868 1603 Υὶδν

1075 1618 1267 1652 γεγεννηκέναι
1289 1618 1450 1654 ὲνυπῆρξεν.
1465 1620 1496 1646 El
1510 1619 1564 1655 γὰρ
1582 1619 1702 1655 ὑπῆρξεν
1725 1621 1755 1648 ἓν
1771 1630 1799 1648 τι
1812 1622 1869 1649 τῶν

1074 1663 1202 1691 τοιούτων
1226 1665 1255 1690 ὲν
1274 1664 1343 1699 Θεῷ,
1362 1664 1432 1691 κατὰ
1454 1665 1502 1700 τὴν
1516 1666 1733 1702 προφασιστικὴν
1747 1668 1789 1699 είς
1802 1668 1869 1695 ἀνα.

1074 1709 1179 1745 τροπὴν
1200 1709 1247 1736 τοῦ
1271 1711 1440 1745 γεννήματος
1462 1711 1598 1744 ὑπόνοιαν,
1623 1711 1677 1738 ἀπὸ
1697 1712 1744 1738 τοῦ
1770 1713 1869 1748 ἑτέρου

1075 1758 1136 1785 καθ’
1150 1759 1224 1793 ἡμᾶς
1244 1758 1352 1794 μέρους,
1374 1758 1520 1791 ἀντιθέτως
1544 1760 1611 1795 πρὸς
1636 1760 1736 1792 αὐτοὺς
1756 1761 1867 1797 ῥητέον,

1074 1804 1114 1831 ὅτι
1133 1805 1162 1830 ὲν
1177 1805 1243 1840 ἡμῖν
1259 1805 1315 1835 τοῖς
1336 1805 1364 1830 ὲν
1379 1804 1460 1831 πάθει
1473 1805 1588 1838 γεννῶσί
1605 1814 1635 1832 τε
1653 1806 1700 1832 καὶ
1725 1807 1865 1842 γεννωμέα

1074 1858 1130 1881 νοις
1143 1850 1226 1881 πάθος
1238 1849 1296 1876 ἐστὶ
1309 1849 1435 1885 δεύτερον
1448 1851 1476 1877 ὲν
1488 1850 1527 1886 τῷ
1538 1850 1650 1882 κτίζειν,
1665 1851 1711 1878 καὶ
1724 1853 1869 1887 πάσχομεν

1075 1895 1103 1921 ἐν
1120 1895 1159 1930 τῷ
1172 1896 1270 1931 γεννᾷν
1283 1904 1313 1922 τε
1328 1896 1375 1922 καὶ
1388 1895 1545 1929 γεννᾶσθαι.
1560 1896 1626 1928 θεὸς
1641 1896 1669 1922 δὲ
1682 1897 1696 1923 ὁ
1714 1897 1782 1932 παρ’
1802 1897 1864 1932 ὑμῖν

1074 1941 1196 1976 κτίστης,
1215 1941 1262 1967 καὶ
1279 1941 1310 1967 οὺ
1324 1942 1462 1977 γεννήτωρ
1482 1941 1688 1977 ὲπινοούμενος·
1700 1944 1738 1973 ὡς
1754 1942 1801 1971 διὰ
1815 1942 1867 1978 μὲν

1074 1987 1104 2013 τὸ
1123 1988 1219 2022 γεννᾷν
1234 1987 1440 2023 ἀνατρεπικῶς.
1456 1987 1488 2014 τὺ
1508 1987 1593 2019 πάθος
1614 1988 1803 2023 παραφέρετε,
1822 1990 1866 2016 ἵνα

1074 2032 1123 2068 τὴν
1139 2032 1204 2059 Υἱοῦ
1227 2033 1392 2068 γνησιότητα
1411 2033 1583 2069 ἁρνήσησθε·
1605 2033 1674 2069 λήθῃ
1695 2034 1724 2060 δὲ
1748 2034 1866 2070 παραδι-

1074 2077 1151 2105 δόατε
1167 2078 1197 2105 τὸ
1209 2078 1255 2104 ἐπὶ
1263 2078 1303 2113 τῷ
1314 2079 1416 2110 κτίζειν
1431 2079 1526 2110 πάθος,
1538 2079 1606 2114 ὅπερ
1618 2080 1664 2106 καὶ
1675 2079 1741 2106 αὐτὸ
1753 2081 1783 2106 ἐν
1795 2080 1866 2115 Θεῷ.

1075 2124 1105 2150 οὺ
1119 2124 1203 2155 πάθος
1223 2124 1350 2159 ὑπάρχει,
1366 2124 1402 2160 μὴ
1420 2125 1539 2159 γένοιτοί
1559 2125 1627 2152 Οὔτε
1647 2125 1701 2161 γὰρ
1715 2127 1799 2161 ἡμεῐς
1814 2127 1866 2154 πάι

1075 2169 1121 2202 θος
1135 2169 1211 2205 αὐτῷ
1225 2171 1429 2206 προσάπτομεν,
1442 2171 1637 2206 ὁμολογοῦντες
1656 2171 1738 2198 αὑτὸν
1751 2171 1866 2208 κτίστην

239 2207 301 2238 Filii
316 2211 522 2246 germanitatem
540 2210 727 2245 abnegetis,et
747 2211 911 2238 catholicum
923 2211 1021 2246 dogma

1075 2216 1137 2242 ὄντα
1149 2215 1202 2243 τῶν
1214 2216 1351 2244 ἁπάντων.
1368 2217 1435 2243 Οὐδὲ
1453 2217 1533 2244 πάλιν
1553 2217 1636 2249 πάθος
1656 2217 1686 2244 δν
1701 2218 1766 2253 περὶ
1783 2207 1865 2246 αὐτον

239 2256 416 2288 convellatis,
446 2256 614 2289 generationi
639 2255 747 2291 quidem
775 2256 946 2284 atreuionem
973 2258 1023 2284 tri-

240 2301 333 2334 buitis,
348 2302 471 2329 eamdem
485 2309 548 2328 vero
563 2301 589 2328 in
605 2302 742 2329 creatione
750 2302 928 2330 dissimulatis
944 2312 951 2329 :
964 2310 1024 2337 quae.

239 2351 267 2375 et
283 2347 340 2381 ipsa
359 2347 386 2373 in
410 2345 462 2374 Deo
488 2347 632 2381 reperitur,
649 2353 699 2373 nec
720 2347 746 2374 in
764 2354 796 2374 eo
810 2351 899 2374 tamen
917 2346 1024 2374 aﬂ‘ectio

240 2397 292 2424 est,
311 2392 382 2419 absit
406 2395 436 2418 ut
464 2391 530 2418 illud
552 2391 686 2420 dicamus.
707 2391 762 2419 Nos
782 2392 854 2420 enim
878 2392 981 2419 nullam
998 2393 1023 2420 ci

240 2436 409 2465 atiectionem
440 2440 582 2472 propterea
611 2437 775 2470 tribuimus,
799 2437 870 2472 quod
900 2439 1022 2466 oumium

240 2488 390 2510 creatorem
406 2490 467 2510 esse
489 2482 635 2510 fateamur.
652 2483 783 2511 Similiter
802 2490 837 2510 ne
853 2482 1022 2511 alTectionein

243 2525 349 2560 quidem
372 2526 399 2552 in
425 2533 458 2553 eo
481 2531 608 2561 putamus
627 2535 698 2560 esse,
723 2527 795 2562 quod
817 2535 910 2556 verum
924 2527 1022 2556 Filium

243 2577 304 2598 rere
321 2579 351 2599 ac
365 2572 424 2600 sine
440 2573 528 2605 initio,
544 2573 584 2601 vel
597 2578 718 2608 tempore
730 2574 857 2608 genuisse
876 2574 1030 2613 fateamur._

244 2618 282 2644 Ob
297 2617 322 2645 id
341 2623 464 2645 naturam
481 2619 554 2646 illius
564 2619 756 2653 comprehendi
770 2627 823 2646 non
839 2627 929 2655 posse,
943 2625 970 2647 et
988 2621 1022 2648 ab

240 2663 313 2691 omni
327 2671 425 2698 genere
441 2663 615 2691 aﬂectionum
633 2663 782 2691 immunem
800 2672 861 2692 esse
874 2666 1020 2700 cogn05ci—

241 2717 311 2736 mus.
325 2708 471 2744 Propterea
493 2710 618 2737 eumdem
634 2709 692 2736 sine
713 2709 765 2736 ulla
787 2709 929 2738 affectione.
943 2713 1019 2746 getti-

240 2757 326 2781 torem
345 2761 376 2781 ac
388 2760 538 2782 creatorem
561 2755 719 2785 asscrimus.
749 2754 855 2791 Quippe
874 2757 940 2784 nihil
961 2765 1021 2785 om-

281 2830 288 2845 '
297 2830 359 2857 Cor.
375 2831 494 2858 δύναται.

1074 2260 1262 2296 διανοούμεθα,
1279 2262 1462 2297 γεγεννηκότα
1476 2263 1522 2289 τὺν
1543 2262 1668 2298 ἀληθινὸν
1692 2263 1756 2290 Υίὸν
1772 2263 1867 2299 ἀληθι-

1075 2305 1269 2341 νῶς,ἀνάρχως
1282 2306 1328 2333 καὶ
1340 2307 1461 2342 ἀχρόνως
1474 2307 1675 2346 ὁμολογοῦντες.
1690 2308 1736 2334 Διὸ
1749 2309 1800 2345 τὴν
1815 2309 1865 2343 φύε

1077 2358 1119 2377 σιν
1133 2350 1214 2377 αὑτοῦ
1228 2350 1397 2386 γινώσκομεν
1413 2352 1602 2387 ἀκατάληπτον
1617 2351 1710 2385 οὖσαν,
1724 2354 1772 2380 καὶ
1785 2354 1866 2381 πάθει

1077 2394 1114 2430 μὴ
1131 2396 1321 2431 συνεχομένην.
1342 2397 1391 2423 Διὰ
1409 2397 1488 2424 τοῦτο
1512 2398 1696 2433 ὁμολογοῦμεν
1717 2399 1801 2426 αὑτὸν
1819 2400 1867 2427 καὶ

1077 2440 1168 2475 ἀπαθῆ
1183 2441 1350 2477 γεννήτορα,
1377 2443 1424 2469 καὶ
1447 2443 1559 2474 κτίστην
1582 2444 1685 2480 ἀπαθῆ.
1719 2445 1865 2480 Ἐγέννησε

1075 2485 1130 2522 γὰρ
1152 2485 1197 2513 τὸν
1220 2487 1357 2522 Μονογενῆ
1382 2487 1418 2524 μὴ
1436 2488 1559 2523 πάσχων,
1585 2489 1633 2515 καὶ
1654 2490 1816 2517 ἀπέστειλεν
1837 2491 1865 2527 ἐξ

1075 2530 1158 2557 αὺτοῦ
1173 2530 1203 2557 τὸ
1220 2531 1297 2566 ἅγιον
1314 2532 1396 2559 αὐτοῦ
1421 2533 1543 2569 Πνεῦμα,
1565 2535 1651 2570 τομὴν
1671 2535 1708 2570 μὴ
1723 2535 1865 2568 ὑποστάςσ

1075 2576 1122 2603 καὶ
1144 2576 1234 2604 ἔκτισε
1249 2577 1282 2604 τὰ
1307 2578 1462 2611 κτισθέντα,
1485 2580 1531 2607 καὶ
1550 2580 1696 2615 κτιζὸμενα
1712 2581 1750 2616 μὴ
1776 2581 1864 2617 κακῷ,

1076 2622 1143 2658 μηδὲ
1162 2623 1242 2650 πάθει
1258 2625 1412 2660 συσχεθείς·
1426 2626 1474 2652 καὶ
1487 2627 1558 2653 ποιεῖ
1572 2626 1586 2653 ὃ
1598 2626 1722 2661 βούλεται
1740 2636 1865 2663 συμπρε-

1075 2668 1180 2700 πόντως
1192 2671 1225 2706 τῇ
1237 2670 1318 2697 αὑτοῦ
1334 2671 1439 2706 θεότητι
1449 2681 1455 2687 ·
1471 2672 1501 2698 οὑ
1514 2672 1621 2708 πρῶτον
1637 2672 1810 2708 βουλόμενος,
1823 2674 1865 2701 ἵνα

1076 2714 1148 2751 μάθῃ
1165 2715 1362 2751 διανοούμενος,
1381 2718 1405 2744 εί
1422 2717 1475 2753 χρὴ
1495 2718 1620 2752 γενέσθαι
1635 2718 1666 2744 τὸ
1687 2719 1866 2754 ἐπιτελούμε-

1075 2769 1135 2786 νον·
1158 2762 1217 2788 οὐδὲ
1241 2762 1401 2798 βουλόμενος
1424 2764 1566 2799 πράττειν,
1590 2764 1690 2800 καὶμὴ
1716 2765 1866 2802 δυνάμενος
