1945 3043
103 156 156 184 581

416 157 599 186 ADVERSUS
616 157 787 186 ΗΕΒΕὸΕὸ
805 158 868 186 LIB.
890 159 892 185 ἶ

955 159 1037 194 ΤΟΜ.
1055 159 1075 187 Ι.
1096 175 1127 180 -
1150 160 1284 188 H/ERES.
1309 161 1425 190 LXXVI.

1685 165 1738 193 58‘!

107 216 284 253 ἐπιχορηγεῖν
306 214 345 251 τῷ
363 214 513 251 βουλήματι
532 215 576 242 διὰ
589 215 674 246 πάθος
689 215 720 241 τὸ
742 215 892 251 τελειούμε-

949 217 1015 244 nino
1038 217 1146 252 patiens
1170 219 1280 245 unicum
1309 219 1408 247 Filium
1425 224 1528 254 genuit,
1545 225 1571 247 et
1586 228 1618 247 ex
1639 221 1739 257 seipse

103 271 162 290 νον.
181 261 257 296 Ἅμα
268 260 322 296 γὲιρ
337 260 392 295 ἔχει
408 260 439 286 τὸ
453 261 551 293 θελειν,
565 261 594 287 το
610 260 752 295 πράττειν,
765 260 796 287 τὸ
806 269 902 294 γεγεν-

103 308 220 344 νηκέναι
235 307 280 334 τὸν
294 307 445 341 Μονογενῆ,
458 306 488 332 τὸ
502 306 592 332 κτίσαι
616 305 650 331 τά
666 306 767 336 πάντα,
783 306 831 342 τῆς
846 305 900 332 θεῖ’

103 353 159 388 κῆς
187 353 294 388 φύσεως
326 352 373 379 καὶ
400 351 556 387 ἀξιώματος
584 351 722 377 ἀνωτάτον
752 350 828 382 δντος
853 351 901 377 καὶ

111 399 217 426 Ἀετίου
240 397 448 432 συλλογιστικῆς
468 397 580 428 ἐννοίας,
595 397 640 423 καὶ
656 396 745 431 πάσης
758 395 897 432 ἀνθρωπό-

103 453 199 481 τητος,
215 444 357 480 ἀμείνονος
375 443 450 474 ὄντος
467 442 515 469 τοῦ
529 442 596 468 Θεοῦ
617 442 706 477 πάσης
723 441 853 474 ἐπινοίας,
866 442 897 468 οὐ

105 491 191 517 πάθει
210 490 339 521 εἴκοντος,
365 489 422 516 ἀλλ’
449 488 587 515 ἀνωτάτω
615 487 691 520 ὄντος
715 487 823 514 πάντων
844 488 898 515 τῶν

953 267 1076 289 sanctum
1109 272 1188 290 suum
1219 264 1350 299 Spiritum
1373 267 1474 297 emisit,
1504 267 1604 293 millam
1627 268 1740 294 omnino

952 308 1111 338 sectionem.
1127 313 1174 335 aut
1199 309 1372 343 partitionem
1399 316 1538 345 expertus.
1559 311 1630 338 Idem
1649 318 1740 339 creata

952 353 1044 380 omnia
1066 355 1218 389 procreavit
1237 355 1304 382 citra
1323 356 1507 389 fatigatiom-m
1523 364 1548 384 et
1568 357 1739 384 affectionem

952 399 1043 426 ullam.
1062 399 1131 425 ’l‘um
1147 407 1211 426 vero
1229 400 1360 434 quidquid
1389 400 1507 432 libuerit,
1527 409 1575 435 pro
1590 410 1632 432 eo,
1652 409 1683 428 ac
1697 401 1740 428 di-

951 444 1058 471 \‘iltihli
1069 453 1125 471 sine
1139 452 1288 479 congruum
1298 450 1349 477 est,
1363 446 1474 472 molitur
1488 454 1494 471 :
1510 455 1561 472 non
1575 448 1645 481 quod
1661 452 1740 474 antea

951 489 1031 521 velit,
1056 494 1083 516 ut
1106 490 1237 517 attentius
1265 495 1357 525 postea
1382 492 1507 526 cogitans
1528 492 1616 519 discat
1640 493 1739 527 ecquid

104 537 213 568 παθῶν,
227 536 275 562 καὶ
292 536 380 571 πάσης
396 536 532 566 ὑπονοίας.

951 535 1042 570 perfici
1056 538 1127 570 quod
1142 536 1267 570 designat
1296 541 1429 571 oporteat.
1449 537 1541 573 Neque
1566 539 1602 565 ita
1622 539 1678 565 vult
1693 547 1740 566 ex-

104 584 197 617 sequi,
224 587 253 608 ut
272 581 308 608 ob
332 580 504 608 atl‘ectionem
523 580 641 614 aliquam
666 578 799 606 voluntati
825 586 894 613 opus
910 579 999 614 ipsum
1015 585 1212 615 repraesentare
1227 585 1355 615 nequeat.
1375 580 1441 608 Nam
1454 582 1511 609 haec
1531 583 1623 609 onmia
1656 582 1738 609 simul

103 629 130 654 ei
146 631 306 662 suppetunt,
318 626 396 659 velle,
407 625 506 656 facere,
520 625 631 652 imicuin
646 631 778 659 generare
793 623 901 657 Filium,
919 633 1064 659 procreare
1080 633 1124 653 res
1141 634 1246 653 omnes.
1258 625 1484 662 Quandoquidem
1507 627 1554 654 Dei
1586 634 1682 655 natura
1712 633 1739 656 et

104 673 239 706 maiestas
249 672 324 699 onmi
335 675 377 699 est
395 671 464 698 Aetii
480 670 636 705 disputandi
651 670 802 697 subtilitate
817 670 899 706 955
915 675 942 698 et
957 672 1074 699 humana
1091 673 1248 700 conditione
1277 674 1412 708 superior.
1442 674 1523 706 Deus,
1543 675 1653 709 inquam
1665 694 1672 705 .
1693 674 1739 701 in-

81 733 85 738 -
105 718 289 752 Celligettliattt
308 725 415 745 onmem
431 721 590 752 exsuperat,
614 723 665 743 nec
684 715 819 743 atiectioni
836 716 907 744 cedit
922 717 981 750 ulli,
993 718 1040 745 sed
1056 726 1139 754 supra
1166 718 1337 746 atl‘ectionem
1366 727 1474 746 onmem
1499 727 1531 746 ac
1556 719 1739 754 suspicionem

103 763 217 791 eminet.

303 821 502 848 ΚΕΦᾹΛΑΙΟΝ
519 820 646 857 ΔΕΤΙΟΥ
669 820 720 848 ΙΕ’.

1195 818 1287 845 AETll
1304 818 1419 846 CAPUT
1433 818 1490 847 XV.

144 867 175 894 Ei.
190 867 222 893 τὸ
234 866 356 901 γέννημα
382 867 517 902 ἄτρεπτόν
533 867 590 893 ἐστι
615 866 664 902 τὴν
690 866 770 900 φύσιν
793 863 837 893 διὰ
852 865 892 892 τὸν

984 864 1012 891 Si
1027 865 1116 899 genita
1132 865 1241 892 soboles
1256 870 1353 892 natura
1369 865 1404 892 ob
1416 870 1592 900 generantem
1611 867 1739 896 immuta-

103 914 278 950 γεννήσαντα
292 913 338 940 τὸν
352 914 361 929 ¹
380 914 541 948 ἀγέννητον,
564 913 643 940 οὐσία
663 914 737 940 ἐστὶν
751 913 896 950 ἄτρεπτος,

103 959 135 986 οὖ
151 959 196 986 διὰ
209 959 332 995 γνώμην,
348 959 417 986 ἀλλὰ
426 959 470 986 διὰ
483 959 513 986 τὸ
527 959 555 986 ὲν
566 959 645 994 οὐσίᾳ
662 959 781 994 ἀξίωμα.

389 1057 550 1091 Ἀνατροπὴ
570 1058 611 1084 ΙΕ
621 1077 629 1084 .

141 1102 215 1133 Ἕως
228 1101 293 1128 πότε
306 1101 368 1137 ἥκει
387 1101 476 1137 φέρων
495 1102 561 1136 ἡμῖν
576 1099 653 1133 οὗτος
666 1101 696 1128 τὸ
711 1101 777 1128 αὐτὸ
791 1101 895 1136 λέγειν,

104 1147 155 1175 καὶ
175 1148 258 1183 μηδὲν
275 1147 449 1182 ὑπερϐαίνειν
473 1147 527 1173 τῶν
548 1147 729 1182 ἐγκειμένσι)ν;
756 1147 825 1174 Ὅσα
842 1147 897 1183 γὰρ

105 1195 158 1230 εφη
171 1193 298 1230 ἀπαρχῆς
329 1193 375 1219 καὶ
388 1193 450 1229 ἄχρι
463 1193 639 1228 τέλους,αὺτὰ
650 1193 714 1228 περὶ
726 1192 779 1219 τῶν
794 1192 895 1225 αὐτῶν,

105 1240 154 1268 καὶ
167 1239 246 1266 οὐθὲν
257 1239 349 1275 ἕτερον
363 1239 522 1274 διηγήσατο,
541 1239 572 1265 οὺ
591 1240 727 1274 μυστήρια
746 1239 814 1274 ἡμῖν
830 1239 896 1265 ὐπο-

104 1285 210 1319 δεῑξςις,
228 1285 258 1312 οὺ
273 1285 340 1312 Θεὸν
351 1305 359 1317 ,
373 1285 402 1312 ὃν
423 1285 634 1319 ἐπαγγέλλεται.
648 1285 755 1318 διδάξας
767 1305 776 1319 ,
799 1285 830 1312 οὐ
850 1285 896 1312 πί-

105 1341 175 1363 στιν,
189 1332 222 1358 δι¹
235 1329 269 1368 ἦς
286 1331 458 1366 ἐνεργοῦντες
482 1330 624 1357 ἀπόστολοι
641 1330 690 1366 τὴν
703 1331 753 1366 τῆς
766 1330 895 1367 ἀληθείας

103 1377 282 1412 ὀνομάζοντες
311 1376 424 1412 στερεὰν
447 1376 611 1411 ὁμολογίαν,
629 1377 741 1412 νεκροὺς
771 1377 895 1413 ἤγειραν,

104 1425 153 1451 καὶ
168 1424 283 1459 λεπροὺς
298 1423 477 1458 ὲκαῦάρισαν,
495 1423 543 1450 καὶ
557 1423 639 1450 τᾶλλα
656 1423 744 1449 πάντα
764 1424 814 1458 τῆς
828 1425 896 1457 ἀγα-

104 1469 155 1505 θῆς
177 1469 355 1504 συμφωνίας,
373 1469 402 1502 ἐξ
427 1466 464 1494 ὧν
487 1468 521 1494 τὰ
546 1468 731 1504 ὑποδείγματα
748 1469 895 1502 ὑπέφαινον

103 1516 154 1551 τῆς
172 1516 301 1550 ἀληθινῆς
314 1514 468 1550 ἐνεργείας
486 1514 553 1541 ἀλλὰ
568 1516 697 1549 ματαίους
723 1514 770 1540 καὶ
784 1514 895 1549 κομπώ-
908 1535 928 1564 C

103 1562 159 1593 δεις
186 1560 381 1595 συλλογισμοὺς
400 1561 437 1595 μὴ
464 1559 676 1595 ὑπερϐαίνοντας
694 1559 742 1595 τὴν
760 1560 811 1594 τῆς
833 1568 894 1586 ταυ-

103 1606 228 1640 τολογίας
256 1605 415 1641 προφορὰν·
436 1604 493 1631 ἀλλ’
509 1604 580 1631 αὑτά
608 1605 716 1635 ἐκεῖνα,
745 1605 792 1631 καὶ
819 1604 894 1632 οὐδὲν

103 1653 197 1688 ἓηρον
215 1651 401 1687 διηγούμενος.
420 1650 465 1677 Διὸ
476 1649 686 1685 παρακαλοῦμεν
704 1650 778 1681 ὅπως
800 1650 894 1685 μηδεὶς

103 1699 178 1733 ἡμᾶς
200 1697 391 1733 ἑπιμέμψηται
412 1697 467 1724 τῶν
487 1697 702 1732 ἐντυγχανόντων
715 1718 723 1730 ,
742 1697 821 1732 εἴπερ
847 1697 894 1724 καὶ

103 1744 180 1770 αὐτοὶ
201 1743 272 1770 κατά
292 1742 346 1770 τῶν
372 1743 462 1770 αὐτῶν
478 1741 632 1777 ἐνεχοῶμεν
645 1761 653 1773 ,
677 1741 892 1777 ἀναγκαζόμενοι

103 1791 193 1825 λέγειν
207 1790 276 1826 πρὸς
289 1790 338 1825 τὴν
350 1789 432 1817 αὐτοῦ
448 1789 635 1823 ταυτολογίαν.
653 1788 674 1815 Τ
676 1789 690 1814 ὸ
701 1788 824 1824 γέννημα
838 1788 893 1824 γὰρ

102 1837 237 1874 ἄτρεπτον
256 1837 330 1863 ἐστιν
342 1855 350 1868 ,
375 1835 436 1862 ὅσον
451 1835 550 1871 πρέπει
564 1835 685 1870 θεότητι·
701 1834 748 1861 καὶ
767 1836 782 1861 ὀ
796 1835 891 1870 γεννή-

102 1892 159 1919 τωρ
175 1882 310 1919 ἀτρεπτός
327 1882 417 1913 ἐστιν,
431 1881 469 1913 ὡς
491 1880 591 1915 πρέπει
605 1880 744 1915 ἀναλόγως
762 1881 795 1915 τῇ
810 1879 891 1906 αὑτοῦ

102 1927 231 1963 ἀτρέπτῳ
260 1926 349 1961 φύσει.
375 1925 456 1952 Μένει
483 1925 512 1952 δὲ
538 1926 552 1952 ὁ
570 1925 703 1960 γεννήσας
721 1925 766 1952 ἀεὶ
789 1924 836 1952 τὸν
863 1925 893 1958 ἐξ

102 1973 185 2000 αὑτοῦ
202 1972 272 2007 ἔχων
288 1971 487 2007 γεγεννημένον
497 1991 504 2003 ,
526 1971 661 2006 μηδεμίαν
685 1970 812 1997 ὑπόνοιαν
828 1979 893 2005 συγ-

102 2019 200 2055 χωρῶν
215 2020 271 2050 τοῖς
282 2018 328 2044 ὑπ’
344 2017 426 2044 αὑτοῦ
441 2016 644 2051 κεκτισμένοις,
663 2015 727 2043 ἄνευ
747 2015 812 2042 Υἱοῦ
829 2016 893 2043 εἰδέ-

101 2073 146 2091 ναι
161 2065 289 2099 Πατέρα,
307 2064 354 2090 καὶ
369 2063 433 2091 ἄνευ
452 2063 559 2099 Πατρός
575 2071 640 2088 ποτε
659 2061 758 2088 ειδέναι
777 2062 823 2088 τὸν
843 2070 891 2095 ys.

101 2111 276 2147 γεννημένον,
292 2109 339 2136 καὶ
358 2109 389 2136 τὺ
404 2108 507 2135 τέλειον
520 2107 601 2135 αὑτοῦ
623 2107 746 2143 Πνεῦμα,
770 2107 784 2134 ὃ
798 2108 830 2133 ὲκ
844 2107 891 2133 τοῦ

102 2157 210 2192 Πατρὺς
234 2154 414 2190 ἐκπορεύεται
426 2174 434 2186 ,
463 2155 510 2180 καὶ
527 2153 575 2180 τοῦ
593 2153 657 2179 Υἱοῦ
676 2153 817 2188 λαμσάνει.
837 2153 892 2180 Καὶ

949 909 1012 936 bilis
1026 913 1086 942 est;
1112 909 1185 944 quod
1212 910 1363 944 ingenitum
1379 914 1421 937 est
1442 911 1595 938 substantia
1614 913 1737 947 qua-dam

948 954 1127 982 immutabil's
1140 961 1192 988 est,
1205 963 1259 982 non
1279 955 1392 983 arbitrio
1404 956 1576 991 cujusquam,
1594 959 1643 986 sed
1657 959 1737 986 insita

948 999 1064 1034 quadam
1079 1000 1240 1028 substantia:
1250 1001 1393 1036 dignitate.

1225 1057 1378 1092 Confulatio
1400 1057 1423 1083 Χ
1432 1057 1462 1084 γ.

982 1099 1131 1135 Quousque
1158 1101 1268 1128 tandem
1292 1103 1386 1129 eadem
1408 1103 1487 1130 nobis
1511 1103 1667 1134 ini-nlcaliit.
1688 1114 1737 1133 nec

948 1145 982 1172 ab
998 1146 1031 1173 iis
1051 1155 1110 1181 qua:
1125 1152 1202 1173 antea
1220 1149 1359 1182 proposita
1377 1153 1451 1181 sunt,
1471 1149 1608 1176 diversum
1625 1152 1740 1179 all'ert-t?

946 1190 1013 1219 Nam
1036 1200 1097 1226 qua:
1123 1192 1200 1219 initio
1222 1194 1459 1227 pronuntiaverat,
1484 1194 1579 1222 eadem
1600 1196 1632 1221 ad
1657 1197 1736 1223 linem

951 1244 1037 1271 usque
1053 1237 1149 1264 iisdem
1166 1238 1199 1264 de
1225 1238 1316 1271 rebus,
1334 1247 1382 1265 nec
1399 1239 1471 1265 aliud
1490 1244 1618 1274 praeterea
1633 1245 1738 1274 narrat,

947 1290 1001 1309 non
1015 1283 1143 1318 mysteria
1157 1283 1211 1310 ulla
1224 1284 1303 1310 nobis
1319 1285 1436 1319 aperuit,
1451 1293 1505 1312 non
1524 1284 1557 1312 de
1574 1285 1637 1317 Deo,
1655 1295 1736 1321 quem

949 1328 1092 1364 professus
1113 1333 1181 1361 crat,
1209 1329 1314 1361 docuit,
1336 1338 1390 1356 non
1410 1331 1499 1362 tidem,
1518 1331 1596 1366 cujus
1610 1333 1736 1366 praesidio

946 1373 1014 1399 mira
1033 1373 1165 1400 facientes
1181 1374 1308 1408 apostoli,
1326 1382 1388 1401 cum
1409 1375 1523 1402 solidam
1538 1377 1660 1404 veritatis
1671 1385 1734 1404 con-

947 1417 1094 1445 fessionem
1124 1419 1327 1453 concepissent.
1354 1424 1477 1447 mortuos
1501 1422 1666 1454 excitarunt,
1681 1423 1737 1450 ele-

945 1464 1107 1498 pbantiacos
1119 1470 1278 1499 purgarunt,
1299 1466 1405 1500 aliaque
1425 1467 1553 1500 νηπιέῃ-ο
1571 1467 1735 1495 cohaarentia

947 1510 1131 1545 prmstitertmt
1150 1519 1156 1536 :
1173 1519 1233 1545 quae
1267 1511 1376 1545 quidem
1397 1520 1469 1544 rere,
1485 1520 1538 1540 non
1558 1514 1615 1540 sola
1645 1516 1736 1548 specie

945 1560 1061 1591 patrata,
1089 1557 1162 1583 velut
1186 1563 1347 1592 argumenta
1372 1562 1456 1593 atque
1487 1559 1587 1586 indicia
1614 1559 1736 1594 profere-

946 1603 1034 1630 bant:
1054 1607 1082 1629 at
1106 1603 1152 1630 ille
1171 1608 1268 1631 contra
1294 1604 1362 1630 nihil
1387 1609 1485 1639 praeter
1506 1606 1672 1633 vanissimas
1708 1611 1735 1634 et

944 1651 1074 1675 ventosas
1111 1648 1330 1683 syllogismorum
1361 1650 1528 1678 subtilitates
1563 1652 1590 1678 in
1614 1652 1734 1679 medium

944 1691 1030 1724 alien,
1046 1699 1115 1727 quas
1142 1692 1215 1727 ipsas
1241 1693 1504 1728 repetendosmpins
1523 1695 1556 1721 ad
1578 1696 1733 1723 satietatem

944 1737 1062 1772 ingerit;
1092 1745 1143 1765 nec
1173 1738 1247 1765 aliud
1272 1742 1403 1773 przeterea
1433 1740 1571 1774 proponit.
1599 1740 1734 1773 Quocirca

946 1782 1074 1810 lectorem
1099 1787 1222 1818 rogatum
1250 1784 1387 1816 volumus,
1410 1792 1443 1819 ιθ
1461 1785 1487 1812 id
1508 1785 1587 1813 nobis
1601 1785 1668 1812 vitio
1687 1787 1735 1813 tri-

943 1828 1083 1856 buendum
1106 1829 1246 1857 existimet
1268 1829 1340 1864 quod
1355 1834 1382 1857 et
1397 1830 1448 1865 ipsi
1466 1830 1566 1865 saepius
1579 1830 1673 1858 eadem
1690 1838 1735 1859 re-

943 1878 1069 1908 petamus
1088 1882 1095 1907 ;
1128 1875 1211 1909 quod,
1237 1879 1266 1902 ut
1282 1875 1320 1902 illi
1336 1876 1562 1910 respondeamus,
1580 1875 1670 1904 facere
1681 1877 1735 1905 hoc

944 1920 1004 1947 loco
1019 1921 1153 1955 cogimur.
1170 1921 1252 1955 Igitur
1278 1922 1369 1956 genita
1389 1922 1508 1954 soboles,
1532 1930 1580 1957 pro
1595 1930 1627 1949 eo
1643 1930 1674 1949 ac
1691 1923 1734 1950 di-

942 1966 1083 1994 vinitatem
1113 1967 1202 1998 decet,
1225 1967 1404 1995 immutabilis
1429 1972 1488 1999 est;
1504 1968 1552 1994 sed
1571 1973 1598 1995 et
1614 1971 1672 2003 ipse
1686 1976 1734 2002 ge-

943 2013 1017 2039 nitor
1046 2012 1224 2040 immutabilis
1251 2017 1310 2045 est,
1338 2013 1567 2047 quemadmodum
1594 2015 1732 2042 constanti

943 2057 1030 2092 ipsius
1049 2062 1153 2085 natum
1179 2058 1320 2085 convenit.
1345 2058 1478 2086 Caeterum
1494 2060 1600 2094 genizor
1621 2060 1657 2086 ita
1672 2067 1732 2087 ma-

942 2106 999 2133 net.
1014 2107 1044 2129 ut
1065 2111 1146 2137 quem
1162 2111 1177 2130 ε
1193 2104 1285 2138 seipse
1304 2106 1398 2138 genuit
1418 2108 1549 2138 perpetuo
1567 2113 1659 2132 secum
1681 2105 1731 2132 Ita-

942 2148 1023 2181 beat;
1052 2156 1102 2175 nec
1123 2149 1206 2175 ullam
1225 2149 1345 2177 conditis
1367 2158 1381 2176 a
1400 2157 1429 2176 se
1464 2150 1544 2177 rebus
1572 2150 1730 2184 suspicandi

100 2202 179 2229 τοῦτο
212 2201 316 2237 πρέπον
343 2200 417 2227 ἐστὶν
441 2199 595 2234 ἀξιώματος
621 2199 716 2230 οὐσίας
741 2198 809 2225 Θεοῦ
826 2219 833 2230 ,
860 2198 891 2224 τὸ

947 2194 1116 2221 occasionem
1145 2195 1256 2228 praebet.
1285 2198 1314 2221 ut
1342 2195 1382 2221 ve!
1407 2195 1466 2221 sine
1492 2195 1562 2221 Filio
1580 2195 1732 2230 intelligi-re

100 2246 330 2284 ἀπροσληπτικῶς
343 2247 381 2282 μὴ
394 2245 542 2273 ἐπιδεῖσθαι
561 2253 632 2276 τινος
646 2243 801 2277 ἀξιώματος
811 2264 818 2276 ,
832 2243 888 2270 ἀλλ’

100 2294 172 2328 ἔχειν
185 2293 252 2320 αὐτὸ
265 2292 357 2324 ἁῖδίως
370 2294 398 2318 ὲν
413 2292 447 2327 τῇ
465 2291 517 2326 ἰδίᾳ
535 2290 689 2326 ταυτότητι.

943 2239 1061 2270 Patrem,
1078 2239 1121 2266 Vel
1149 2240 1207 2266 sine
1223 2239 1304 2268 Patre
1317 2241 1437 2275 genitum
1460 2240 1568 2273 Filium,
1582 2245 1627 2267 aut
1645 2242 1731 2275 perfe-

943 2291 1017 2313 clum
1046 2285 1107 2319 ejus
1133 2284 1276 2320 Spiritum,
1295 2287 1341 2321 qui
1365 2295 1380 2313 ει
1394 2286 1476 2314 Patre
1496 2287 1617 2322 procedit
1632 2288 1652 2320 ',
1670 2291 1696 2313 et
1713 2295 1730 2314 a

101 2339 171 2368 Filio
182 2339 283 2374 accipit
297 2339 318 2371 ³,
340 2339 433 2366 animo
447 2337 553 2373 possint
571 2337 726 2372 concipere.
739 2336 828 2371 Atque
838 2335 890 2361 hoc
908 2338 1006 2360 natura
1026 2331 1072 2359 Dei
1094 2332 1206 2366 dignum
1229 2336 1282 2363 est,
1303 2333 1474 2368 maximeque
1500 2339 1726 2365 consentaneum,

101 2388 206 2415 nullam
229 2391 259 2414 ut
275 2385 429 2421 splendoris
449 2384 636 2412 accessionem
664 2383 836 2411 extrinsecus
855 2380 987 2416 requirat,
1017 2378 1064 2406 sed
1095 2382 1183 2405 totum
1206 2378 1273 2406 illud
1300 2383 1431 2414 perpetuo
1446 2379 1472 2406 in
1494 2380 1603 2415 propria
1632 2380 1730 2408 identi-

100 2439 155 2463 tate
172 2434 323 2462 coatineat.

286 2490 485 2518 ΚΕΦΔΛΑΙΟΝ
499 2489 625 2517 ΑΕΤῘΟΥ
644 2490 703 2522 ις’.

134 2536 166 2563 Εἰ
182 2535 213 2562 τὸ
235 2534 382 2570 ἀγέννητον
396 2535 490 2566 οὐσίας
517 2534 575 2561 ἐστὶ
591 2533 739 2569 δηλωτικὸν
750 2553 758 2565 ,
776 2532 888 2563 εἰκότως

99 2582 167 2617 πρὸς
188 2581 236 2617 τὴν
259 2580 305 2607 τοῦ
328 2581 496 2615 γεννήματος
513 2579 606 2606 οὐσίαν
632 2578 885 2609 ἀντιδιαστέλλεται.

99 2626 130 2653 Εἰ
145 2625 173 2652 δὲ
194 2625 277 2660 μηδὲν
294 2624 422 2660 σημαίνει
446 2624 477 2650 τὸ
500 2624 645 2660 ἀγέννητον
658 2644 664 2655 ,
682 2623 771 2658 πολλῷ
788 2623 887 2658 μᾶλλον

97 2671 173 2698 οὐδὲν
189 2670 263 2705 δηλοῖ
279 2671 310 2697 τὸ
331 2669 461 2705 γέννημα.
479 2670 511 2696 El
533 2669 561 2695 δὲ
577 2668 673 2703 μηδὲν.
691 2668 748 2700 πῶς
769 2667 886 2694 ἀντιδια-

98 2716 226 2750 ﬂuitat-'1;
241 2715 272 2742 Εἰ
284 2716 312 2742 δὲ
336 2717 352 2751 ἡ
368 2715 514 2750 ἀγέννητος
529 2714 654 2750 προσορά
671 2714 738 2750 πρὸς
757 2713 806 2749 τὴν
821 2722 883 2747 γεν-

96 2762 179 2798 νητὴν
196 2761 336 2798 προφορὰν
357 2761 616 2791 ἀντιδιαστέλλεται,
633 2760 738 2795 σιωπῆς
751 2760 799 2794 τὴν
818 2768 885 2794 προ-

131 2843 218 2878 συιδ.
234 2842 274 2868 τό.
313 2842 323 2856 ¹
336 2840 415 2868 Joan.
432 2848 476 2874 xv,
493 2839 538 2866 Q6.
578 2840 588 2855 '
605 2838 681 2866 Joan.
703 2847 757 2870 XVI,
774 2839 817 2870 Μ,
838 2838 879 2865 ιε.

1127 2481 1210 2517 956
1224 2481 1314 2508 AETll
1331 2482 1447 2511 CAPUT
1468 2482 1538 2510 XVI.

977 2528 1005 2556 Si
1021 2527 1134 2563 ingeniti
1152 2535 1201 2554 vox
1222 2528 1402 2555 substantiam
1427 2529 1566 2563 exprimit,
1583 2534 1681 2557 merito
1693 2531 1729 2558 ab

940 2575 1024 2610 geniti
1038 2574 1203 2607 substantia,
1217 2575 1291 2602 velut
1306 2575 1458 2602 membrum
1480 2576 1624 2604 divisionis
1643 2584 1729 2611 oppo-

940 2620 1035 2651 situm,
1055 2618 1232 2647 discernitur.
1254 2619 1301 2647 Sin
1326 2624 1416 2647 autent
1437 2620 1504 2647 nihil
1522 2621 1634 2648 omnino
1651 2629 1729 2647 vera-

938 2666 1032 2693 bulum
1054 2666 1119 2693 illud
1137 2666 1249 2701 ingeniti
1272 2666 1419 2701 signiﬁcat,
1437 2667 1522 2695 multo
1543 2667 1632 2693 minus
1644 2666 1727 2700 geniti

937 2721 988 2740 vox
1006 2713 1108 2748 aliquid
1127 2713 1282 2747 exprimet;
1307 2721 1396 2748 neque
1414 2713 1562 2748 quidquam
1578 2712 1727 2747 supererit,

935 2759 1006 2795 quod
1024 2759 1050 2786 in
1069 2759 1204 2788 divisi0ne
1221 2760 1300 2786 alteri
1319 2760 1491 2795 respondeat.
1516 2759 1618 2791 Quodsi
1649 2759 1727 2794 inge-
