1945 3043
187 135 240 164 583

902 137 930 164 S.
951 137 1122 165 EPIPIIANII

1773 136 1826 162 58$

187 195 238 222 niti
255 194 373 230 prolatio
401 194 460 229 ipsa
486 201 500 221 a
523 193 605 228 geniti
625 193 788 228 prolatione.
807 193 878 221 velut
893 202 977 221 mem-

1037 196 1116 232 φορὰν
1131 194 1343 230 διαδεχομένης,
1360 194 1485 228 γίνεσθαι
1498 194 1644 230 συμϐαίνει
1663 194 1712 221 καὶ
1729 195 1825 226 ἀπογί-

187 241 267 268 brum
284 239 426 266 divisionis
444 239 610 273 oppositum,
627 239 790 269 secernitur,
801 247 862 265 cum
875 247 975 266 secun-

187 287 251 314 dum
265 286 513 321 pronuntiationem
530 290 644 317 tacetur,
662 285 880 312 Christianorum
900 294 975 322 spem

188 334 269 359 modo
292 332 436 362 exsistere,
462 331 542 357 modo
566 331 703 365 exstingui
723 339 835 358 necesse
850 335 902 363 est,
917 339 978 366 qua:

1036 242 1128 269 νεσθαι
1146 241 1195 276 τὴν
1207 240 1262 267 τῶν
1281 241 1452 276 Χριστιανῶν
1467 241 1571 272 ἐλπίδα,
1592 241 1621 267 ὲν
1636 241 1762 276 ὑποφορᾷ
1775 248 1826 266 κει-

1036 287 1120 322 μένην
1132 306 1139 318 ,
1159 286 1217 312 ἀλλ’
1229 286 1279 312 οὐκ
1293 287 1321 312 ἐν
1339 287 1451 320 φύσεσιν
1461 306 1468 318 ,
1487 287 1573 318 οὓτως
1592 286 1718 322 ἐχούσαις
1732 306 1739 315 ,
1757 286 1794 317 ὡς
1809 286 1826 322 ἠ

1033 333 1087 359 τῶν
1102 333 1243 367 ὀνομάτων
1263 333 1386 367 βούλεται
1409 333 1541 368 σημασία.

188 381 244 403 tota
265 378 291 403 in
320 377 542 411 pronuntiatione
569 377 715 410 consistat,
732 383 786 403 non
809 377 836 403 in
854 377 973 410 naturis,
994 386 1054 413 qua:
1077 379 1114 406 ita
1138 386 1199 406 sese
1226 378 1355 410 habeant,
1387 383 1417 405 ut
1444 379 1639 406 vocabulorum
1663 377 1827 413 signiﬁcatio

187 424 246 460 ipsa
265 432 318 459 prze
335 432 364 451 se
377 426 447 451 terre
465 424 583 452 videtur.

451 479 605 513 Confulatio
632 478 655 505 Χ
664 478 711 506 γι.

222 527 364 560 Quomodo
378 535 438 561 qua:
453 531 550 553 contra
568 534 597 554 se
609 526 713 553 faciunt
734 527 890 553 testimonia
906 527 980 561 prio-

187 580 232 600 res
244 580 377 607 usurpare
389 573 478 599 solent
489 573 506 599 ii
519 572 566 606 qui
582 572 723 600 rudiorutu
733 573 832 600 animis
841 579 979 607 stuporem

188 619 301 653 injicere
320 619 500 646 didicerunt?
527 618 633 646 Etenim
662 619 772 650 Aetius.
802 621 849 653 qui
872 619 899 646 in
921 619 980 646 sola

187 665 422 700 pronuntiatione,
445 673 500 691 non
523 665 549 690 in
567 664 606 691 rei
621 665 744 696 veritate,
777 671 852 699 spem
872 671 980 691 onmem

187 711 343 741 collocavit.
360 710 433 736 istud
453 710 541 743 ipsum
558 709 638 736 nobis
658 709 778 743 objiccre
795 709 866 747 nihil
877 714 919 736 cst
933 716 980 736 ve-

188 757 268 788 ritus,
287 765 348 783 cuin
368 755 425 790 ipse
443 754 488 781 Dei
508 753 604 780 Filium
637 754 776 789 Deumque
800 753 907 782 Putrem
923 755 981 781 sola

187 810 254 829 voce
284 802 407 829 conlitcri
432 809 485 827 non
510 801 670 827 erubuerit:
689 809 750 826 nam
777 800 850 834 quod
876 800 909 826 ad
928 807 979 827 nos

189 848 296 879 attinet,
315 847 467 874 naturalem
480 846 507 872 in
519 845 615 880 primis
629 853 689 872 esse
698 845 805 872 Patrem
819 845 980 879 asserimus,

1315 477 1477 512 Ἀνατροπὴ
1493 474 1556 507 1G".

1070 524 1131 555 Πῶς
1148 523 1350 560 προλαμϐάνειν
1367 524 1478 551 εἰώθασι
1492 526 1542 554 τὰς
1559 523 1620 549 καθ’
1635 523 1741 550 ἑαυτῶν
1756 533 1828 560 μαρ-

1031 569 1127 604 τυρίας
1149 569 1173 595 οἰ
1189 568 1338 603 ἑκθαμῆεἰν
1361 569 1409 604 τὴν
1433 568 1551 595 διάνοιαν
1565 568 1619 594 τῶν
1641 569 1763 604 ἀπείρων
1785 578 1829 604 μι-

1035 614 1188 649 μαθηκότες
1201 623 1208 647 ;
1227 614 1255 640 ’0
1269 614 1324 650 γὰρ
1338 615 1368 647 ἐν
1382 615 1506 649 προφορᾷ
1520 614 1569 649 τὴν
1580 614 1674 641 ἐλπίδα
1688 615 1826 649 κεκτημὲ-

1034 667 1079 690 νος
1100 659 1201 690 Ἀέτιος
1227 659 1306 694 μόνος
1321 659 1342 691 ⁸,
1365 660 1412 686 καὶ
1428 659 1477 685 οὐκ
1495 659 1607 695 ἀληθείᾳ
1619 679 1626 691 ,
1643 659 1745 695 ταύτην
1761 661 1829 695 ἡμῖν

1034 704 1211 739 ἐπιφημίζειν
1227 704 1371 739 τολμηρῶς
1397 704 1531 739 προῆλθεν
1553 705 1634 736 αὐτὸς
1646 724 1654 735 ,
1673 705 1738 731 Υίὸν
1759 705 1828 732 Θεοῦ

1035 750 1084 776 καὶ
1103 750 1170 776 Θεὸν
1184 750 1293 785 Πατέρα
1315 750 1386 785 ψιλῷ
1401 749 1473 785 λόγῳ
1499 750 1536 786 μὴ
1552 750 1685 782 αἰδεσθεὶς
1697 751 1831 786 ὁμολογῆ-

1036 805 1080 823 σαι
1092 805 1099 811 ·
1118 796 1195 831 ἡμῶν
1217 796 1245 822 δὲ
1261 795 1378 830 μάλιστα
1403 796 1605 831 ὁμολογούντων
1627 797 1742 830 φυσικὸν
1759 795 1829 824 εἶναι

1034 842 1155 878 Πατέρα,
1172 842 1219 868 καὶ
1234 842 1346 876 φυτικὸν
1377 839 1447 868 εἶναι
1467 841 1542 874 Υίὺν,
1565 843 1612 868 καὶ
1631 843 1745 877 φυσικὸν
1759 841 1829 870 εἶναι

187 897 214 920 et
236 892 386 919 naturalem
408 890 521 921 Filium,
544 894 571 916 ct
587 889 738 916 naturalem
764 889 896 924 Spiritum
917 898 982 917 san~

1037 886 1112 921 ἅγιον
1131 887 1254 923 Πνεῦμα.
1270 888 1309 922 Τῇ
1330 887 1384 922 γὰρ
1397 887 1491 923 Τριάδι
1507 887 1582 914 οὐδὲν
1599 888 1663 914 ἄλλο
1675 889 1830 925 συγκριθῆ-

189 942 275 964 ctum.
291 937 363 964 Nihil
383 941 474 963 autem
492 935 612 962 conferri
628 942 690 961 eum
714 934 850 963 Trinitate
871 940 979 970 potest:

189 985 224 1008 ob
241 982 323 1016 idque
340 980 576 1018 consubstantiale
607 987 702 1007 revera
735 985 777 1007 est
801 980 862 1007 ﬁdei
879 985 981 1008 nostrae

189 1028 402 1055 ﬁrmamentum.
421 1034 510 1061 neque
531 1026 590 1054 sola
608 1026 834 1060 pronuntiatione
856 1030 980 1060 constat;

189 1082 250 1109 quae
265 1082 326 1100 cum
344 1073 424 1099 modo
439 1073 485 1103 sit,
499 1071 580 1099 modo
595 1072 714 1104 desinat,
734 1072 761 1098 in
778 1072 892 1099 nihilum
912 1073 983 1100 redi—

190 1120 263 1153 gitur
279 1129 285 1146 :
304 1119 367 1146 talis
383 1123 424 1145 cst
446 1118 481 1145 de
504 1117 597 1149 Patre,
611 1116 681 1144 Filio
707 1125 738 1144 ac
759 1117 864 1152 Spiritu
885 1122 982 1146 sancto

189 1166 258 1193 Aetii
271 1165 414 1193 sententia.
436 1163 483 1191 Est
500 1163 572 1191 enim
589 1171 670 1191 verus
683 1164 776 1199 utique
792 1163 883 1196 Pater,
901 1172 983 1193 verus

191 1212 286 1242 Filius,
304 1219 383 1238 verus
397 1210 518 1246 Spiritus
535 1214 647 1237 sanctus
658 1219 664 1236 :
676 1210 852 1244 quantumvis
862 1210 983 1239 inﬁnitos

192 1258 236 1284 ille
250 1257 424 1292 syllogismos
451 1256 617 1290 eosdemque
631 1256 797 1284 vanissimos
813 1264 905 1284 serere
918 1266 984 1284 con-

191 1303 294 1329 tendat.
325 1302 362 1329 De
397 1301 555 1336 huiusmodi
589 1308 655 1328 vero
688 1301 846 1329 hominibus
874 1302 983 1330 divinus

192 1355 282 1375 sermo
310 1348 350 1375 sic
374 1348 513 1382 loquitur:
530 1347 695 1382 Sapientiam
723 1348 872 1382 sapientum
894 1357 985 1383 repra-

192 1394 259 1420 babo
277 1393 284 1408 ²
300 1393 381 1420 :itcm
400 1403 405 1420 :
423 1393 503 1420 Novit
521 1393 647 1421 Dominus
658 1394 828 1429 cogitationes
838 1395 983 1430 hominum,

191 1440 316 1472 quoniam
332 1447 406 1466 vana:
422 1445 482 1466 sunt
507 1439 527 1471 ³,
544 1443 597 1466 etc.

421 1495 513 1522 AETll
535 1495 650 1523 CAPUT
674 1495 756 1523 XVII.

230 1539 258 1567 Si
277 1539 427 1574 ingenitum
445 1540 513 1567 nihil
528 1541 561 1568 ad
578 1541 739 1568 substantiae
752 1542 909 1576 dignitatem
927 1551 985 1571 am-

193 1586 264 1620 plius
275 1586 392 1618 conl’ert,
408 1593 490 1621 quam
509 1586 648 1621 genitura;
675 1586 761 1615 Filius
780 1588 838 1615 sola
859 1590 983 1617 vocabuli

193 1632 417 1666 pronuntiatione
433 1637 589 1667 superatus,
620 1633 824 1667 praestantiores
845 1643 875 1662 se
895 1635 985 1670 appel-

192 1678 280 1705 lantes
311 1679 385 1713 ipsos
414 1682 553 1712 agnoscet,
577 1686 631 1706 non
651 1686 725 1712 eum,
744 1680 790 1715 qui
809 1680 895 1715 ipsius
912 1681 984 1710 Deus

191 1723 343 1760 appellatur
356 1729 382 1750 ct
397 1722 488 1751 Pater.

395 1779 477 1815 957
499 1779 652 1814 Canfutatio
670 1780 768 1808 XVII.

227 1826 358 1859 Quamvis
382 1826 540 1853 innumeras
562 1827 641 1854 nobis
661 1826 755 1854 Aetius
776 1829 922 1865 tragipdias
937 1836 985 1855 ex-

195 1873 267 1904 :itet,
292 1872 365 1899 nulla
390 1872 470 1898 nobis
492 1879 612 1906 unquam
637 1879 698 1899 cum
725 1873 824 1908 pietate
837 1875 984 1909 conjuncta

193 1919 264 1945 ratio
280 1917 448 1952 persuadere
465 1917 582 1952 poterit,
606 1919 809 1952 praestantiorcs
831 1919 893 1946 illos
911 1927 984 1952 esse,

193 1965 240 1998 qui
266 1963 300 1990 ab
325 1971 369 1995 eo,
390 1963 437 1997 qui
459 1967 513 1994 est.
539 1967 569 1990 ut
592 1968 685 1991 essent
708 1964 897 1992 obtinuerunt.
916 1964 984 1992 Nam

195 2010 284 2044 ipsius
309 2009 441 2036 beneticio
466 2009 526 2036 illos
550 2009 690 2036 exstitisse
714 2010 758 2036 ille
781 2010 838 2044 ipse
856 2014 983 2037 testatur.

194 2058 229 2082 At
239 2056 285 2090 qui
301 2055 434 2090 singulari
448 2055 522 2082 illius
536 2062 650 2082 munere
664 2054 884 2082 Christianorum
895 2055 983 2091 digni-

195 2107 277 2129 tatem
289 2101 408 2128 assecuti
425 2104 500 2132 sunt,
516 2101 636 2135 genitam
647 2101 768 2127 sobolem
789 2108 844 2127 non
865 2102 924 2128 sola
940 2110 986 2128 vo-

193 2147 235 2174 cis
250 2147 412 2182 prolatione.
433 2146 480 2172 sed
496 2153 589 2172 verum
602 2152 617 2172 c
627 2152 692 2171 vero
704 2145 826 2179 genitum
848 2146 985 2180 appellare

193 2198 308 2225 norunt;
326 2200 359 2220 co
375 2192 449 2227 quod
465 2199 527 2219 vere
547 2191 635 2226 ipsum
652 2191 816 2226 intelligunt,
830 2195 857 2218 et
874 2199 888 2217 a
904 2191 985 2219 Patre

1035 942 1110 960 σεται
1124 942 1131 948 ·
1150 934 1196 960 καὶ
1224 933 1269 960 διὰ
1289 933 1367 960 τοῦτο
1387 933 1522 969 ἀληθινῶς
1551 934 1694 969 όμοοὺσιόν
1719 936 1779 961 ἐστι
1799 936 1829 962 τὸ

1032 979 1082 1014 τῆς
1096 979 1241 1015 ὁμολογίας
1268 979 1346 1015 ἡμῶν
1364 979 1496 1015 ἔρεισμα,
1516 980 1563 1006 καὶ
1583 981 1612 1006 οὐ
1627 981 1669 1007 διὰ
1686 984 1829 1017 προφορᾶς

1032 1025 1082 1061 τῆς
1099 1025 1132 1052 δι’
1145 1025 1228 1053 αὑτοῦ
1243 1026 1252 1041 ⁷
1267 1025 1391 1060 γίνεσθαι
1410 1026 1456 1053 καὶ
1473 1026 1510 1062 μὴ
1522 1026 1644 1060 γίνεσθαι
1661 1027 1829 1062 ἀναιρουμέ-

1033 1080 1100 1107 νης’
1123 1072 1160 1103 ὡς
1177 1073 1193 1108 ἡ
1214 1071 1261 1098 τοῦ
1281 1073 1383 1099 Ἀετίου
1405 1073 1471 1109 περὶ
1483 1073 1589 1108 Πατρὺς
1613 1073 1676 1106 δόξα
1701 1075 1748 1100 καὶ
1762 1074 1829 1100 Υἱοῦ

1033 1116 1081 1143 καὶ
1101 1117 1180 1151 ἁγίου
1195 1116 1364 1152 Πνεύματος.
1381 1118 1459 1144 Ἐστι
1479 1118 1534 1154 γὰρ
1551 1119 1634 1150 ὅντως
1653 1119 1748 1155 [ἰατὴρ
1762 1119 1829 1154 ἁλη-

1034 1161 1123 1193 θινὸς,
1139 1162 1186 1188 καὶ
1203 1162 1266 1193 Υἱὸς
1283 1162 1366 1194 ὅντως
1383 1162 1527 1197 ἀληθινὸς,
1542 1163 1589 1190 καὶ
1610 1164 1722 1199 Πνεῦμα
1750 1164 1829 1198 ἅγιον

1035 1207 1180 1243 ἀληθινὸν,
1205 1208 1256 1235 κᾶν
1281 1217 1311 1234 τε
1336 1209 1449 1244 μυρίους
1480 1209 1675 1245 συλλογισμοὺς
1695 1211 1829 1245 ματαίους

1035 1253 1204 1291 ὑποσπείρῃ,
1220 1253 1258 1286 ὣς
1274 1263 1358 1289 φησιν
1373 1255 1387 1281 ὁ
1401 1255 1472 1287 θεῖος
1489 1255 1567 1289 λόγος
1584 1257 1648 1291 περὶ
1670 1257 1724 1282 τῶν
1737 1256 1828 1283 τοιού-

1034 1308 1088 1326 των
1102 1300 1199 1334 λέγων,
1215 1301 1255 1326 ὃτι
1274 1301 1332 1334 Τὴν
1350 1301 1478 1328 σύνεσιν
1497 1301 1556 1328 τῶν
1567 1302 1705 1329 συνετῶν
1719 1302 1828 1336 ἀθετή-

1034 1353 1079 1372 σω
1091 1355 1098 1363 ·
1117 1347 1163 1373 καὶ
1177 1347 1218 1373 ὃτι
1239 1345 1307 1373 Οἶὸε
1318 1347 1423 1381 Κύριος
1436 1347 1509 1381 τοὺς
1523 1349 1689 1384 λογισμοὺς
1701 1348 1761 1376 τῶν
1773 1350 1827 1377 ἀν-

1036 1391 1170 1426 θρώπων,
1189 1392 1234 1419 ὅτι
1252 1392 1312 1419 εἰσὶ
1329 1392 1460 1428 μάταιοι,
1475 1393 1522 1419 καὶ
1535 1393 1569 1420 τὰ
1585 1393 1658 1429 ἑξῆς.

1220 1491 1417 1518 ΚΕΦΛΛΛΙΟΝ
1438 1491 1566 1518 ΛΕΊΊΟΥ
1591 1492 1638 1518 lZ'.

1073 1538 1104 1564 Εἰ
1130 1537 1213 1574 μηδὲν
1240 1538 1320 1565 πλέον
1349 1538 1426 1574 νέμει
1454 1539 1493 1570 εἰς
1523 1539 1659 1574 ὑπεροχὴν
1678 1539 1772 1571 οὐσίας
1798 1540 1830 1567 τὸ

1035 1584 1183 1619 ἀγέννητον
1194 1584 1268 1620 ’πρὸς
1294 1583 1325 1610 τὸ
1338 1584 1467 1619 γεννητὸν
1479 1605 1486 1617 ,
1504 1585 1630 1620 προφορᾷ
1645 1585 1726 1620 μόνον
1743 1586 1828 1620 ὑπερ-

1034 1631 1164 1666 εχόμενος
1187 1631 1201 1657 ὁ
1228 1631 1312 1663 Υίὺς,
1343 1630 1464 1666 βελτίους
1489 1631 1587 1658 ἑαυτοῦ
1605 1631 1739 1665 γνώσεται
1765 1634 1827 1664 τοὺς

1035 1676 1330 1712 προσαγορεύσαντας,
1358 1677 1388 1704 οὐ
1411 1677 1456 1704 τὸν
1482 1677 1737 1714 προσαγορευθέντα
1762 1677 1827 1705 Θεὸν

1035 1722 1116 1749 αὑτοῦ
1134 1723 1180 1750 καὶ
1191 1723 1312 1759 Πατέρα,

1309 1779 1475 1814 Ἀνατροπὴ
1504 1781 1560 1807 IZ'.

1070 1824 1165 1855 Οὐδεὶς
1182 1823 1297 1859 εὐσεὸὴς
1311 1824 1389 1858 λόγος
1405 1825 1602 1860 συγχωρήσειε,
1617 1824 1668 1852 κᾶν
1685 1833 1715 1851 τε
1743 1826 1826 1861 μυρία

1034 1870 1266 1906 δραματουργήσῃ
1289 1871 1354 1906 ἡμῖν
1387 1871 1499 1902 Ἀἐτιος,
1516 1871 1644 1906 ἀμείνους
1666 1870 1737 1899 εῐναι
1765 1875 1827 1905 τοὺς

1035 1916 1065 1942 τὸ
1081 1912 1152 1942 εἶναι
1179 1915 1255 1951 παρὰ
1274 1916 1322 1942 τοῦ
1336 1916 1412 1948 ὄντος
1439 1917 1593 1952 εἰληφάτας.
1612 1918 1651 1943 Δι’
1665 1918 1748 1945 αὑτοῦ
1773 1920 1827 1955 γὰρ

1035 1961 1082 1988 καὶ
1106 1961 1188 1992 αὐτὸς
1203 1961 1330 1996 ὁμολογεῖ
1351 1962 1414 1993 τοὺς
1436 1962 1536 1994 αὐτοὺς
1560 1964 1734 1999 γεγενῆσθαι.
1759 1965 1828 1992 οὔτε

1035 2006 1091 2041 γὰρ
1107 2006 1178 2033 κατὰ
1195 2006 1335 2042 προφορὰν
1347 2006 1426 2041 λόγον
1444 2007 1518 2034 ἴσασι
1539 2008 1570 2035 τὸ
1585 2009 1708 2044 γέννημα
1725 2010 1828 2042 καλεῖν,

1035 2051 1103 2078 ἀλλὰ
1118 2052 1243 2086 ἀληθινὸν
1269 2052 1298 2085 ἐξ
1321 2053 1448 2088 ἀληθινοῦ
1466 2055 1676 2090 γεγεννημένον,
1693 2057 1719 2082 οἱ
1735 2057 1765 2090 ἐξ
1782 2058 1830 2084 αὑ-

1035 2097 1083 2124 τοῦ
1109 2098 1336 2133 εὐεργετηθέντες
1359 2100 1560 2135 καταξιωθῆναι
1587 2102 1764 2136 Χριστιανοὶ,
1791 2103 1830 2138 τῷ

1036 2143 1135 2170 εἰδέναι
1159 2144 1239 2171 αὑτὸν
1260 2145 1288 2171 ἐν
1305 2144 1428 2181 ἀληθείᾳ,
1453 2147 1500 2172 καὶ
1521 2146 1690 2182 διδαχθέντες
1710 2148 1756 2175 διὰ
1776 2150 1830 2176 Πα-

1035 2190 1110 2224 τρὶς,
1139 2190 1187 2216 καὶ
1210 2190 1260 2217 οὐκ
1285 2190 1339 2217 ἀπὸ
1362 2192 1462 2226 σαρκὸς
1484 2191 1531 2218 καί
1555 2193 1680 2227 αἵματος.
1707 2195 1763 2222 Καὶ
1787 2195 1830 2222 διὰ

194 2243 267 2271 sunt.
283 2247 337 2266 non
360 2246 375 2265 a
394 2245 488 2267 carne.
511 2237 551 2263 vel
567 2237 701 2271 sanguine
716 2237 868 2272 perdocti‘.
896 2238 982 2270 Quam

1037 2236 1116 2262 τοῦτο
1133 2237 1246 2268 εἰκότως
1261 2238 1485 2273 μακαριζόμενοι,
1502 2238 1540 2270 ὡς
1554 2240 1568 2265 ό
1585 2239 1654 2274 μετὰ
1670 2240 1830 2276 προσθήκης

193 2287 229 2313 ob
245 2293 355 2313 causam
369 2284 463 2312 felices
473 2283 570 2310 merito
585 2283 782 2318 pra-dicantur,
799 2289 828 2310 ut
843 2284 914 2311 inter
931 2291 983 2310 ca:-

193 2337 266 2359 tcros
288 2330 428 2366 apostolus
449 2329 504 2362 ille,
527 2329 575 2364 qui
597 2329 716 2357 viventis
732 2329 825 2356 addito
849 2330 983 2357 vocabulo

194 2377 240 2405 Dei
260 2376 356 2404 Filium
379 2376 455 2402 illum
480 2375 620 2410 agnovit‘.
637 2375 720 2403 lidem
741 2383 824 2410 porro
838 2376 984 2402 animalem

194 2423 302 2449 Aetium
318 2421 480 2456 spiritaliter
489 2421 652 2455 dijudicant.
668 2422 714 2456 qui
730 2430 760 2448 ea
775 2429 835 2455 quae
853 2421 885 2448 ad
904 2421 984 2455 spiri-

195 2473 252 2496 tum
269 2468 406 2502 pertinent
422 2466 559 2502 repudiat.
576 2467 616 2494 Ac
631 2467 695 2494 licet
707 2468 866 2501 unigenitus
879 2467 923 2494 Dei
940 2466 986 2493 Fi-

195 2514 316 2553 lius,'ac
340 2512 459 2548 Spiritus
483 2513 520 2539 ita
544 2513 694 2548 loquatur:
716 2512 789 2539 l’ado
816 2514 849 2539 ad
879 2512 985 2540 Patrem

195 2567 291 2586 meum.
308 2563 331 2586 et
348 2558 455 2585 Patrem
478 2564 602 2590 vestrum,
627 2558 711 2585 Deum
739 2565 824 2584 meum
854 2562 878 2584 et
903 2557 986 2584 Deum

195 2606 345 2639 rastrum";
367 2606 454 2633 ambze
477 2609 568 2632 tamen
589 2604 786 2639 appellationes
804 2604 863 2631 ista:
878 2605 985 2636 alienis,

243 2683 250 2695 '
274 2682 281 2708 l
301 2682 365 2711 Cor.
391 2690 410 2713 ι,
430 2681 470 2708 l9.

195 2718 206 2735 '
221 2717 252 2745 F.
267 2718 312 2744 διὰ
327 2718 385 2744 τοῦ.

523 2680 615 2707 ’Psal.
640 2688 716 2712 mn,
749 2680 793 2706 ll.

230 2795 286 2829 (9|)
306 2795 368 2822 ιὶἄν
384 2803 415 2821 τε
435 2792 641 2826 πνειιματίκῶς
661 2792 897 2827 ἀνανρινόμενσι.
919 2793 985 2825 Qua:

197 2831 350 2865 parenthesi
368 2830 468 2857 includi
492 2828 647 2864 jussimus,
664 2836 695 2855 ea
723 2829 782 2856 loco
805 2836 854 2855 suo
880 2830 982 2855 dnnota

845 2680 855 2695 ³
872 2680 966 2706 Matth.
996 2688 1050 2709 XVI.
1071 2679 1112 2706 17.

423 2717 434 2732 ⁸
447 2716 551 2743 Luxata
563 2716 620 2742 haec
635 2723 686 2743 suo
700 2715 760 2742 loco
772 2715 906 2742 arbitror.
927 2715 992 2742 \‘ide
1005 2720 1096 2742 notas.

1036 2281 1215 2314 τοῦ,ζῶντοςν
1223 2282 1284 2309 Υἱὸν
1301 2282 1368 2309 Θεοῦ
1385 2283 1465 2310 αὑτὸν
1476 2284 1614 2318 ἐπιγνοὺς,
1632 2287 1683 2313 κᾶν
1701 2295 1732 2313 τε
1748 2296 1830 2313 πνευ-

1039 2328 1161 2363 ματικῶς
1186 2328 1395 2364 ἀνακρινόμενοι
1420 2322 1477 2365 (Ὧι)
1501 2330 1511 2346 ⁸
1530 2330 1556 2366 [ὁ
1578 2332 1686 2367 πνεῦμα
1711 2331 1749 2359 ὢν
1786 2334 1832 2360 καὶ

1037 2373 1204 2410 Μονογενὴς]
1228 2375 1274 2401 τὸν
1291 2375 1405 2410 ψυχικὸν
1427 2376 1528 2404 Ἀέτιον
1554 2377 1590 2413 μὴ
1606 2378 1831 2414 παραδεχόμενον

1037 2420 1072 2446 τὰ
1086 2419 1132 2446 τοῦ
1153 2419 1323 2454 Πνεύματος,
1340 2421 1390 2448 κᾶν
1401 2429 1430 2447 τε
1446 2422 1534 2448 εἴποι·
1559 2423 1736 2457 Ἀπέρχομαι
1755 2425 1832 2458 πρὸς

1036 2463 1091 2490 τὸν
1114 2464 1231 2498 Πατέρα
1251 2473 1311 2499 μου
1345 2466 1394 2492 καὶ
1422 2466 1538 2500 Πατέρα
1561 2467 1655 2502 ὑμῶν,
1680 2468 1728 2495 καὶ
1757 2471 1831 2495 θεόν

1034 2518 1094 2544 μου
1113 2509 1163 2536 καὶ
1189 2509 1265 2537 Θεὸν
1278 2510 1362 2545 ὑμῶν
1374 2519 1380 2525 ⁸
1396 2511 1449 2537 τῶν
1470 2512 1633 2548 ἀμφοτέρων
1656 2513 1759 2540 τούτων
1773 2514 1832 2540 rivo-

1042 2555 1147 2590 μασιῶν
1176 2555 1244 2591 πρὸς
1266 2556 1300 2582 τὰ
1317 2555 1446 2592 ἁλλογενῆ
1467 2557 1587 2592 ὀνόματα
1610 2558 1648 2594 μὴ
1671 2558 1830 2594 δυναμένων

1040 2601 1204 2635 ἐξισοῦσθαι,
1219 2602 1269 2637 τῆς
1285 2602 1413 2637 ἀληθείας
1427 2603 1470 2630 ἀεὶ
1488 2603 1632 2639 μενούσης,
1649 2604 1696 2630 καὶ
1711 2605 1831 2639 ἑκάστης

1167 2679 1177 2694 ⁸
1193 2679 1259 2706 ibid.
1287 2679 1317 2706 ιθ
1378 2678 1480 2707 'Joan.
1500 2688 1545 2712 xx,
1564 2679 1606 2706 l7.
1657 2680 1668 2695 ‘
1686 2678 1718 2706 F.
1737 2679 1828 2714 μόνον.

1040 2797 1114 2823 sunt,
1130 2797 1157 2819 et
1172 2793 1198 2819 in
1213 2797 1246 2819 tt'l
1256 2793 1292 2819 tio
1306 2802 1384 2820 vcrszt
1402 2793 1433 2819 :td
1451 2793 1523 2819 hunc
1536 2793 1646 2819 modum
1661 2793 1829 2828 reponrnda,

1038 2828 1089 2854 κᾶν
1105 2836 1133 2854 τε
1147 2828 1218 2854 εἴποι
1235 2830 1248 2855 ὀ
1267 2829 1372 2863 πνεὺμα
1391 2829 1428 2856 ὢν
1452 2829 1497 2855 καὶ
1514 2829 1678 2863 Μονογενής.
