1945 3043
206 148 259 175 587

207 207 362 234 staticulum
380 206 440 241 fui],
463 205 579 240 gentibus
601 204 735 231 stultitia:
750 202 823 229 nobis
841 211 898 229 vero
923 210 997 228 voca-
1012 205 1033 232 Α

209 254 243 280 tis
266 252 366 279 Juda'it
391 251 546 286 algentibus
569 249 692 277 Christus
719 249 765 275 Dei
785 249 877 279 virtus,
900 252 924 274 et
947 246 995 273 Dei

209 299 348 333 sapientia.
365 297 494 330 Quoniam
508 296 576 331 quod
598 296 708 323 stultum
723 301 761 322 est
780 294 827 322 Dei
851 294 995 329 sapientius

207 349 246 371 est
264 343 422 374 hominibus,
438 347 462 369 ει
477 342 546 377 quod
564 343 701 377 infirmum
715 347 752 368 est
772 341 818 368 Dei
837 341 933 374 fertilis
956 345 995 368 est

207 389 383 417 hominibus‘.
402 388 470 422 Quis
491 388 574 424 igitur
594 388 702 416 Aetium
718 396 772 415 non
793 388 880 423 primo
895 386 997 414 Iudaeis

208 439 379 467 annumerel,
400 433 473 469 quod
491 434 658 470 syllogismis
682 434 740 462 suis
756 434 818 461 aliis
837 433 997 461 oﬂ'ensionis

207 488 318 508 causam
342 479 478 515 praebeat?
502 485 558 506 tum
572 487 636 507 vero
652 480 778 515 gentilem
800 487 861 507 esse
873 483 996 510 censeat,

207 525 278 560 quod
293 532 349 559 prie
361 524 486 552 allectata
505 531 555 552 sua
568 524 703 560 sapientia
717 524 838 552 divinam
854 525 995 552 veritatem

207 572 329 600 stultitiae
364 571 543 599 condemnet?
571 571 678 598 Etenim
703 579 774 599 unus
802 571 846 599 ille
872 571 998 599 conditor

206 618 341 649 omnium,
364 621 446 653 atque
466 618 563 645 artifex
588 619 660 645 onmi
685 622 811 645 creatura
837 617 998 653 opiﬁcioque

207 662 392 697 praestantior,
410 670 463 689 non
480 667 623 697 propterea
635 662 718 697 959
737 662 808 697 quod
823 663 964 697 productis
982 670 997 689 a

207 716 237 735 se
256 708 384 735 oumibus
402 708 550 741 antecellit,
567 716 621 735 non
636 708 730 735 eadem
761 709 812 735 ista
834 709 945 735 molitur
966 716 998 735 ac

207 757 342 789 procreat.
356 753 448 789 Neque
463 754 548 786 enim,
565 761 625 789 qua:
643 754 715 781 illius
732 758 774 781 est
789 754 907 785 bonitas.
927 754 996 781 invi-

206 800 252 827 dia
266 799 395 835 tangitur,
415 799 636 835 quandoquidem
659 800 745 835 ipsam
760 800 787 827 in
806 808 836 827 se
849 800 996 827 bonitatem

206 846 406 882 complectitur,
418 854 479 881 qua:
492 854 536 874 res
549 854 603 873 una
613 847 719 874 caeteris
731 851 842 882 praestat
856 847 995 875 omnibus.

206 879 300 926 Neque
326 879 580 925 perturbationibus
597 879 801 924 obnoxius'est,
828 893 901 920 velut
926 893 996 920 invi-
1013 879 1032 906 Β

207 936 269 967 dite,
283 937 372 969 livori,
385 941 438 965 etc.
451 937 540 971 Quare
551 945 720 973 quzecunque
731 939 840 965 domum
851 938 994 970 exsistunt,

207 989 223 1009 e
243 981 330 1008 nihilo
350 981 474 1016 perfecit.
493 981 560 1008 Nam
578 990 639 1018 qua:
655 983 690 1010 ab
711 983 771 1017 ipso
791 983 900 1010 condita
921 987 995 1015 sunt,

207 1035 322 1063 quaeque
333 1028 541 1064 incomparabili
552 1027 612 1064 ejus
622 1029 766 1057 divinitate
777 1029 856 1064 longe
867 1029 996 1057 inferiora

206 1077 282 1106 sunt,
300 1081 354 1101 non
378 1073 511 1103 adversus
531 1075 620 1109 ipsum
645 1075 796 1111 excogitata
815 1075 936 1108 fuerunt,
949 1075 996 1103 sed

207 1120 239 1145 ad
267 1119 328 1154 ejus
343 1119 475 1148 honorem
491 1127 524 1147 ac
539 1120 664 1156 gloriam,
680 1124 709 1147 ut
723 1121 893 1157 magniﬁcam
911 1126 938 1149 et
953 1129 996 1148 m-

205 1165 285 1192 vidiae
310 1170 448 1201 expertem
474 1166 547 1193 illius
574 1166 744 1194 divinitatem
773 1167 904 1195 indicent.
931 1166 997 1200 Quae

206 1211 315 1246 quidem
340 1212 454 1246 ipsamet
481 1215 522 1239 est
549 1212 672 1245 bonitas,
692 1216 718 1239 et
743 1212 911 1246 substantia,
937 1221 998 1248 qua:

206 1263 268 1283 cum
285 1256 318 1283 iis
337 1257 431 1289 rebus.
449 1265 518 1292 quas
538 1265 554 1284 e
576 1258 661 1286 nihilo
675 1258 786 1290 creavit,
808 1266 858 1286 sua
873 1266 997 1286 commu-

205 1300 292 1332 nicat,
306 1301 471 1337 easdemque
482 1306 509 1330 et
522 1311 582 1331 esse
593 1304 660 1335 vult,
676 1307 703 1331 et
714 1311 933 1340 unamquamque
949 1312 997 1339 pro

206 1349 312 1372 naturze
331 1353 387 1374 suae
403 1347 561 1375 conditione
586 1356 698 1376 suorum
721 1349 916 1377 beneﬁciorum
937 1358 998 1378 esse

206 1391 378 1426 participem.
394 1391 472 1420 Unde
483 1397 510 1420 et
525 1393 661 1422 sideribus
678 1395 765 1422 lucem
778 1395 931 1431 impertitus
944 1402 996 1429 est,

206 1441 234 1463 et
250 1436 320 1463 cmlo
346 1436 538 1471 descriptionis
563 1438 723 1474 ordinisque
746 1439 996 1473 pulchritudinem,

206 1481 234 1504 et
249 1481 337 1508 terra,
353 1478 523 1513 caaterisque,
540 1486 589 1513 pro
603 1486 646 1512 eo,
662 1487 693 1506 ac
711 1480 807 1511 voluit,
829 1484 933 1515 partem
947 1481 997 1508 ali-

207 1526 289 1554 quam
305 1519 414 1547 virtutis
426 1521 566 1553 attribuit;
584 1526 610 1548 et
629 1522 744 1557 angelis,
761 1530 793 1550 ac
808 1522 921 1557 reliquis
937 1530 997 1550 san-

206 1565 259 1591 ctis
269 1564 406 1592 mentibus
418 1564 648 1593 immortalitatem
659 1567 811 1600 concessit;
823 1571 849 1595 et
858 1568 996 1595 hominem

207 1611 325 1646 denique
342 1611 468 1646 imaginis
482 1611 625 1647 dignitate,
642 1613 706 1644 vita,
723 1613 849 1646 scientia,
865 1621 897 1641 ac
910 1615 996 1642 ratio-

206 1657 250 1684 nis
264 1657 374 1692 proprio
395 1665 508 1684 munere
524 1656 644 1685 donavit.
668 1658 750 1693 Quod
771 1658 880 1694 quidem
905 1661 994 1696 ipsum

206 1712 261 1732 non
278 1704 351 1732 illius
366 1704 393 1731 in
409 1704 466 1731 sola
478 1704 617 1732 voluntate
632 1705 751 1739 positum
768 1705 828 1740 fuit,
843 1707 920 1741 quasi
931 1715 996 1734 cun-

205 1751 316 1783 ctando,
338 1756 365 1778 et
387 1751 415 1778 in
440 1749 561 1778 futurum
583 1751 771 1784 deliberando,
797 1757 825 1779 ut
836 1753 874 1779 ita
895 1753 994 1785 dicam,

1010 1546 1033 1576 C

207 1797 279 1831 apud
299 1805 329 1825 se
344 1801 488 1827 tractaret;
520 1797 567 1825 sed
597 1804 646 1831 pro
669 1799 794 1832 ipsamet,
811 1806 872 1832 qua:
888 1799 914 1825 in
940 1798 986 1826 illo
1015 1804 1068 1832 est,
1088 1800 1209 1828 bonitate
1243 1801 1357 1836 perfecit

928 143 956 170 s.
977 141 1146 183 murium!

1788 141 1840 168 588

1049 200 1083 226 δὲ
1095 200 1202 234 prop/tt,
1218 200 1289 235 ’ἡμῖν
1303 200 1337 227 δὲ
1351 199 1411 233 τοῖς
1427 199 1548 233 κλητοῖς
1568 199 1724 231 Ἰουδαίοις
1741 207 1774 226 τε
1790 200 1840 226 καὶ

1047 246 1177 280 ’Ἕλλησι
1196 246 1323 280 Χριστὸς
1341 246 1415 273 Θεοῦ
1433 246 1569 280 δύναμις,
1585 245 1631 272 καὶ
1646 245 1720 272 Θεοῦ
1735 246 1840 280 σοφία.

1048 292 1112 318 ’Ὁτι
1129 292 1162 318 τὸ
1175 292 1275 326 μωρὸν
1291 292 1344 319 τοῦ
1360 291 1434 318 Θεοῦ
1458 291 1626 326 σοφώτερον
1648 291 1708 318 τῶν·
1729 292 1843 326 ἀνθρώ-

1047 345 1111 363 πων
1131 338 1207 369 ἐστὶ,
1224 338 1272 365 καὶ
1292 338 1325 364 τὸ
1343 338 1471 370 ἀσθενὲς
1485 338 1537 365 τοῦ
1554 338 1628 365 Θεοῦ
1646 339 1844 373 ἰσχυρότερον

1047 382 1106 409 τῶν
1125 383 1288 418 ἀνθρώπων
1301 384 1369 410 ἐστί
1381 393 1387 399 ·
1412 384 1470 415 πῶς
1486 381 1531 411 οὖν
1548 384 1598 411 οὐκ
1613 384 1645 411 ἄν
1660 393 1703 415 τις
1717 384 1764 410 τὸν
1783 384 1842 410 Ἀέ-ι

1047 437 1104 455 τιον
1121 429 1149 454 ὲν
1161 430 1218 460 τοῖς
1239 429 1376 460 Ἰουδαίοις
1396 429 1445 464 μὲν
1459 429 1503 456 διὰ
1515 429 1546 455 τὸ
1562 429 1709 456 σκάνδαλον
1723 429 1779 455 τῶν
1796 430 1843 455 αὑ-

1047 473 1093 500 τοῦ
1110 474 1296 510 συλλογισμῶν
1312 475 1517 510 καταστήσειεν,
1536 473 1654 509 Ἕλληνα
1665 475 1693 501 δὲ
1705 475 1751 501 διὰ
1766 475 1797 501 τὸ
1810 476 1843 501 ἐκ

1047 519 1097 554 τῆς
1122 519 1189 552 ἰδίας
1219 520 1393 556 ὲθελοσοτρίας
1425 521 1530 556 μωρίαν
1559 521 1683 555 ἡγεῖσθαι
1715 521 1767 557 τὴν
1795 521 1842 548 τοῦ

1048 566 1116 592 Θεοῦ
1131 567 1279 602 ἀλήθειαν;
1306 568 1360 594 Καὶ
1383 567 1437 604 γὰρ
1458 564 1498 598 εἷς
1523 567 1571 594 καὶ¹
1596 567 1726 602 κρείττων
1751 568 1842 603 πάσης

1048 613 1165 644 κτίσεως
1186 613 1234 640 καὶ
1252 614 1433 650 δημιουργίας
1447 615 1461 641 ὁ
1475 613 1588 648 κτίστης
1609 613 1657 639 καὶ
1676 613 1843 650 δημιουργὸς

1047 659 1101 685 τῶν
1126 659 1269 686 ἁπάντων·
1292 660 1322 686 οὺ
1346 659 1422 695 παρὰ
1440 659 1530 689 τοῦτο,
1554 659 1595 685 ὃτι
1621 659 1680 686 ἐστὶ
1706 659 1843 694 κρείττων

1048 705 1101 732 τῶν
1119 706 1163 732 ὑπ’
1180 705 1263 732 αὑτοῦ
1279 705 1496 740 γεγεννημένων,
1512 705 1542 731 οὺ
1558 706 1630 731 ποιεί
1646 705 1693 731 καὶ
1706 705 1796 737 κτίζει
1809 705 1844 731 τὰ

1049 752 1092 778 ὑπ’
1111 751 1191 778 αὑτοῦ
1216 751 1356 785 γεγονότα.
1372 751 1438 778 Οὐδὲ
1462 750 1516 786 γὰρ
1532 750 1624 785 φθονεῖ
1644 752 1677 787 τῇ
1700 751 1756 786 ίδίᾳ
1774 751 1843 784 ἀγαα

1047 797 1139 833 θὸτητι
1150 806 1156 812 ·
1170 797 1276 825 οἴκοθεν
1289 797 1343 833 γὰρ
1364 797 1420 833 ἔχει
1435 797 1465 824 τὸ
1481 797 1662 831 αὐτοαγαθόν,
1691 797 1764 833 ὅπερ
1781 798 1844 824 ἐστὶ

1049 845 1160 871 πάντων
1174 845 1307 880 κρεῖττον.
1325 843 1394 870 Οὔτε
1408 843 1462 878 γὰρ
1478 843 1543 870 sicut
1559 843 1651 870 παθῶν
1672 843 1842 879 περιέχεται,

1048 889 1181 925 ἢφοόνου,
1195 889 1211 925 ἢ
1225 889 1383 924 βασκανίας,
1395 889 1454 916 ’καὶ
1468 889 1501 916 τὰ
1509 890 1573 916 ὄντα
1588 889 1617 922 ἐξ
1628 890 1677 916 οὐκ
1685 889 1772 916 ὄντων
1782 890 1843 916 ὲτεσ

1047 935 1250 972 λεσιούργησεν.
1265 937 1302 963 Οὑ
1316 935 1370 972 γὰρ
1388 935 1435 962 ὑπ’
1457 936 1540 962 αὑτοῦ
1551 936 1688 970 γεγονότα,
1705 936 1845 971 ὑποϐεϐη-

1048 982 1113 1009 κότα
1122 981 1150 1008 δὲ
1160 981 1207 1017 τὴν
1216 981 1297 1009 αὑτοῦ
1309 982 1473 1018 ἀσύγκριτον
1488 981 1613 1017 θεότητα,
1623 981 1654 1008 οὐ
1671 981 1732 1009 καθ’
1741 982 1841 1009 ἑαυτοῦ

1048 1027 1181 1063 ἐπενοήθη
1197 1027 1231 1054 τὰ
1252 1028 1298 1054 ὑπ’
1308 1028 1391 1054 αὑτοῦ
1406 1028 1561 1059 κτισθέντα,
1573 1028 1629 1054 ἀλλ’
1647 1029 1687 1059 εἰς
1699 1027 1780 1060 δόξαν
1792 1029 1844 1055 αὑ-

1047 1073 1105 1106 τοῦ,
1122 1073 1191 1108 πρὸς
1219 1073 1249 1100 τὸ
1271 1073 1356 1106 δεῖξαι
1379 1074 1428 1110 τὴν
1455 1074 1570 1108 ἄφθονον
1599 1074 1680 1100 αὐτοῦ
1707 1074 1843 1109 0561mm-

1048 1119 1250 1155 αὑτοαγαθότης
1275 1117 1342 1146 οὖσα
1371 1120 1419 1146 καὶ
1449 1119 1594 1147 αὑτοουσία
1628 1120 1846 1147 ὲπικοινωνοῢσα

1047 1166 1103 1197 τοῖς
1117 1164 1146 1198 ἐξ
1170 1165 1253 1191 αὑτοῦ
1270 1165 1300 1198 ἐξ
1314 1165 1365 1191 οὑκ
1387 1165 1472 1192 ὄντων
1489 1165 1631 1197 χτισθεῐσι,
1645 1165 1676 1192 τὺ
1690 1163 1760 1192 εἶναι
1773 1166 1846 1194 αὐτὰ

1048 1210 1173 1245 Θελήσας,
1190 1211 1237 1238 καὶ
1249 1211 1373 1247 μετέχειν
1390 1211 1439 1247 τῆς
1454 1207 1537 1238 αὑτοῦ
1550 1211 1664 1238 ἕκαστον
1681 1211 1736 1239 τῶν
1751 1221 1846 1239 κεκτι-

1049 1255 1155 1290 σμένων
1174 1256 1244 1282 κατὰ
1262 1256 1311 1291 τὴν
1325 1256 1470 1290 ἀναλογίαν
1485 1257 1589 1293 δωρεᾶς
1610 1256 1730 1292 ἑκάστης
1745 1257 1847 1285 ὑποθέ-

1049 1306 1117 1330 σεως
1127 1306 1133 1312 ·
1156 1299 1298 1334 φωστῆρσι
1318 1300 1368 1334 μὲν
1382 1300 1412 1326 τὸ
1428 1300 1486 1335 φῶς
1499 1301 1671 1337 κεχάρισται,
1692 1302 1800 1337 οὐρανῷ
1814 1303 1845 1329 δὲ

1048 1344 1081 1371 τὰ
1104 1344 1191 1380 κάλλη
1209 1345 1258 1380 τῆς
1279 1346 1496 1382 διακοσμήσεως.
1513 1348 1548 1383 γῇ
1565 1356 1595 1374 τε
1618 1348 1665 1374 καὶ
1679 1349 1737 1380 τοῖς
1752 1348 1845 1380 ἄλλοις

1049 1391 1119 1418 κατὰ
1150 1391 1181 1418 τὺ
1199 1392 1282 1418 αὑτοῦ
1310 1391 1434 1427 βούλημα.
1460 1392 1530 1428 μέρη
1560 1393 1662 1428 ἀρετῆς
1684 1393 1845 1429 ἐχαρίσατο,

1048 1437 1173 1472 ἀγγέλοις
1185 1446 1215 1464 τε
1231 1437 1261 1464 τὸ
1274 1438 1366 1466 δοῦναι
1382 1438 1472 1470 αὐτοῖς
1492 1439 1656 1474 ἀφθαρσίαν,
1679 1441 1727 1467 καὶ
1748 1439 1847 1471 ἄλλαις

1048 1481 1140 1515 1’ἕιγίαις
1167 1481 1329 1518 δυνάμεσιν,
1358 1483 1494 1520 ἀνθρώπῳ
1527 1493 1556 1511 τε
1588 1484 1619 1511 τὸ
1652 1485 1701 1521 τῆς
1737 1486 1845 1517 εἰκόνος

1048 1525 1168 1561 ἀξίωμα,
1188 1527 1235 1554 καὶ
1259 1527 1343 1564 ζωῆς,
1360 1528 1406 1555 καὶ
1425 1529 1563 1562 γνώσεως,
1588 1529 1636 1556 καὶ
1661 1530 1770 1564 λογικοῦ
1794 1539 1844 1566 χα-

1050 1571 1182 1607 ρίσματος
1205 1572 1301 1608 δῶρον.
1330 1574 1385 1600 Καὶ
1413 1574 1463 1600 οὐκ
1488 1575 1542 1602 ἀπὸ
1569 1574 1736 1610 βουλήματος
1761 1577 1847 1612 μόνον

1050 1616 1171 1652 ὑπῆρξεν
1183 1617 1258 1653 αὐτῷ
1276 1617 1365 1650 τοῦτο,
1380 1619 1417 1650 ὡς
1431 1619 1464 1646 ἂν
1483 1619 1554 1646 sino:
1566 1628 1609 1652 τις
1625 1621 1804 1656 μελλητικῶς,
1824 1623 1844 1657 ἢ

1048 1662 1120 1689 κατὰ
1131 1663 1226 1698 μέλλον
1240 1665 1262 1696 ',
1273 1663 1289 1699 ἢ
1304 1664 1533 1699 συμϐουλευτικὸν
1543 1666 1681 1701 λογισμὸν,
1691 1666 1760 1693 ἀλλὰ
1772 1668 1845 1695 κατὰ

1046 1708 1078 1734 τὸ
1088 1708 1266 1743 αὐτοαγαθόν.
1277 1709 1386 1744 Πέφυκε
1394 1710 1448 1748 γὰρ
1463 1711 1632 1746 αὑτοαταθδν
1643 1712 1654 1728 ³
1663 1713 1844 1748 συμπρεπόν-

1050 1762 1105 1786 τως
1113 1754 1188 1790 αὐτῷ
1196 1754 1231 1781 τὰ
1242 1756 1330 1782 πάντα
1339 1756 1419 1792 ἔχων,
1428 1757 1474 1784 καὶ
1483 1757 1577 1789 ποιῶν,
1589 1758 1637 1785 καὶ
1646 1758 1831 1794 ἐργαζόμενος

1387 1811 1394 1829 :
1419 1803 1496 1837 cujus
1532 1803 1583 1830 hoc
1611 1805 1752 1838 proprium
1784 1808 1843 1835 est.

207 1847 236 1870 ut
249 1847 431 1878 congruenter
456 1842 508 1870 sibi
528 1842 681 1873 contineat,
704 1841 802 1869 eﬂiciat
826 1849 858 1869 ac
871 1843 998 1870 moliatur
1011 1843 1114 1870 omnia.

241 1887 477 1921 Quemadmodum
496 1887 579 1923 igitur
591 1888 664 1922 quod
682 1887 786 1916 dictum
802 1893 855 1921 cst,
870 1889 936 1916 nihil
960 1890 996 1916 in-

207 1934 318 1968 dignum
343 1937 390 1960 aut
419 1933 549 1961 indecens
575 1934 688 1961 bonitati
712 1933 771 1968 ejus
795 1934 922 1968 aspersit,
949 1935 995 1962 sed

207 1979 332 2014 gloriam,
351 1986 383 2006 ac
397 1986 460 2006 cum
471 1978 665 2014 praedicatione
677 1979 851 2014 coniunctam
863 1980 995 2015 largitatis

207 2031 264 2052 suae
280 2024 403 2051 notitiam
423 2025 536 2060 peperit,
555 2023 600 2051 ubi
621 2024 654 2051 ad
674 2032 768 2052 eorum
789 2032 859 2059 quos
874 2025 996 2052 condidit

207 2071 390 2106 cognitionem
412 2078 578 2106 sensumque
592 2071 715 2106 pervenit
729 2081 736 2098 :
751 2071 788 2098 ita
803 2075 829 2099 et
845 2079 951 2099 summa
967 2073 993 2099 in

206 2124 240 2144 eo
262 2116 413 2144 divinitatis
431 2117 517 2152 gloria
535 2120 587 2149 est,
604 2123 660 2144 non
675 2116 721 2143 illa
734 2116 843 2152 quidem
858 2117 994 2145 extrinse-

207 2169 256 2189 cus
274 2162 359 2189 ascita
378 2162 446 2196 (nec
457 2161 529 2189 enim
545 2161 666 2188 divinum
690 2169 790 2189 numen
809 2162 994 2190 accessionem

208 2208 290 2235 ullam
304 2208 418 2243 requirit
430 2217 436 2234 :
446 2208 546 2242 quippe
557 2215 618 2234 cum
632 2208 746 2242 ipsamet
757 2208 842 2242 gloria
853 2208 898 2239 sit,
909 2209 995 2236 virtus

206 2253 276 2288 ipsa,
294 2252 492 2283 admirabilitas
506 2252 575 2286 ipsa.
599 2252 657 2286 ipsa
674 2252 861 2287 praedicatio);
875 2253 938 2289 hoc,
953 2253 996 2280 in-

207 2306 301 2332 quam,
312 2299 338 2325 in
348 2298 421 2325 illius
430 2297 543 2333 gloriam
553 2298 634 2329 cedit,
647 2297 718 2333 quod
730 2297 811 2325 Pater
820 2299 878 2333 ipse
886 2303 995 2334 generet

207 2352 223 2372 a
235 2345 309 2371 nullo
323 2344 441 2379 genitus,
462 2348 491 2370 ut
508 2351 540 2370 ex
556 2344 666 2378 perenni
692 2343 765 2372 fonte
780 2344 907 2379 perennis
919 2352 996 2379 mque

207 2391 269 2416 imis
283 2394 400 2421 emanet,
415 2396 477 2415 cum
491 2388 560 2423 ipso,
572 2393 598 2416 et
611 2397 644 2416 ex
658 2389 733 2424 ipso;
749 2397 765 2416 e
778 2390 862 2422 fonte,
874 2389 995 2424 inquam,

207 2435 269 2463 fons
284 2436 430 2467 exsistens,
443 2434 514 2462 Deus
527 2442 561 2462 ex
575 2435 640 2467 Deo,
660 2435 749 2463 lumen
765 2434 799 2463 de
815 2435 935 2465 lumine;
949 2435 994 2470 qui

206 2483 267 2510 sine
283 2482 337 2509 ullo
351 2481 429 2509 initio
440 2489 547 2517 semper
562 2481 622 2514 iuit,
638 2490 693 2509 non
706 2481 846 2516 subjectus
860 2481 993 2516 tempori:

207 2527 275 2556 adeo
291 2532 320 2556 ut
334 2532 361 2556 et
381 2527 489 2556 Patrem
503 2527 589 2556 Filius
602 2528 628 2555 in
645 2535 675 2556 se
690 2535 752 2555 vere
767 2527 803 2554 sit
823 2527 994 2562 complexus,

207 2579 234 2603 et
256 2573 338 2603 Pater
352 2573 461 2607 Filium,
479 2574 527 2609 qui
542 2581 592 2602 nec
607 2574 653 2601 illo
674 2573 801 2608 indignus
814 2576 867 2605 est,
888 2580 939 2600 nec
953 2573 996 2601 in-

207 2621 382 2656 comparabili
411 2620 471 2656 ejus
498 2619 665 2648 excellentiae
695 2618 842 2654 quidquam
865 2618 994 2646 detrahit.

207 2668 348 2703 Siquidem
369 2675 422 2694 non
448 2673 580 2701 corporea
603 2665 686 2700 960
705 2664 828 2700 quaedam
850 2664 995 2692 distractio

206 2712 296 2740 loeum
318 2713 373 2739 illic
388 2712 479 2743 habet,
495 2710 543 2738 sed
560 2709 680 2737 Verbum
705 2709 871 2744 subsistens,
888 2709 962 2738 Deus
979 2717 994 2738 a

206 2757 287 2786 Patre
303 2759 463 2794 procedens,
481 2757 593 2793 spiritus
617 2764 631 2783 a
653 2756 762 2792 spiritu,
781 2756 852 2785 Deus
871 2765 905 2785 ex
927 2757 994 2789 Deo,

1084 1890 1188 1926 ’Ὠσπερ
1198 1889 1245 1918 οὖν
1252 1892 1285 1926 τῇ
1295 1891 1377 1919 αὐτοῦ
1384 1892 1532 1928 ἁγαθότητι
1538 1893 1587 1920 οὐκ
1595 1894 1749 1929 ἀπρέπειαν
1764 1895 1842 1923 τοῦτο

1048 1937 1269 1971 περιεποιήσατο,
1285 1936 1355 1963 ἀλλὰ
1365 1937 1453 1970 δόξαν,
1462 1938 1510 1964 καὶ
1523 1938 1622 1972 γνῶσιν
1635 1939 1746 1965 ἐπαίνου
1758 1939 1839 1974 ἀφθο-

1047 1981 1105 2012 νίας,
1116 1983 1173 2012 τοῖς
1189 1982 1235 2008 ὑπ’
1246 1981 1330 2009 αὑτοῦ
1337 1983 1486 2016 γεγονόσιν,
1496 1983 1536 2015 εἰς
1547 1984 1651 2020 εἴδησιν
1659 1985 1705 2012 καὶ
1714 1986 1839 2021 αἰσθησιν

1048 2026 1133 2053 ἐλθών
1145 2026 1156 2042 ⁴
1167 2035 1174 2042 ·
1190 2026 1261 2054 οὕτω
1277 2029 1324 2054 καὶ
1339 2027 1402 2060 δόξα
1426 2029 1510 2061 ἐστὶν,
1527 2030 1558 2056 οὐ
1585 2031 1776 2068 προσληπτικὴ
1791 2033 1839 2067 τῆς

1045 2071 1127 2098 αὐτοῦ
1154 2072 1278 2107 θεότητος
1296 2073 1336 2108 (οὐ
1352 2074 1406 2109 γάρ
1420 2082 1485 2101 ποτε
1496 2074 1610 2102 ὲνδείται
1621 2075 1653 2102 τὸ
1667 2076 1744 2103 Θείον
1757 2086 1839 2113 προσ-

1049 2117 1135 2152 οήκης
1153 2117 1242 2153 δόξης,
1257 2118 1325 2145 ἀλλὰ
1336 2119 1474 2152 αὑτοδόξα,
1486 2121 1534 2148 καὶ
1553 2121 1715 2158 αὑτοαρετὴ,
1733 2124 1780 2149 καὶ
1793 2124 1839 2150 αὺ-

1047 2163 1181 2199 τοθαῦμα,
1203 2165 1249 2191 καὶ
1267 2166 1519 2201 αὑτοῦμνηγηρία),
1532 2167 1563 2193 τὸ
1577 2167 1623 2194 τὸν
1647 2168 1757 2204 Πατέρα
1779 2177 1839 2203 γεν-

1047 2210 1137 2244 νῆσαι,
1155 2210 1179 2236 εί
1196 2210 1242 2236 καὶ
1263 2210 1344 2241 αὐτὸς
1363 2211 1394 2237 οὐ
1419 2211 1592 2247 γεγέννηται,
1620 2213 1662 2240 ἵνα
1687 2214 1719 2240 ἐκ
1747 2214 1838 2250 πηγῆς

1047 2256 1091 2282 ἀεὶ
1106 2255 1189 2290 οὔσης
1215 2256 1300 2288 ἀΐδιος
1323 2256 1399 2292 πηγὴ
1419 2258 1599 2293 συνυπάρχων
1619 2259 1648 2291 ἐξ
1673 2259 1756 2286 αὑτοῦ
1772 2258 1838 2287 οὖσα

1047 2300 1123 2336 πηγὴ
1139 2301 1170 2327 ὲκ
1186 2301 1288 2336 πηγῆς,
1307 2302 1354 2329 καὶ
1370 2302 1436 2334 Θεὸς
1452 2304 1484 2330 ἐκ
1502 2303 1581 2336 Θεοῦ,
1599 2305 1646 2331 καὶ
1658 2306 1715 2339 φῶς
1732 2306 1766 2332 ὲκ
1781 2316 1838 2340 φω-

1046 2345 1103 2377 τὸς,
1121 2347 1169 2372 οὐκ
1193 2346 1345 2382 ἀρξάμενος
1361 2347 1408 2374 τοῦ
1430 2345 1511 2378 εἶναι,
1525 2349 1554 2375 οὐ
1576 2350 1664 2385 χρόνῳ
1682 2351 1838 2384 ὑποπεσὼν,
1876 2376 1879 2384 ,

1047 2391 1105 2417 ἀλλ’
1122 2391 1181 2426 ἅμα
1197 2392 1308 2426 Πατέρα
1325 2392 1393 2427 ἔχων
1416 2393 1562 2428 ἀληθινῶς,
1579 2396 1627 2422 καὶ
1641 2396 1699 2431 ἅμα
1719 2397 1766 2423 τὸν
1783 2398 1836 2424 Πα-

1046 2437 1114 2471 τέρα
1131 2437 1194 2463 Υἱδν
1210 2437 1305 2472 ἔχοντα
1322 2437 1465 2473 ἀληθινῶς,
1479 2439 1529 2466 οὐκ
1549 2440 1762 2476 ἁποπρεποῦντα
1782 2443 1837 2470 Πα-

1045 2483 1100 2517 τρὶ,
1113 2483 1144 2509 οὐ
1158 2482 1188 2508 τὸ
1201 2482 1366 2519 ἀσύγκριτον
1377 2484 1551 2518 ἀφανίζοντα.
1564 2486 1600 2512 Οὺ
1612 2487 1666 2522 γάρ
1678 2488 1736 2514 ἐστι
1749 2497 1838 2524 σωμα.

1045 2527 1109 2562 τική
1124 2535 1167 2558 τις
1179 2527 1315 2563 διαστολὴ,
1330 2528 1399 2555 ἀλλὰ
1419 2529 1505 2563 Λόγος
1519 2530 1710 2565 ἐνυπόστατος,
1726 2532 1794 2564 Θεὸς
1807 2534 1837 2560 ὲχ

1046 2573 1153 2609 Πατρός
1165 2572 1213 2606 ὢν,
1227 2573 1335 2609 πνεῦμα
1349 2575 1381 2601 ἐκ
1394 2575 1556 2610 πνεύματος,
1573 2577 1620 2603 καὶ
1632 2577 1697 2610 Θεὸς
1710 2578 1743 2604 ἐκ
1757 2579 1836 2610 Θεοῦ.

1047 2619 1199 2648 ἀποκλείων
1216 2621 1305 2648 πᾶσαν
1322 2621 1528 2657 συλλογιστικὴν
1549 2622 1686 2656 ὑπόνοιαν,
1704 2624 1746 2656 εἰς
1765 2625 1836 2660 ζωὴν

1047 2665 1085 2692 ὢν
1100 2667 1215 2698 πιστοῖς,
1233 2667 1280 2693 καὶ
1294 2667 1366 2700 ὅλοις
1378 2669 1434 2699 τοῖς
1448 2668 1500 2695 ὑπὸ
1511 2667 1558 2695 τοῦ
1573 2669 1679 2705 Πατρός
1703 2670 1738 2697 δι’
1754 2671 1835 2698 αὐτοῦ

1048 2712 1096 2738 καὶ
1112 2712 1160 2739 ἀπ’
1176 2713 1258 2739 αὑτοῦ
1273 2714 1409 2748 γεγονόσι,
1424 2715 1480 2746 τοῖς
1505 2715 1671 2749 πιστεύουσι,
1687 2716 1735 2743 καὶ
1755 2717 1835 2750 γινώ-

1048 2766 1154 2792 σκουσι,
1173 2759 1220 2786 καὶ
1236 2759 1274 2794 μὴ
1293 2760 1399 2795 μωρίαν
1415 2760 1577 2796 ἡγουμένοις
1599 2761 1667 2788 Θεοῦ
1690 2762 1740 2797 τὴν
1755 2761 1835 2789 δύνα-

244 2836 252 2851 ¹
266 2835 277 2863 l
292 2835 355 2864 Cor.
372 2835 437 2868 1,23
447 2842 508 2870 sqq.
545 2836 556 2851 ¹
571 2843 615 2869 πο.
631 2834 795 2869 κατὰμελον.
833 2834 843 2850 ³
858 2833 889 2861 F.
906 2834 995 2861 αὑτοαι

1048 2835 1085 2866 ύς.
1125 2836 1135 2852 ⁸
1151 2835 1180 2861 F.
1194 2836 1280 2863 ἐλθόν.
