1945 3043
198 163 246 192 51H

893 159 922 186 S.
945 157 1115 186 ΕΡΙΡΙΙΛΝῙΙ

1773 155 1833 183 592

196 223 269 250 enim
293 221 385 249 omnia
412 221 522 248 minimc
539 227 553 246 ιι
576 217 675 253 scipsis
697 216 846 248 exsistunt,
876 216 922 244 sed
952 223 984 243 ex

1042 216 1123 247 πάθος
1137 215 1206 243 κατὰ
1222 215 1350 251 στέρησιν
1362 213 1415 241 τῶν
1429 214 1458 240 ὲν
1468 213 1559 245 αὐτοῖς
1573 211 1753 248 ὑπαρξάντων
1761 214 1833 239 κατὰ

197 267 313 301 benigna
328 266 419 294 dantis
437 265 580 301 largitione
595 273 602 291 :
615 263 716 298 quibus
742 263 826 289 etiam
853 265 947 296 utpote
970 270 985 289 (ξ

196 313 282 341 nihilo
296 312 436 347 productis
450 311 504 346 pati
517 310 617 345 aliquid
630 309 773 343 contingit,
789 315 854 335 cum
873 308 906 335 iis
919 307 986 342 ipsis

196 359 279 386 rebus
293 358 444 393 privantur,
460 364 521 392 quze
535 363 550 382 a
566 355 695 390 largitore
712 354 759 381 illo
778 354 986 381 communicata:

197 403 385 438 fuerant:qui
401 409 490 437 neque
506 401 561 437 pati
587 400 689 435 aliquid
711 404 811 434 potest,
828 403 855 426 et
875 406 890 425 a
912 399 987 426 nullo

196 449 251 476 alio
263 449 355 480 habet,
371 452 402 475 ut
413 448 459 480 sit,
477 454 566 482 neque
584 446 683 482 privari
700 445 756 472 ullo
772 445 853 472 modo
870 449 969 480 potest.

231 495 402 530 Quapropter
415 501 478 521 eum
502 493 616 528 aequalis
639 493 694 519 illis
712 499 766 519 non
788 491 824 519 sit
840 491 936 523 Filius,
949 491 989 518 uti

196 547 286 575 neque
299 538 390 570 Pater,
407 546 495 573 neque
521 537 640 572 Spiritus
668 540 791 565 sanctus.
810 543 841 562 ac
864 535 989 563 diversus

196 585 234 612 sit
252 584 286 612 ab
302 584 363 611 istis
379 583 485 616 Filius,
502 582 664 617 quibuscum
700 581 793 609 eadem
810 581 990 616 appellatione

195 630 309 657 minime
327 629 502 662 continetur,
527 628 573 656 sed
591 628 719 655 eximium
740 635 838 654 nomen
859 627 941 654 habet
962 631 990 654 et

195 675 341 705 excellens,
356 677 387 701 ut
408 673 553 708 ipsummet
573 672 672 699 honuni
685 671 720 699 ab
733 679 766 699 eo
780 671 826 706 qui
843 672 990 707 ipsummet

194 720 307 755 perinde
334 719 437 747 bonum
461 722 515 749 est.
542 717 694 752 proiectum
722 716 840 748 dicatur.
865 724 989 752 quaenam

194 772 257 793 esse
275 768 365 800 potest
378 771 439 792 cum
457 763 491 791 iis
505 770 565 797 qua:
580 762 733 798 oppositam
749 769 782 789 ex
803 762 918 790 adverso
935 763 991 796 pri-

195 811 331 838 vationem
353 809 464 841 habent,
488 808 663 836 commistio?
680 807 887 842 Supervacanea
908 808 991 843 igitur

195 861 239 884 est
252 856 322 884 Aetii
341 855 524 890 privationem
542 853 623 880 nobis
636 853 788 880 invehentis
802 853 890 880 oratio
904 862 910 880 :
928 861 990 880 natu

1037 262 1086 296 τὴν
1103 262 1177 288 δόσιν
1201 262 1248 288 τοῦ
1266 260 1465 297 δεδωρημένου,
1490 259 1537 286 τοῦ
1560 259 1692 290 ἀπαθοῦς,
1716 259 1762 285 καὶ
1780 259 1832 284 οὐκ

1038 306 1070 333 ἐκ
1082 315 1153 338 τινος
1177 306 1284 342 ἔχοντος
1300 306 1331 332 τὸ
1350 303 1431 336 εἶναι,
1449 305 1510 332 οὐδὲ
1525 304 1675 340 δυναμένου
1692 303 1833 338 στερίσκε-

1039 353 1111 387 σθαι,
1127 354 1183 385 τοῖς
1196 352 1226 385 ἐξ
1241 353 1292 379 οὐκ
1307 352 1391 379 ὅντων
1407 350 1570 387 ὑπάρξασιν.

1074 488 1106 515 Εἰ
1128 485 1173 514 οῦν
1198 487 1248 513 οὐκ
1272 487 1329 517 ἶσος
1344 486 1447 516 ἐκεῖνος
1463 485 1478 511 ὁ
1495 484 1569 515 Υἱὸς,
1588 484 1605 518 ἢ
1621 483 1635 510 ὁ
1647 482 1753 517 Πατὴρ,
1770 482 1787 518 ἢ
1803 482 1835 508 τὸ

1040 534 1117 568 ἅγιον
1133 533 1246 568 Πνεῦμα
1265 532 1383 564 τούτοις,
1399 531 1479 563 ἄλλος
1504 530 1532 557 δέ
1555 531 1629 557 ἐστιν
1646 530 1660 556 ὁ
1676 529 1741 560 Υἱὸς
1758 529 1836 563 παρὰ

1040 582 1162 612 τούτους,
1176 580 1206 606 οὐ
1227 580 1260 614 τῇ
1279 578 1324 615 ἴσῃ
1339 578 1473 614 ὀνομασίᾳ
1486 577 1712 612 κικλησκόμενος,
1727 575 1835 610 ἐξαίρε-

1040 635 1085 653 τον
1105 626 1132 652 δὲ
1147 625 1195 653 καὶ
1216 624 1382 659 ἀσύγκριτον
1402 623 1487 658 δνομα
1500 623 1579 658 ἔχων,
1596 621 1764 656 αὑτοαγαθὺν
1780 621 1835 647 ἀπὸ

1040 671 1087 698 τοῦ
1109 669 1278 705 αὑτοαγαθοῦ
1298 670 1386 701 ὄντος,
1405 669 1446 701 τίς
1465 668 1498 695 ἂν
1518 669 1535 704 ὴ
1559 667 1702 703 συμπλοκὴ
1720 667 1790 702 πρὸς
1803 666 1836 692 τὸ

1042 716 1200 753 στερητικὸν
1213 715 1328 752 ἐχούσης
1339 714 1495 746 ἀντίϐετον;
1511 713 1578 749 Περί
1595 722 1624 739 τε
1634 714 1642 729 ί
1655 713 1709 748 γὰρ
1720 713 1735 738 ὸ
1745 711 1792 739 τοῦ
1804 712 1837 738 τὸ

1042 762 1200 797 στερητικὸν
1225 761 1430 795 εἰσενέγκαντος
1450 760 1516 795 ἡμῖν
1535 758 1638 785 ’Δετίου
1661 758 1758 792 λόγος,
1785 757 1835 783 τοῦ

1041 808 1189 843 ἀγεννήτου
1212 807 1280 834 Θεοῦ
1297 807 1344 834 καὶ
1360 805 1491 841 γεννητοῦ
1514 804 1580 832 Υἱοῦ
1599 805 1629 832 οὐ
1649 804 1720 831 κατὰ
1740 803 1838 838 στέρη-

1043 863 1085 880 σιν
1100 854 1150 889 τὴν
1166 853 1219 880 τῶν
1232 852 1391 888 κτισμάτων
1405 851 1512 887 ἔχοντος
1527 851 1558 877 τὸ
1569 850 1691 886 ὑπάρχον
1711 848 1835 884 ἀξίωμα,

196 901 333 938 ingenitus
353 900 434 931 Deus.
453 906 486 926 ac
504 899 611 935 genitus
638 897 724 926 Filius
748 905 802 926 non
831 906 863 926 ex
886 902 987 926 creata-

1042 900 1109 927 ἀλλά
1128 899 1201 927 κατά
1216 899 1247 926 τὸ
1263 899 1426 934 αὐτομάτως
1441 898 1488 925 καὶ
1502 897 1656 929 ἰδιαζόντως
1672 895 1734 922 καθ’
1751 894 1837 922 ἑαυτὸ

195 955 257 974 rum
282 953 373 974 rerum
393 944 548 980 privatione
567 944 726 979 dignitatem
752 943 874 971 obtinent
890 951 968 971 suam
981 963 989 976 ,

197 993 246 1021 sed
266 1000 300 1020 ex
316 999 348 1019 eo
363 991 434 1026 quod
446 994 543 1026 sponte
558 997 618 1020 sua.
635 989 811 1024 peculiariter
824 996 855 1016 ac
870 997 918 1024 per
930 997 991 1017 sese

196 1035 356 1064 substantia:
388 1041 446 1062 suae
476 1033 668 1068 divinitatique
699 1033 835 1068 congruit.
859 1032 898 1060 Ita
925 1041 987 1060 eum

195 1088 296 1117 expers
310 1081 357 1108 ine
368 1080 470 1107 dicitur
486 1078 568 1113 Deus,
588 1086 641 1106 n0u
654 1079 681 1105 id
703 1079 737 1106 ab
753 1079 793 1106 ira
805 1079 863 1114 ipsa
879 1079 990 1114 petitur,

195 1127 243 1155 sed
256 1134 288 1154 ex
309 1134 341 1154 eo
355 1125 428 1161 quod
443 1125 484 1152 ira
499 1132 547 1160 per
561 1132 622 1153 sese
635 1128 725 1151 vacat.
748 1123 793 1152 Sic
811 1125 891 1152 etiam
911 1125 987 1159 inge-

195 1173 270 1201 nitus
290 1173 452 1208 appellatur.
476 1171 548 1206 quod
572 1171 687 1198 exsistat
705 1178 721 1197 a
746 1170 847 1206 seipso,
871 1171 933 1198 licet
954 1171 987 1198 ab

194 1217 290 1246 eodem
306 1217 426 1252 ingenito
438 1215 525 1243 Filius
547 1216 582 1243 sit
602 1216 660 1248 ipse
678 1216 795 1251 genitus.
814 1216 908 1251 Itaque
931 1216 988 1243 l'ru-

195 1269 252 1291 stra
266 1267 309 1290 est
324 1262 446 1297 apposita
459 1262 504 1289 illa
521 1261 654 1288 vocabulo
668 1261 786 1296 negatio,
801 1269 863 1289 cum
877 1262 910 1289 ad
924 1270 986 1290 eum

195 1308 371 1340 transfertur,
399 1307 446 1342 qui
470 1315 532 1334 cum
556 1307 661 1334 caeteris
688 1308 729 1334 vel
756 1315 789 1334 ex
812 1307 917 1342 ipsius,
941 1309 986 1342 qui

197 1352 360 1379 mentionem
385 1351 466 1386 hujus
495 1351 576 1384 fecit,
602 1352 731 1386 opinione
758 1353 910 1387 comparari
938 1361 992 1381 non

197 1402 297 1433 potest.
313 1397 372 1425 Non
383 1398 456 1425 enim
471 1401 567 1424 caatcra
583 1397 720 1432 adaequari
742 1405 803 1425 cum
819 1399 912 1434 genito
928 1407 993 1434 pos-

196 1448 272 1476 sunt.
288 1452 337 1471 nec
361 1443 496 1479 ingenitus
512 1451 589 1471 suam
614 1451 676 1470 cum
701 1444 801 1471 creatis
825 1444 905 1472 rebus
925 1445 992 1473 sub-

196 1490 324 1517 stanliam
347 1489 543 1516 communicat.
563 1489 644 1524 962
666 1489 745 1522 Quod
769 1498 822 1517 non
851 1491 905 1518 ulla
924 1499 992 1526 pra:-

1042 945 1204 981 συμπρέπον
1219 946 1253 980 τῇ
1276 944 1374 971 ἑαυτοῦ
1390 944 1470 980 οὐσίᾳ
1490 952 1519 970 τε
1541 943 1588 969 καὶ
1602 941 1718 977 θεότητι.
1728 941 1772 972 Ὠς
1788 940 1837 968 ἐπὶ

1040 990 1087 1016 τοῦ
1102 987 1248 1024 ἀόργητος,
1269 989 1299 1015 οὐ
1315 988 1358 1015 διὰ
1373 989 1404 1015 τὸ
1419 987 1590 1024 ὀργίζεσθαι,
1603 986 1671 1014 ἀλλὰ
1684 985 1728 1012 διὰ
1744 985 1774 1012 τὸ
1791 986 1837 1012 αὖ·

1040 1035 1217 1071 τοαὸργητον,
1231 1034 1279 1061 καὶ
1292 1034 1321 1061 τὸ
1336 1033 1483 1068 ἀγέννητος
1497 1032 1541 1059 διὰ
1559 1032 1589 1058 τὸ
1603 1030 1801 1066 αὺτογέννητον
1813 1032 1835 1062 ¹,

1043 1082 1093 1108 κᾶν
1106 1089 1136 1108 τε
1149 1081 1164 1107 ὁ
1177 1081 1241 1112 Υἱὸς
1254 1080 1384 1115 γεννητὸς
1396 1080 1440 1114 εἴη
1453 1079 1506 1106 ἀπὸ
1528 1077 1576 1105 τοῦ
1597 1077 1761 1112 ἀγεννήτου·
1784 1076 1836 1110 τῆς

1041 1125 1112 1153 κατὰ
1144 1125 1273 1162 στέρησιν
1297 1125 1397 1158 λέξεως
1423 1124 1547 1160 ματαίως
1571 1123 1701 1159 κειμένης
1722 1123 1770 1149 ἐπὶ
1795 1122 1838 1157 τῷ

1041 1171 1197 1207 ἀσυγκρίτῳ
1219 1172 1288 1208 πρὸς
1302 1172 1365 1203 τοὺς
1389 1171 1496 1204 ἄλλους,
1511 1169 1582 1198 κατά
1596 1169 1640 1196 τὸν
1655 1169 1718 1195 νοῦν
1733 1168 1835 1195 τούτου

1039 1217 1087 1245 τοῦ
1104 1217 1310 1250 ὑποϐάλλοντος.
1329 1217 1398 1244 Οῠτε
1413 1217 1469 1253 γὰρ
1482 1216 1517 1244 τὰ
1530 1216 1596 1244 ἄλλα
1613 1215 1652 1251 τῷ
1666 1215 1838 1250 γεγεννημέ-

1040 1273 1078 1299 νῳ
1101 1263 1231 1296 ίσάζεται,
1253 1263 1315 1291 οὔτε
1329 1265 1342 1291 ὁ
1359 1264 1506 1299 ἀγέννητος
1525 1265 1581 1296 τοῖς
1591 1262 1780 1298 κεκτισμένοις
1804 1261 1837 1288 τὺ

1043 1311 1184 1346 ὀμοούσιον
1209 1311 1401 1346 μεταδίδωσιν·
1426 1311 1476 1337 οὐκ
1497 1310 1628 1337 ἀδυνάτου
1650 1309 1697 1336 τοῦ
1718 1307 1836 1335 δυνατοῦ

1043 1356 1292 1392 κατηγορουμένου,
1309 1356 1378 1383 ἀλλά
1397 1356 1453 1383 τῶν
1470 1356 1609 1383 ἀδυνάτων
1626 1355 1693 1391 πρὸς
1708 1355 1738 1381 τὸ
1751 1355 1836 1381 δυνα-

1042 1401 1088 1429 τὸν
1111 1402 1148 1437 μὴ
1169 1402 1410 1437 ἐπεκτεινομένων,
1426 1401 1470 1429 διὰ
1492 1401 1522 1428 τὸ
1546 1401 1685 1437 ἐξαίρετον
1706 1400 1754 1426 τοῦ
1774 1400 1837 1431 ἑνὸς

1042 1447 1110 1474 Θεοῦ
1125 1447 1172 1474 καὶ
1187 1446 1234 1474 τοῦ
1247 1446 1277 1479 ἐξ
1289 1447 1372 1474 αὑτοῦ
1390 1446 1550 1483 μονογενοῦς
1564 1445 1629 1473 Υίοῦ
1645 1446 1693 1472 σὺν
1706 1443 1746 1480 τῷ
1763 1443 1837 1478 ἁγίῳ

1043 1493 1191 1529 Πνεύματι.
1293 1495 1298 1499 “

196 1535 315 1570 potentis
330 1535 516 1563 imbecillitate
531 1535 586 1562 ﬁeri
605 1535 753 1569 putandum
770 1539 823 1566 est.
843 1536 888 1564 sed
903 1545 935 1564 co
950 1538 1084 1572 videlicet,
1099 1540 1172 1575 quod
1206 1539 1341 1568 imbecilla
1372 1545 1469 1567 caetera
1503 1539 1536 1566 ad
1557 1540 1749 1575 praepotentem
1784 1542 1836 1562 us-

196 1588 250 1617 que
273 1581 385 1616 provehi
422 1585 568 1616 nequeant,
602 1582 637 1609 ob
665 1582 746 1610 unius
773 1581 831 1616 Dei,
856 1588 883 1611 et
906 1584 940 1611 ab
963 1585 1023 1622 ipso
1042 1587 1214 1622 procedentis
1237 1586 1370 1622 unigeniti
1398 1586 1469 1619 Filii.
1500 1594 1562 1614 cum
1589 1585 1692 1621 Spiritu
1724 1587 1834 1611 sancto.

196 1628 362 1663 singularem
378 1628 546 1664 majestatem
565 1635 597 1655 ac
614 1629 810 1663 praestantiam.

440 1684 531 1712 AETII
552 1685 667 1713 CAPUT
688 1686 745 1714 XX.

232 1731 300 1759 Cum
311 1731 477 1766 privationes
490 1732 640 1760 ablationes
653 1732 708 1760 sint
721 1733 908 1767 aﬂ'ectionum,
918 1736 990 1770 quod

196 1777 224 1804 in
239 1775 295 1805 Deo
318 1781 360 1804 est
381 1777 543 1812 ingenitum,
562 1778 603 1805 vel
624 1777 777 1807 aitet-tionis
801 1781 916 1814 privatio
936 1786 988 1815 est,

196 1823 238 1850 vel
253 1823 359 1850 atl‘ectio
373 1822 518 1858 privationi
532 1824 681 1851 contraria.
697 1823 782 1859 Igitur
801 1825 824 1853 si
839 1826 989 1854 aﬂ'eetionis

197 1869 313 1904 privatio
326 1872 379 1899 est,
396 1868 533 1903 quomodo
557 1869 584 1896 id
608 1869 680 1904 quod
695 1877 749 1897 non
772 1870 842 1898 inest
850 1871 915 1902 Deo,
927 1876 988 1899 tan-

197 1919 278 1948 quam
291 1913 357 1940 insit
372 1913 518 1940 tribuitur?
532 1913 566 1939 At
585 1914 609 1941 si
631 1913 739 1941 atl‘ectio
753 1914 875 1949 quaedam
889 1920 932 1944 est
947 1917 986 1943 in-

197 1958 330 1994 genitum,
353 1958 472 1993 genitam
499 1958 679 1986 substantiam
702 1959 835 1987 exsistere
858 1966 930 1992 ante,
955 1969 988 1989 ac

197 2004 271 2031 velut
286 2003 423 2031 substerni
438 2010 550 2030 necesse
563 2007 615 2034 est.
628 2007 657 2030 ut
668 2003 811 2031 aﬁectione
825 2004 869 2031 illa
882 2005 915 2032 ad
927 2013 986 2032 eam

197 2048 352 2081 accedente,
371 2048 489 2084 ingenita
509 2048 674 2076 nominetur.
689 2048 716 2076 Si
737 2057 800 2076 vero
814 2050 901 2084 genita
922 2052 988 2078 sub—

196 2095 298 2122 stantia
319 2094 446 2129 ingenitae
469 2093 606 2129 particeps
630 2093 691 2126 fuit,
710 2094 860 2123 atlectionis
882 2096 989 2131 jactura

196 2139 279 2174 facta,
293 2140 477 2167 conditionem
489 2139 582 2167 amisit
594 2140 716 2175 ingeniti.
733 2140 822 2174 Quare
833 2142 987 2170 substantia

195 2186 306 2222 quidem
334 2186 424 2221 genita
448 2185 545 2219 fuerit,
572 2186 720 2221 ingenitum
750 2192 840 2214 autem
870 2187 985 2215 affectio.

196 2231 274 2264 Quod
297 2232 319 2259 si
335 2230 425 2266 genita
448 2231 556 2259 soboles
579 2231 722 2258 transitum
743 2233 885 2267 quemdam
903 2235 988 2269 sigui~

197 2277 270 2308 ﬁcat.
284 2284 337 2304 non
353 2276 465 2303 duhiutn
483 2280 526 2304 est
546 2276 715 2304 all'ectionem
738 2277 860 2306 indicare
874 2284 985 2311 certam.

1235 1691 1432 1718 ΚΕΦΑΛΔῘΟΝ
1451 1689 1577 1717 ΑΕΊΊΟΥ
1596 1689 1638 1716 Κ’.

1078 1736 1110 1763 Εἰ
1127 1737 1155 1763 αἱ
1173 1737 1314 1772 στερήσεις
1334 1736 1390 1763 τῶν
1411 1737 1494 1769 ἕξεων
1517 1735 1606 1763 αὐτῶν
1623 1737 1692 1762 εἰσιν
1715 1736 1834 1772 ἀφαιρέ-

1044 1791 1110 1815 σεις,
1131 1782 1162 1809 τὸ
1187 1783 1234 1809 ἐπὶ
1257 1782 1325 1809 Θεοῦ
1351 1782 1498 1818 ἀγέννητον
1524 1783 1583 1817 ἦτοι
1607 1782 1736 1817 στέρησίς
1758 1783 1834 1809 ἐστιν

1042 1828 1134 1860 ἕξεως,
1148 1828 1165 1864 ἢ
1182 1828 1239 1862 ἕξις
1255 1828 1498 1865 στερήσεως.’Λλλ’
1515 1829 1539 1854 εί
1554 1828 1603 1862 μὲν
1619 1827 1746 1863 στέρησίς
1757 1828 1833 1855 ἐστιν

1041 1874 1133 1907 ἕξεως,
1149 1874 1209 1906 πῶς
1223 1874 1256 1902 ἂν
1270 1874 1300 1901 τὸ
1317 1875 1354 1910 μὴ
1370 1874 1469 1910 προσὸν
1480 1874 1518 1905 ὼς
1532 1873 1632 1909 προσὸν
1644 1873 1684 1908 τῷ
1699 1873 1760 1909 Θεῷ
1770 1882 1833 1900 suv-

1042 1919 1259 1956 αριθμηθήσεται
1270 1928 1277 1952 ;
1290 1920 1353 1946 εἰδὲ
1367 1919 1423 1952 ἕξις
1438 1919 1497 1945 ἐστὶ
1506 1919 1536 1945 τὸ
1550 1919 1710 1954 ἀγέννητον,
1722 1919 1831 1954 ἀνάγκη

1042 1965 1243 2000 προῡποοέσθαι
1260 1966 1392 2001 γεννητὴν
1408 1965 1510 1998 οὐσίαν,
1525 1964 1558 1991 ἵν’
1569 1964 1665 1996 οὕτως,
1676 1964 1734 1997 ἕξιν
1744 1973 1830 1999 προσ-

1042 2011 1171 2043 λαϐοῦσα,
1190 2012 1335 2048 ἀγέννητος
1346 2011 1521 2047 ὀνομάζηται.
1535 2011 1566 2037 El
1582 2011 1610 2038 δὲ
1626 2011 1742 2047 γεννητὴ
1754 2012 1832 2046 ἀγει-

1042 2058 1121 2091 νήτου
1135 2058 1230 2089 οὐσίας
1249 2058 1387 2093 μετέσχεν,
1403 2057 1486 2091 ἕξεως
1503 2057 1672 2092 ὑπομείνασα
1682 2057 1829 2092 ἀποϐολὴν,

1042 2102 1205 2138 ἀγεννησιας
1216 2103 1369 2138 ἐστέρηται.
1380 2103 1430 2138 Εῐη
1444 2103 1478 2130 ἂν
1492 2101 1538 2129 οὗν
1548 2103 1625 2130 οὐσία
1638 2103 1688 2138 μὲν
1701 2103 1827 2138 γεννητῦμ

1040 2148 1071 2174 τὸ
1086 2148 1114 2175 δὲ
1129 2149 1274 2184 ἀγέννητον
1288 2149 1353 2182 ἕξις.
1368 2150 1398 2175 El
1412 2149 1440 2176 δὲ
1454 2149 1484 2175 τὸ
1497 2149 1619 2183 γέννημα
1633 2148 1752 2183 παρόδου
1771 2147 1829 2174 ἐστὶ

1040 2193 1197 2228 δηλωτικὸν,
1218 2195 1338 2230 δηλονότι
1361 2194 1443 2228 ἓξεώς
1466 2195 1524 2221 ἐστι
1549 2194 1726 2230 σημαντικὸν,
1743 2194 1776 2221 ἄν
1798 2202 1828 2220 τε

1042 2239 1262 2273 μεταπέπλασται
1284 2240 1313 2273 ἐξ
1334 2241 1427 2273 οὐσίας
1443 2241 1526 2272 τινὸς,
1542 2241 1574 2268 ἄν
1590 2249 1620 2267 τε
1635 2239 1713 2267 τοῦτό
1727 2242 1802 2266 ἐστιν
1814 2239 1828 2266 δ

1040 2282 1146 2317 λέγεται
1160 2284 1292 2320 γέννημα.

197 2323 254 2349 sive
276 2322 393 2356 quadam
419 2329 435 2348 e
462 2321 615 2349 substantia
642 2322 793 2350 mutatione
818 2324 990 2353 conformata
1028 2328 1074 2362 sit,
1091 2329 1147 2357 sive
1172 2330 1223 2358 hoc
1236 2331 1325 2365 ipsum
1347 2335 1388 2359 est
1411 2331 1501 2366 genita
1519 2331 1637 2360 soboles.
1667 2330 1740 2365 quod
1765 2337 1826 2358 esse

196 2368 307 2396 dicitur.

475 2413 628 2448 Confutatio
646 2414 709 2442 XX.

231 2459 252 2486 Ι.
267 2459 430 2487 Jamdudum
452 2459 486 2486 de
508 2459 559 2486 hoc
585 2461 746 2495 privationis
763 2463 880 2496 negotio,
901 2464 985 2490 multa

195 2513 258 2534 eum
274 2506 307 2533 iis
324 2506 370 2540 qui
398 2513 413 2532 a
438 2509 512 2533 recta
537 2505 589 2533 ﬁde
610 2507 690 2534 alieni
714 2511 788 2539 sunt,
804 2513 986 2538 consentanee

196 2552 265 2580 dixit
275 2552 381 2584 Aetius,
395 2553 546 2588 eodemque
557 2561 619 2581 cum
636 2554 690 2581 illis
707 2555 799 2583 studio
811 2557 983 2591 oppugnandi

196 2598 321 2625 catholici
336 2598 469 2633 dogmatis
485 2599 573 2626 elatus
585 2604 638 2631 est,
652 2599 721 2627 adeo
734 2601 855 2635 quidem,
871 2602 937 2629 nihil
955 2606 984 2629 ut

195 2652 210 2672 e
232 2645 346 2673 sincerae
372 2644 432 2672 ﬁdei
459 2645 616 2680 pmscripto
641 2646 811 2680 pronuntiet,
839 2654 889 2674 nec
909 2647 983 2676 illius

194 2690 336 2718 sententia:
351 2690 514 2722 meminerit,
529 2698 589 2725 quae
609 2690 741 2718 adversus
758 2699 805 2719 eos
820 2696 983 2727 contorque-

195 2740 248 2769 tur,
266 2736 313 2771 qui
327 2743 361 2763 ex
378 2736 486 2771 ingenio
498 2743 548 2763 suo
560 2736 689 2771 pleraque
711 2737 829 2765 inaniter
844 2738 981 2770 elTntiunt,

195 2789 281 2817 neque
298 2781 332 2808 ad
356 2782 416 2809 ﬁdei
434 2782 596 2817 principium
617 2783 818 2812 adhaerescunt.
834 2784 909 2818 Quos
922 2785 984 2820 qui-

231 2859 237 2875 '
257 2858 288 2886 Ρ.
309 2861 445 2896 περιττός.
484 2862 494 2877 ¹
509 2861 540 2888 F.
555 2861 778 2896 αὐτοαγέννητον.

1323 2417 1483 2455 Ἆνατροπὴ
1497 2422 1537 2447 K’.

1069 2465 1108 2491 A'.
1132 2465 1199 2501 ’Ὴδη
1224 2466 1273 2501 μὲν
1302 2464 1350 2492 οὖν
1381 2467 1446 2502 περὶ
1475 2466 1640 2502 στερητικῆς
1668 2467 1825 2501 ὑποθέσεως

1034 2510 1119 2537 πολλὰ
1138 2511 1385 2547 συμμαχεσάμενος
1406 2513 1420 2538 ὁ
1437 2511 1539 2543 Ἀέτιος
1559 2514 1616 2544 τοῖς
1637 2512 1691 2539 ἀπὸ
1711 2511 1760 2549 τῆς
1782 2515 1823 2540 πί-

1034 2565 1119 2589 στεως
1140 2557 1299 2593 ἀλλοτρίοις,
1314 2558 1361 2585 καὶ
1384 2558 1464 2590 αὐτὸς
1489 2560 1535 2585 ῐσα
1556 2558 1670 2585 ἐκείνων
1686 2560 1758 2586 κατὰ
1774 2560 1824 2594 τῆς

1034 2603 1152 2634 πίστεως
1170 2603 1345 2636 ὲξωπλίσατο,
1360 2604 1435 2630 οὐδὲν
1449 2603 1503 2630 ἀπὸ
1524 2604 1639 2635 πίστεως
1652 2603 1749 2638 λέγων,
1762 2605 1823 2631 οὐδὲ

1036 2649 1207 2684 μεμνημένος
1217 2649 1263 2676 τοῦ
1279 2648 1362 2685 ῥητοῦ
1377 2649 1445 2685 πρὸς
1461 2650 1524 2681 τοὺς
1536 2650 1583 2684 ἀφ’
1596 2649 1702 2677 ὲαυτῶν
1716 2651 1822 2677 κενολό-

1035 2702 1099 2728 γους
1116 2694 1279 2728 φωνοῦντας,
1295 2695 1342 2721 καὶ
1364 2694 1394 2721 οὐ
1420 2695 1585 2731 κρατοῦντας
1603 2695 1651 2731 τὴν
1672 2696 1759 2731 ἀρχὴν
1771 2697 1820 2730 τῆς

1034 2740 1160 2771 πίστεως,
1177 2740 1215 2772 ὠς
1229 2741 1297 2776 πρὸς
1312 2741 1410 2773 αὐτοὺς
1425 2741 1616 2776 διελεγκτικῶς
1634 2743 1649 2768 ὁ
1672 2742 1751 2776 λόγος
1770 2751 1820 2778 τρη-

1035 2785 1092 2812 σίν·
1111 2783 1205 2812 Εἶπον·
1219 2786 1276 2820 ἐγὼ
1292 2786 1326 2813 ἐν
1343 2786 1379 2821 τῇ
1393 2787 1534 2814 ἐκστάσει
1543 2796 1603 2822 μου
1614 2796 1620 2805 ι
1635 2787 1698 2821 Πᾶς
1711 2788 1822 2824 ἄνθρω-
