  <div class='ocr_page' id='page_1' title='image "/cluster/home/n/w/nwhite01/storage/ocr_20150623/42/njp.32101077772588/310.png"; bbox 0 0 1945 3043; ppageno 0'>
   <div class='ocr_carea' id='block_1_1' title="bbox 133 169 962 201">
    <p class='ocr_par' dir='ltr' id='par_1_1' title="bbox 133 169 962 201">
     <span class='ocr_line' id='line_1_1' title="bbox 133 169 962 201; baseline 0.004 -4"><span class='ocrx_word' id='word_1_1' title='bbox 133 169 189 198; x_wconf 73' lang='lat'><strong>593</strong></span> <span class='ocrx_word' id='word_1_2' title='bbox 439 170 623 198; x_wconf 73' lang='lat' dir='ltr'><strong>ADVERSUS</strong></span> <span class='ocrx_word' id='word_1_3' title='bbox 642 170 812 199; x_wconf 59' lang='grc' dir='ltr'><strong>ΠίΕΙζΕΞΕΞ</strong></span> <span class='ocrx_word' id='word_1_4' title='bbox 835 171 898 201; x_wconf 79' lang='lat' dir='ltr'><strong>LIB.</strong></span> <span class='ocrx_word' id='word_1_5' title='bbox 919 172 962 200; x_wconf 89' lang='grc'><strong>111.</strong></span> 
     </span>
    </p>
   </div>
   <div class='ocr_carea' id='block_1_2' title="bbox 133 230 964 268">
    <p class='ocr_par' dir='ltr' id='par_1_2' title="bbox 133 230 964 268">
     <span class='ocr_line' id='line_1_2' title="bbox 133 230 964 268; baseline 0.002 -10"><span class='ocrx_word' id='word_1_6' title='bbox 133 239 193 264; x_wconf 81' lang='grc' dir='ltr'><strong>πος</strong></span> <span class='ocrx_word' id='word_1_7' title='bbox 205 231 353 265; x_wconf 75' lang='grc' dir='ltr'>ψεύστης.</span> <span class='ocrx_word' id='word_1_8' title='bbox 363 230 440 258; x_wconf 85' lang='grc' dir='ltr'>Μετὰ</span> <span class='ocrx_word' id='word_1_9' title='bbox 451 232 564 265; x_wconf 73' lang='grc' dir='ltr'>καὶτοῦ,</span> <span class='ocrx_word' id='word_1_10' title='bbox 574 233 788 267; x_wconf 76' lang='grc' dir='ltr'>Ἐταπεινώθην</span> <span class='ocrx_word' id='word_1_11' title='bbox 797 233 924 268; x_wconf 70' lang='grc' dir='ltr'>σφόδρα.</span> <span class='ocrx_word' id='word_1_12' title='bbox 941 236 964 265; x_wconf 80' lang='grc' dir='ltr'>Α</span> 
     </span>
    </p>
   </div>
   <div class='ocr_carea' id='block_1_3' title="bbox 133 275 926 315">
    <p class='ocr_par' dir='ltr' id='par_1_3' title="bbox 133 275 926 315">
     <span class='ocr_line' id='line_1_3' title="bbox 133 275 926 315; baseline 0.003 -12"><span class='ocrx_word' id='word_1_13' title='bbox 133 276 192 303; x_wconf 83' lang='grc' dir='ltr'>Νῦν</span> <span class='ocrx_word' id='word_1_14' title='bbox 204 277 232 304; x_wconf 80' lang='grc' dir='ltr'>δὲ</span> <span class='ocrx_word' id='word_1_15' title='bbox 243 275 321 309; x_wconf 84' lang='grc' dir='ltr'>αὖθις</span> <span class='ocrx_word' id='word_1_16' title='bbox 333 278 388 309; x_wconf 84' lang='grc' dir='ltr'>τοῖς</span> <span class='ocrx_word' id='word_1_17' title='bbox 403 278 494 309; x_wconf 82' lang='grc' dir='ltr'>αὐτοῖς</span> <span class='ocrx_word' id='word_1_18' title='bbox 508 278 748 315; x_wconf 74' lang='grc' dir='ltr'>κατα-τριϐόμενος,</span> <span class='ocrx_word' id='word_1_19' title='bbox 763 280 926 315; x_wconf 81' lang='grc' dir='ltr'>στερήσεως,</span> 
     </span>
    </p>
   </div>
   <div class='ocr_carea' id='block_1_4' title="bbox 133 323 928 360">
    <p class='ocr_par' dir='ltr' id='par_1_4' title="bbox 133 323 928 360">
     <span class='ocr_line' id='line_1_4' title="bbox 133 323 928 360; baseline 0.003 -11"><span class='ocrx_word' id='word_1_20' title='bbox 133 323 282 358; x_wconf 77' lang='grc' dir='ltr'><strong>ὀνομασίας</strong></span> <span class='ocrx_word' id='word_1_21' title='bbox 292 332 321 349; x_wconf 87' lang='grc' dir='ltr'><strong>τε</strong></span> <span class='ocrx_word' id='word_1_22' title='bbox 334 323 380 350; x_wconf 61' lang='grc' dir='ltr'>καὶ</span> <span class='ocrx_word' id='word_1_23' title='bbox 390 323 483 357; x_wconf 74' lang='grc' dir='ltr'>ἕξεως,</span> <span class='ocrx_word' id='word_1_24' title='bbox 499 324 546 351; x_wconf 82' lang='grc' dir='ltr'>καὶ</span> <span class='ocrx_word' id='word_1_25' title='bbox 555 324 743 360; x_wconf 80' lang='grc' dir='ltr'>συλλογισμῶν</span> <span class='ocrx_word' id='word_1_26' title='bbox 755 324 928 360; x_wconf 78' lang='grc' dir='ltr'><strong>ἀνθρωπίνης</strong></span> 
     </span>
    </p>
   </div>
   <div class='ocr_carea' id='block_1_5' title="bbox 134 367 928 405">
    <p class='ocr_par' dir='ltr' id='par_1_5' title="bbox 134 367 928 405">
     <span class='ocr_line' id='line_1_5' title="bbox 134 367 928 405; baseline 0.003 -11"><span class='ocrx_word' id='word_1_27' title='bbox 134 367 219 402; x_wconf 86' lang='grc' dir='ltr'>σφαλε</span> <span class='ocrx_word' id='word_1_28' title='bbox 225 369 273 403; x_wconf 79' lang='grc' dir='ltr'>ρᾶς</span> <span class='ocrx_word' id='word_1_29' title='bbox 286 368 424 401; x_wconf 77' lang='grc' dir='ltr'>ὑπονοίας,</span> <span class='ocrx_word' id='word_1_30' title='bbox 437 369 536 404; x_wconf 79' lang='grc' dir='ltr'>φόρτον</span> <span class='ocrx_word' id='word_1_31' title='bbox 550 369 780 405; x_wconf 75' lang='grc' dir='ltr'>προῦαλλόμενος,</span> <span class='ocrx_word' id='word_1_32' title='bbox 791 369 838 396; x_wconf 83' lang='grc' dir='ltr'>καὶ</span> <span class='ocrx_word' id='word_1_33' title='bbox 850 378 928 395; x_wconf 80' lang='grc' dir='ltr'>πνευ·</span> 
     </span>
    </p>
   </div>
   <div class='ocr_carea' id='block_1_6' title="bbox 135 413 927 449">
    <p class='ocr_par' dir='ltr' id='par_1_6' title="bbox 135 413 927 449">
     <span class='ocr_line' id='line_1_6' title="bbox 135 413 927 449; baseline 0.004 -11"><span class='ocrx_word' id='word_1_34' title='bbox 135 413 260 448; x_wconf 79' lang='grc' dir='ltr'>ματικῶς</span> <span class='ocrx_word' id='word_1_35' title='bbox 281 413 493 449; x_wconf 72' lang='grc' dir='ltr'><strong>ἀνακρινόμενος</strong></span> <span class='ocrx_word' id='word_1_36' title='bbox 514 414 611 441; x_wconf 75' lang='grc' dir='ltr'>ἑαυτοῦ</span> <span class='ocrx_word' id='word_1_37' title='bbox 637 414 777 449; x_wconf 84' lang='grc' dir='ltr'><strong>φείδεται.¹</strong></span> <span class='ocrx_word' id='word_1_38' title='bbox 792 414 927 449; x_wconf 77' lang='grc' dir='ltr'>ἀνακόψαι</span> 
     </span>
    </p>
   </div>
   <div class='ocr_carea' id='block_1_7' title="bbox 133 457 926 494">
    <p class='ocr_par' dir='ltr' id='par_1_7' title="bbox 133 457 926 494">
     <span class='ocr_line' id='line_1_7' title="bbox 133 457 926 494; baseline 0 -10"><span class='ocrx_word' id='word_1_39' title='bbox 133 457 166 484; x_wconf 75' lang='grc' dir='ltr'><strong>τὸ</strong></span> <span class='ocrx_word' id='word_1_40' title='bbox 189 458 254 485; x_wconf 73' lang='grc' dir='ltr'>ἴδιον</span> <span class='ocrx_word' id='word_1_41' title='bbox 274 458 389 494; x_wconf 83' lang='grc' dir='ltr'><strong>ὅρμημα</strong></span> <span class='ocrx_word' id='word_1_42' title='bbox 405 459 455 493; x_wconf 85' lang='grc' dir='ltr'>τῆς</span> <span class='ocrx_word' id='word_1_43' title='bbox 467 457 498 490; x_wconf 78' lang='grc' dir='ltr'>ἐξ</span> <span class='ocrx_word' id='word_1_44' title='bbox 511 457 686 494; x_wconf 82' lang='grc' dir='ltr'>ἀνθρωπίνης</span> <span class='ocrx_word' id='word_1_45' title='bbox 699 458 867 494; x_wconf 81' lang='grc' dir='ltr'>πανουργίας</span> <span class='ocrx_word' id='word_1_46' title='bbox 879 457 926 491; x_wconf 84' lang='grc' dir='ltr'>ἀφ’</span> 
     </span>
    </p>
   </div>
   <div class='ocr_carea' id='block_1_8' title="bbox 133 501 925 540">
    <p class='ocr_par' dir='ltr' id='par_1_8' title="bbox 133 501 925 540">
     <span class='ocr_line' id='line_1_8' title="bbox 133 501 925 540; baseline 0 -10"><span class='ocrx_word' id='word_1_47' title='bbox 133 501 184 539; x_wconf 78' lang='grc' dir='ltr'><strong>ἦς’</strong></span> <span class='ocrx_word' id='word_1_48' title='bbox 213 503 275 540; x_wconf 73' lang='grc' dir='ltr'>περὶ</span> <span class='ocrx_word' id='word_1_49' title='bbox 296 503 363 531; x_wconf 78' lang='grc' dir='ltr'>Θεοῦ</span> <span class='ocrx_word' id='word_1_50' title='bbox 387 503 477 539; x_wconf 89' lang='grc' dir='ltr'>λέγειν</span> <span class='ocrx_word' id='word_1_51' title='bbox 494 503 512 531; x_wconf 75' lang='grc' dir='ltr'><strong>ἃ</strong></span> <span class='ocrx_word' id='word_1_52' title='bbox 526 504 751 539; x_wconf 81' lang='grc' dir='ltr'>βούλεται.Ἀλλά</span> <span class='ocrx_word' id='word_1_53' title='bbox 772 504 818 530; x_wconf 74' lang='grc' dir='ltr'>καὶ</span> <span class='ocrx_word' id='word_1_54' title='bbox 841 504 925 539; x_wconf 77' lang='grc' dir='ltr'>ἡμᾶς,</span> 
     </span>
    </p>
   </div>
   <div class='ocr_carea' id='block_1_9' title="bbox 134 549 927 585">
    <p class='ocr_par' dir='ltr' id='par_1_9' title="bbox 134 549 927 585">
     <span class='ocr_line' id='line_1_9' title="bbox 134 549 927 585; baseline -0.001 -9"><span class='ocrx_word' id='word_1_55' title='bbox 134 550 237 585; x_wconf 74' lang='grc' dir='ltr'>καίπερ</span> <span class='ocrx_word' id='word_1_56' title='bbox 251 549 335 576; x_wconf 78' lang='grc' dir='ltr'>πολλὰ</span> <span class='ocrx_word' id='word_1_57' title='bbox 343 550 408 585; x_wconf 66' lang='grc' dir='ltr'>περὶ</span> <span class='ocrx_word' id='word_1_58' title='bbox 419 550 587 585; x_wconf 85' lang='grc' dir='ltr'>στερητικῶν</span> <span class='ocrx_word' id='word_1_59' title='bbox 598 549 798 585; x_wconf 74' lang='grc' dir='ltr'><strong>διαλεχθέντας,</strong></span> <span class='ocrx_word' id='word_1_60' title='bbox 808 549 927 583; x_wconf 82' lang='grc' dir='ltr'>ἀναγκά-</span> 
     </span>
    </p>
   </div>
   <div class='ocr_carea' id='block_1_10' title="bbox 133 595 926 631">
    <p class='ocr_par' dir='ltr' id='par_1_10' title="bbox 133 595 926 631">
     <span class='ocr_line' id='line_1_10' title="bbox 133 595 926 631; baseline 0 -10"><span class='ocrx_word' id='word_1_61' title='bbox 133 596 175 627; x_wconf 80' lang='grc' dir='ltr'>ζει</span> <span class='ocrx_word' id='word_1_62' title='bbox 189 595 268 622; x_wconf 81' lang='grc' dir='ltr'>πάλιν</span> <span class='ocrx_word' id='word_1_63' title='bbox 282 596 336 626; x_wconf 79' lang='grc' dir='ltr'><strong>τοίς</strong></span> <span class='ocrx_word' id='word_1_64' title='bbox 352 595 444 626; x_wconf 77' lang='grc' dir='ltr'>αὐτοῖς</span> <span class='ocrx_word' id='word_1_65' title='bbox 460 595 600 631; x_wconf 74' lang='grc' dir='ltr'>ἐμμένειν,</span> <span class='ocrx_word' id='word_1_66' title='bbox 614 595 660 622; x_wconf 79' lang='grc' dir='ltr'>καὶ</span> <span class='ocrx_word' id='word_1_67' title='bbox 677 596 706 621; x_wconf 86' lang='grc' dir='ltr'>ὲν</span> <span class='ocrx_word' id='word_1_68' title='bbox 721 596 780 626; x_wconf 83' lang='grc' dir='ltr'>ταῖς</span> <span class='ocrx_word' id='word_1_69' title='bbox 795 595 863 630; x_wconf 74' lang='grc' dir='ltr'>πρὸς</span> <span class='ocrx_word' id='word_1_70' title='bbox 877 595 926 621; x_wconf 84' lang='grc' dir='ltr'><strong>αὺ-</strong></span> 
     </span>
    </p>
   </div>
   <div class='ocr_carea' id='block_1_11' title="bbox 131 638 924 676">
    <p class='ocr_par' dir='ltr' id='par_1_11' title="bbox 131 638 924 676">
     <span class='ocr_line' id='line_1_11' title="bbox 131 638 924 676; baseline -0.001 -9"><span class='ocrx_word' id='word_1_71' title='bbox 131 641 178 667; x_wconf 74' lang='grc' dir='ltr'><strong>τὸν</strong></span> <span class='ocrx_word' id='word_1_72' title='bbox 195 641 362 676; x_wconf 85' lang='grc' dir='ltr'>ἀνατροπαῖς</span> <span class='ocrx_word' id='word_1_73' title='bbox 379 640 603 675; x_wconf 78' lang='grc' dir='ltr'>κατατρίϐεσθαι.</span> <span class='ocrx_word' id='word_1_74' title='bbox 621 641 676 667; x_wconf 80' lang='grc' dir='ltr'><strong>Καὶ</strong></span> <span class='ocrx_word' id='word_1_75' title='bbox 692 638 726 676; x_wconf 78' lang='grc' dir='ltr'>ἦν</span> <span class='ocrx_word' id='word_1_76' title='bbox 745 640 795 676; x_wconf 86' lang='grc' dir='ltr'>μὲν</span> <span class='ocrx_word' id='word_1_77' title='bbox 813 640 892 675; x_wconf 84' lang='grc' dir='ltr'>ἱκανὴ</span> <span class='ocrx_word' id='word_1_78' title='bbox 907 641 924 675; x_wconf 84' lang='grc' dir='ltr'><strong>ἡ</strong></span> 
     </span>
    </p>
   </div>
   <div class='ocr_carea' id='block_1_12' title="bbox 132 685 925 722">
    <p class='ocr_par' dir='ltr' id='par_1_12' title="bbox 132 685 925 722">
     <span class='ocr_line' id='line_1_12' title="bbox 132 685 925 722; baseline -0.001 -10"><span class='ocrx_word' id='word_1_79' title='bbox 132 686 186 721; x_wconf 71' lang='grc' dir='ltr'><strong>πρὸ</strong></span> <span class='ocrx_word' id='word_1_80' title='bbox 199 686 300 722; x_wconf 80' lang='grc' dir='ltr'>ταύτης</span> <span class='ocrx_word' id='word_1_81' title='bbox 314 685 454 721; x_wconf 85' lang='grc' dir='ltr'>ἀνατροπὴ</span> <span class='ocrx_word' id='word_1_82' title='bbox 469 685 606 721; x_wconf 80' lang='grc' dir='ltr'>δυναμένη</span> <span class='ocrx_word' id='word_1_83' title='bbox 619 686 663 712; x_wconf 78' lang='grc' dir='ltr'><strong>διὰ</strong></span> <span class='ocrx_word' id='word_1_84' title='bbox 677 686 706 712; x_wconf 78' lang='grc' dir='ltr'>τὸ</span> <span class='ocrx_word' id='word_1_85' title='bbox 716 685 869 721; x_wconf 76' lang='grc' dir='ltr'>ὁμόρῤοπον</span> <span class='ocrx_word' id='word_1_86' title='bbox 880 686 925 711; x_wconf 74' lang='grc' dir='ltr'>καὶ</span> 
     </span>
    </p>
   </div>
   <div class='ocr_carea' id='block_1_13' title="bbox 131 730 925 767">
    <p class='ocr_par' dir='ltr' id='par_1_13' title="bbox 131 730 925 767">
     <span class='ocr_line' id='line_1_13' title="bbox 131 730 925 767; baseline 0 -9"><span class='ocrx_word' id='word_1_87' title='bbox 131 732 277 767; x_wconf 79' lang='grc' dir='ltr'>ὁμώνυμον</span> <span class='ocrx_word' id='word_1_88' title='bbox 293 732 339 759; x_wconf 86' lang='grc' dir='ltr'><strong>τοῦ</strong></span> <span class='ocrx_word' id='word_1_89' title='bbox 355 731 560 766; x_wconf 86' lang='grc' dir='ltr'>συλλογιστικοῦ</span> <span class='ocrx_word' id='word_1_90' title='bbox 580 731 664 758; x_wconf 81' lang='grc' dir='ltr'>αὑτοῦ</span> <span class='ocrx_word' id='word_1_91' title='bbox 685 732 765 766; x_wconf 85' lang='grc' dir='ltr'>λόγου</span> <span class='ocrx_word' id='word_1_92' title='bbox 783 731 853 758; x_wconf 86' lang='grc' dir='ltr'><strong>κατά</strong></span> <span class='ocrx_word' id='word_1_93' title='bbox 871 730 925 758; x_wconf 80' lang='grc' dir='ltr'><strong>τῶν</strong></span> 
     </span>
    </p>
   </div>
   <div class='ocr_carea' id='block_1_14' title="bbox 132 776 925 813">
    <p class='ocr_par' dir='ltr' id='par_1_14' title="bbox 132 776 925 813">
     <span class='ocr_line' id='line_1_14' title="bbox 132 776 925 813; baseline -0.004 -8"><span class='ocrx_word' id='word_1_94' title='bbox 132 778 295 813; x_wconf 75' lang='grc' dir='ltr'>ἀμφοτέρων</span> <span class='ocrx_word' id='word_1_95' title='bbox 310 777 450 812; x_wconf 73' lang='grc' dir='ltr'>φέρεσθαι.</span> <span class='ocrx_word' id='word_1_96' title='bbox 460 777 529 803; x_wconf 78' lang='grc' dir='ltr'>Ἀλλ’</span> <span class='ocrx_word' id='word_1_97' title='bbox 544 776 656 812; x_wconf 83' lang='grc' dir='ltr'>ὲπειδὴ³</span> <span class='ocrx_word' id='word_1_98' title='bbox 672 778 740 812; x_wconf 86' lang='grc' dir='ltr'>μήτε</span> <span class='ocrx_word' id='word_1_99' title='bbox 758 777 840 803; x_wconf 81' lang='grc' dir='ltr'>ἵππον</span> <span class='ocrx_word' id='word_1_100' title='bbox 852 776 925 812; x_wconf 89' lang='grc' dir='ltr'>σιδη-</span> 
     </span>
    </p>
   </div>
   <div class='ocr_carea' id='block_1_15' title="bbox 133 821 925 859">
    <p class='ocr_par' dir='ltr' id='par_1_15' title="bbox 133 821 925 859">
     <span class='ocr_line' id='line_1_15' title="bbox 133 821 925 859; baseline -0.001 -10"><span class='ocrx_word' id='word_1_101' title='bbox 133 823 263 859; x_wconf 78' lang='grc' dir='ltr'>ρόστομον</span> <span class='ocrx_word' id='word_1_102' title='bbox 285 823 452 858; x_wconf 82' lang='grc' dir='ltr'>ἀχαλίνωτον</span> <span class='ocrx_word' id='word_1_103' title='bbox 476 823 534 858; x_wconf 80' lang='grc' dir='ltr'>ὲᾷν,</span> <span class='ocrx_word' id='word_1_104' title='bbox 558 823 609 850; x_wconf 84' lang='grc' dir='ltr'><strong>κάν</strong></span> <span class='ocrx_word' id='word_1_105' title='bbox 634 832 664 849; x_wconf 87' lang='grc' dir='ltr'><strong>τε</strong></span> <span class='ocrx_word' id='word_1_106' title='bbox 686 822 757 849; x_wconf 87' lang='grc' dir='ltr'>κατὰ</span> <span class='ocrx_word' id='word_1_107' title='bbox 781 821 925 858; x_wconf 82' lang='grc' dir='ltr'>βαράθρων</span> 
     </span>
    </p>
   </div>
   <div class='ocr_carea' id='block_1_16' title="bbox 131 867 923 905">
    <p class='ocr_par' dir='ltr' id='par_1_16' title="bbox 131 867 923 905">
     <span class='ocr_line' id='line_1_16' title="bbox 131 867 923 905; baseline -0.003 -9"><span class='ocrx_word' id='word_1_108' title='bbox 131 870 259 905; x_wconf 77' lang='grc' dir='ltr'><strong>φέρηται,</strong></span> <span class='ocrx_word' id='word_1_109' title='bbox 275 870 325 897; x_wconf 82' lang='grc' dir='ltr'><strong>κᾶν</strong></span> <span class='ocrx_word' id='word_1_110' title='bbox 338 878 367 896; x_wconf 87' lang='grc' dir='ltr'><strong>τε</strong></span> <span class='ocrx_word' id='word_1_111' title='bbox 382 869 435 896; x_wconf 83' lang='grc' dir='ltr'>ἀπὸ</span> <span class='ocrx_word' id='word_1_112' title='bbox 449 868 496 895; x_wconf 91' lang='grc' dir='ltr'><strong>τοῦ</strong></span> <span class='ocrx_word' id='word_1_113' title='bbox 508 869 668 904; x_wconf 79' lang='grc' dir='ltr'>ὁρμήματος</span> <span class='ocrx_word' id='word_1_114' title='bbox 679 869 730 904; x_wconf 75' lang='grc' dir='ltr'>ἤδη</span> <span class='ocrx_word' id='word_1_115' title='bbox 743 867 923 904; x_wconf 83' lang='grc' dir='ltr'>ἀνεκρούσθη,</span> 
     </span>
    </p>
   </div>
   <div class='ocr_carea' id='block_1_17' title="bbox 131 907 963 950">
    <p class='ocr_par' dir='ltr' id='par_1_17' title="bbox 131 907 963 950">
     <span class='ocr_line' id='line_1_17' title="bbox 131 907 963 950; baseline -0.002 -8"><span class='ocrx_word' id='word_1_116' title='bbox 131 915 192 942; x_wconf 75' lang='grc' dir='ltr'>οὒτε</span> <span class='ocrx_word' id='word_1_117' title='bbox 208 915 286 950; x_wconf 83' lang='grc' dir='ltr'>ἀνδρὶ</span> <span class='ocrx_word' id='word_1_118' title='bbox 298 914 370 942; x_wconf 85' lang='grc' dir='ltr'><strong>κατά</strong></span> <span class='ocrx_word' id='word_1_119' title='bbox 383 915 432 950; x_wconf 83' lang='grc' dir='ltr'>τῆς</span> <span class='ocrx_word' id='word_1_120' title='bbox 448 914 565 945; x_wconf 84' lang='grc' dir='ltr'>πίστεως</span> <span class='ocrx_word' id='word_1_121' title='bbox 577 913 613 940; x_wconf 84' lang='grc' dir='ltr'><strong>τὰ</strong></span> <span class='ocrx_word' id='word_1_122' title='bbox 625 913 694 941; x_wconf 88' lang='grc' dir='ltr'>αὑτά</span> <span class='ocrx_word' id='word_1_123' title='bbox 704 913 808 948; x_wconf 87' lang='grc' dir='ltr'>λέγοντι</span> <span class='ocrx_word' id='word_1_124' title='bbox 820 922 926 948; x_wconf 87' lang='grc' dir='ltr'>συγχω-</span> <span class='ocrx_word' id='word_1_125' title='bbox 942 907 963 933; x_wconf 75' lang='grc' dir='ltr'>Β</span> 
     </span>
    </p>
   </div>
   <div class='ocr_carea' id='block_1_18' title="bbox 132 958 928 997">
    <p class='ocr_par' dir='ltr' id='par_1_18' title="bbox 132 958 928 997">
     <span class='ocr_line' id='line_1_18' title="bbox 132 958 928 997; baseline -0.003 -9"><span class='ocrx_word' id='word_1_126' title='bbox 132 963 199 997; x_wconf 79' lang='grc' dir='ltr'>ρεῖν,</span> <span class='ocrx_word' id='word_1_127' title='bbox 215 961 262 988; x_wconf 72' lang='grc' dir='ltr'>καὶ</span> <span class='ocrx_word' id='word_1_128' title='bbox 278 961 315 996; x_wconf 84' lang='grc' dir='ltr'>μὴ</span> <span class='ocrx_word' id='word_1_129' title='bbox 329 961 398 996; x_wconf 75' lang='grc' dir='ltr'>πρὸς</span> <span class='ocrx_word' id='word_1_130' title='bbox 414 961 495 987; x_wconf 81' lang='grc' dir='ltr'>αὑτὸν</span> <span class='ocrx_word' id='word_1_131' title='bbox 512 960 615 995; x_wconf 87' lang='grc' dir='ltr'>λέγειν·</span> <span class='ocrx_word' id='word_1_132' title='bbox 635 958 714 992; x_wconf 79' lang='grc' dir='ltr'>αὖθις</span> <span class='ocrx_word' id='word_1_133' title='bbox 728 959 856 996; x_wconf 77' lang='grc' dir='ltr'>ἐροῦμεν,</span> <span class='ocrx_word' id='word_1_134' title='bbox 873 960 928 990; x_wconf 83' lang='grc' dir='ltr'>ὅτι,</span> 
     </span>
    </p>
   </div>
   <div class='ocr_carea' id='block_1_19' title="bbox 133 1005 926 1043">
    <p class='ocr_par' dir='ltr' id='par_1_19' title="bbox 133 1005 926 1043">
     <span class='ocr_line' id='line_1_19' title="bbox 133 1005 926 1043; baseline 0.003 -12"><span class='ocrx_word' id='word_1_135' title='bbox 133 1005 224 1041; x_wconf 77' lang='grc' dir='ltr'>Εὶμὲν</span> <span class='ocrx_word' id='word_1_136' title='bbox 245 1007 273 1034; x_wconf 78' lang='grc' dir='ltr'>αἱ</span> <span class='ocrx_word' id='word_1_137' title='bbox 298 1007 440 1043; x_wconf 76' lang='grc' dir='ltr'><strong>περήσεις</strong></span> <span class='ocrx_word' id='word_1_138' title='bbox 461 1006 546 1040; x_wconf 75' lang='grc' dir='ltr'>ἓξεών</span> <span class='ocrx_word' id='word_1_139' title='bbox 566 1007 635 1034; x_wconf 85' lang='grc' dir='ltr'>εἰσιν</span> <span class='ocrx_word' id='word_1_140' title='bbox 651 1006 821 1042; x_wconf 85' lang='grc' dir='ltr'>ἀφαιρέσεις.</span> <span class='ocrx_word' id='word_1_141' title='bbox 839 1005 869 1032; x_wconf 84' lang='grc' dir='ltr'><strong>τὺ</strong></span> <span class='ocrx_word' id='word_1_142' title='bbox 880 1006 926 1034; x_wconf 75' lang='grc' dir='ltr'><strong>ἐπὶ</strong></span> 
     </span>
    </p>
   </div>
   <div class='ocr_carea' id='block_1_20' title="bbox 129 1051 926 1089">
    <p class='ocr_par' dir='ltr' id='par_1_20' title="bbox 129 1051 926 1089">
     <span class='ocr_line' id='line_1_20' title="bbox 129 1051 926 1089; baseline 0.001 -10"><span class='ocrx_word' id='word_1_143' title='bbox 129 1052 198 1080; x_wconf 81' lang='grc' dir='ltr'>Θεοῦ</span> <span class='ocrx_word' id='word_1_144' title='bbox 224 1053 372 1088; x_wconf 80' lang='grc' dir='ltr'>ἀγέννητον</span> <span class='ocrx_word' id='word_1_145' title='bbox 396 1053 455 1089; x_wconf 69' lang='grc' dir='ltr'>ἦτοι</span> <span class='ocrx_word' id='word_1_146' title='bbox 482 1053 611 1089; x_wconf 82' lang='grc' dir='ltr'>στέρησίς</span> <span class='ocrx_word' id='word_1_147' title='bbox 627 1054 700 1080; x_wconf 73' lang='grc' dir='ltr'>ἐστιν</span> <span class='ocrx_word' id='word_1_148' title='bbox 722 1052 816 1085; x_wconf 76' lang='grc' dir='ltr'>ἕξεως,</span> <span class='ocrx_word' id='word_1_149' title='bbox 831 1051 849 1087; x_wconf 82' lang='grc' dir='ltr'>ἦ</span> <span class='ocrx_word' id='word_1_150' title='bbox 870 1051 926 1084; x_wconf 75' lang='grc' dir='ltr'>ἕξις</span> 
     </span>
    </p>
   </div>
   <div class='ocr_carea' id='block_1_21' title="bbox 130 1097 927 1135">
    <p class='ocr_par' dir='ltr' id='par_1_21' title="bbox 130 1097 927 1135">
     <span class='ocr_line' id='line_1_21' title="bbox 130 1097 927 1135; baseline -0.004 -9"><span class='ocrx_word' id='word_1_151' title='bbox 130 1100 296 1135; x_wconf 82' lang='grc' dir='ltr'>στερήσεως.</span> <span class='ocrx_word' id='word_1_152' title='bbox 317 1099 372 1126; x_wconf 79' lang='grc' dir='ltr'><strong>Καὶ</strong></span> <span class='ocrx_word' id='word_1_153' title='bbox 391 1099 483 1133; x_wconf 82' lang='grc' dir='ltr'>πάλιν,</span> <span class='ocrx_word' id='word_1_154' title='bbox 501 1099 592 1134; x_wconf 81' lang='grc' dir='ltr'>Είμὲν</span> <span class='ocrx_word' id='word_1_155' title='bbox 608 1098 736 1134; x_wconf 85' lang='grc' dir='ltr'>στέρησίς</span> <span class='ocrx_word' id='word_1_156' title='bbox 749 1099 823 1125; x_wconf 79' lang='grc' dir='ltr'>ἐστιν</span> <span class='ocrx_word' id='word_1_157' title='bbox 832 1097 927 1131; x_wconf 71' lang='grc' dir='ltr'>ἕξεως,</span> 
     </span>
    </p>
   </div>
   <div class='ocr_carea' id='block_1_22' title="bbox 130 1142 922 1180">
    <p class='ocr_par' dir='ltr' id='par_1_22' title="bbox 130 1142 922 1180">
     <span class='ocr_line' id='line_1_22' title="bbox 130 1142 922 1180; baseline -0.003 -9"><span class='ocrx_word' id='word_1_158' title='bbox 130 1145 189 1176; x_wconf 73' lang='grc' dir='ltr'><strong>πῶς</strong></span> <span class='ocrx_word' id='word_1_159' title='bbox 204 1145 236 1171; x_wconf 84' lang='grc' dir='ltr'>ἂν</span> <span class='ocrx_word' id='word_1_160' title='bbox 250 1143 282 1170; x_wconf 76' lang='grc' dir='ltr'><strong>τὺ</strong></span> <span class='ocrx_word' id='word_1_161' title='bbox 297 1144 334 1180; x_wconf 86' lang='grc' dir='ltr'>μὴ</span> <span class='ocrx_word' id='word_1_162' title='bbox 351 1144 452 1180; x_wconf 81' lang='grc' dir='ltr'>προσὸν</span> <span class='ocrx_word' id='word_1_163' title='bbox 467 1143 505 1176; x_wconf 86' lang='grc' dir='ltr'>ὡς</span> <span class='ocrx_word' id='word_1_164' title='bbox 519 1143 620 1179; x_wconf 81' lang='grc' dir='ltr'>προσὸν</span> <span class='ocrx_word' id='word_1_165' title='bbox 631 1144 670 1180; x_wconf 85' lang='grc' dir='ltr'>τῷ</span> <span class='ocrx_word' id='word_1_166' title='bbox 682 1143 743 1179; x_wconf 84' lang='grc' dir='ltr'><strong>Θεῷ</strong></span> <span class='ocrx_word' id='word_1_167' title='bbox 754 1142 922 1179; x_wconf 85' lang='grc' dir='ltr'>συναριθμη-</span> 
     </span>
    </p>
   </div>
   <div class='ocr_carea' id='block_1_23' title="bbox 129 1191 259 1227">
    <p class='ocr_par' dir='ltr' id='par_1_23' title="bbox 129 1191 259 1227">
     <span class='ocr_line' id='line_1_23' title="bbox 129 1191 259 1227; baseline 0 -9"><span class='ocrx_word' id='word_1_168' title='bbox 129 1191 259 1227; x_wconf 81' lang='grc' dir='ltr'>θήσεται;</span> 
     </span>
    </p>
   </div>
   <div class='ocr_carea' id='block_1_24' title="bbox 984 171 1771 201">
    <p class='ocr_par' dir='ltr' id='par_1_24' title="bbox 984 171 1771 201">
     <span class='ocr_line' id='line_1_24' title="bbox 984 171 1771 201; baseline -0.001 -1"><span class='ocrx_word' id='word_1_169' title='bbox 984 171 1066 201; x_wconf 77' lang='grc' dir='ltr'><strong>τΟΜ.</strong></span> <span class='ocrx_word' id='word_1_170' title='bbox 1085 173 1143 200; x_wconf 89' lang='grc'><strong>1.-</strong></span> <span class='ocrx_word' id='word_1_171' title='bbox 1163 172 1300 200; x_wconf 71' lang='lat' dir='ltr'><strong>llAiRES.</strong></span> <span class='ocrx_word' id='word_1_172' title='bbox 1322 171 1439 200; x_wconf 75' lang='lat' dir='ltr'><strong>LXXVI.</strong></span> <span class='ocrx_word' id='word_1_173' title='bbox 1719 172 1771 201; x_wconf 66' lang='lat'><strong>594</strong></span> 
     </span>
    </p>
   </div>
   <div class='ocr_carea' id='block_1_25' title="bbox 979 232 1770 269">
    <p class='ocr_par' dir='ltr' id='par_1_25' title="bbox 979 232 1770 269">
     <span class='ocr_line' id='line_1_25' title="bbox 979 232 1770 269; baseline 0.001 -9"><span class='ocrx_word' id='word_1_174' title='bbox 979 234 1040 261; x_wconf 88' lang='lat' dir='ltr'><strong>dem</strong></span> <span class='ocrx_word' id='word_1_175' title='bbox 1054 234 1097 262; x_wconf 86' lang='lat' dir='ltr'><strong>his</strong></span> <span class='ocrx_word' id='word_1_176' title='bbox 1120 234 1211 261; x_wconf 79' lang='lat' dir='ltr'><strong>verbis</strong></span> <span class='ocrx_word' id='word_1_177' title='bbox 1231 233 1372 269; x_wconf 70' lang='lat' dir='ltr'><strong>Scriptura</strong></span> <span class='ocrx_word' id='word_1_178' title='bbox 1395 232 1579 261; x_wconf 71' lang='lat' dir='ltr'><strong>condemnat:</strong></span> <span class='ocrx_word' id='word_1_179' title='bbox 1595 232 1650 269; x_wconf 82' lang='lat' dir='ltr'><strong>Ego</strong></span> <span class='ocrx_word' id='word_1_180' title='bbox 1670 234 1725 261; x_wconf 71' lang='lat' dir='ltr'><strong>uixi</strong></span> <span class='ocrx_word' id='word_1_181' title='bbox 1742 235 1770 261; x_wconf 78' lang='lat' dir='ltr'><strong>in</strong></span> 
     </span>
    </p>
   </div>
   <div class='ocr_carea' id='block_1_26' title="bbox 979 279 1773 307">
    <p class='ocr_par' dir='ltr' id='par_1_26' title="bbox 979 279 1773 307">
     <span class='ocr_line' id='line_1_26' title="bbox 979 279 1773 307; baseline 0.001 -1"><span class='ocrx_word' id='word_1_182' title='bbox 979 287 1087 307; x_wconf 69' lang='lat' dir='ltr'><strong>excessu</strong></span> <span class='ocrx_word' id='word_1_183' title='bbox 1107 288 1162 306; x_wconf 78' lang='lat' dir='ltr'><strong>meo</strong></span> <span class='ocrx_word' id='word_1_184' title='bbox 1173 288 1183 306; x_wconf 89' lang='lat'><strong><em>:</em></strong></span> <span class='ocrx_word' id='word_1_185' title='bbox 1199 279 1291 307; x_wconf 72' lang='lat' dir='ltr'><strong>Omnis</strong></span> <span class='ocrx_word' id='word_1_186' title='bbox 1308 280 1386 307; x_wconf 85' lang='lat' dir='ltr'><strong>homo</strong></span> <span class='ocrx_word' id='word_1_187' title='bbox 1401 279 1514 307; x_wconf 72' lang='lat' dir='ltr'><strong>mendax</strong></span> <span class='ocrx_word' id='word_1_188' title='bbox 1529 279 1550 307; x_wconf 83' lang='lat'><strong>&#39;.</strong></span> <span class='ocrx_word' id='word_1_189' title='bbox 1567 279 1632 307; x_wconf 86' lang='lat' dir='ltr'><strong>Item</strong></span> <span class='ocrx_word' id='word_1_190' title='bbox 1649 289 1656 307; x_wconf 87' lang='lat'>:</span> <span class='ocrx_word' id='word_1_191' title='bbox 1677 280 1773 307; x_wconf 74' lang='lat' dir='ltr'><strong>flumi-</strong></span> 
     </span>
    </p>
   </div>
   <div class='ocr_carea' id='block_1_27' title="bbox 980 325 1765 360">
    <p class='ocr_par' dir='ltr' id='par_1_27' title="bbox 980 325 1765 360">
     <span class='ocr_line' id='line_1_27' title="bbox 980 325 1765 360; baseline -0.001 -7"><span class='ocrx_word' id='word_1_192' title='bbox 980 327 1059 354; x_wconf 77' lang='lat' dir='ltr'><strong>liam</strong></span> <span class='ocrx_word' id='word_1_193' title='bbox 1075 335 1133 354; x_wconf 76' lang='lat' dir='ltr'><strong>sum</strong></span> <span class='ocrx_word' id='word_1_194' title='bbox 1147 327 1226 353; x_wconf 71' lang='lat' dir='ltr'><strong>nimia</strong></span> <span class='ocrx_word' id='word_1_195' title='bbox 1242 327 1262 354; x_wconf 92' lang='grc'><strong>⁷.</strong></span> <span class='ocrx_word' id='word_1_196' title='bbox 1277 325 1355 354; x_wconf 90' lang='lat' dir='ltr'><strong>Nunc</strong></span> <span class='ocrx_word' id='word_1_197' title='bbox 1369 329 1459 360; x_wconf 78' lang='lat' dir='ltr'><strong>autem</strong></span> <span class='ocrx_word' id='word_1_198' title='bbox 1477 326 1502 353; x_wconf 95' lang='lat' dir='ltr'><strong>in</strong></span> <span class='ocrx_word' id='word_1_199' title='bbox 1520 326 1617 354; x_wconf 80' lang='lat' dir='ltr'><strong>iisdem</strong></span> <span class='ocrx_word' id='word_1_200' title='bbox 1633 333 1694 353; x_wconf 80' lang='lat' dir='ltr'><strong>sese</strong></span> <span class='ocrx_word' id='word_1_201' title='bbox 1708 333 1765 353; x_wconf 87' lang='lat' dir='ltr'><strong>ver-</strong></span> 
     </span>
    </p>
   </div>
   <div class='ocr_carea' id='block_1_28' title="bbox 978 371 1771 406">
    <p class='ocr_par' dir='ltr' id='par_1_28' title="bbox 978 371 1771 406">
     <span class='ocr_line' id='line_1_28' title="bbox 978 371 1771 406; baseline 0 -7"><span class='ocrx_word' id='word_1_202' title='bbox 978 379 1054 403; x_wconf 81' lang='lat' dir='ltr'><strong>sans,</strong></span> <span class='ocrx_word' id='word_1_203' title='bbox 1071 371 1231 406; x_wconf 79' lang='lat' dir='ltr'><strong>privationis</strong></span> <span class='ocrx_word' id='word_1_204' title='bbox 1255 371 1462 406; x_wconf 83' lang='lat' dir='ltr'><strong>allectionisque</strong></span> <span class='ocrx_word' id='word_1_205' title='bbox 1480 379 1588 402; x_wconf 86' lang='lat' dir='ltr'><strong>vocum.</strong></span> <span class='ocrx_word' id='word_1_206' title='bbox 1605 375 1632 398; x_wconf 88' lang='lat' dir='ltr'><strong>et</strong></span> <span class='ocrx_word' id='word_1_207' title='bbox 1646 371 1771 399; x_wconf 81' lang='lat' dir='ltr'><strong>humanae</strong></span> 
     </span>
    </p>
   </div>
   <div class='ocr_carea' id='block_1_29' title="bbox 978 417 1813 453">
    <p class='ocr_par' dir='ltr' id='par_1_29' title="bbox 978 417 1813 453">
     <span class='ocr_line' id='line_1_29' title="bbox 978 417 1813 453; baseline -0.004 -9"><span class='ocrx_word' id='word_1_208' title='bbox 978 425 1010 444; x_wconf 90' lang='lat' dir='ltr'><strong>ac</strong></span> <span class='ocrx_word' id='word_1_209' title='bbox 1022 417 1133 445; x_wconf 73' lang='lat' dir='ltr'><strong>lubricae</strong></span> <span class='ocrx_word' id='word_1_210' title='bbox 1150 417 1288 453; x_wconf 84' lang='lat' dir='ltr'><strong>opinionis</strong></span> <span class='ocrx_word' id='word_1_211' title='bbox 1303 421 1525 453; x_wconf 73' lang='lat' dir='ltr'><strong>argumentorum</strong></span> <span class='ocrx_word' id='word_1_212' title='bbox 1541 424 1612 445; x_wconf 90' lang='lat' dir='ltr'><strong>onus</strong></span> <span class='ocrx_word' id='word_1_213' title='bbox 1637 421 1666 444; x_wconf 89' lang='lat' dir='ltr'><strong>et</strong></span> <span class='ocrx_word' id='word_1_214' title='bbox 1683 417 1769 444; x_wconf 83' lang='lat' dir='ltr'><strong>mole-</strong></span> <span class='ocrx_word' id='word_1_215' title='bbox 1807 436 1813 441; x_wconf 90' lang='lat'><strong>.</strong></span> 
     </span>
    </p>
   </div>
   <div class='ocr_carea' id='block_1_30' title="bbox 978 461 1771 501">
    <p class='ocr_par' dir='ltr' id='par_1_30' title="bbox 978 461 1771 501">
     <span class='ocr_line' id='line_1_30' title="bbox 978 461 1771 501; baseline 0.001 -13"><span class='ocrx_word' id='word_1_216' title='bbox 978 462 1058 489; x_wconf 88' lang='lat' dir='ltr'><strong>stiam</strong></span> <span class='ocrx_word' id='word_1_217' title='bbox 1067 461 1225 501; x_wconf 66' lang='lat' dir='ltr'><strong>pmferens,</strong></span> <span class='ocrx_word' id='word_1_218' title='bbox 1237 470 1268 489; x_wconf 89' lang='lat' dir='ltr'><strong>ac</strong></span> <span class='ocrx_word' id='word_1_219' title='bbox 1279 462 1438 497; x_wconf 77' lang='lat' dir='ltr'><strong>spiritaliter</strong></span> <span class='ocrx_word' id='word_1_220' title='bbox 1448 461 1614 497; x_wconf 88' lang='lat' dir='ltr'><strong>dijudicatns</strong></span> <span class='ocrx_word' id='word_1_221' title='bbox 1629 462 1771 497; x_wconf 89' lang='lat' dir='ltr'><strong>proprium</strong></span> 
     </span>
    </p>
   </div>
   <div class='ocr_carea' id='block_1_31' title="bbox 977 507 1771 542">
    <p class='ocr_par' dir='ltr' id='par_1_31' title="bbox 977 507 1771 542">
     <span class='ocr_line' id='line_1_31' title="bbox 977 507 1771 542; baseline 0.003 -9"><span class='ocrx_word' id='word_1_222' title='bbox 977 507 1060 534; x_wconf 89' lang='lat' dir='ltr'><strong>animi</strong></span> <span class='ocrx_word' id='word_1_223' title='bbox 1088 508 1217 542; x_wconf 90' lang='lat' dir='ltr'><strong>impetum</strong></span> <span class='ocrx_word' id='word_1_224' title='bbox 1243 509 1278 535; x_wconf 89' lang='lat' dir='ltr'><strong>ab</strong></span> <span class='ocrx_word' id='word_1_225' title='bbox 1305 508 1423 535; x_wconf 87' lang='lat' dir='ltr'><strong>humana</strong></span> <span class='ocrx_word' id='word_1_226' title='bbox 1447 507 1595 535; x_wconf 85' lang='lat' dir='ltr'><strong>calliditate</strong></span> <span class='ocrx_word' id='word_1_227' title='bbox 1618 507 1771 542; x_wconf 83' lang='lat' dir='ltr'><strong>proiectum</strong></span> 
     </span>
    </p>
   </div>
   <div class='ocr_carea' id='block_1_32' title="bbox 977 551 1770 588">
    <p class='ocr_par' dir='ltr' id='par_1_32' title="bbox 977 551 1770 588">
     <span class='ocr_line' id='line_1_32' title="bbox 977 551 1770 588; baseline 0 -9"><span class='ocrx_word' id='word_1_228' title='bbox 977 553 1094 580; x_wconf 87' lang='lat' dir='ltr'><strong>inhiberi</strong></span> <span class='ocrx_word' id='word_1_229' title='bbox 1118 560 1170 580; x_wconf 94' lang='lat' dir='ltr'><strong>non</strong></span> <span class='ocrx_word' id='word_1_230' title='bbox 1191 553 1304 588; x_wconf 89' lang='lat' dir='ltr'><strong>patitur,</strong></span> <span class='ocrx_word' id='word_1_231' title='bbox 1323 553 1414 588; x_wconf 83' lang='lat' dir='ltr'><strong>eique,</strong></span> <span class='ocrx_word' id='word_1_232' title='bbox 1435 556 1465 580; x_wconf 90' lang='lat' dir='ltr'><strong>ut</strong></span> <span class='ocrx_word' id='word_1_233' title='bbox 1484 553 1518 580; x_wconf 86' lang='lat' dir='ltr'><strong>de</strong></span> <span class='ocrx_word' id='word_1_234' title='bbox 1540 551 1596 580; x_wconf 87' lang='lat' dir='ltr'><strong>Deo</strong></span> <span class='ocrx_word' id='word_1_235' title='bbox 1619 559 1680 587; x_wconf 62' lang='lat' dir='ltr'><strong>qua:</strong></span> <span class='ocrx_word' id='word_1_236' title='bbox 1703 552 1770 580; x_wconf 82' lang='lat' dir='ltr'><strong>velit</strong></span> 
     </span>
    </p>
   </div>
   <div class='ocr_carea' id='block_1_33' title="bbox 976 597 1767 633">
    <p class='ocr_par' dir='ltr' id='par_1_33' title="bbox 976 597 1767 633">
     <span class='ocr_line' id='line_1_33' title="bbox 976 597 1767 633; baseline -0.003 -7"><span class='ocrx_word' id='word_1_237' title='bbox 976 599 1131 632; x_wconf 76' lang='lat' dir='ltr'><strong>eloquatur.</strong></span> <span class='ocrx_word' id='word_1_238' title='bbox 1159 599 1229 626; x_wconf 69' lang='lat' dir='ltr'><strong>latis</strong></span> <span class='ocrx_word' id='word_1_239' title='bbox 1259 599 1373 626; x_wconf 84' lang='lat' dir='ltr'><strong>habenis</strong></span> <span class='ocrx_word' id='word_1_240' title='bbox 1402 598 1543 633; x_wconf 90' lang='lat' dir='ltr'><strong>permittit.</strong></span> <span class='ocrx_word' id='word_1_241' title='bbox 1569 597 1639 631; x_wconf 88' lang='lat' dir='ltr'><strong>Quin</strong></span> <span class='ocrx_word' id='word_1_242' title='bbox 1663 601 1690 625; x_wconf 81' lang='lat' dir='ltr'><strong>et</strong></span> <span class='ocrx_word' id='word_1_243' title='bbox 1717 605 1767 625; x_wconf 89' lang='lat' dir='ltr'><strong>nos</strong></span> 
     </span>
    </p>
   </div>
   <div class='ocr_carea' id='block_1_34' title="bbox 976 640 1772 678">
    <p class='ocr_par' dir='ltr' id='par_1_34' title="bbox 976 640 1772 678">
     <span class='ocr_line' id='line_1_34' title="bbox 976 640 1772 678; baseline -0.001 -10"><span class='ocrx_word' id='word_1_244' title='bbox 976 651 1084 678; x_wconf 86' lang='lat' dir='ltr'><strong>quoque</strong></span> <span class='ocrx_word' id='word_1_245' title='bbox 1104 647 1165 678; x_wconf 82' lang='lat' dir='ltr'><strong>post</strong></span> <span class='ocrx_word' id='word_1_246' title='bbox 1194 643 1278 669; x_wconf 90' lang='lat' dir='ltr'><strong>multa</strong></span> <span class='ocrx_word' id='word_1_247' title='bbox 1304 642 1336 670; x_wconf 83' lang='lat' dir='ltr'><strong>de</strong></span> <span class='ocrx_word' id='word_1_248' title='bbox 1365 641 1564 677; x_wconf 88' lang='lat' dir='ltr'><strong>privationibus</strong></span> <span class='ocrx_word' id='word_1_249' title='bbox 1590 641 1672 669; x_wconf 88' lang='lat' dir='ltr'><strong>verba</strong></span> <span class='ocrx_word' id='word_1_250' title='bbox 1701 640 1772 668; x_wconf 81' lang='lat' dir='ltr'><strong>facta</strong></span> 
     </span>
    </p>
   </div>
   <div class='ocr_carea' id='block_1_35' title="bbox 977 685 1769 721">
    <p class='ocr_par' dir='ltr' id='par_1_35' title="bbox 977 685 1769 721">
     <span class='ocr_line' id='line_1_35' title="bbox 977 685 1769 721; baseline -0.001 -8"><span class='ocrx_word' id='word_1_251' title='bbox 977 687 1011 713; x_wconf 84' lang='lat' dir='ltr'><strong>ad</strong></span> <span class='ocrx_word' id='word_1_252' title='bbox 1044 687 1115 714; x_wconf 86' lang='lat' dir='ltr'><strong>idem</strong></span> <span class='ocrx_word' id='word_1_253' title='bbox 1143 686 1350 714; x_wconf 84' lang='lat' dir='ltr'><strong>retractandum</strong></span> <span class='ocrx_word' id='word_1_254' title='bbox 1378 694 1411 714; x_wconf 88' lang='lat' dir='ltr'><strong>ac</strong></span> <span class='ocrx_word' id='word_1_255' title='bbox 1442 686 1615 715; x_wconf 79' lang='lat' dir='ltr'><strong>rel‘utandnm</strong></span> <span class='ocrx_word' id='word_1_256' title='bbox 1645 685 1769 721; x_wconf 86' lang='lat' dir='ltr'><strong>impellit.</strong></span> 
     </span>
    </p>
   </div>
   <div class='ocr_carea' id='block_1_36' title="bbox 975 731 1764 767">
    <p class='ocr_par' dir='ltr' id='par_1_36' title="bbox 975 731 1764 767">
     <span class='ocr_line' id='line_1_36' title="bbox 975 731 1764 767; baseline 0 -8"><span class='ocrx_word' id='word_1_257' title='bbox 975 731 1056 767; x_wconf 76' lang='lat'><strong>963</strong></span> <span class='ocrx_word' id='word_1_258' title='bbox 1077 731 1206 760; x_wconf 83' lang='lat' dir='ltr'><strong>Sumcere</strong></span> <span class='ocrx_word' id='word_1_259' title='bbox 1223 731 1334 767; x_wconf 90' lang='lat' dir='ltr'><strong>quidem</strong></span> <span class='ocrx_word' id='word_1_260' title='bbox 1358 735 1474 767; x_wconf 82' lang='lat' dir='ltr'><strong>poterat,</strong></span> <span class='ocrx_word' id='word_1_261' title='bbox 1491 733 1565 767; x_wconf 87' lang='lat' dir='ltr'><strong>quod</strong></span> <span class='ocrx_word' id='word_1_262' title='bbox 1584 731 1618 759; x_wconf 86' lang='lat' dir='ltr'><strong>ad</strong></span> <span class='ocrx_word' id='word_1_263' title='bbox 1642 739 1705 759; x_wconf 89' lang='lat' dir='ltr'><strong>eum</strong></span> <span class='ocrx_word' id='word_1_264' title='bbox 1721 739 1764 759; x_wconf 85' lang='lat' dir='ltr'><strong>re-</strong></span> 
     </span>
    </p>
   </div>
   <div class='ocr_carea' id='block_1_37' title="bbox 976 777 1768 813">
    <p class='ocr_par' dir='ltr' id='par_1_37' title="bbox 976 777 1768 813">
     <span class='ocr_line' id='line_1_37' title="bbox 976 777 1768 813; baseline 0 -9"><span class='ocrx_word' id='word_1_265' title='bbox 976 777 1122 805; x_wconf 74' lang='lat' dir='ltr'><strong>fellendum</strong></span> <span class='ocrx_word' id='word_1_266' title='bbox 1138 778 1165 805; x_wconf 92' lang='lat' dir='ltr'><strong>in</strong></span> <span class='ocrx_word' id='word_1_267' title='bbox 1184 777 1319 813; x_wconf 81' lang='lat' dir='ltr'><strong>superiori</strong></span> <span class='ocrx_word' id='word_1_268' title='bbox 1337 777 1523 806; x_wconf 80' lang='lat' dir='ltr'><strong>confutatione</strong></span> <span class='ocrx_word' id='word_1_269' title='bbox 1541 778 1679 810; x_wconf 78' lang='lat' dir='ltr'><strong>diximus;</strong></span> <span class='ocrx_word' id='word_1_270' title='bbox 1693 777 1768 813; x_wconf 85' lang='lat' dir='ltr'><strong>quod</strong></span> 
     </span>
    </p>
   </div>
   <div class='ocr_carea' id='block_1_38' title="bbox 976 823 1772 859">
    <p class='ocr_par' dir='ltr' id='par_1_38' title="bbox 976 823 1772 859">
     <span class='ocr_line' id='line_1_38' title="bbox 976 823 1772 859; baseline 0.001 -9"><span class='ocrx_word' id='word_1_271' title='bbox 976 827 1087 859; x_wconf 87' lang='lat' dir='ltr'><strong>propter</strong></span> <span class='ocrx_word' id='word_1_272' title='bbox 1099 823 1222 852; x_wconf 87' lang='lat' dir='ltr'><strong>eamdem</strong></span> <span class='ocrx_word' id='word_1_273' title='bbox 1244 828 1467 859; x_wconf 70' lang='lat' dir='ltr'><strong>argumentorum</strong></span> <span class='ocrx_word' id='word_1_274' title='bbox 1487 824 1542 851; x_wconf 89' lang='lat' dir='ltr'><strong>vim</strong></span> <span class='ocrx_word' id='word_1_275' title='bbox 1562 831 1594 851; x_wconf 90' lang='lat' dir='ltr'><strong>ac</strong></span> <span class='ocrx_word' id='word_1_276' title='bbox 1615 823 1772 852; x_wconf 87' lang='lat' dir='ltr'><strong>similitudi-</strong></span> 
     </span>
    </p>
   </div>
   <div class='ocr_carea' id='block_1_39' title="bbox 976 869 1773 905">
    <p class='ocr_par' dir='ltr' id='par_1_39' title="bbox 976 869 1773 905">
     <span class='ocr_line' id='line_1_39' title="bbox 976 869 1773 905; baseline 0.003 -9"><span class='ocrx_word' id='word_1_277' title='bbox 976 877 1038 896; x_wconf 86' lang='lat' dir='ltr'><strong>nem</strong></span> <span class='ocrx_word' id='word_1_278' title='bbox 1064 869 1198 897; x_wconf 84' lang='lat' dir='ltr'><strong>ambobus</strong></span> <span class='ocrx_word' id='word_1_279' title='bbox 1226 875 1420 904; x_wconf 84' lang='lat' dir='ltr'><strong>opponeretur.</strong></span> <span class='ocrx_word' id='word_1_280' title='bbox 1447 869 1500 897; x_wconf 86' lang='lat' dir='ltr'><strong>Sed</strong></span> <span class='ocrx_word' id='word_1_281' title='bbox 1526 869 1656 905; x_wconf 89' lang='lat' dir='ltr'><strong>quoniam</strong></span> <span class='ocrx_word' id='word_1_282' title='bbox 1685 877 1773 905; x_wconf 85' lang='lat' dir='ltr'><strong>neque</strong></span> 
     </span>
    </p>
   </div>
   <div class='ocr_carea' id='block_1_40' title="bbox 975 915 1774 951">
    <p class='ocr_par' dir='ltr' id='par_1_40' title="bbox 975 915 1774 951">
     <span class='ocr_line' id='line_1_40' title="bbox 975 915 1774 951; baseline 0.001 -9"><span class='ocrx_word' id='word_1_283' title='bbox 975 915 1148 942; x_wconf 84' lang='lat' dir='ltr'><strong>contumacis</strong></span> <span class='ocrx_word' id='word_1_284' title='bbox 1163 916 1219 943; x_wconf 91' lang='lat' dir='ltr'><strong>oris</strong></span> <span class='ocrx_word' id='word_1_285' title='bbox 1246 923 1346 951; x_wconf 86' lang='lat' dir='ltr'><strong>equum</strong></span> <span class='ocrx_word' id='word_1_286' title='bbox 1372 915 1538 943; x_wconf 87' lang='lat' dir='ltr'><strong>inl‘renatum</strong></span> <span class='ocrx_word' id='word_1_287' title='bbox 1555 917 1710 951; x_wconf 86' lang='lat' dir='ltr'><strong>relinquere</strong></span> <span class='ocrx_word' id='word_1_288' title='bbox 1725 923 1774 951; x_wconf 84' lang='lat' dir='ltr'><strong>par</strong></span> 
     </span>
    </p>
   </div>
   <div class='ocr_carea' id='block_1_41' title="bbox 976 961 1773 996">
    <p class='ocr_par' dir='ltr' id='par_1_41' title="bbox 976 961 1773 996">
     <span class='ocr_line' id='line_1_41' title="bbox 976 961 1773 996; baseline 0 -8"><span class='ocrx_word' id='word_1_289' title='bbox 976 965 1028 993; x_wconf 85' lang='lat' dir='ltr'><strong>cst,</strong></span> <span class='ocrx_word' id='word_1_290' title='bbox 1054 961 1111 988; x_wconf 83' lang='lat' dir='ltr'><strong>sive</strong></span> <span class='ocrx_word' id='word_1_291' title='bbox 1134 969 1183 996; x_wconf 87' lang='lat' dir='ltr'><strong>per</strong></span> <span class='ocrx_word' id='word_1_292' title='bbox 1203 961 1353 996; x_wconf 66' lang='lat' dir='ltr'><strong>praecipitia</strong></span> <span class='ocrx_word' id='word_1_293' title='bbox 1381 961 1495 993; x_wconf 78' lang='lat' dir='ltr'><strong>feratur,</strong></span> <span class='ocrx_word' id='word_1_294' title='bbox 1521 961 1579 989; x_wconf 83' lang='lat' dir='ltr'><strong>sive</strong></span> <span class='ocrx_word' id='word_1_295' title='bbox 1607 961 1773 988; x_wconf 88' lang='lat' dir='ltr'><strong>concitatum</strong></span> 
     </span>
    </p>
   </div>
   <div class='ocr_carea' id='block_1_42' title="bbox 977 1007 1774 1042">
    <p class='ocr_par' dir='ltr' id='par_1_42' title="bbox 977 1007 1774 1042">
     <span class='ocr_line' id='line_1_42' title="bbox 977 1007 1774 1042; baseline -0.001 -7"><span class='ocrx_word' id='word_1_296' title='bbox 977 1014 1089 1035; x_wconf 83' lang='lat' dir='ltr'><strong>cursum</strong></span> <span class='ocrx_word' id='word_1_297' title='bbox 1118 1008 1298 1042; x_wconf 85' lang='lat' dir='ltr'><strong>represserit;</strong></span> <span class='ocrx_word' id='word_1_298' title='bbox 1320 1015 1409 1042; x_wconf 90' lang='lat' dir='ltr'><strong>neque</strong></span> <span class='ocrx_word' id='word_1_299' title='bbox 1434 1007 1459 1034; x_wconf 85' lang='lat' dir='ltr'><strong>ei</strong></span> <span class='ocrx_word' id='word_1_300' title='bbox 1482 1007 1595 1041; x_wconf 86' lang='lat' dir='ltr'><strong>homini,</strong></span> <span class='ocrx_word' id='word_1_301' title='bbox 1615 1007 1662 1042; x_wconf 91' lang='lat' dir='ltr'><strong>qui</strong></span> <span class='ocrx_word' id='word_1_302' title='bbox 1679 1007 1774 1035; x_wconf 78' lang='lat' dir='ltr'><strong>eadem</strong></span> 
     </span>
    </p>
   </div>
   <div class='ocr_carea' id='block_1_43' title="bbox 979 1053 1774 1088">
    <p class='ocr_par' dir='ltr' id='par_1_43' title="bbox 979 1053 1774 1088">
     <span class='ocr_line' id='line_1_43' title="bbox 979 1053 1774 1088; baseline 0 -8"><span class='ocrx_word' id='word_1_303' title='bbox 979 1053 1110 1081; x_wconf 88' lang='lat' dir='ltr'><strong>adversus</strong></span> <span class='ocrx_word' id='word_1_304' title='bbox 1131 1053 1210 1081; x_wconf 80' lang='lat' dir='ltr'><strong>ﬁdem</strong></span> <span class='ocrx_word' id='word_1_305' title='bbox 1228 1054 1360 1086; x_wconf 85' lang='lat' dir='ltr'><strong>inculcat,</strong></span> <span class='ocrx_word' id='word_1_306' title='bbox 1377 1053 1474 1081; x_wconf 80' lang='lat' dir='ltr'><strong>cedere</strong></span> <span class='ocrx_word' id='word_1_307' title='bbox 1495 1057 1612 1088; x_wconf 88' lang='lat' dir='ltr'><strong>oportet,</strong></span> <span class='ocrx_word' id='word_1_308' title='bbox 1626 1057 1655 1080; x_wconf 92' lang='lat' dir='ltr'><strong>ut</strong></span> <span class='ocrx_word' id='word_1_309' title='bbox 1677 1060 1731 1080; x_wconf 91' lang='lat' dir='ltr'><strong>non</strong></span> <span class='ocrx_word' id='word_1_310' title='bbox 1748 1053 1774 1080; x_wconf 89' lang='lat' dir='ltr'><strong>ei</strong></span> 
     </span>
    </p>
   </div>
   <div class='ocr_carea' id='block_1_44' title="bbox 977 1098 1774 1134">
    <p class='ocr_par' dir='ltr' id='par_1_44' title="bbox 977 1098 1774 1134">
     <span class='ocr_line' id='line_1_44' title="bbox 977 1098 1774 1134; baseline -0.001 -8"><span class='ocrx_word' id='word_1_311' title='bbox 977 1099 1192 1130; x_wconf 75' lang='lat' dir='ltr'><strong>contradicatnr.</strong></span> <span class='ocrx_word' id='word_1_312' title='bbox 1207 1100 1281 1127; x_wconf 93' lang='lat' dir='ltr'><strong>hunc</strong></span> <span class='ocrx_word' id='word_1_313' title='bbox 1305 1099 1332 1126; x_wconf 93' lang='lat' dir='ltr'><strong>in</strong></span> <span class='ocrx_word' id='word_1_314' title='bbox 1357 1099 1467 1126; x_wconf 83' lang='lat' dir='ltr'><strong>modum</strong></span> <span class='ocrx_word' id='word_1_315' title='bbox 1497 1099 1601 1126; x_wconf 88' lang='lat' dir='ltr'><strong>idcirco</strong></span> <span class='ocrx_word' id='word_1_316' title='bbox 1623 1098 1774 1134; x_wconf 79' lang='lat' dir='ltr'><strong>disputahi~</strong></span> 
     </span>
    </p>
   </div>
   <div class='ocr_carea' id='block_1_45' title="bbox 977 1143 1774 1180">
    <p class='ocr_par' dir='ltr' id='par_1_45' title="bbox 977 1143 1774 1180">
     <span class='ocr_line' id='line_1_45' title="bbox 977 1143 1774 1180; baseline 0.001 -9"><span class='ocrx_word' id='word_1_317' title='bbox 977 1151 1059 1171; x_wconf 86' lang='lat' dir='ltr'><strong>mus:</strong></span> <span class='ocrx_word' id='word_1_318' title='bbox 1074 1143 1103 1171; x_wconf 90' lang='lat' dir='ltr'><strong>Si</strong></span> <span class='ocrx_word' id='word_1_319' title='bbox 1121 1145 1289 1180; x_wconf 86' lang='lat' dir='ltr'><strong>privationes</strong></span> <span class='ocrx_word' id='word_1_320' title='bbox 1314 1144 1425 1179; x_wconf 85' lang='lat' dir='ltr'><strong>quidem</strong></span> <span class='ocrx_word' id='word_1_321' title='bbox 1452 1144 1627 1172; x_wconf 78' lang='lat' dir='ltr'><strong>allectionum</strong></span> <span class='ocrx_word' id='word_1_322' title='bbox 1647 1145 1774 1180; x_wconf 66' lang='lat' dir='ltr'><strong>quaedam</strong></span> 
     </span>
    </p>
   </div>
   <div class='ocr_carea' id='block_1_46' title="bbox 976 1189 1775 1226">
    <p class='ocr_par' dir='ltr' id='par_1_46' title="bbox 976 1189 1775 1226">
     <span class='ocr_line' id='line_1_46' title="bbox 976 1189 1775 1226; baseline 0.001 -9"><span class='ocrx_word' id='word_1_323' title='bbox 976 1190 1128 1218; x_wconf 89' lang='lat' dir='ltr'><strong>ablationes</strong></span> <span class='ocrx_word' id='word_1_324' title='bbox 1146 1191 1212 1222; x_wconf 86' lang='lat' dir='ltr'><strong>sint,</strong></span> <span class='ocrx_word' id='word_1_325' title='bbox 1231 1190 1391 1226; x_wconf 77' lang='lat' dir='ltr'><strong>ingenitum,</strong></span> <span class='ocrx_word' id='word_1_326' title='bbox 1407 1189 1482 1225; x_wconf 86' lang='lat' dir='ltr'><strong>quod</strong></span> <span class='ocrx_word' id='word_1_327' title='bbox 1501 1190 1554 1217; x_wconf 88' lang='lat' dir='ltr'><strong>Deo</strong></span> <span class='ocrx_word' id='word_1_328' title='bbox 1576 1190 1715 1223; x_wconf 81' lang='lat' dir='ltr'><strong>tribuitur,</strong></span> <span class='ocrx_word' id='word_1_329' title='bbox 1730 1190 1775 1218; x_wconf 85' lang='lat' dir='ltr'><strong>vel</strong></span> 
     </span>
    </p>
   </div>
   <div class='ocr_carea' id='block_1_47' title="bbox 129 1235 1773 1274">
    <p class='ocr_par' dir='ltr' id='par_1_47' title="bbox 129 1235 1773 1274">
     <span class='ocr_line' id='line_1_47' title="bbox 129 1235 1773 1274; baseline -0.002 -9"><span class='ocrx_word' id='word_1_330' title='bbox 129 1238 281 1267; x_wconf 76' lang='lat' dir='ltr'><strong>affectionis</strong></span> <span class='ocrx_word' id='word_1_331' title='bbox 303 1239 426 1274; x_wconf 69' lang='lat' dir='ltr'><strong>quaedam</strong></span> <span class='ocrx_word' id='word_1_332' title='bbox 455 1237 573 1274; x_wconf 80' lang='lat' dir='ltr'><strong>privatio</strong></span> <span class='ocrx_word' id='word_1_333' title='bbox 599 1242 658 1270; x_wconf 86' lang='lat' dir='ltr'><strong>est,</strong></span> <span class='ocrx_word' id='word_1_334' title='bbox 693 1237 735 1264; x_wconf 88' lang='lat' dir='ltr'><strong>vel</strong></span> <span class='ocrx_word' id='word_1_335' title='bbox 771 1236 878 1264; x_wconf 72' lang='lat' dir='ltr'><strong>aﬂectio</strong></span> <span class='ocrx_word' id='word_1_336' title='bbox 900 1235 1045 1271; x_wconf 89' lang='lat' dir='ltr'><strong>privationi</strong></span> <span class='ocrx_word' id='word_1_337' title='bbox 1073 1236 1209 1271; x_wconf 83' lang='lat' dir='ltr'><strong>opposita.</strong></span> <span class='ocrx_word' id='word_1_338' title='bbox 1235 1236 1300 1264; x_wconf 89' lang='lat' dir='ltr'><strong>Item</strong></span> <span class='ocrx_word' id='word_1_339' title='bbox 1321 1246 1328 1265; x_wconf 87' lang='lat'><strong>:</strong></span> <span class='ocrx_word' id='word_1_340' title='bbox 1348 1235 1377 1264; x_wconf 89' lang='lat' dir='ltr'><strong>Si</strong></span> <span class='ocrx_word' id='word_1_341' title='bbox 1406 1237 1521 1272; x_wconf 81' lang='lat' dir='ltr'><strong>privatio</strong></span> <span class='ocrx_word' id='word_1_342' title='bbox 1542 1236 1695 1265; x_wconf 84' lang='lat' dir='ltr'><strong>all&#39;ectionis</strong></span> <span class='ocrx_word' id='word_1_343' title='bbox 1719 1240 1773 1272; x_wconf 74' lang='lat' dir='ltr'><strong>est,</strong></span> 
     </span>
    </p>
   </div>
   <div class='ocr_carea' id='block_1_48' title="bbox 128 1281 1193 1321">
    <p class='ocr_par' dir='ltr' id='par_1_48' title="bbox 128 1281 1193 1321">
     <span class='ocr_line' id='line_1_48' title="bbox 128 1281 1193 1321; baseline -0.003 -9"><span class='ocrx_word' id='word_1_344' title='bbox 128 1293 248 1321; x_wconf 90' lang='lat' dir='ltr'><strong>quonam</strong></span> <span class='ocrx_word' id='word_1_345' title='bbox 275 1289 356 1320; x_wconf 84' lang='lat' dir='ltr'><strong>pacto</strong></span> <span class='ocrx_word' id='word_1_346' title='bbox 387 1285 413 1312; x_wconf 87' lang='lat' dir='ltr'><strong>id</strong></span> <span class='ocrx_word' id='word_1_347' title='bbox 438 1284 511 1319; x_wconf 89' lang='lat' dir='ltr'><strong>quod</strong></span> <span class='ocrx_word' id='word_1_348' title='bbox 535 1291 589 1311; x_wconf 90' lang='lat' dir='ltr'><strong>non</strong></span> <span class='ocrx_word' id='word_1_349' title='bbox 617 1283 689 1310; x_wconf 89' lang='lat' dir='ltr'><strong>inest</strong></span> <span class='ocrx_word' id='word_1_350' title='bbox 716 1283 780 1314; x_wconf 79' lang='lat' dir='ltr'><strong>Deo,</strong></span> <span class='ocrx_word' id='word_1_351' title='bbox 800 1287 929 1317; x_wconf 88' lang='lat' dir='ltr'><strong>tanquam</strong></span> <span class='ocrx_word' id='word_1_352' title='bbox 948 1281 1025 1313; x_wconf 82' lang='lat' dir='ltr'><strong>insit.</strong></span> <span class='ocrx_word' id='word_1_353' title='bbox 1042 1281 1193 1309; x_wconf 80' lang='lat' dir='ltr'><strong>tribuitur?</strong></span> 
     </span>
    </p>
   </div>
   <div class='ocr_carea' id='block_1_49' title="bbox 166 1327 919 1367">
    <p class='ocr_par' dir='ltr' id='par_1_49' title="bbox 166 1327 919 1367">
     <span class='ocr_line' id='line_1_49' title="bbox 166 1327 919 1367; baseline -0.004 -10"><span class='ocrx_word' id='word_1_354' title='bbox 166 1332 203 1359; x_wconf 84' lang='lat' dir='ltr'><strong>B&#39;.</strong></span> <span class='ocrx_word' id='word_1_355' title='bbox 223 1331 280 1357; x_wconf 70' lang='grc' dir='ltr'><strong>Καὶ</strong></span> <span class='ocrx_word' id='word_1_356' title='bbox 299 1331 315 1367; x_wconf 78' lang='grc' dir='ltr'>ἢ</span> <span class='ocrx_word' id='word_1_357' title='bbox 336 1330 464 1362; x_wconf 82' lang='grc' dir='ltr'>τοιούτως</span> <span class='ocrx_word' id='word_1_358' title='bbox 480 1330 497 1365; x_wconf 77' lang='grc' dir='ltr'>ἢ</span> <span class='ocrx_word' id='word_1_359' title='bbox 511 1328 640 1361; x_wconf 82' lang='grc' dir='ltr'>τοιούτως</span> <span class='ocrx_word' id='word_1_360' title='bbox 656 1329 720 1365; x_wconf 83' lang='grc' dir='ltr'>περὶ</span> <span class='ocrx_word' id='word_1_361' title='bbox 733 1328 801 1355; x_wconf 83' lang='grc' dir='ltr'><strong>Θεοῦ</strong></span> <span class='ocrx_word' id='word_1_362' title='bbox 819 1337 849 1354; x_wconf 89' lang='grc' dir='ltr'><strong>σε</strong></span> <span class='ocrx_word' id='word_1_363' title='bbox 864 1327 919 1354; x_wconf 80' lang='grc' dir='ltr'>δια-</span> 
     </span>
    </p>
   </div>
   <div class='ocr_carea' id='block_1_50' title="bbox 129 1373 923 1410">
    <p class='ocr_par' dir='ltr' id='par_1_50' title="bbox 129 1373 923 1410">
     <span class='ocr_line' id='line_1_50' title="bbox 129 1373 923 1410; baseline -0.005 -7"><span class='ocrx_word' id='word_1_364' title='bbox 129 1376 257 1409; x_wconf 78' lang='grc' dir='ltr'>νοεῖσθαι,</span> <span class='ocrx_word' id='word_1_365' title='bbox 270 1373 293 1403; x_wconf 81' lang='grc' dir='ltr'><strong>ὦ</strong></span> <span class='ocrx_word' id='word_1_366' title='bbox 313 1377 410 1407; x_wconf 79' lang='grc' dir='ltr'>’Λέτιε,</span> <span class='ocrx_word' id='word_1_367' title='bbox 425 1376 472 1402; x_wconf 67' lang='grc' dir='ltr'><strong>λαὶ</strong></span> <span class='ocrx_word' id='word_1_368' title='bbox 483 1375 554 1407; x_wconf 76' lang='grc' dir='ltr'>ἕξεις</span> <span class='ocrx_word' id='word_1_369' title='bbox 570 1375 634 1410; x_wconf 80' lang='grc' dir='ltr'>περὶ</span> <span class='ocrx_word' id='word_1_370' title='bbox 647 1374 692 1401; x_wconf 78' lang='grc' dir='ltr'>τὸν</span> <span class='ocrx_word' id='word_1_371' title='bbox 703 1374 769 1400; x_wconf 83' lang='grc' dir='ltr'><strong>Θεὸν</strong></span> <span class='ocrx_word' id='word_1_372' title='bbox 783 1374 923 1406; x_wconf 74' lang='grc' dir='ltr'>τοπάζειν,</span> 
     </span>
    </p>
   </div>
   <div class='ocr_carea' id='block_1_51' title="bbox 128 1418 924 1457">
    <p class='ocr_par' dir='ltr' id='par_1_51' title="bbox 128 1418 924 1457">
     <span class='ocr_line' id='line_1_51' title="bbox 128 1418 924 1457; baseline -0.004 -9"><span class='ocrx_word' id='word_1_373' title='bbox 128 1423 205 1449; x_wconf 77' lang='grc' dir='ltr'>ἔσται</span> <span class='ocrx_word' id='word_1_374' title='bbox 224 1431 264 1448; x_wconf 89' lang='grc' dir='ltr'><strong>σοι</strong></span> <span class='ocrx_word' id='word_1_375' title='bbox 283 1422 332 1457; x_wconf 76' lang='grc' dir='ltr'>μὲν</span> <span class='ocrx_word' id='word_1_376' title='bbox 345 1423 361 1457; x_wconf 87' lang='grc' dir='ltr'>ἡ</span> <span class='ocrx_word' id='word_1_377' title='bbox 376 1422 481 1449; x_wconf 76' lang='grc' dir='ltr'>διάνοια</span> <span class='ocrx_word' id='word_1_378' title='bbox 505 1419 702 1456; x_wconf 86' lang='grc' dir='ltr'>στερισκομένη</span> <span class='ocrx_word' id='word_1_379' title='bbox 710 1420 805 1446; x_wconf 67' lang='grc' dir='ltr'>⁸.Ὂσα</span> <span class='ocrx_word' id='word_1_380' title='bbox 824 1419 878 1455; x_wconf 86' lang='grc' dir='ltr'><strong>γὰρ</strong></span> <span class='ocrx_word' id='word_1_381' title='bbox 891 1418 924 1446; x_wconf 86' lang='grc' dir='ltr'>ἂν</span> 
     </span>
    </p>
   </div>
   <div class='ocr_carea' id='block_1_52' title="bbox 128 1464 924 1503">
    <p class='ocr_par' dir='ltr' id='par_1_52' title="bbox 128 1464 924 1503">
     <span class='ocr_line' id='line_1_52' title="bbox 128 1464 924 1503; baseline -0.005 -9"><span class='ocrx_word' id='word_1_382' title='bbox 128 1467 253 1503; x_wconf 73' lang='grc' dir='ltr'>ὲπαναὸᾖ</span> <span class='ocrx_word' id='word_1_383' title='bbox 268 1467 285 1502; x_wconf 80' lang='grc' dir='ltr'>ἠ</span> <span class='ocrx_word' id='word_1_384' title='bbox 300 1467 399 1503; x_wconf 83' lang='grc' dir='ltr'>καρδία</span> <span class='ocrx_word' id='word_1_385' title='bbox 413 1475 460 1493; x_wconf 85' lang='grc' dir='ltr'><strong>σου</strong></span> <span class='ocrx_word' id='word_1_386' title='bbox 477 1467 545 1503; x_wconf 80' lang='grc' dir='ltr'>πρὸς</span> <span class='ocrx_word' id='word_1_387' title='bbox 566 1465 632 1492; x_wconf 84' lang='grc' dir='ltr'>Θεὸν</span> <span class='ocrx_word' id='word_1_388' title='bbox 649 1464 838 1496; x_wconf 79' lang='grc' dir='ltr'>ἀποτίθεσθαι..</span> <span class='ocrx_word' id='word_1_389' title='bbox 854 1464 924 1499; x_wconf 78' lang='grc' dir='ltr'>πλὴν</span> 
     </span>
    </p>
   </div>
   <div class='ocr_carea' id='block_1_53' title="bbox 1011 1326 1774 1364">
    <p class='ocr_par' dir='ltr' id='par_1_53' title="bbox 1011 1326 1774 1364">
     <span class='ocr_line' id='line_1_53' title="bbox 1011 1326 1774 1364; baseline 0.004 -11"><span class='ocrx_word' id='word_1_390' title='bbox 1011 1326 1044 1355; x_wconf 88' lang='lat' dir='ltr'><strong>ll.</strong></span> <span class='ocrx_word' id='word_1_391' title='bbox 1060 1326 1099 1354; x_wconf 83' lang='lat' dir='ltr'><strong>Ad</strong></span> <span class='ocrx_word' id='word_1_392' title='bbox 1117 1327 1189 1355; x_wconf 89' lang='lat' dir='ltr'><strong>hunc</strong></span> <span class='ocrx_word' id='word_1_393' title='bbox 1204 1326 1296 1363; x_wconf 80' lang='lat' dir='ltr'><strong>igitur,</strong></span> <span class='ocrx_word' id='word_1_394' title='bbox 1308 1327 1352 1355; x_wconf 87' lang='lat' dir='ltr'><strong>vel</strong></span> <span class='ocrx_word' id='word_1_395' title='bbox 1369 1327 1404 1355; x_wconf 89' lang='lat' dir='ltr'><strong>ad</strong></span> <span class='ocrx_word' id='word_1_396' title='bbox 1424 1327 1506 1355; x_wconf 91' lang='lat' dir='ltr'><strong>istum</strong></span> <span class='ocrx_word' id='word_1_397' title='bbox 1527 1328 1637 1355; x_wconf 89' lang='lat' dir='ltr'><strong>modum</strong></span> <span class='ocrx_word' id='word_1_398' title='bbox 1653 1329 1774 1364; x_wconf 80' lang='lat' dir='ltr'><strong>cogitare</strong></span> 
     </span>
    </p>
   </div>
   <div class='ocr_carea' id='block_1_54' title="bbox 974 1372 1775 1409">
    <p class='ocr_par' dir='ltr' id='par_1_54' title="bbox 974 1372 1775 1409">
     <span class='ocr_line' id='line_1_54' title="bbox 974 1372 1775 1409; baseline 0.004 -10"><span class='ocrx_word' id='word_1_399' title='bbox 974 1376 1063 1407; x_wconf 84' lang='lat' dir='ltr'><strong>potes,</strong></span> <span class='ocrx_word' id='word_1_400' title='bbox 1076 1372 1146 1404; x_wconf 77' lang='lat' dir='ltr'><strong>Aeli.</strong></span> <span class='ocrx_word' id='word_1_401' title='bbox 1159 1380 1191 1400; x_wconf 91' lang='lat' dir='ltr'><strong>ac</strong></span> <span class='ocrx_word' id='word_1_402' title='bbox 1215 1373 1249 1400; x_wconf 90' lang='lat' dir='ltr'><strong>de</strong></span> <span class='ocrx_word' id='word_1_403' title='bbox 1260 1373 1315 1401; x_wconf 90' lang='lat' dir='ltr'><strong>Deo</strong></span> <span class='ocrx_word' id='word_1_404' title='bbox 1326 1373 1512 1409; x_wconf 81' lang='lat' dir='ltr'><strong>conjecturam</strong></span> <span class='ocrx_word' id='word_1_405' title='bbox 1524 1381 1638 1409; x_wconf 86' lang='lat' dir='ltr'><strong>capere;</strong></span> <span class='ocrx_word' id='word_1_406' title='bbox 1653 1379 1698 1401; x_wconf 86' lang='lat' dir='ltr'><strong>tua</strong></span> <span class='ocrx_word' id='word_1_407' title='bbox 1711 1383 1775 1402; x_wconf 80' lang='lat' dir='ltr'><strong>vero</strong></span> 
     </span>
    </p>
   </div>
   <div class='ocr_carea' id='block_1_55' title="bbox 977 1418 1772 1453">
    <p class='ocr_par' dir='ltr' id='par_1_55' title="bbox 977 1418 1772 1453">
     <span class='ocr_line' id='line_1_55' title="bbox 977 1418 1772 1453; baseline 0.003 -9"><span class='ocrx_word' id='word_1_408' title='bbox 977 1418 1156 1446; x_wconf 79' lang='lat' dir='ltr'><strong>nihilominus</strong></span> <span class='ocrx_word' id='word_1_409' title='bbox 1172 1418 1199 1445; x_wconf 91' lang='lat' dir='ltr'><strong>in</strong></span> <span class='ocrx_word' id='word_1_410' title='bbox 1217 1418 1371 1453; x_wconf 77' lang='lat' dir='ltr'><strong>privatione</strong></span> <span class='ocrx_word' id='word_1_411' title='bbox 1390 1426 1467 1446; x_wconf 88' lang='lat' dir='ltr'><strong>mens</strong></span> <span class='ocrx_word' id='word_1_412' title='bbox 1480 1419 1646 1446; x_wconf 83' lang='lat' dir='ltr'><strong>versabitur.</strong></span> <span class='ocrx_word' id='word_1_413' title='bbox 1665 1419 1772 1447; x_wconf 89' lang='lat' dir='ltr'><strong>Etenim</strong></span> 
     </span>
    </p>
   </div>
   <div class='ocr_carea' id='block_1_56' title="bbox 976 1464 1773 1499">
    <p class='ocr_par' dir='ltr' id='par_1_56' title="bbox 976 1464 1773 1499">
     <span class='ocr_line' id='line_1_56' title="bbox 976 1464 1773 1499; baseline 0.004 -9"><span class='ocrx_word' id='word_1_414' title='bbox 976 1465 1122 1499; x_wconf 84' lang='lat' dir='ltr'><strong>quantavis</strong></span> <span class='ocrx_word' id='word_1_415' title='bbox 1144 1472 1175 1492; x_wconf 90' lang='lat' dir='ltr'><strong>se</strong></span> <span class='ocrx_word' id='word_1_416' title='bbox 1205 1465 1380 1492; x_wconf 74' lang='lat' dir='ltr'><strong>contentione</strong></span> <span class='ocrx_word' id='word_1_417' title='bbox 1407 1464 1515 1492; x_wconf 90' lang='lat' dir='ltr'><strong>animus</strong></span> <span class='ocrx_word' id='word_1_418' title='bbox 1541 1468 1606 1493; x_wconf 88' lang='lat' dir='ltr'><strong>tuus</strong></span> <span class='ocrx_word' id='word_1_419' title='bbox 1632 1465 1666 1492; x_wconf 89' lang='lat' dir='ltr'><strong>ad</strong></span> <span class='ocrx_word' id='word_1_420' title='bbox 1689 1465 1773 1494; x_wconf 81' lang='lat' dir='ltr'><strong>Deum</strong></span> 
     </span>
    </p>
   </div>
   <div class='ocr_carea' id='block_1_57' title="bbox 131 1506 923 1548">
    <p class='ocr_par' dir='ltr' id='par_1_57' title="bbox 131 1506 922 1548">
     <span class='ocr_line' id='line_1_57' title="bbox 131 1506 922 1548; baseline -0.005 -8"><span class='ocrx_word' id='word_1_421' title='bbox 131 1513 213 1548; x_wconf 82' lang='grc' dir='ltr'>μόνου</span> <span class='ocrx_word' id='word_1_422' title='bbox 223 1511 271 1540; x_wconf 81' lang='grc' dir='ltr'><strong>τοῦ</strong></span> <span class='ocrx_word' id='word_1_423' title='bbox 284 1513 435 1545; x_wconf 79' lang='grc' dir='ltr'>πιστεύειν,</span> <span class='ocrx_word' id='word_1_424' title='bbox 448 1512 495 1539; x_wconf 78' lang='grc' dir='ltr'>καὶ</span> <span class='ocrx_word' id='word_1_425' title='bbox 508 1506 742 1548; x_wconf 79' lang='grc' dir='ltr'>ὑπερθαυμάζειν,</span> <span class='ocrx_word' id='word_1_426' title='bbox 757 1510 804 1537; x_wconf 76' lang='grc' dir='ltr'>καὶ</span> <span class='ocrx_word' id='word_1_427' title='bbox 819 1510 848 1543; x_wconf 73' lang='grc' dir='ltr'>ἐξ</span> <span class='ocrx_word' id='word_1_428' title='bbox 859 1510 922 1545; x_wconf 79' lang='grc' dir='ltr'>ὅλης</span> 
     </span>
    </p>
   </div>
   <div class='ocr_carea' id='block_1_58' title="bbox 976 1506 1773 1548">
    <p class='ocr_par' dir='ltr' id='par_1_58' title="bbox 976 1509 1773 1544">
     <span class='ocr_line' id='line_1_58' title="bbox 976 1509 1773 1544; baseline 0.001 -7"><span class='ocrx_word' id='word_1_429' title='bbox 976 1509 1071 1544; x_wconf 78' lang='lat' dir='ltr'><strong>erigat,</strong></span> <span class='ocrx_word' id='word_1_430' title='bbox 1086 1509 1108 1538; x_wconf 94' lang='lat' dir='ltr'><strong>si</strong></span> <span class='ocrx_word' id='word_1_431' title='bbox 1125 1510 1212 1538; x_wconf 82' lang='lat' dir='ltr'><strong>solam</strong></span> <span class='ocrx_word' id='word_1_432' title='bbox 1228 1510 1320 1544; x_wconf 84' lang='lat' dir='ltr'><strong>iidem,</strong></span> <span class='ocrx_word' id='word_1_433' title='bbox 1338 1514 1366 1538; x_wconf 89' lang='lat' dir='ltr'><strong>et</strong></span> <span class='ocrx_word' id='word_1_434' title='bbox 1387 1510 1608 1543; x_wconf 83' lang='lat' dir='ltr'><strong>admirationem,</strong></span> <span class='ocrx_word' id='word_1_435' title='bbox 1620 1515 1647 1538; x_wconf 91' lang='lat' dir='ltr'><strong>et</strong></span> <span class='ocrx_word' id='word_1_436' title='bbox 1665 1512 1773 1538; x_wconf 82' lang='lat' dir='ltr'><strong>enixam</strong></span> 
     </span>
    </p>
   </div>
   <div class='ocr_carea' id='block_1_59' title="bbox 129 1555 923 1593">
    <p class='ocr_par' dir='ltr' id='par_1_59' title="bbox 129 1555 923 1593">
     <span class='ocr_line' id='line_1_59' title="bbox 129 1555 923 1593; baseline -0.004 -9"><span class='ocrx_word' id='word_1_437' title='bbox 129 1557 249 1589; x_wconf 82' lang='grc' dir='ltr'>διανοίας</span> <span class='ocrx_word' id='word_1_438' title='bbox 260 1557 391 1590; x_wconf 79' lang='grc' dir='ltr'>δοξάζειν,</span> <span class='ocrx_word' id='word_1_439' title='bbox 408 1557 561 1593; x_wconf 78' lang='grc' dir='ltr'>ὲλεγχθήσῃ</span> <span class='ocrx_word' id='word_1_440' title='bbox 574 1556 641 1583; x_wconf 73' lang='grc' dir='ltr'>Θεὸν</span> <span class='ocrx_word' id='word_1_441' title='bbox 658 1555 707 1591; x_wconf 81' lang='grc' dir='ltr'>μὲν</span> <span class='ocrx_word' id='word_1_442' title='bbox 722 1556 759 1591; x_wconf 85' lang='grc' dir='ltr'>μὴ</span> <span class='ocrx_word' id='word_1_443' title='bbox 775 1555 923 1590; x_wconf 79' lang='grc' dir='ltr'>δυνάμενος</span> 
     </span>
    </p>
   </div>
   <div class='ocr_carea' id='block_1_60' title="bbox 976 1555 1774 1593">
    <p class='ocr_par' dir='ltr' id='par_1_60' title="bbox 976 1556 1774 1592">
     <span class='ocr_line' id='line_1_60' title="bbox 976 1556 1774 1592; baseline 0 -8"><span class='ocrx_word' id='word_1_444' title='bbox 976 1564 1007 1584; x_wconf 83' lang='lat' dir='ltr'><strong>ex</strong></span> <span class='ocrx_word' id='word_1_445' title='bbox 1024 1560 1082 1583; x_wconf 91' lang='lat' dir='ltr'><strong>toto</strong></span> <span class='ocrx_word' id='word_1_446' title='bbox 1097 1560 1207 1591; x_wconf 84' lang='lat' dir='ltr'><strong>pectore</strong></span> <span class='ocrx_word' id='word_1_447' title='bbox 1220 1557 1441 1592; x_wconf 60' lang='lat' dir='ltr'><strong>praedicationem</strong></span> <span class='ocrx_word' id='word_1_448' title='bbox 1461 1556 1593 1592; x_wconf 79' lang='lat' dir='ltr'><strong>excipias,</strong></span> <span class='ocrx_word' id='word_1_449' title='bbox 1609 1564 1643 1584; x_wconf 91' lang='lat' dir='ltr'><strong>eo</strong></span> <span class='ocrx_word' id='word_1_450' title='bbox 1663 1556 1774 1585; x_wconf 84' lang='lat' dir='ltr'><strong>tandem</strong></span> 
     </span>
    </p>
   </div>
   <div class='ocr_carea' id='block_1_61' title="bbox 129 1601 923 1639">
    <p class='ocr_par' dir='ltr' id='par_1_61' title="bbox 129 1601 923 1639">
     <span class='ocr_line' id='line_1_61' title="bbox 129 1601 923 1639; baseline -0.003 -9"><span class='ocrx_word' id='word_1_451' title='bbox 129 1603 345 1638; x_wconf 77' lang='grc' dir='ltr'>συλλογίζεσθαι,</span> <span class='ocrx_word' id='word_1_452' title='bbox 365 1604 434 1639; x_wconf 77' lang='grc' dir='ltr'>μήτε</span> <span class='ocrx_word' id='word_1_453' title='bbox 455 1604 502 1630; x_wconf 79' lang='grc' dir='ltr'><strong>τὸν</strong></span> <span class='ocrx_word' id='word_1_454' title='bbox 516 1602 601 1629; x_wconf 84' lang='grc' dir='ltr'>αὑτοῦ</span> <span class='ocrx_word' id='word_1_455' title='bbox 614 1602 689 1633; x_wconf 83' lang='grc' dir='ltr'>Υἱδν,</span> <span class='ocrx_word' id='word_1_456' title='bbox 709 1603 777 1637; x_wconf 88' lang='grc' dir='ltr'>μήτε</span> <span class='ocrx_word' id='word_1_457' title='bbox 794 1602 825 1628; x_wconf 78' lang='grc' dir='ltr'>τὸ</span> <span class='ocrx_word' id='word_1_458' title='bbox 847 1601 923 1635; x_wconf 74' lang='grc' dir='ltr'>ἅγιον</span> 
     </span>
    </p>
   </div>
   <div class='ocr_carea' id='block_1_62' title="bbox 976 1601 1774 1639">
    <p class='ocr_par' dir='ltr' id='par_1_62' title="bbox 976 1602 1774 1638">
     <span class='ocr_line' id='line_1_62' title="bbox 976 1602 1774 1638; baseline 0.003 -9"><span class='ocrx_word' id='word_1_459' title='bbox 976 1602 1118 1637; x_wconf 79' lang='lat' dir='ltr'><strong>redigeris,</strong></span> <span class='ocrx_word' id='word_1_460' title='bbox 1131 1606 1162 1629; x_wconf 92' lang='lat' dir='ltr'><strong>ut</strong></span> <span class='ocrx_word' id='word_1_461' title='bbox 1174 1607 1304 1638; x_wconf 81' lang='lat' dir='ltr'><strong>appareat</strong></span> <span class='ocrx_word' id='word_1_462' title='bbox 1318 1603 1401 1631; x_wconf 88' lang='lat' dir='ltr'><strong>Deum</strong></span> <span class='ocrx_word' id='word_1_463' title='bbox 1415 1606 1442 1631; x_wconf 88' lang='lat' dir='ltr'><strong>te</strong></span> <span class='ocrx_word' id='word_1_464' title='bbox 1458 1602 1715 1630; x_wconf 87' lang='lat' dir='ltr'><strong>ratiocinationibus</strong></span> <span class='ocrx_word' id='word_1_465' title='bbox 1732 1610 1774 1631; x_wconf 46' lang='lat' dir='ltr'><strong>asp</strong></span> 
     </span>
    </p>
   </div>
   <div class='ocr_carea' id='block_1_63' title="bbox 128 1647 925 1684">
    <p class='ocr_par' dir='ltr' id='par_1_63' title="bbox 128 1647 925 1684">
     <span class='ocr_line' id='line_1_63' title="bbox 128 1647 925 1684; baseline -0.004 -8"><span class='ocrx_word' id='word_1_466' title='bbox 128 1649 212 1676; x_wconf 80' lang='grc' dir='ltr'>αὐτοῦ</span> <span class='ocrx_word' id='word_1_467' title='bbox 226 1648 347 1684; x_wconf 83' lang='grc' dir='ltr'>Πνεῦμα,</span> <span class='ocrx_word' id='word_1_468' title='bbox 364 1649 407 1675; x_wconf 85' lang='grc' dir='ltr'><strong>ἴνα</strong></span> <span class='ocrx_word' id='word_1_469' title='bbox 423 1649 459 1684; x_wconf 84' lang='grc' dir='ltr'>μή</span> <span class='ocrx_word' id='word_1_470' title='bbox 475 1657 504 1675; x_wconf 92' lang='grc' dir='ltr'><strong>σε</strong></span> <span class='ocrx_word' id='word_1_471' title='bbox 516 1649 530 1674; x_wconf 86' lang='grc' dir='ltr'><strong>ό</strong></span> <span class='ocrx_word' id='word_1_472' title='bbox 541 1647 607 1679; x_wconf 73' lang='grc' dir='ltr'>Θεὸς</span> <span class='ocrx_word' id='word_1_473' title='bbox 619 1647 727 1684; x_wconf 73' lang='grc' dir='ltr'>ἐλέγξῃ,</span> <span class='ocrx_word' id='word_1_474' title='bbox 743 1647 790 1674; x_wconf 72' lang='grc' dir='ltr'>καὶ</span> <span class='ocrx_word' id='word_1_475' title='bbox 804 1647 925 1682; x_wconf 83' lang='grc' dir='ltr'>ψεύστης</span> 
     </span>
    </p>
   </div>
   <div class='ocr_carea' id='block_1_64' title="bbox 128 1691 922 1730">
    <p class='ocr_par' dir='ltr' id='par_1_64' title="bbox 128 1691 922 1730">
     <span class='ocr_line' id='line_1_64' title="bbox 128 1691 922 1730; baseline -0.004 -10"><span class='ocrx_word' id='word_1_476' title='bbox 128 1694 207 1730; x_wconf 84' lang='grc' dir='ltr'>γένῃ,</span> <span class='ocrx_word' id='word_1_477' title='bbox 224 1693 294 1720; x_wconf 87' lang='grc' dir='ltr'><strong>κατά</strong></span> <span class='ocrx_word' id='word_1_478' title='bbox 307 1694 337 1720; x_wconf 87' lang='grc' dir='ltr'>τὸ</span> <span class='ocrx_word' id='word_1_479' title='bbox 351 1693 554 1729; x_wconf 84' lang='grc' dir='ltr'>γεγραμμένον.</span> <span class='ocrx_word' id='word_1_480' title='bbox 565 1692 609 1718; x_wconf 86' lang='grc' dir='ltr'>Ἑν</span> <span class='ocrx_word' id='word_1_481' title='bbox 623 1693 691 1728; x_wconf 84' lang='grc' dir='ltr'>ἡμῖν</span> <span class='ocrx_word' id='word_1_482' title='bbox 707 1691 762 1728; x_wconf 78' lang='grc' dir='ltr'><strong>γὰρ</strong></span> <span class='ocrx_word' id='word_1_483' title='bbox 776 1692 824 1718; x_wconf 77' lang='grc' dir='ltr'>καὶ</span> <span class='ocrx_word' id='word_1_484' title='bbox 842 1691 922 1723; x_wconf 74' lang='grc' dir='ltr'>ἕξεις,</span> 
     </span>
    </p>
   </div>
   <div class='ocr_carea' id='block_1_65' title="bbox 129 1737 923 1775">
    <p class='ocr_par' dir='ltr' id='par_1_65' title="bbox 129 1737 923 1775">
     <span class='ocr_line' id='line_1_65' title="bbox 129 1737 923 1775; baseline -0.004 -8"><span class='ocrx_word' id='word_1_485' title='bbox 129 1741 177 1768; x_wconf 79' lang='grc' dir='ltr'>καὶ</span> <span class='ocrx_word' id='word_1_486' title='bbox 198 1740 234 1767; x_wconf 80' lang='grc' dir='ltr'>τὰ</span> <span class='ocrx_word' id='word_1_487' title='bbox 247 1739 396 1775; x_wconf 76' lang='grc' dir='ltr'>θελήματα,</span> <span class='ocrx_word' id='word_1_488' title='bbox 413 1740 460 1766; x_wconf 72' lang='grc' dir='ltr'>καὶ</span> <span class='ocrx_word' id='word_1_489' title='bbox 482 1739 510 1766; x_wconf 81' lang='grc' dir='ltr'>αἱ</span> <span class='ocrx_word' id='word_1_490' title='bbox 531 1738 646 1765; x_wconf 80' lang='grc' dir='ltr'>διάνοιαι</span> <span class='ocrx_word' id='word_1_491' title='bbox 668 1737 816 1773; x_wconf 87' lang='grc' dir='ltr'>σφαλεραί·</span> <span class='ocrx_word' id='word_1_492' title='bbox 831 1737 923 1773; x_wconf 74' lang='grc' dir='ltr'>ἐπειδὴ</span> 
     </span>
    </p>
   </div>
   <div class='ocr_carea' id='block_1_66' title="bbox 128 1782 924 1822">
    <p class='ocr_par' dir='ltr' id='par_1_66' title="bbox 128 1782 924 1822">
     <span class='ocr_line' id='line_1_66' title="bbox 128 1782 924 1822; baseline -0.006 -8"><span class='ocrx_word' id='word_1_493' title='bbox 128 1786 237 1822; x_wconf 79' lang='grc' dir='ltr'>φύσεώς</span> <span class='ocrx_word' id='word_1_494' title='bbox 253 1787 337 1821; x_wconf 73' lang='grc' dir='ltr'>ἐσμεν</span> <span class='ocrx_word' id='word_1_495' title='bbox 362 1786 410 1812; x_wconf 75' lang='grc' dir='ltr'>καὶ</span> <span class='ocrx_word' id='word_1_496' title='bbox 430 1785 524 1816; x_wconf 76' lang='grc' dir='ltr'>οὐσίας</span> <span class='ocrx_word' id='word_1_497' title='bbox 541 1784 678 1819; x_wconf 84' lang='grc' dir='ltr'>τοιαύτης.</span> <span class='ocrx_word' id='word_1_498' title='bbox 688 1783 770 1816; x_wconf 79' lang='grc' dir='ltr'>Φύσις</span> <span class='ocrx_word' id='word_1_499' title='bbox 793 1783 822 1810; x_wconf 75' lang='grc' dir='ltr'>δὲ</span> <span class='ocrx_word' id='word_1_500' title='bbox 847 1782 924 1817; x_wconf 81' lang='grc' dir='ltr'>λέγε-</span> 
     </span>
    </p>
   </div>
   <div class='ocr_carea' id='block_1_67' title="bbox 128 1827 924 1864">
    <p class='ocr_par' dir='ltr' id='par_1_67' title="bbox 128 1827 924 1864">
     <span class='ocr_line' id='line_1_67' title="bbox 128 1827 924 1864; baseline -0.005 -6"><span class='ocrx_word' id='word_1_501' title='bbox 128 1840 173 1858; x_wconf 84' lang='grc' dir='ltr'><strong>ται</strong></span> <span class='ocrx_word' id='word_1_502' title='bbox 199 1832 246 1857; x_wconf 72' lang='grc' dir='ltr'><strong>καὶ</strong></span> <span class='ocrx_word' id='word_1_503' title='bbox 271 1830 349 1857; x_wconf 86' lang='grc' dir='ltr'>οὐσία</span> <span class='ocrx_word' id='word_1_504' title='bbox 368 1829 446 1856; x_wconf 77' lang='grc' dir='ltr'>Θεοῦ.</span> <span class='ocrx_word' id='word_1_505' title='bbox 465 1829 520 1856; x_wconf 79' lang='grc' dir='ltr'><strong>Καὶ</strong></span> <span class='ocrx_word' id='word_1_506' title='bbox 538 1829 568 1856; x_wconf 88' lang='grc' dir='ltr'>οὺ</span> <span class='ocrx_word' id='word_1_507' title='bbox 585 1828 661 1864; x_wconf 82' lang='grc' dir='ltr'><strong>παρά</strong></span> <span class='ocrx_word' id='word_1_508' title='bbox 677 1828 707 1854; x_wconf 81' lang='grc' dir='ltr'>τὸ</span> <span class='ocrx_word' id='word_1_509' title='bbox 725 1827 806 1862; x_wconf 83' lang='grc' dir='ltr'>φύσιν</span> <span class='ocrx_word' id='word_1_510' title='bbox 817 1828 863 1854; x_wconf 79' lang='grc' dir='ltr'>καὶ</span> <span class='ocrx_word' id='word_1_511' title='bbox 874 1827 924 1861; x_wconf 84' lang='grc' dir='ltr'>φύ-</span> 
     </span>
    </p>
   </div>
   <div class='ocr_carea' id='block_1_68' title="bbox 129 1873 924 1912">
    <p class='ocr_par' dir='ltr' id='par_1_68' title="bbox 129 1873 924 1912">
     <span class='ocr_line' id='line_1_68' title="bbox 129 1873 924 1912; baseline -0.004 -9"><span class='ocrx_word' id='word_1_512' title='bbox 129 1885 171 1903; x_wconf 88' lang='grc' dir='ltr'><strong>σιν</strong></span> <span class='ocrx_word' id='word_1_513' title='bbox 192 1877 268 1912; x_wconf 80' lang='grc' dir='ltr'>ήμᾶς</span> <span class='ocrx_word' id='word_1_514' title='bbox 287 1876 407 1907; x_wconf 82' lang='grc' dir='ltr'>ἀκούειν,</span> <span class='ocrx_word' id='word_1_515' title='bbox 425 1875 472 1902; x_wconf 73' lang='grc' dir='ltr'>καὶ</span> <span class='ocrx_word' id='word_1_516' title='bbox 495 1875 589 1901; x_wconf 76' lang='grc' dir='ltr'>οὐσίαν</span> <span class='ocrx_word' id='word_1_517' title='bbox 614 1875 662 1901; x_wconf 67' lang='grc' dir='ltr'>καὶ</span> <span class='ocrx_word' id='word_1_518' title='bbox 688 1873 790 1904; x_wconf 78' lang='grc' dir='ltr'>οὐσίαν,</span> <span class='ocrx_word' id='word_1_519' title='bbox 807 1873 859 1909; x_wconf 86' lang='grc' dir='ltr'><strong>χρὴ</strong></span> <span class='ocrx_word' id='word_1_520' title='bbox 878 1874 924 1900; x_wconf 84' lang='grc' dir='ltr'>τὸν</span> 
     </span>
    </p>
   </div>
   <div class='ocr_carea' id='block_1_69' title="bbox 128 1919 922 1957">
    <p class='ocr_par' dir='ltr' id='par_1_69' title="bbox 128 1919 922 1957">
     <span class='ocr_line' id='line_1_69' title="bbox 128 1919 922 1957; baseline -0.004 -8"><span class='ocrx_word' id='word_1_521' title='bbox 128 1922 294 1957; x_wconf 86' lang='grc' dir='ltr'>ἀσύγκριτον</span> <span class='ocrx_word' id='word_1_522' title='bbox 331 1921 397 1948; x_wconf 83' lang='grc' dir='ltr'>Θεὸν</span> <span class='ocrx_word' id='word_1_523' title='bbox 430 1923 464 1956; x_wconf 83' lang='grc' dir='ltr'><strong>τῇ</strong></span> <span class='ocrx_word' id='word_1_524' title='bbox 493 1921 617 1956; x_wconf 70' lang='grc' dir='ltr'>ἡμετέρᾳ</span> <span class='ocrx_word' id='word_1_525' title='bbox 647 1919 803 1956; x_wconf 85' lang='grc' dir='ltr'>συγκρίνειν</span> <span class='ocrx_word' id='word_1_526' title='bbox 832 1920 922 1954; x_wconf 85' lang='grc' dir='ltr'>φύσει.</span> 
     </span>
    </p>
   </div>
   <div class='ocr_carea' id='block_1_70' title="bbox 129 1965 922 2002">
    <p class='ocr_par' dir='ltr' id='par_1_70' title="bbox 129 1965 922 2002">
     <span class='ocr_line' id='line_1_70' title="bbox 129 1965 922 2002; baseline -0.003 -8"><span class='ocrx_word' id='word_1_527' title='bbox 129 1967 223 1999; x_wconf 67' lang='grc' dir='ltr'>Οὕτως</span> <span class='ocrx_word' id='word_1_528' title='bbox 243 1967 291 1994; x_wconf 82' lang='grc' dir='ltr'>καὶ</span> <span class='ocrx_word' id='word_1_529' title='bbox 313 1968 359 1994; x_wconf 78' lang='grc' dir='ltr'><strong>ἐπὶ</strong></span> <span class='ocrx_word' id='word_1_530' title='bbox 388 1968 488 2000; x_wconf 79' lang='grc' dir='ltr'>πᾶσιν,</span> <span class='ocrx_word' id='word_1_531' title='bbox 513 1965 554 1999; x_wconf 74' lang='grc' dir='ltr'><strong>οἷς</strong></span> <span class='ocrx_word' id='word_1_532' title='bbox 577 1967 625 1994; x_wconf 76' lang='grc' dir='ltr'>ἐὰν</span> <span class='ocrx_word' id='word_1_533' title='bbox 644 1967 723 2002; x_wconf 79' lang='grc' dir='ltr'>είπῃς</span> <span class='ocrx_word' id='word_1_534' title='bbox 740 1965 805 2002; x_wconf 84' lang='grc' dir='ltr'>περὶ</span> <span class='ocrx_word' id='word_1_535' title='bbox 831 1965 899 1993; x_wconf 90' lang='grc' dir='ltr'>Θεοῦ</span> <span class='ocrx_word' id='word_1_536' title='bbox 915 1986 922 1998; x_wconf 85' lang='grc'><strong>,</strong></span> 
     </span>
    </p>
   </div>
   <div class='ocr_carea' id='block_1_71' title="bbox 128 2012 922 2048">
    <p class='ocr_par' dir='ltr' id='par_1_71' title="bbox 128 2012 922 2048">
     <span class='ocr_line' id='line_1_71' title="bbox 128 2012 922 2048; baseline -0.001 -8"><span class='ocrx_word' id='word_1_537' title='bbox 128 2014 152 2040; x_wconf 79' lang='grc' dir='ltr'>ὦ</span> <span class='ocrx_word' id='word_1_538' title='bbox 169 2013 265 2046; x_wconf 79' lang='grc' dir='ltr'>Ἀέτιε,</span> <span class='ocrx_word' id='word_1_539' title='bbox 283 2013 350 2040; x_wconf 75' lang='grc' dir='ltr'>αὐτὸ</span> <span class='ocrx_word' id='word_1_540' title='bbox 366 2014 426 2040; x_wconf 72' lang='grc' dir='ltr'>ὅλον</span> <span class='ocrx_word' id='word_1_541' title='bbox 452 2014 526 2040; x_wconf 81' lang='grc' dir='ltr'>ἐστὶν</span> <span class='ocrx_word' id='word_1_542' title='bbox 541 2012 728 2048; x_wconf 84' lang='grc' dir='ltr'>ἀσύμπλοκον,</span> <span class='ocrx_word' id='word_1_543' title='bbox 744 2012 922 2048; x_wconf 87' lang='grc' dir='ltr'>ἀσύγκριτον,</span> 
     </span>
    </p>
   </div>
   <div class='ocr_carea' id='block_1_72' title="bbox 128 2059 924 2095">
    <p class='ocr_par' dir='ltr' id='par_1_72' title="bbox 128 2059 924 2095">
     <span class='ocr_line' id='line_1_72' title="bbox 128 2059 924 2095; baseline -0.001 -9"><span class='ocrx_word' id='word_1_544' title='bbox 128 2060 231 2087; x_wconf 78' lang='grc' dir='ltr'>τέλειον</span> <span class='ocrx_word' id='word_1_545' title='bbox 269 2060 297 2086; x_wconf 81' lang='grc' dir='ltr'>ὲν</span> <span class='ocrx_word' id='word_1_546' title='bbox 325 2059 434 2095; x_wconf 79' lang='grc' dir='ltr'>ἐαυτῷ,</span> <span class='ocrx_word' id='word_1_547' title='bbox 465 2059 502 2095; x_wconf 76' lang='grc' dir='ltr'>μὴ</span> <span class='ocrx_word' id='word_1_548' title='bbox 531 2059 704 2094; x_wconf 75' lang='grc' dir='ltr'>ἑπιδεόμενὸν</span> <span class='ocrx_word' id='word_1_549' title='bbox 726 2067 809 2091; x_wconf 85' lang='grc' dir='ltr'>τινος.</span> <span class='ocrx_word' id='word_1_550' title='bbox 838 2059 924 2086; x_wconf 80' lang='grc' dir='ltr'>Αὑτο-</span> 
     </span>
    </p>
   </div>
   <div class='ocr_carea' id='block_1_73' title="bbox 131 2105 924 2142">
    <p class='ocr_par' dir='ltr' id='par_1_73' title="bbox 131 2105 924 2142">
     <span class='ocr_line' id='line_1_73' title="bbox 131 2105 924 2142; baseline -0.001 -9"><span class='ocrx_word' id='word_1_551' title='bbox 131 2107 258 2142; x_wconf 85' lang='grc' dir='ltr'>αίσοησις</span> <span class='ocrx_word' id='word_1_552' title='bbox 281 2107 335 2142; x_wconf 85' lang='grc' dir='ltr'>γάρ</span> <span class='ocrx_word' id='word_1_553' title='bbox 356 2107 413 2133; x_wconf 86' lang='grc' dir='ltr'>ἐστι</span> <span class='ocrx_word' id='word_1_554' title='bbox 437 2107 484 2134; x_wconf 80' lang='grc' dir='ltr'>καὶ</span> <span class='ocrx_word' id='word_1_555' title='bbox 503 2105 684 2141; x_wconf 80' lang='grc' dir='ltr'>αὖτοθέλημα.</span> <span class='ocrx_word' id='word_1_556' title='bbox 701 2105 746 2133; x_wconf 81' lang='grc' dir='ltr'>Διὸ</span> <span class='ocrx_word' id='word_1_557' title='bbox 758 2105 924 2141; x_wconf 83' lang='grc' dir='ltr'>ἀσύγκριτον</span> 
     </span>
    </p>
   </div>
   <div class='ocr_carea' id='block_1_74' title="bbox 131 2150 921 2188">
    <p class='ocr_par' dir='ltr' id='par_1_74' title="bbox 131 2150 921 2188">
     <span class='ocr_line' id='line_1_74' title="bbox 131 2150 921 2188; baseline -0.001 -10"><span class='ocrx_word' id='word_1_558' title='bbox 131 2151 263 2187; x_wconf 85' lang='grc' dir='ltr'>μονογενῆ</span> <span class='ocrx_word' id='word_1_559' title='bbox 279 2152 343 2178; x_wconf 80' lang='grc' dir='ltr'>Υίὺν</span> <span class='ocrx_word' id='word_1_560' title='bbox 358 2152 530 2188; x_wconf 82' lang='grc' dir='ltr'>ἀσυγκρίτως</span> <span class='ocrx_word' id='word_1_561' title='bbox 549 2152 693 2187; x_wconf 83' lang='grc' dir='ltr'>γεννήσας,</span> <span class='ocrx_word' id='word_1_562' title='bbox 710 2150 771 2178; x_wconf 75' lang='grc' dir='ltr'>οὔτε</span> <span class='ocrx_word' id='word_1_563' title='bbox 787 2151 838 2186; x_wconf 84' lang='grc' dir='ltr'>τῆς</span> <span class='ocrx_word' id='word_1_564' title='bbox 857 2151 921 2177; x_wconf 77' lang='grc' dir='ltr'>ἐαυ-</span> 
     </span>
    </p>
   </div>
   <div class='ocr_carea' id='block_1_75' title="bbox 128 2195 923 2233">
    <p class='ocr_par' dir='ltr' id='par_1_75' title="bbox 128 2195 923 2233">
     <span class='ocr_line' id='line_1_75' title="bbox 128 2195 923 2233; baseline -0.001 -10"><span class='ocrx_word' id='word_1_565' title='bbox 128 2197 175 2223; x_wconf 78' lang='grc' dir='ltr'>τοῦ</span> <span class='ocrx_word' id='word_1_566' title='bbox 193 2197 337 2233; x_wconf 74' lang='grc' dir='ltr'>ἐστέρηται</span> <span class='ocrx_word' id='word_1_567' title='bbox 353 2197 457 2230; x_wconf 78' lang='grc' dir='ltr'>οὐσίας,</span> <span class='ocrx_word' id='word_1_568' title='bbox 471 2196 533 2224; x_wconf 78' lang='grc' dir='ltr'>οὔτε</span> <span class='ocrx_word' id='word_1_569' title='bbox 557 2197 606 2232; x_wconf 77' lang='grc' dir='ltr'>τῆς</span> <span class='ocrx_word' id='word_1_570' title='bbox 626 2196 741 2224; x_wconf 78' lang='grc' dir='ltr'>ἐαυτοῦ⁵</span> <span class='ocrx_word' id='word_1_571' title='bbox 756 2195 923 2231; x_wconf 76' lang='grc' dir='ltr'>γεγεννημέ-</span> 
     </span>
    </p>
   </div>
   <div class='ocr_carea' id='block_1_76' title="bbox 134 2240 960 2277">
    <p class='ocr_par' dir='ltr' id='par_1_76' title="bbox 134 2240 960 2277">
     <span class='ocr_line' id='line_1_76' title="bbox 134 2240 960 2277; baseline 0 -10"><span class='ocrx_word' id='word_1_572' title='bbox 134 2251 185 2272; x_wconf 72' lang='lat' dir='ltr'><strong>nv.</strong></span> <span class='ocrx_word' id='word_1_573' title='bbox 201 2242 281 2277; x_wconf 80' lang='grc' dir='ltr'>μόνον</span> <span class='ocrx_word' id='word_1_574' title='bbox 292 2243 324 2269; x_wconf 82' lang='grc' dir='ltr'>ὲκ</span> <span class='ocrx_word' id='word_1_575' title='bbox 342 2242 433 2277; x_wconf 81' lang='grc' dir='ltr'>μόνου,</span> <span class='ocrx_word' id='word_1_576' title='bbox 453 2241 499 2269; x_wconf 58' lang='grc' dir='ltr'><strong>καὶ¹</strong></span> <span class='ocrx_word' id='word_1_577' title='bbox 513 2241 544 2268; x_wconf 74' lang='grc' dir='ltr'>τὸ</span> <span class='ocrx_word' id='word_1_578' title='bbox 560 2242 637 2276; x_wconf 72' lang='grc' dir='ltr'>ἅγιον</span> <span class='ocrx_word' id='word_1_579' title='bbox 649 2241 732 2268; x_wconf 83' lang='grc' dir='ltr'>αὑτοῦ</span> <span class='ocrx_word' id='word_1_580' title='bbox 748 2241 870 2276; x_wconf 80' lang='grc' dir='ltr'>Πνεῦμα,</span> <span class='ocrx_word' id='word_1_581' title='bbox 884 2240 921 2276; x_wconf 82' lang='grc' dir='ltr'>μὴ</span> <span class='ocrx_word' id='word_1_582' title='bbox 938 2243 960 2270; x_wconf 86' lang='grc'><strong>1)</strong></span> 
     </span>
    </p>
   </div>
   <div class='ocr_carea' id='block_1_77' title="bbox 130 2286 920 2323">
    <p class='ocr_par' dir='ltr' id='par_1_77' title="bbox 130 2286 920 2323">
     <span class='ocr_line' id='line_1_77' title="bbox 130 2286 920 2323; baseline -0.001 -10"><span class='ocrx_word' id='word_1_583' title='bbox 130 2287 226 2322; x_wconf 73' lang='grc' dir='ltr'>ἔχοντα</span> <span class='ocrx_word' id='word_1_584' title='bbox 238 2287 306 2323; x_wconf 83' lang='grc' dir='ltr'>πρὸς</span> <span class='ocrx_word' id='word_1_585' title='bbox 315 2287 348 2313; x_wconf 74' lang='grc' dir='ltr'><strong>τὰ</strong></span> <span class='ocrx_word' id='word_1_586' title='bbox 362 2287 429 2314; x_wconf 80' lang='grc' dir='ltr'>ἄλλα</span> <span class='ocrx_word' id='word_1_587' title='bbox 442 2287 552 2323; x_wconf 73' lang='grc' dir='ltr'>ἰσότητα</span> <span class='ocrx_word' id='word_1_588' title='bbox 564 2287 580 2323; x_wconf 83' lang='grc' dir='ltr'>ἦ</span> <span class='ocrx_word' id='word_1_589' title='bbox 597 2286 762 2321; x_wconf 78' lang='grc' dir='ltr'>ἀξιώματος,</span> <span class='ocrx_word' id='word_1_590' title='bbox 772 2287 789 2322; x_wconf 83' lang='grc' dir='ltr'>ἢ</span> <span class='ocrx_word' id='word_1_591' title='bbox 802 2286 920 2321; x_wconf 78' lang='grc' dir='ltr'>φύσεως,</span> 
     </span>
    </p>
   </div>
   <div class='ocr_carea' id='block_1_78' title="bbox 129 2331 922 2369">
    <p class='ocr_par' dir='ltr' id='par_1_78' title="bbox 129 2331 922 2369">
     <span class='ocr_line' id='line_1_78' title="bbox 129 2331 922 2369; baseline -0.001 -10"><span class='ocrx_word' id='word_1_592' title='bbox 129 2334 146 2368; x_wconf 78' lang='grc' dir='ltr'>ἢ</span> <span class='ocrx_word' id='word_1_593' title='bbox 164 2333 260 2368; x_wconf 77' lang='grc' dir='ltr'>ἑτέρας</span> <span class='ocrx_word' id='word_1_594' title='bbox 275 2333 347 2365; x_wconf 82' lang='grc' dir='ltr'>τινὸς</span> <span class='ocrx_word' id='word_1_595' title='bbox 358 2333 523 2365; x_wconf 66' lang='grc' dir='ltr'>ὑποθέσεως,</span> <span class='ocrx_word' id='word_1_596' title='bbox 537 2333 586 2369; x_wconf 80' lang='grc' dir='ltr'><strong>οὐχ</strong></span> <span class='ocrx_word' id='word_1_597' title='bbox 597 2333 679 2360; x_wconf 77' lang='grc' dir='ltr'>ἑαυτὸ</span> <span class='ocrx_word' id='word_1_598' title='bbox 693 2331 922 2368; x_wconf 79' lang='grc' dir='ltr'>ὲστέρησεν,οῦτε</span> 
     </span>
    </p>
   </div>
   <div class='ocr_carea' id='block_1_79' title="bbox 129 2378 922 2415">
    <p class='ocr_par' dir='ltr' id='par_1_79' title="bbox 129 2378 922 2415">
     <span class='ocr_line' id='line_1_79' title="bbox 129 2378 922 2415; baseline -0.001 -9"><span class='ocrx_word' id='word_1_599' title='bbox 129 2379 202 2407; x_wconf 85' lang='grc' dir='ltr'><strong>κατά</strong></span> <span class='ocrx_word' id='word_1_600' title='bbox 221 2379 287 2412; x_wconf 71' lang='grc' dir='ltr'>ἕξιν,</span> <span class='ocrx_word' id='word_1_601' title='bbox 302 2379 363 2406; x_wconf 67' lang='grc' dir='ltr'>οὔτε</span> <span class='ocrx_word' id='word_1_602' title='bbox 380 2380 451 2407; x_wconf 78' lang='grc' dir='ltr'>κατὰ</span> <span class='ocrx_word' id='word_1_603' title='bbox 465 2380 559 2407; x_wconf 84' lang='grc' dir='ltr'>οὐσίαν</span> <span class='ocrx_word' id='word_1_604' title='bbox 582 2380 632 2415; x_wconf 86' lang='grc' dir='ltr'>τῆς</span> <span class='ocrx_word' id='word_1_605' title='bbox 655 2378 823 2414; x_wconf 85' lang='grc' dir='ltr'>ἀσυγκρίτου</span> <span class='ocrx_word' id='word_1_606' title='bbox 838 2379 922 2405; x_wconf 76' lang='grc' dir='ltr'>αὐτοῦ</span> 
     </span>
    </p>
   </div>
   <div class='ocr_carea' id='block_1_80' title="bbox 129 2425 922 2463">
    <p class='ocr_par' dir='ltr' id='par_1_80' title="bbox 129 2425 922 2463">
     <span class='ocr_line' id='line_1_80' title="bbox 129 2425 922 2463; baseline -0.003 -10"><span class='ocrx_word' id='word_1_607' title='bbox 129 2427 265 2463; x_wconf 83' lang='grc' dir='ltr'>θεότητος,</span> <span class='ocrx_word' id='word_1_608' title='bbox 282 2426 343 2454; x_wconf 75' lang='grc' dir='ltr'>οὔτε</span> <span class='ocrx_word' id='word_1_609' title='bbox 355 2426 386 2453; x_wconf 75' lang='grc' dir='ltr'>τὸ</span> <span class='ocrx_word' id='word_1_610' title='bbox 402 2427 432 2459; x_wconf 74' lang='grc' dir='ltr'>ἐξ</span> <span class='ocrx_word' id='word_1_611' title='bbox 452 2426 545 2459; x_wconf 86' lang='grc' dir='ltr'>αὐτοῦ,</span> <span class='ocrx_word' id='word_1_612' title='bbox 559 2427 597 2458; x_wconf 87' lang='grc' dir='ltr'>ὼς</span> <span class='ocrx_word' id='word_1_613' title='bbox 614 2427 692 2462; x_wconf 74' lang='grc' dir='ltr'>ἔφην,</span> <span class='ocrx_word' id='word_1_614' title='bbox 705 2426 830 2461; x_wconf 81' lang='grc' dir='ltr'>γέννημα</span> <span class='ocrx_word' id='word_1_615' title='bbox 846 2425 922 2452; x_wconf 81' lang='grc' dir='ltr'>ἐστέ-</span> 
     </span>
    </p>
   </div>
   <div class='ocr_carea' id='block_1_81' title="bbox 130 2472 918 2510">
    <p class='ocr_par' dir='ltr' id='par_1_81' title="bbox 130 2472 918 2510">
     <span class='ocr_line' id='line_1_81' title="bbox 130 2472 918 2510; baseline -0.003 -11"><span class='ocrx_word' id='word_1_616' title='bbox 130 2482 212 2509; x_wconf 80' lang='grc' dir='ltr'>ρηται</span> <span class='ocrx_word' id='word_1_617' title='bbox 226 2473 275 2508; x_wconf 83' lang='grc' dir='ltr'>τῆς</span> <span class='ocrx_word' id='word_1_618' title='bbox 289 2472 337 2499; x_wconf 86' lang='grc' dir='ltr'><strong>τοῦ</strong></span> <span class='ocrx_word' id='word_1_619' title='bbox 354 2473 460 2508; x_wconf 79' lang='grc' dir='ltr'>Πατρὺς</span> <span class='ocrx_word' id='word_1_620' title='bbox 477 2473 557 2506; x_wconf 78' lang='grc' dir='ltr'>ἀξίας</span> <span class='ocrx_word' id='word_1_621' title='bbox 573 2473 622 2500; x_wconf 75' lang='grc' dir='ltr'>καὶ</span> <span class='ocrx_word' id='word_1_622' title='bbox 639 2472 770 2510; x_wconf 78' lang='grc' dir='ltr'>ἰσότητος,</span> <span class='ocrx_word' id='word_1_623' title='bbox 787 2472 918 2507; x_wconf 84' lang='grc' dir='ltr'>ἀσύγκρι-</span> 
     </span>
    </p>
   </div>
   <div class='ocr_carea' id='block_1_82' title="bbox 129 2516 920 2553">
    <p class='ocr_par' dir='ltr' id='par_1_82' title="bbox 129 2516 920 2553">
     <span class='ocr_line' id='line_1_82' title="bbox 129 2516 920 2553; baseline -0.001 -9"><span class='ocrx_word' id='word_1_624' title='bbox 129 2527 174 2545; x_wconf 71' lang='grc' dir='ltr'><strong>τον</strong></span> <span class='ocrx_word' id='word_1_625' title='bbox 189 2518 230 2549; x_wconf 81' lang='grc' dir='ltr'>ὃν,</span> <span class='ocrx_word' id='word_1_626' title='bbox 246 2518 293 2544; x_wconf 74' lang='grc' dir='ltr'>καὶ</span> <span class='ocrx_word' id='word_1_627' title='bbox 309 2518 338 2544; x_wconf 80' lang='grc' dir='ltr'>τὸ</span> <span class='ocrx_word' id='word_1_628' title='bbox 352 2518 428 2552; x_wconf 78' lang='grc' dir='ltr'>ἆγιον</span> <span class='ocrx_word' id='word_1_629' title='bbox 442 2517 525 2545; x_wconf 82' lang='grc' dir='ltr'>αὐτοῦ</span> <span class='ocrx_word' id='word_1_630' title='bbox 538 2517 650 2553; x_wconf 82' lang='grc' dir='ltr'>Πνεῦμα</span> <span class='ocrx_word' id='word_1_631' title='bbox 666 2517 735 2552; x_wconf 63' lang='grc' dir='ltr'>πρὸς</span> <span class='ocrx_word' id='word_1_632' title='bbox 751 2518 806 2543; x_wconf 75' lang='grc' dir='ltr'>πᾶν</span> <span class='ocrx_word' id='word_1_633' title='bbox 821 2516 920 2544; x_wconf 81' lang='grc' dir='ltr'>ὁτιοῦν·</span> 
     </span>
    </p>
   </div>
   <div class='ocr_carea' id='block_1_83' title="bbox 128 2563 923 2600">
    <p class='ocr_par' dir='ltr' id='par_1_83' title="bbox 128 2563 923 2600">
     <span class='ocr_line' id='line_1_83' title="bbox 128 2563 923 2600; baseline 0 -10"><span class='ocrx_word' id='word_1_634' title='bbox 128 2565 198 2599; x_wconf 77' lang='grc' dir='ltr'>ὅπερ</span> <span class='ocrx_word' id='word_1_635' title='bbox 213 2564 271 2590; x_wconf 77' lang='grc' dir='ltr'>ἐστὶ</span> <span class='ocrx_word' id='word_1_636' title='bbox 287 2564 372 2599; x_wconf 74' lang='grc' dir='ltr'>Τριάς</span> <span class='ocrx_word' id='word_1_637' title='bbox 391 2564 491 2595; x_wconf 82' lang='grc' dir='ltr'>τελεία,</span> <span class='ocrx_word' id='word_1_638' title='bbox 506 2564 607 2596; x_wconf 67' lang='grc' dir='ltr'>τέλειος</span> <span class='ocrx_word' id='word_1_639' title='bbox 630 2565 644 2590; x_wconf 85' lang='grc' dir='ltr'>ὁ</span> <span class='ocrx_word' id='word_1_640' title='bbox 668 2564 772 2600; x_wconf 79' lang='grc' dir='ltr'>Πατὴρ,</span> <span class='ocrx_word' id='word_1_641' title='bbox 794 2563 894 2595; x_wconf 81' lang='grc' dir='ltr'>τέλειος</span> <span class='ocrx_word' id='word_1_642' title='bbox 909 2564 923 2590; x_wconf 84' lang='grc' dir='ltr'>ὁ</span> 
     </span>
    </p>
   </div>
   <div class='ocr_carea' id='block_1_84' title="bbox 132 2607 922 2646">
    <p class='ocr_par' dir='ltr' id='par_1_84' title="bbox 132 2607 922 2646">
     <span class='ocr_line' id='line_1_84' title="bbox 132 2607 922 2646; baseline 0.001 -10"><span class='ocrx_word' id='word_1_643' title='bbox 132 2610 206 2641; x_wconf 70' lang='grc' dir='ltr'>Υἱὸς,</span> <span class='ocrx_word' id='word_1_644' title='bbox 221 2610 322 2637; x_wconf 88' lang='grc' dir='ltr'>τέλειον</span> <span class='ocrx_word' id='word_1_645' title='bbox 335 2611 365 2637; x_wconf 81' lang='grc' dir='ltr'>τὸ</span> <span class='ocrx_word' id='word_1_646' title='bbox 377 2611 454 2645; x_wconf 70' lang='grc' dir='ltr'>ἅγιον</span> <span class='ocrx_word' id='word_1_647' title='bbox 472 2611 594 2646; x_wconf 82' lang='grc' dir='ltr'>Πνεῦμα,</span> <span class='ocrx_word' id='word_1_648' title='bbox 612 2610 642 2637; x_wconf 77' lang='grc' dir='ltr'>σὺ</span> <span class='ocrx_word' id='word_1_649' title='bbox 659 2610 805 2645; x_wconf 80' lang='grc' dir='ltr'>συναλοιφή</span> <span class='ocrx_word' id='word_1_650' title='bbox 819 2618 861 2642; x_wconf 89' lang='grc' dir='ltr'><strong>τις</strong></span> <span class='ocrx_word' id='word_1_651' title='bbox 876 2607 922 2636; x_wconf 78' lang='grc' dir='ltr'>οὖ-</span> 
     </span>
    </p>
   </div>
   <div class='ocr_carea' id='block_1_85' title="bbox 131 2655 922 2692">
    <p class='ocr_par' dir='ltr' id='par_1_85' title="bbox 131 2655 922 2692">
     <span class='ocr_line' id='line_1_85' title="bbox 131 2655 922 2692; baseline 0 -11"><span class='ocrx_word' id='word_1_652' title='bbox 131 2663 175 2686; x_wconf 76' lang='grc' dir='ltr'><strong>σα,</strong></span> <span class='ocrx_word' id='word_1_653' title='bbox 191 2655 250 2682; x_wconf 73' lang='grc' dir='ltr'>οὐδὲ</span> <span class='ocrx_word' id='word_1_654' title='bbox 270 2655 338 2690; x_wconf 84' lang='grc' dir='ltr'>πρὸς</span> <span class='ocrx_word' id='word_1_655' title='bbox 353 2656 451 2691; x_wconf 74' lang='grc' dir='ltr'>ἑαυτὴν</span> <span class='ocrx_word' id='word_1_656' title='bbox 465 2657 663 2692; x_wconf 79' lang='grc' dir='ltr'>διαφυρομένη,</span> <span class='ocrx_word' id='word_1_657' title='bbox 678 2655 739 2682; x_wconf 73' lang='grc' dir='ltr'>οὐδέ</span> <span class='ocrx_word' id='word_1_658' title='bbox 754 2664 780 2682; x_wconf 86' lang='grc' dir='ltr'><strong>τι</strong></span> <span class='ocrx_word' id='word_1_659' title='bbox 795 2656 824 2682; x_wconf 78' lang='grc' dir='ltr'>ὲν</span> <span class='ocrx_word' id='word_1_660' title='bbox 839 2656 922 2690; x_wconf 79' lang='grc' dir='ltr'>ἑαυτῇ</span> 
     </span>
    </p>
   </div>
   <div class='ocr_carea' id='block_1_86' title="bbox 131 2701 922 2738">
    <p class='ocr_par' dir='ltr' id='par_1_86' title="bbox 131 2701 922 2738">
     <span class='ocr_line' id='line_1_86' title="bbox 131 2701 922 2738; baseline 0 -11"><span class='ocrx_word' id='word_1_661' title='bbox 131 2701 230 2736; x_wconf 78' lang='grc' dir='ltr'>ἔχουσα</span> <span class='ocrx_word' id='word_1_662' title='bbox 245 2701 427 2737; x_wconf 76' lang='grc' dir='ltr'>ὑποῦεϐηκὸς,</span> <span class='ocrx_word' id='word_1_663' title='bbox 440 2702 483 2728; x_wconf 78' lang='grc' dir='ltr'><strong>ἵνα</strong></span> <span class='ocrx_word' id='word_1_664' title='bbox 497 2702 534 2738; x_wconf 84' lang='grc' dir='ltr'>μὴ</span> <span class='ocrx_word' id='word_1_665' title='bbox 546 2702 575 2728; x_wconf 81' lang='grc' dir='ltr'>τὸ</span> <span class='ocrx_word' id='word_1_666' title='bbox 587 2701 792 2737; x_wconf 83' lang='grc' dir='ltr'>διακρινόμενον</span> <span class='ocrx_word' id='word_1_667' title='bbox 803 2701 922 2737; x_wconf 73' lang='grc' dir='ltr'>ἀφανίζῃ</span> 
     </span>
    </p>
   </div>
   <div class='ocr_carea' id='block_1_87' title="bbox 129 2743 922 2782">
    <p class='ocr_par' dir='ltr' id='par_1_87' title="bbox 129 2743 922 2782">
     <span class='ocr_line' id='line_1_87' title="bbox 129 2743 922 2782; baseline 0 -10"><span class='ocrx_word' id='word_1_668' title='bbox 129 2746 161 2773; x_wconf 87' lang='grc' dir='ltr'><strong>τὺ</strong></span> <span class='ocrx_word' id='word_1_669' title='bbox 178 2745 354 2782; x_wconf 82' lang='grc' dir='ltr'>ἀσύγκριτον,</span> <span class='ocrx_word' id='word_1_670' title='bbox 369 2748 417 2773; x_wconf 78' lang='grc' dir='ltr'>καὶ</span> <span class='ocrx_word' id='word_1_671' title='bbox 432 2747 463 2774; x_wconf 82' lang='grc' dir='ltr'>τὸ</span> <span class='ocrx_word' id='word_1_672' title='bbox 479 2747 660 2782; x_wconf 79' lang='grc' dir='ltr'>ἠλλοιωμένον</span> <span class='ocrx_word' id='word_1_673' title='bbox 678 2747 806 2782; x_wconf 87' lang='grc' dir='ltr'>στέρησιν</span> <span class='ocrx_word' id='word_1_674' title='bbox 821 2746 867 2773; x_wconf 82' lang='grc' dir='ltr'><strong>τοῦ</strong></span> <span class='ocrx_word' id='word_1_675' title='bbox 882 2743 922 2772; x_wconf 78' lang='grc' dir='ltr'><strong>εἶ-</strong></span> 
     </span>
    </p>
   </div>
   <div class='ocr_carea' id='block_1_88' title="bbox 129 2792 923 2829">
    <p class='ocr_par' dir='ltr' id='par_1_88' title="bbox 129 2792 923 2829">
     <span class='ocr_line' id='line_1_88' title="bbox 129 2792 923 2829; baseline 0 -11"><span class='ocrx_word' id='word_1_676' title='bbox 129 2800 175 2818; x_wconf 75' lang='grc' dir='ltr'><strong>ναι</strong></span> <span class='ocrx_word' id='word_1_677' title='bbox 197 2792 360 2827; x_wconf 70' lang='grc' dir='ltr'>ἐργάσηται.</span> <span class='ocrx_word' id='word_1_678' title='bbox 374 2793 431 2827; x_wconf 73' lang='grc' dir='ltr'>ἔξει</span> <span class='ocrx_word' id='word_1_679' title='bbox 447 2793 527 2828; x_wconf 88' lang='grc' dir='ltr'>μόνον</span> <span class='ocrx_word' id='word_1_680' title='bbox 540 2793 696 2829; x_wconf 76' lang='grc' dir='ltr'>λεγόμενον,</span> <span class='ocrx_word' id='word_1_681' title='bbox 718 2793 764 2819; x_wconf 73' lang='grc' dir='ltr'>καὶ</span> <span class='ocrx_word' id='word_1_682' title='bbox 785 2792 835 2818; x_wconf 78' lang='grc' dir='ltr'>οὐκ</span> <span class='ocrx_word' id='word_1_683' title='bbox 857 2792 923 2828; x_wconf 89' lang='grc' dir='ltr'>ἀλη-</span> 
     </span>
    </p>
   </div>
   <div class='ocr_carea' id='block_1_89' title="bbox 184 2847 883 2884">
    <p class='ocr_par' dir='ltr' id='par_1_89' title="bbox 184 2847 883 2884">
     <span class='ocr_line' id='line_1_89' title="bbox 184 2847 883 2884; baseline 0.003 -9"><span class='ocrx_word' id='word_1_684' title='bbox 184 2850 191 2866; x_wconf 83' lang='grc'>¹</span> <span class='ocrx_word' id='word_1_685' title='bbox 208 2847 238 2876; x_wconf 78' lang='lat' dir='ltr'><strong>F.</strong></span> <span class='ocrx_word' id='word_1_686' title='bbox 256 2849 286 2876; x_wconf 79' lang='grc' dir='ltr'>οὐ</span> <span class='ocrx_word' id='word_1_687' title='bbox 301 2850 369 2884; x_wconf 78' lang='grc' dir='ltr'>φείδ.</span> <span class='ocrx_word' id='word_1_688' title='bbox 432 2852 442 2866; x_wconf 88' lang='grc'>¹</span> <span class='ocrx_word' id='word_1_689' title='bbox 460 2849 489 2878; x_wconf 80' lang='lat' dir='ltr'><strong>F.</strong></span> <span class='ocrx_word' id='word_1_690' title='bbox 506 2850 594 2884; x_wconf 75' lang='grc' dir='ltr'>ἀφείς.</span> <span class='ocrx_word' id='word_1_691' title='bbox 663 2851 673 2866; x_wconf 92' lang='grc'>³</span> <span class='ocrx_word' id='word_1_692' title='bbox 685 2851 747 2878; x_wconf 79' lang='lat' dir='ltr'><strong>Cor.</strong></span> <span class='ocrx_word' id='word_1_693' title='bbox 760 2850 820 2877; x_wconf 72' lang='grc' dir='ltr'>ἐπεὶ</span> <span class='ocrx_word' id='word_1_694' title='bbox 833 2850 883 2877; x_wconf 76' lang='grc' dir='ltr'>δεῖ.</span> 
     </span>
    </p>
   </div>
   <div class='ocr_carea' id='block_1_90' title="bbox 432 2849 594 2885">
    <p class='ocr_par' dir='ltr' id='par_1_90' title="bbox 432 2849 594 2885">
     <span class='ocr_line' id='line_1_90' title="bbox 432 2849 594 2885; baseline -0.006 -8"><span class='ocrx_word' id='word_1_695' title='bbox 432 2852 442 2866; x_wconf 88' lang='grc'>¹</span> <span class='ocrx_word' id='word_1_696' title='bbox 460 2849 489 2878; x_wconf 76' lang='lat' dir='ltr'><strong>F.</strong></span> <span class='ocrx_word' id='word_1_697' title='bbox 506 2850 594 2885; x_wconf 72' lang='grc' dir='ltr'>ἀφείς.</span> 
     </span>
    </p>
   </div>
   <div class='ocr_carea' id='block_1_91' title="bbox 132 2884 288 2914">
    <p class='ocr_par' dir='ltr' id='par_1_91' title="bbox 132 2884 288 2914">
     <span class='ocr_line' id='line_1_91' title="bbox 132 2884 288 2914; baseline -0.019 0"><span class='ocrx_word' id='word_1_698' title='bbox 132 2884 143 2900; x_wconf 85' lang='lat'><em>‘</em></span> <span class='ocrx_word' id='word_1_699' title='bbox 159 2885 229 2914; x_wconf 78' lang='lat' dir='ltr'><strong>ibid.</strong></span> <span class='ocrx_word' id='word_1_700' title='bbox 245 2884 288 2911; x_wconf 76' lang='grc'><strong>10.</strong></span> 
     </span>
    </p>
   </div>
   <div class='ocr_carea' id='block_1_92' title="bbox 956 2849 967 2866">
    <p class='ocr_par' dir='ltr' id='par_1_92' title="bbox 956 2849 967 2866">
     <span class='ocr_line' id='line_1_92' title="bbox 956 2849 967 2866; baseline 0 0"><span class='ocrx_word' id='word_1_701' title='bbox 956 2849 967 2866; x_wconf 70' lang='grc' dir='ltr'>δ</span> 
     </span>
    </p>
   </div>
   <div class='ocr_carea' id='block_1_93' title="bbox 975 1647 1775 1683">
    <p class='ocr_par' dir='ltr' id='par_1_93' title="bbox 975 1647 1775 1683">
     <span class='ocr_line' id='line_1_93' title="bbox 975 1647 1775 1683; baseline 0.001 -9"><span class='ocrx_word' id='word_1_702' title='bbox 975 1648 1051 1682; x_wconf 87' lang='lat' dir='ltr'><strong>sequi</strong></span> <span class='ocrx_word' id='word_1_703' title='bbox 1067 1648 1180 1676; x_wconf 91' lang='lat' dir='ltr'><strong>minime</strong></span> <span class='ocrx_word' id='word_1_704' title='bbox 1199 1649 1332 1683; x_wconf 83' lang='lat' dir='ltr'><strong>potuisse,</strong></span> <span class='ocrx_word' id='word_1_705' title='bbox 1350 1656 1399 1676; x_wconf 83' lang='lat' dir='ltr'><strong>nec</strong></span> <span class='ocrx_word' id='word_1_706' title='bbox 1413 1648 1500 1683; x_wconf 90' lang='lat' dir='ltr'><strong>ipsius</strong></span> <span class='ocrx_word' id='word_1_707' title='bbox 1515 1647 1626 1677; x_wconf 82' lang='lat' dir='ltr'><strong>Filium.</strong></span> <span class='ocrx_word' id='word_1_708' title='bbox 1645 1655 1696 1676; x_wconf 92' lang='lat' dir='ltr'><strong>nec</strong></span> <span class='ocrx_word' id='word_1_709' title='bbox 1713 1648 1775 1683; x_wconf 88' lang='lat' dir='ltr'><strong>Spi-</strong></span> 
     </span>
    </p>
   </div>
   <div class='ocr_carea' id='block_1_94' title="bbox 976 1693 1775 1727">
    <p class='ocr_par' dir='ltr' id='par_1_94' title="bbox 976 1693 1775 1727">
     <span class='ocr_line' id='line_1_94' title="bbox 976 1693 1775 1727; baseline 0.001 -7"><span class='ocrx_word' id='word_1_710' title='bbox 976 1693 1057 1721; x_wconf 90' lang='lat' dir='ltr'><strong>ritum</strong></span> <span class='ocrx_word' id='word_1_711' title='bbox 1075 1697 1213 1725; x_wconf 84' lang='lat' dir='ltr'><strong>sanctum,</strong></span> <span class='ocrx_word' id='word_1_712' title='bbox 1228 1701 1262 1721; x_wconf 88' lang='lat' dir='ltr'><strong>ne</strong></span> <span class='ocrx_word' id='word_1_713' title='bbox 1288 1698 1315 1721; x_wconf 87' lang='lat' dir='ltr'><strong>te</strong></span> <span class='ocrx_word' id='word_1_714' title='bbox 1333 1695 1478 1722; x_wconf 85' lang='lat' dir='ltr'><strong>convincat</strong></span> <span class='ocrx_word' id='word_1_715' title='bbox 1502 1693 1584 1727; x_wconf 88' lang='lat' dir='ltr'><strong>Deus,</strong></span> <span class='ocrx_word' id='word_1_716' title='bbox 1605 1701 1637 1721; x_wconf 84' lang='lat' dir='ltr'><strong>ac</strong></span> <span class='ocrx_word' id='word_1_717' title='bbox 1662 1695 1775 1722; x_wconf 80' lang='lat' dir='ltr'><strong>menda-</strong></span> 
     </span>
    </p>
   </div>
   <div class='ocr_carea' id='block_1_95' title="bbox 973 1739 1775 1775">
    <p class='ocr_par' dir='ltr' id='par_1_95' title="bbox 973 1739 1775 1775">
     <span class='ocr_line' id='line_1_95' title="bbox 973 1739 1775 1775; baseline 0.001 -9"><span class='ocrx_word' id='word_1_718' title='bbox 973 1739 1008 1766; x_wconf 86' lang='lat' dir='ltr'><strong>cii</strong></span> <span class='ocrx_word' id='word_1_719' title='bbox 1025 1741 1182 1774; x_wconf 72' lang='lat' dir='ltr'><strong>rcdarguat,</strong></span> <span class='ocrx_word' id='word_1_720' title='bbox 1199 1743 1228 1766; x_wconf 91' lang='lat' dir='ltr'><strong>ut</strong></span> <span class='ocrx_word' id='word_1_721' title='bbox 1245 1740 1381 1775; x_wconf 85' lang='lat' dir='ltr'><strong>scriptum</strong></span> <span class='ocrx_word' id='word_1_722' title='bbox 1405 1743 1458 1767; x_wconf 89' lang='lat' dir='ltr'><strong>cst.</strong></span> <span class='ocrx_word' id='word_1_723' title='bbox 1483 1740 1554 1775; x_wconf 75' lang='lat' dir='ltr'><strong>Ergo</strong></span> <span class='ocrx_word' id='word_1_724' title='bbox 1573 1743 1601 1768; x_wconf 83' lang='lat' dir='ltr'><strong>et</strong></span> <span class='ocrx_word' id='word_1_725' title='bbox 1617 1739 1775 1767; x_wconf 82' lang='lat' dir='ltr'><strong>aﬂ‘eetiones</strong></span> 
     </span>
    </p>
   </div>
   <div class='ocr_carea' id='block_1_96' title="bbox 975 1785 1776 1821">
    <p class='ocr_par' dir='ltr' id='par_1_96' title="bbox 975 1785 1776 1821">
     <span class='ocr_line' id='line_1_96' title="bbox 975 1785 1776 1821; baseline 0.001 -9"><span class='ocrx_word' id='word_1_726' title='bbox 975 1785 1002 1812; x_wconf 92' lang='lat' dir='ltr'><strong>in</strong></span> <span class='ocrx_word' id='word_1_727' title='bbox 1024 1785 1113 1818; x_wconf 81' lang='lat' dir='ltr'><strong>nobis,</strong></span> <span class='ocrx_word' id='word_1_728' title='bbox 1129 1789 1157 1812; x_wconf 85' lang='lat' dir='ltr'><strong>et</strong></span> <span class='ocrx_word' id='word_1_729' title='bbox 1177 1785 1344 1818; x_wconf 82' lang='lat' dir='ltr'><strong>voluntates,</strong></span> <span class='ocrx_word' id='word_1_730' title='bbox 1360 1789 1388 1813; x_wconf 90' lang='lat' dir='ltr'><strong>et</strong></span> <span class='ocrx_word' id='word_1_731' title='bbox 1406 1785 1587 1821; x_wconf 73' lang='lat' dir='ltr'><strong>cogitationes</strong></span> <span class='ocrx_word' id='word_1_732' title='bbox 1608 1785 1729 1818; x_wconf 67' lang='lat' dir='ltr'><strong>Ittbricaz,</strong></span> <span class='ocrx_word' id='word_1_733' title='bbox 1746 1791 1776 1813; x_wconf 88' lang='lat' dir='ltr'><strong>ct</strong></span> 
     </span>
    </p>
   </div>
   <div class='ocr_carea' id='block_1_97' title="bbox 975 1831 1774 1867">
    <p class='ocr_par' dir='ltr' id='par_1_97' title="bbox 975 1831 1774 1867">
     <span class='ocr_line' id='line_1_97' title="bbox 975 1831 1774 1867; baseline 0.001 -9"><span class='ocrx_word' id='word_1_734' title='bbox 975 1832 1001 1858; x_wconf 93' lang='lat' dir='ltr'><strong>in</strong></span> <span class='ocrx_word' id='word_1_735' title='bbox 1017 1839 1137 1859; x_wconf 90' lang='lat' dir='ltr'><strong>errorem</strong></span> <span class='ocrx_word' id='word_1_736' title='bbox 1152 1839 1246 1866; x_wconf 81' lang='lat' dir='ltr'><strong>prome</strong></span> <span class='ocrx_word' id='word_1_737' title='bbox 1272 1837 1347 1865; x_wconf 87' lang='lat' dir='ltr'><strong>sunt,</strong></span> <span class='ocrx_word' id='word_1_738' title='bbox 1363 1831 1584 1867; x_wconf 85' lang='lat' dir='ltr'><strong>quandoquidem</strong></span> <span class='ocrx_word' id='word_1_739' title='bbox 1607 1839 1640 1859; x_wconf 90' lang='lat' dir='ltr'><strong>ea</strong></span> <span class='ocrx_word' id='word_1_740' title='bbox 1669 1835 1774 1860; x_wconf 74' lang='lat' dir='ltr'><strong>natura:</strong></span> 
     </span>
    </p>
   </div>
   <div class='ocr_carea' id='block_1_98' title="bbox 973 1876 1773 1911">
    <p class='ocr_par' dir='ltr' id='par_1_98' title="bbox 973 1876 1773 1911">
     <span class='ocr_line' id='line_1_98' title="bbox 973 1876 1773 1911; baseline -0.001 -7"><span class='ocrx_word' id='word_1_741' title='bbox 973 1877 1129 1904; x_wconf 87' lang='lat' dir='ltr'><strong>conditione</strong></span> <span class='ocrx_word' id='word_1_742' title='bbox 1148 1884 1255 1904; x_wconf 85' lang='lat' dir='ltr'><strong>sumus.</strong></span> <span class='ocrx_word' id='word_1_743' title='bbox 1279 1876 1380 1904; x_wconf 82' lang='lat' dir='ltr'><strong>Natura</strong></span> <span class='ocrx_word' id='word_1_744' title='bbox 1395 1884 1476 1911; x_wconf 90' lang='lat' dir='ltr'><strong>porro</strong></span> <span class='ocrx_word' id='word_1_745' title='bbox 1499 1876 1545 1904; x_wconf 88' lang='lat' dir='ltr'><strong>Dei</strong></span> <span class='ocrx_word' id='word_1_746' title='bbox 1571 1881 1599 1904; x_wconf 86' lang='lat' dir='ltr'><strong>et</strong></span> <span class='ocrx_word' id='word_1_747' title='bbox 1620 1877 1773 1905; x_wconf 76' lang='lat' dir='ltr'><strong>substantia</strong></span> 
     </span>
    </p>
   </div>
   <div class='ocr_carea' id='block_1_99' title="bbox 973 1921 1774 1956">
    <p class='ocr_par' dir='ltr' id='par_1_99' title="bbox 973 1921 1774 1956">
     <span class='ocr_line' id='line_1_99' title="bbox 973 1921 1774 1956; baseline 0 -6"><span class='ocrx_word' id='word_1_748' title='bbox 973 1922 1084 1950; x_wconf 84' lang='lat' dir='ltr'><strong>dicitur.</strong></span> <span class='ocrx_word' id='word_1_749' title='bbox 1107 1921 1184 1955; x_wconf 85' lang='lat' dir='ltr'><strong>Quod</strong></span> <span class='ocrx_word' id='word_1_750' title='bbox 1202 1926 1293 1950; x_wconf 87' lang='lat' dir='ltr'><strong>autem</strong></span> <span class='ocrx_word' id='word_1_751' title='bbox 1314 1927 1441 1950; x_wconf 83' lang='lat' dir='ltr'><strong>naturam</strong></span> <span class='ocrx_word' id='word_1_752' title='bbox 1458 1929 1491 1950; x_wconf 91' lang='lat' dir='ltr'><strong>ac</strong></span> <span class='ocrx_word' id='word_1_753' title='bbox 1509 1926 1648 1956; x_wconf 88' lang='lat' dir='ltr'><strong>naturam,</strong></span> <span class='ocrx_word' id='word_1_754' title='bbox 1663 1927 1692 1950; x_wconf 89' lang='lat' dir='ltr'><strong>et</strong></span> <span class='ocrx_word' id='word_1_755' title='bbox 1708 1923 1774 1950; x_wconf 85' lang='lat' dir='ltr'><strong>sub-</strong></span> 
     </span>
    </p>
   </div>
   <div class='ocr_carea' id='block_1_100' title="bbox 974 1968 1774 2004">
    <p class='ocr_par' dir='ltr' id='par_1_100' title="bbox 974 1968 1774 2004">
     <span class='ocr_line' id='line_1_100' title="bbox 974 1968 1774 2004; baseline 0 -8"><span class='ocrx_word' id='word_1_756' title='bbox 974 1968 1102 1996; x_wconf 86' lang='lat' dir='ltr'><strong>stantiam</strong></span> <span class='ocrx_word' id='word_1_757' title='bbox 1119 1972 1201 2003; x_wconf 89' lang='lat' dir='ltr'><strong>atque</strong></span> <span class='ocrx_word' id='word_1_758' title='bbox 1217 1968 1398 1996; x_wconf 85' lang='lat' dir='ltr'><strong>substantiam</strong></span> <span class='ocrx_word' id='word_1_759' title='bbox 1411 1968 1558 2004; x_wconf 35' lang='lat' dir='ltr'><strong>audimus”</strong></span> <span class='ocrx_word' id='word_1_760' title='bbox 1580 1976 1636 1996; x_wconf 92' lang='lat' dir='ltr'><strong>non</strong></span> <span class='ocrx_word' id='word_1_761' title='bbox 1654 1968 1715 1997; x_wconf 83' lang='lat' dir='ltr'><strong>ideo</strong></span> <span class='ocrx_word' id='word_1_762' title='bbox 1732 1969 1774 1996; x_wconf 87' lang='lat' dir='ltr'><strong>in-</strong></span> 
     </span>
    </p>
   </div>
   <div class='ocr_carea' id='block_1_101' title="bbox 973 2014 1773 2050">
    <p class='ocr_par' dir='ltr' id='par_1_101' title="bbox 973 2014 1773 2050">
     <span class='ocr_line' id='line_1_101' title="bbox 973 2014 1773 2050; baseline -0.001 -8"><span class='ocrx_word' id='word_1_763' title='bbox 973 2014 1185 2049; x_wconf 83' lang='lat' dir='ltr'><strong>comparabilem</strong></span> <span class='ocrx_word' id='word_1_764' title='bbox 1213 2018 1322 2050; x_wconf 88' lang='lat' dir='ltr'><strong>oportet</strong></span> <span class='ocrx_word' id='word_1_765' title='bbox 1346 2014 1441 2041; x_wconf 71' lang='lat' dir='ltr'><strong>Deum&#39;</strong></span> <span class='ocrx_word' id='word_1_766' title='bbox 1459 2021 1523 2042; x_wconf 90' lang='lat' dir='ltr'><strong>cum</strong></span> <span class='ocrx_word' id='word_1_767' title='bbox 1553 2020 1651 2042; x_wconf 85' lang='lat' dir='ltr'><strong>natura</strong></span> <span class='ocrx_word' id='word_1_768' title='bbox 1679 2018 1773 2042; x_wconf 82' lang='lat' dir='ltr'><strong>nostra</strong></span> 
     </span>
    </p>
   </div>
   <div class='ocr_carea' id='block_1_102' title="bbox 974 2059 1772 2094">
    <p class='ocr_par' dir='ltr' id='par_1_102' title="bbox 974 2059 1772 2094">
     <span class='ocr_line' id='line_1_102' title="bbox 974 2059 1772 2094; baseline 0.004 -9"><span class='ocrx_word' id='word_1_769' title='bbox 974 2060 1108 2087; x_wconf 67' lang='lat' dir='ltr'><strong>conferre.</strong></span> <span class='ocrx_word' id='word_1_770' title='bbox 1129 2059 1230 2087; x_wconf 85' lang='lat' dir='ltr'><strong>Eadem</strong></span> <span class='ocrx_word' id='word_1_771' title='bbox 1251 2063 1278 2086; x_wconf 85' lang='lat' dir='ltr'><strong>et</strong></span> <span class='ocrx_word' id='word_1_772' title='bbox 1305 2060 1406 2094; x_wconf 89' lang='lat' dir='ltr'><strong>ubique</strong></span> <span class='ocrx_word' id='word_1_773' title='bbox 1426 2060 1498 2087; x_wconf 86' lang='lat' dir='ltr'><strong>ratio</strong></span> <span class='ocrx_word' id='word_1_774' title='bbox 1520 2063 1573 2093; x_wconf 80' lang='lat' dir='ltr'><strong>est,</strong></span> <span class='ocrx_word' id='word_1_775' title='bbox 1588 2059 1720 2094; x_wconf 87' lang='lat' dir='ltr'><strong>quidquid</strong></span> <span class='ocrx_word' id='word_1_776' title='bbox 1738 2060 1772 2088; x_wconf 85' lang='lat' dir='ltr'><strong>de</strong></span> 
     </span>
    </p>
   </div>
   <div class='ocr_carea' id='block_1_103' title="bbox 975 2104 1771 2139">
    <p class='ocr_par' dir='ltr' id='par_1_103' title="bbox 975 2104 1771 2139">
     <span class='ocr_line' id='line_1_103' title="bbox 975 2104 1771 2139; baseline 0.001 -8"><span class='ocrx_word' id='word_1_777' title='bbox 975 2104 1030 2132; x_wconf 84' lang='lat' dir='ltr'><strong>Deo</strong></span> <span class='ocrx_word' id='word_1_778' title='bbox 1049 2104 1186 2132; x_wconf 82' lang='lat' dir='ltr'><strong>aiiirmare</strong></span> <span class='ocrx_word' id='word_1_779' title='bbox 1200 2104 1328 2132; x_wconf 86' lang='lat' dir='ltr'><strong>volueris.</strong></span> <span class='ocrx_word' id='word_1_780' title='bbox 1347 2105 1396 2132; x_wconf 85' lang='lat' dir='ltr'><strong>Est</strong></span> <span class='ocrx_word' id='word_1_781' title='bbox 1410 2105 1483 2132; x_wconf 89' lang='lat' dir='ltr'><strong>cnim</strong></span> <span class='ocrx_word' id='word_1_782' title='bbox 1500 2105 1648 2139; x_wconf 76' lang='lat' dir='ltr'><strong>ejusmodi,</strong></span> <span class='ocrx_word' id='word_1_783' title='bbox 1662 2109 1692 2131; x_wconf 91' lang='lat' dir='ltr'><strong>ut</strong></span> <span class='ocrx_word' id='word_1_784' title='bbox 1708 2112 1771 2132; x_wconf 87' lang='lat' dir='ltr'><strong>cum</strong></span> 
     </span>
    </p>
   </div>
   <div class='ocr_carea' id='block_1_104' title="bbox 976 2150 1772 2185">
    <p class='ocr_par' dir='ltr' id='par_1_104' title="bbox 976 2150 1772 2185">
     <span class='ocr_line' id='line_1_104' title="bbox 976 2150 1772 2185; baseline 0.003 -9"><span class='ocrx_word' id='word_1_785' title='bbox 976 2150 1049 2176; x_wconf 92' lang='lat' dir='ltr'><strong>nullo</strong></span> <span class='ocrx_word' id='word_1_786' title='bbox 1071 2150 1127 2177; x_wconf 92' lang='lat' dir='ltr'><strong>alio</strong></span> <span class='ocrx_word' id='word_1_787' title='bbox 1147 2150 1323 2177; x_wconf 88' lang='lat' dir='ltr'><strong>commisceri</strong></span> <span class='ocrx_word' id='word_1_788' title='bbox 1349 2154 1397 2176; x_wconf 89' lang='lat' dir='ltr'><strong>aut</strong></span> <span class='ocrx_word' id='word_1_789' title='bbox 1423 2150 1576 2184; x_wconf 84' lang='lat' dir='ltr'><strong>comparari</strong></span> <span class='ocrx_word' id='word_1_790' title='bbox 1594 2150 1691 2185; x_wconf 87' lang='lat' dir='ltr'><strong>possit.</strong></span> <span class='ocrx_word' id='word_1_791' title='bbox 1712 2158 1772 2185; x_wconf 84' lang='lat' dir='ltr'><strong>per-</strong></span> 
     </span>
    </p>
   </div>
   <div class='ocr_carea' id='block_1_105' title="bbox 976 2195 1771 2231">
    <p class='ocr_par' dir='ltr' id='par_1_105' title="bbox 976 2195 1771 2231">
     <span class='ocr_line' id='line_1_105' title="bbox 976 2195 1771 2231; baseline 0.003 -9"><span class='ocrx_word' id='word_1_792' title='bbox 976 2195 1076 2223; x_wconf 80' lang='lat' dir='ltr'><strong>fectum</strong></span> <span class='ocrx_word' id='word_1_793' title='bbox 1094 2196 1120 2223; x_wconf 90' lang='lat' dir='ltr'><strong>in</strong></span> <span class='ocrx_word' id='word_1_794' title='bbox 1138 2203 1209 2227; x_wconf 87' lang='lat' dir='ltr'><strong>sese,</strong></span> <span class='ocrx_word' id='word_1_795' title='bbox 1227 2203 1259 2223; x_wconf 91' lang='lat' dir='ltr'><strong>ac</strong></span> <span class='ocrx_word' id='word_1_796' title='bbox 1283 2196 1322 2223; x_wconf 86' lang='lat' dir='ltr'><strong>rei</strong></span> <span class='ocrx_word' id='word_1_797' title='bbox 1350 2196 1453 2224; x_wconf 89' lang='lat' dir='ltr'><strong>nullius</strong></span> <span class='ocrx_word' id='word_1_798' title='bbox 1475 2196 1610 2231; x_wconf 76' lang='lat' dir='ltr'><strong>indigens.</strong></span> <span class='ocrx_word' id='word_1_799' title='bbox 1636 2195 1685 2224; x_wconf 87' lang='lat' dir='ltr'><strong>Est</strong></span> <span class='ocrx_word' id='word_1_800' title='bbox 1698 2197 1771 2224; x_wconf 85' lang='lat' dir='ltr'><strong>enim</strong></span> 
     </span>
    </p>
   </div>
   <div class='ocr_carea' id='block_1_106' title="bbox 974 2241 1773 2277">
    <p class='ocr_par' dir='ltr' id='par_1_106' title="bbox 974 2241 1773 2277">
     <span class='ocr_line' id='line_1_106' title="bbox 974 2241 1773 2277; baseline 0.001 -8"><span class='ocrx_word' id='word_1_801' title='bbox 974 2250 1022 2277; x_wconf 86' lang='lat' dir='ltr'><strong>per</strong></span> <span class='ocrx_word' id='word_1_802' title='bbox 1037 2250 1066 2270; x_wconf 90' lang='lat' dir='ltr'><strong>se</strong></span> <span class='ocrx_word' id='word_1_803' title='bbox 1080 2242 1139 2277; x_wconf 90' lang='lat' dir='ltr'><strong>ipse</strong></span> <span class='ocrx_word' id='word_1_804' title='bbox 1155 2250 1254 2269; x_wconf 87' lang='lat' dir='ltr'><strong>sensus</strong></span> <span class='ocrx_word' id='word_1_805' title='bbox 1268 2247 1296 2274; x_wconf 84' lang='lat' dir='ltr'><strong>et</strong></span> <span class='ocrx_word' id='word_1_806' title='bbox 1312 2249 1360 2277; x_wconf 83' lang='lat' dir='ltr'><strong>per</strong></span> <span class='ocrx_word' id='word_1_807' title='bbox 1375 2249 1405 2271; x_wconf 88' lang='lat' dir='ltr'><strong>se</strong></span> <span class='ocrx_word' id='word_1_808' title='bbox 1421 2242 1557 2269; x_wconf 86' lang='lat' dir='ltr'><strong>voluntas.</strong></span> <span class='ocrx_word' id='word_1_809' title='bbox 1578 2241 1656 2270; x_wconf 88' lang='lat' dir='ltr'><strong>Unde</strong></span> <span class='ocrx_word' id='word_1_810' title='bbox 1669 2242 1773 2270; x_wconf 89' lang='lat' dir='ltr'><strong>incom-</strong></span> 
     </span>
    </p>
   </div>
   <div class='ocr_carea' id='block_1_107' title="bbox 973 2288 1773 2324">
    <p class='ocr_par' dir='ltr' id='par_1_107' title="bbox 973 2288 1773 2324">
     <span class='ocr_line' id='line_1_107' title="bbox 973 2288 1773 2324; baseline 0.001 -9"><span class='ocrx_word' id='word_1_811' title='bbox 973 2289 1121 2324; x_wconf 85' lang='lat' dir='ltr'><strong>parabilem</strong></span> <span class='ocrx_word' id='word_1_812' title='bbox 1134 2289 1300 2324; x_wconf 84' lang='lat' dir='ltr'><strong>unicumque</strong></span> <span class='ocrx_word' id='word_1_813' title='bbox 1315 2288 1414 2316; x_wconf 88' lang='lat' dir='ltr'><strong>Filium</strong></span> <span class='ocrx_word' id='word_1_814' title='bbox 1427 2289 1487 2316; x_wconf 88' lang='lat' dir='ltr'><strong>sine</strong></span> <span class='ocrx_word' id='word_1_815' title='bbox 1500 2289 1555 2315; x_wconf 87' lang='lat' dir='ltr'><strong>ulla</strong></span> <span class='ocrx_word' id='word_1_816' title='bbox 1568 2288 1773 2322; x_wconf 84' lang='lat' dir='ltr'><strong>comparatione</strong></span> 
     </span>
    </p>
   </div>
   <div class='ocr_carea' id='block_1_108' title="bbox 972 2334 1772 2370">
    <p class='ocr_par' dir='ltr' id='par_1_108' title="bbox 972 2334 1772 2370">
     <span class='ocr_line' id='line_1_108' title="bbox 972 2334 1772 2370; baseline 0.001 -10"><span class='ocrx_word' id='word_1_817' title='bbox 972 2336 1096 2370; x_wconf 77' lang='lat' dir='ltr'><strong>gignens,</strong></span> <span class='ocrx_word' id='word_1_818' title='bbox 1116 2341 1166 2362; x_wconf 86' lang='lat' dir='ltr'><strong>nec</strong></span> <span class='ocrx_word' id='word_1_819' title='bbox 1188 2334 1342 2362; x_wconf 81' lang='lat' dir='ltr'><strong>substantia</strong></span> <span class='ocrx_word' id='word_1_820' title='bbox 1360 2334 1418 2368; x_wconf 85' lang='lat' dir='ltr'><strong>ipse</strong></span> <span class='ocrx_word' id='word_1_821' title='bbox 1442 2341 1492 2362; x_wconf 89' lang='lat' dir='ltr'><strong>sua</strong></span> <span class='ocrx_word' id='word_1_822' title='bbox 1514 2334 1638 2369; x_wconf 81' lang='lat' dir='ltr'><strong>privatus</strong></span> <span class='ocrx_word' id='word_1_823' title='bbox 1651 2338 1704 2366; x_wconf 87' lang='lat' dir='ltr'><strong>est,</strong></span> <span class='ocrx_word' id='word_1_824' title='bbox 1721 2342 1772 2362; x_wconf 77' lang='lat' dir='ltr'><strong>nec</strong></span> 
     </span>
    </p>
   </div>
   <div class='ocr_carea' id='block_1_109' title="bbox 973 2379 1772 2416">
    <p class='ocr_par' dir='ltr' id='par_1_109' title="bbox 973 2379 1772 2416">
     <span class='ocr_line' id='line_1_109' title="bbox 973 2379 1772 2416; baseline -0.003 -9"><span class='ocrx_word' id='word_1_825' title='bbox 973 2381 1028 2413; x_wconf 76' lang='lat' dir='ltr'><strong>ille.</strong></span> <span class='ocrx_word' id='word_1_826' title='bbox 1040 2388 1120 2415; x_wconf 87' lang='lat' dir='ltr'><strong>quem</strong></span> <span class='ocrx_word' id='word_1_827' title='bbox 1134 2388 1167 2408; x_wconf 84' lang='lat' dir='ltr'><strong>cx</strong></span> <span class='ocrx_word' id='word_1_828' title='bbox 1187 2387 1248 2408; x_wconf 87' lang='lat' dir='ltr'><strong>sese</strong></span> <span class='ocrx_word' id='word_1_829' title='bbox 1260 2380 1349 2408; x_wconf 90' lang='lat' dir='ltr'><strong>solum</strong></span> <span class='ocrx_word' id='word_1_830' title='bbox 1365 2387 1398 2407; x_wconf 82' lang='lat' dir='ltr'><strong>ex</strong></span> <span class='ocrx_word' id='word_1_831' title='bbox 1410 2380 1468 2408; x_wconf 88' lang='lat' dir='ltr'><strong>solo</strong></span> <span class='ocrx_word' id='word_1_832' title='bbox 1482 2380 1586 2415; x_wconf 76' lang='lat' dir='ltr'><strong>genuit,</strong></span> <span class='ocrx_word' id='word_1_833' title='bbox 1604 2388 1693 2415; x_wconf 87' lang='lat' dir='ltr'><strong>neque</strong></span> <span class='ocrx_word' id='word_1_834' title='bbox 1708 2379 1772 2416; x_wconf 74' lang='lat' dir='ltr'><strong>Spi.</strong></span> 
     </span>
    </p>
   </div>
   <div class='ocr_carea' id='block_1_110' title="bbox 972 2424 1781 2458">
    <p class='ocr_par' dir='ltr' id='par_1_110' title="bbox 972 2424 1781 2458">
     <span class='ocr_line' id='line_1_110' title="bbox 972 2424 1781 2458; baseline 0.001 -5"><span class='ocrx_word' id='word_1_835' title='bbox 972 2426 1042 2454; x_wconf 84' lang='lat' dir='ltr'><strong>ritus</strong></span> <span class='ocrx_word' id='word_1_836' title='bbox 1057 2430 1179 2453; x_wconf 85' lang='lat' dir='ltr'><strong>sanctus.</strong></span> <span class='ocrx_word' id='word_1_837' title='bbox 1194 2424 1247 2458; x_wconf 89' lang='lat' dir='ltr'><strong>Qui</strong></span> <span class='ocrx_word' id='word_1_838' title='bbox 1263 2424 1345 2452; x_wconf 90' lang='lat' dir='ltr'><strong>ambo</strong></span> <span class='ocrx_word' id='word_1_839' title='bbox 1358 2425 1462 2452; x_wconf 88' lang='lat' dir='ltr'><strong>nullam</strong></span> <span class='ocrx_word' id='word_1_840' title='bbox 1481 2432 1545 2452; x_wconf 91' lang='lat' dir='ltr'><strong>cum</strong></span> <span class='ocrx_word' id='word_1_841' title='bbox 1566 2425 1673 2453; x_wconf 77' lang='lat' dir='ltr'><strong>caeteris</strong></span> <span class='ocrx_word' id='word_1_842' title='bbox 1689 2426 1781 2454; x_wconf 82' lang='lat' dir='ltr'><strong>rebus.</strong></span> 
     </span>
    </p>
   </div>
   <div class='ocr_carea' id='block_1_111' title="bbox 973 2471 1772 2506">
    <p class='ocr_par' dir='ltr' id='par_1_111' title="bbox 973 2471 1772 2506">
     <span class='ocr_line' id='line_1_111' title="bbox 973 2471 1772 2506; baseline -0.001 -7"><span class='ocrx_word' id='word_1_843' title='bbox 973 2472 1114 2505; x_wconf 70' lang='lat' dir='ltr'><strong>dignitatis</strong></span> <span class='ocrx_word' id='word_1_844' title='bbox 1132 2476 1246 2503; x_wconf 67' lang='lat' dir='ltr'><strong>naturae,</strong></span> <span class='ocrx_word' id='word_1_845' title='bbox 1261 2471 1303 2498; x_wconf 86' lang='lat' dir='ltr'><strong>vel</strong></span> <span class='ocrx_word' id='word_1_846' title='bbox 1319 2471 1433 2498; x_wconf 82' lang='lat' dir='ltr'><strong>alterius</strong></span> <span class='ocrx_word' id='word_1_847' title='bbox 1457 2471 1495 2499; x_wconf 87' lang='lat' dir='ltr'><strong>rei</strong></span> <span class='ocrx_word' id='word_1_848' title='bbox 1517 2472 1702 2506; x_wconf 72' lang='lat' dir='ltr'><strong>mqualitatern</strong></span> <span class='ocrx_word' id='word_1_849' title='bbox 1722 2471 1772 2498; x_wconf 80' lang='lat' dir='ltr'><strong>ha-</strong></span> 
     </span>
    </p>
   </div>
   <div class='ocr_carea' id='block_1_112' title="bbox 973 2517 1772 2554">
    <p class='ocr_par' dir='ltr' id='par_1_112' title="bbox 973 2517 1772 2554">
     <span class='ocr_line' id='line_1_112' title="bbox 973 2517 1772 2554; baseline 0 -8"><span class='ocrx_word' id='word_1_850' title='bbox 973 2519 1046 2547; x_wconf 76' lang='lat' dir='ltr'><strong>bent.</strong></span> <span class='ocrx_word' id='word_1_851' title='bbox 1074 2518 1167 2554; x_wconf 89' lang='lat' dir='ltr'><strong>Neque</strong></span> <span class='ocrx_word' id='word_1_852' title='bbox 1191 2525 1256 2546; x_wconf 87' lang='lat' dir='ltr'><strong>vero</strong></span> <span class='ocrx_word' id='word_1_853' title='bbox 1281 2517 1461 2552; x_wconf 82' lang='lat' dir='ltr'><strong>semetipsum</strong></span> <span class='ocrx_word' id='word_1_854' title='bbox 1484 2517 1611 2552; x_wconf 83' lang='lat' dir='ltr'><strong>privavit,</strong></span> <span class='ocrx_word' id='word_1_855' title='bbox 1629 2518 1686 2546; x_wconf 84' lang='lat' dir='ltr'><strong>sive</strong></span> <span class='ocrx_word' id='word_1_856' title='bbox 1705 2517 1772 2546; x_wconf 71' lang='lat' dir='ltr'><strong>allo-</strong></span> 
     </span>
    </p>
   </div>
   <div class='ocr_carea' id='block_1_113' title="bbox 974 2563 1772 2600">
    <p class='ocr_par' dir='ltr' id='par_1_113' title="bbox 974 2563 1772 2600">
     <span class='ocr_line' id='line_1_113' title="bbox 974 2563 1772 2600; baseline -0.001 -8"><span class='ocrx_word' id='word_1_857' title='bbox 974 2565 1103 2597; x_wconf 86' lang='lat' dir='ltr'><strong>ctionem,</strong></span> <span class='ocrx_word' id='word_1_858' title='bbox 1119 2564 1176 2592; x_wconf 88' lang='lat' dir='ltr'><strong>sive</strong></span> <span class='ocrx_word' id='word_1_859' title='bbox 1190 2563 1416 2599; x_wconf 88' lang='lat' dir='ltr'><strong>incomparabilis</strong></span> <span class='ocrx_word' id='word_1_860' title='bbox 1431 2564 1519 2600; x_wconf 86' lang='lat' dir='ltr'><strong>ipsius</strong></span> <span class='ocrx_word' id='word_1_861' title='bbox 1535 2563 1688 2592; x_wconf 85' lang='lat' dir='ltr'><strong>divinitatis</strong></span> <span class='ocrx_word' id='word_1_862' title='bbox 1704 2563 1772 2591; x_wconf 70' lang='lat' dir='ltr'><strong>sub»</strong></span> 
     </span>
    </p>
   </div>
   <div class='ocr_carea' id='block_1_114' title="bbox 974 2608 1771 2645">
    <p class='ocr_par' dir='ltr' id='par_1_114' title="bbox 974 2608 1771 2645">
     <span class='ocr_line' id='line_1_114' title="bbox 974 2608 1771 2645; baseline 0 -7"><span class='ocrx_word' id='word_1_863' title='bbox 974 2610 1102 2638; x_wconf 80' lang='lat' dir='ltr'><strong>stantiam</strong></span> <span class='ocrx_word' id='word_1_864' title='bbox 1124 2614 1249 2645; x_wconf 83' lang='lat' dir='ltr'><strong>spectes;</strong></span> <span class='ocrx_word' id='word_1_865' title='bbox 1277 2617 1328 2637; x_wconf 84' lang='lat' dir='ltr'><strong>nec</strong></span> <span class='ocrx_word' id='word_1_866' title='bbox 1356 2609 1450 2640; x_wconf 83' lang='lat' dir='ltr'><strong>illius,</strong></span> <span class='ocrx_word' id='word_1_867' title='bbox 1480 2610 1519 2637; x_wconf 88' lang='lat' dir='ltr'><strong>uti</strong></span> <span class='ocrx_word' id='word_1_868' title='bbox 1545 2609 1621 2642; x_wconf 79' lang='lat' dir='ltr'><strong>dixi,</strong></span> <span class='ocrx_word' id='word_1_869' title='bbox 1660 2608 1771 2638; x_wconf 74' lang='lat' dir='ltr'><strong>soboles</strong></span> 
     </span>
    </p>
   </div>
   <div class='ocr_carea' id='block_1_115' title="bbox 974 2653 1771 2690">
    <p class='ocr_par' dir='ltr' id='par_1_115' title="bbox 974 2653 1771 2690">
     <span class='ocr_line' id='line_1_115' title="bbox 974 2653 1771 2690; baseline -0.005 -7"><span class='ocrx_word' id='word_1_870' title='bbox 974 2659 1076 2683; x_wconf 73' lang='lat' dir='ltr'><strong>aztemo</strong></span> <span class='ocrx_word' id='word_1_871' title='bbox 1097 2654 1242 2690; x_wconf 85' lang='lat' dir='ltr'><strong>splendore</strong></span> <span class='ocrx_word' id='word_1_872' title='bbox 1264 2660 1307 2682; x_wconf 89' lang='lat' dir='ltr'><strong>est</strong></span> <span class='ocrx_word' id='word_1_873' title='bbox 1333 2659 1361 2682; x_wconf 85' lang='lat' dir='ltr'><strong>et</strong></span> <span class='ocrx_word' id='word_1_874' title='bbox 1384 2655 1540 2690; x_wconf 68' lang='lat' dir='ltr'><strong>aequalitate</strong></span> <span class='ocrx_word' id='word_1_875' title='bbox 1561 2653 1688 2690; x_wconf 78' lang='lat' dir='ltr'><strong>privata:</strong></span> <span class='ocrx_word' id='word_1_876' title='bbox 1710 2661 1771 2688; x_wconf 72' lang='lat' dir='ltr'><strong>qua:</strong></span> 
     </span>
    </p>
   </div>
   <div class='ocr_carea' id='block_1_116' title="bbox 976 2699 1770 2735">
    <p class='ocr_par' dir='ltr' id='par_1_116' title="bbox 976 2699 1770 2735">
     <span class='ocr_line' id='line_1_116' title="bbox 976 2699 1770 2735; baseline -0.008 -7"><span class='ocrx_word' id='word_1_877' title='bbox 976 2700 1088 2735; x_wconf 88' lang='lat' dir='ltr'><strong>perinde</strong></span> <span class='ocrx_word' id='word_1_878' title='bbox 1103 2708 1134 2728; x_wconf 88' lang='lat' dir='ltr'><strong>ac</strong></span> <span class='ocrx_word' id='word_1_879' title='bbox 1149 2699 1267 2735; x_wconf 79' lang='lat' dir='ltr'><strong>Spiritus</strong></span> <span class='ocrx_word' id='word_1_880' title='bbox 1281 2704 1396 2728; x_wconf 87' lang='lat' dir='ltr'><strong>sanctus</strong></span> <span class='ocrx_word' id='word_1_881' title='bbox 1411 2707 1483 2727; x_wconf 33' lang='lat' dir='ltr'><strong>cum.</strong></span> <span class='ocrx_word' id='word_1_882' title='bbox 1493 2699 1568 2726; x_wconf 87' lang='lat' dir='ltr'><strong>nullo</strong></span> <span class='ocrx_word' id='word_1_883' title='bbox 1582 2699 1637 2725; x_wconf 83' lang='lat' dir='ltr'><strong>alio</strong></span> <span class='ocrx_word' id='word_1_884' title='bbox 1652 2699 1770 2725; x_wconf 58' lang='lat' dir='ltr'><strong>incum.</strong></span> 
     </span>
    </p>
   </div>
   <div class='ocr_carea' id='block_1_117' title="bbox 976 2743 1770 2781">
    <p class='ocr_par' dir='ltr' id='par_1_117' title="bbox 976 2743 1770 2781">
     <span class='ocr_line' id='line_1_117' title="bbox 976 2743 1770 2781; baseline -0.004 -8"><span class='ocrx_word' id='word_1_885' title='bbox 976 2746 1146 2781; x_wconf 86' lang='lat' dir='ltr'><strong>parationem</strong></span> <span class='ocrx_word' id='word_1_886' title='bbox 1161 2745 1259 2774; x_wconf 87' lang='lat' dir='ltr'><strong>deduci</strong></span> <span class='ocrx_word' id='word_1_887' title='bbox 1277 2744 1360 2780; x_wconf 67' lang='grc'><strong>964</strong></span> <span class='ocrx_word' id='word_1_888' title='bbox 1375 2748 1485 2779; x_wconf 89' lang='lat' dir='ltr'><strong>potest:</strong></span> <span class='ocrx_word' id='word_1_889' title='bbox 1500 2751 1561 2779; x_wconf 70' lang='lat' dir='ltr'><strong>quae</strong></span> <span class='ocrx_word' id='word_1_890' title='bbox 1585 2747 1627 2771; x_wconf 88' lang='lat' dir='ltr'><strong>est</strong></span> <span class='ocrx_word' id='word_1_891' title='bbox 1650 2743 1770 2779; x_wconf 76' lang='lat' dir='ltr'><strong>perfecta</strong></span> 
     </span>
    </p>
   </div>
   <div class='ocr_carea' id='block_1_118' title="bbox 976 2787 1771 2827">
    <p class='ocr_par' dir='ltr' id='par_1_118' title="bbox 976 2787 1771 2827">
     <span class='ocr_line' id='line_1_118' title="bbox 976 2787 1771 2827; baseline -0.004 -7"><span class='ocrx_word' id='word_1_892' title='bbox 976 2792 1107 2825; x_wconf 84' lang='lat' dir='ltr'><strong>Trinitas,</strong></span> <span class='ocrx_word' id='word_1_893' title='bbox 1131 2792 1284 2827; x_wconf 74' lang='lat' dir='ltr'><strong>perfectus,</strong></span> <span class='ocrx_word' id='word_1_894' title='bbox 1311 2791 1433 2825; x_wconf 84' lang='lat' dir='ltr'><strong>inquam,</strong></span> <span class='ocrx_word' id='word_1_895' title='bbox 1451 2789 1542 2821; x_wconf 81' lang='lat' dir='ltr'><strong>Pater,</strong></span> <span class='ocrx_word' id='word_1_896' title='bbox 1563 2788 1701 2824; x_wconf 77' lang='lat' dir='ltr'><strong>perfectus</strong></span> <span class='ocrx_word' id='word_1_897' title='bbox 1724 2787 1771 2817; x_wconf 58' lang='lat' dir='ltr'><strong>Fir</strong></span> 
     </span>
    </p>
   </div>
   <div class='ocr_carea' id='block_1_119' title="bbox 980 2842 1779 2886">
    <p class='ocr_par' dir='ltr' id='par_1_119' title="bbox 980 2842 1779 2886">
     <span class='ocr_line' id='line_1_119' title="bbox 980 2842 1779 2886; baseline -0.01 -9"><span class='ocrx_word' id='word_1_898' title='bbox 980 2859 1023 2885; x_wconf 66' lang='grc' dir='ltr'><strong>Π).</strong></span> <span class='ocrx_word' id='word_1_899' title='bbox 1042 2848 1277 2886; x_wconf 75' lang='grc' dir='ltr'>περικεκομμένη.</span> <span class='ocrx_word' id='word_1_900' title='bbox 1324 2847 1334 2862; x_wconf 87' lang='grc'><strong><em>⁸</em></strong></span> <span class='ocrx_word' id='word_1_901' title='bbox 1348 2846 1429 2873; x_wconf 76' lang='lat' dir='ltr'><strong>Deest</strong></span> <span class='ocrx_word' id='word_1_902' title='bbox 1447 2845 1485 2872; x_wconf 74' lang='grc' dir='ltr'><strong>τό.</strong></span> <span class='ocrx_word' id='word_1_903' title='bbox 1537 2842 1632 2872; x_wconf 73' lang='lat' dir='ltr'><strong>&#39;Psal.</strong></span> <span class='ocrx_word' id='word_1_904' title='bbox 1650 2850 1712 2878; x_wconf 73' lang='grc' dir='ltr'>ειν,</span> <span class='ocrx_word' id='word_1_905' title='bbox 1726 2843 1779 2872; x_wconf 64' lang='lat' dir='ltr'><strong>IL,</strong></span> 
     </span>
    </p>
   </div>
  </div>
