1945 3043
184 163 236 190 593$
673 166 684 176 ’
887 165 915 192 S.
937 163 1106 191 EPIPIIANII

1765 161 1817 190 596

185 222 249 253 lius,
266 223 403 257 perfectus
421 222 537 258 Spiritus
559 228 681 252 sanctus.
704 224 770 256 ρυω
788 225 897 259 quidem
915 224 977 252 Tn-

1033 225 1104 260 οείᾳ’
1119 225 1136 260 ἢ
1152 224 1189 256 ὡς
1203 225 1273 260 ψιλῴ
1287 225 1358 260 λόγῳ
1371 223 1569 259 ὀνομαζόμενον
1585 223 1614 249 ὲν
1628 222 1748 259 παράδιρ,
1769 222 1815 249 καὶ

184 269 257 295 nitas
269 268 295 294 in
312 275 342 295 se
356 275 410 295 non
424 268 551 296 confusio
571 269 661 304 aliqua
678 272 730 301 est,
748 274 795 296 aut
817 271 844 297 in
867 277 896 298 se
915 270 974 305 ipsa

184 312 417 348 perturbationem
440 313 522 340 ullam
545 313 636 346 habet,
658 319 705 342 aut
729 315 881 350 quidpiam,
902 316 975 351 quod

185 358 325 386 inferioris
337 359 502 386 conditionis
518 359 564 392 sit,
583 367 618 388 ne
632 360 655 388 si
671 360 846 388 discernatur
861 361 975 397 aliquid,

184 403 398 439 iucomparabile
417 404 506 439 ipsum
528 405 605 432 tollat
621 413 637 433 e
655 406 760 440 medio;
784 410 831 434 aut
861 407 883 435 si
909 407 975 442 quid

183 454 380 477 commutatum
402 449 492 483 fuerit,
508 458 570 482 esse
592 451 699 480 desinat
713 453 864 488 privatione
879 454 974 482 subla-

185 502 252 528 tum,
269 503 300 522 ac
321 496 378 524 sola
393 496 563 530 habitudine,
582 505 637 525 non
660 506 693 525 ex
716 499 755 526 rei
778 499 906 532 veritate;
930 505 976 527 aut

184 549 250 569 voce
270 547 350 570 tenus
368 544 415 574 sit,
434 543 576 578 obiterque
597 545 784 578 nominatum;
806 553 839 573 ac
859 545 977 580 denique

1028 271 1066 306 μὴ
1082 271 1123 303 ὃν,
1139 271 1177 302 ὡς
1198 271 1215 306 ὴ
1237 271 1271 306 σὴ
1293 271 1400 302 πάντως
1414 271 1579 307 περινθείται
1593 269 1706 301 διάνοια,
1718 268 1819 301 ἀποξε-

1027 316 1111 343 νῶσαι
1131 316 1289 352 πειρωμένη
1315 315 1362 343 τοῦ
1383 317 1432 351 τῆς
1456 315 1572 347 πίστεως
1593 315 1683 349 λόγου,
1701 315 1743 341 ὃτι
1769 316 1820 342 Ut-

1027 362 1148 389 στεύειν
1173 361 1219 389 δεῖ
1238 361 1292 388 τὸν
1314 361 1558 396 προσερχόμενον
1580 360 1651 393 Θεῷ,
1674 360 1719 387 ὅτι
1740 359 1818 392 ἐστι,

1028 407 1077 434 καὶ
1093 407 1155 440 τοῖς
1165 407 1343 442 ἐκζητοῦσιν
1356 407 1450 434 αὑτὸν
1459 407 1683 442 μισθαποδότης
1694 406 1815 441 γίνεται·

1027 453 1096 488 ὅπερ
1111 454 1139 480 ἑν
1155 453 1242 488 [lupi
1256 452 1330 488 μὸνῳ
1347 453 1377 479 οὐ
1399 452 1512 481 δύναται
1524 451 1710 488 τελειωθῆναι.
1718 451 1749 477 '0
1764 450 1822 485 γὰρ

1031 499 1067 534 μὴ
1088 498 1159 534 έχων
1182 498 1227 525 τὸν
1243 499 1307 525 Υίδν
1321 498 1382 525 οὐδὲ
1403 499 1448 526 τὸν
1471 498 1582 534 Πατέρα
1593 498 1665 533 ἔχει·
1683 497 1730 524 καὶ
1745 498 1759 523 ὁ
1773 496 1821 524 τὸν

1029 545 1093 571 Υἰὺν
1107 544 1194 578 λέγων
1210 544 1240 571 οὐ
1256 544 1367 572 δύναται
1380 544 1457 576 me;
1470 544 1628 579 Πνεύματος
1641 544 1730 578 ἁγίου.

184 595 319 622 nusquam
330 591 428 620 exstet,
442 588 515 622 quod
529 596 611 624 prava
629 589 675 616 tibi
690 590 818 625 opinione
848 590 993 626 contingis,
1013 597 1045 618 ex
1079 598 1133 625 qua
1151 589 1300 625 Scriptum
1320 591 1391 618 hanc
1415 590 1578 618 sententiam
1597 597 1612 617 a
1630 589 1692 617 ﬁdei
1712 587 1821 624 profes-

184 633 261 660 sione
274 632 428 664 excludere,
449 637 476 660 et
499 634 656 668 abjudicare
678 635 820 664 contendis
836 644 844 663 :
860 635 973 664 Credere
992 641 1092 670 oportet
1129 636 1294 664 accedentem
1314 636 1349 663 ad
1374 636 1466 668 Deum,
1479 637 1606 672 quoniam
1621 640 1672 667 est,
1700 640 1725 662 et
1746 642 1819 670 quc-

183 678 301 706 rantibus
318 679 403 712 ipsum
421 685 601 707 remunerarer
621 685 660 708 est
687 681 695 697 ι
711 691 718 708 :
735 682 788 709 hoc
809 687 899 710 autem
920 682 980 710 solo
1000 682 1028 709 in
1060 681 1141 710 Patre
1171 683 1282 717 intelligi
1300 690 1353 709 non
1369 686 1469 717 potest.
1489 681 1557 710 Nam
1574 682 1622 717 qui
1644 681 1741 709 Filium
1763 689 1821 709 non

183 725 275 757 habet,
292 724 371 753 Patre
387 734 496 762 quoque
511 734 606 756 carere
628 735 742 756 necesse
759 732 813 762 est,
830 733 858 756 et
873 729 921 765 qui
938 729 1037 756 Filium
1068 730 1201 761 nominat,
1236 730 1295 756 sine
1313 728 1416 764 Spiritu
1450 733 1547 756 sancto
1579 728 1669 756 facere
1684 727 1760 755 istud
1771 735 1824 755 ne-

183 771 254 805 quit.

221 815 263 843 lll.
278 816 325 844 Est
336 818 408 844 enim
428 826 458 846 re
472 819 531 854 ipsa
545 818 626 848 Pater
639 828 722 849 verus
738 820 821 853 Deus.
839 825 869 849 ut
889 826 973 850 testa-

1064 821 1100 847 Γ.
1125 821 1202 847 Ἐστι
1218 820 1272 855 γὰρ
1291 819 1329 852 ὡς
1348 818 1455 854 ἀληθῶς
1467 819 1482 845 ὁ
1494 818 1588 854 Πατὴρ
1603 818 1728 854 ἀληθινὸς
1742 819 1821 852 Θεὸς,

185 866 230 889 tur
249 861 345 895 Filius,
361 864 409 898 qui
430 865 507 892 novit
525 865 650 899 Patrem;
675 871 703 894 et
722 875 786 894 vera
804 868 849 894 lux
873 873 913 896 est
932 868 977 894 Fi-

1033 868 1065 899 h;
1083 868 1218 903 μαρτυρεί
1233 867 1247 893 ὁ
1262 866 1335 898 Υἱὸς,
1349 866 1364 892 ὁ
1378 865 1455 896 εἰδὼς
1469 864 1517 890 τὸν
1532 864 1654 899 Πατέρα⁴
1665 864 1713 890 καὶ
1726 863 1823 900 ἀληθι-

186 907 248 938 lius,
261 908 307 943 qui
323 909 508 944 cognoscitur,
520 910 699 946 ejusdemque
716 913 874 940 testimonio
887 913 977 940 decla-

185 957 281 985 ratur;
298 958 325 981 et
346 953 465 989 Spiritus
491 956 617 985 veritatis
637 962 680 985 est
699 958 827 992 Spiritus,
851 959 898 994 qni
923 967 976 986 non

185 999 292 1026 alienus
306 1003 358 1031 est,
372 1000 420 1027 sed
441 1008 456 1027 a
481 1000 561 1028 Patre
577 1002 762 1036 proficiscitur
779 1004 800 1037 ',
820 1008 848 1031 et
870 1012 885 1031 a
909 1004 978 1032 Filio

185 1044 285 1078 accipit
298 1045 317 1071 ³.
333 1046 421 1080 Atque
437 1045 495 1074 hac
509 1047 601 1074 omnia
616 1051 690 1075 tuam
707 1048 780 1076 illam
801 1055 978 1085 argumento—

185 1098 248 1117 rum
263 1090 383 1118 fabulam
398 1092 640 1120 circumscribunt.
657 1093 750 1129 Neque
772 1095 800 1122 id
824 1095 978 1124 hortatione

184 1136 241 1164 ulla
257 1137 389 1171 perficere
410 1141 498 1173 potes,
514 1143 544 1166 ut
568 1138 724 1168 Aristotelis
744 1142 922 1176 praeceptoris
937 1143 977 1170 tul

185 1182 312 1218 discipuli
336 1191 397 1212 esse
418 1185 552 1218 velimus;
577 1191 624 1213 aut
654 1187 832 1221 piscatorum,
857 1188 903 1223 qui
932 1189 978 1217 Dei

185 1225 290 1263 Spiritu
304 1230 457 1258 collustrati
472 1235 547 1263 sunt,
563 1231 716 1260 doctrinam
735 1234 899 1269 relinquere,
913 1235 977 1262 illit-

185 1278 333 1301 teratorum
353 1276 461 1309 quidem
478 1280 505 1303 et
526 1276 645 1308 rudium,
667 1278 714 1305 sed
734 1279 854 1306 veritatis
877 1280 978 1307 nihilo-

185 1320 278 1347 minus
292 1328 446 1354 przeconum
459 1330 467 1348 :
481 1329 536 1357 quo
550 1329 664 1351 munere
681 1322 727 1351 Dei
740 1325 839 1352 virtute
851 1333 883 1352 ac
899 1326 979 1353 bene-

186 1365 249 1393 ﬁcio
268 1365 402 1400 perfuncti
423 1372 496 1394 sunt.
510 1367 569 1395 Non
581 1368 654 1395 enim
673 1369 698 1396 in
714 1370 880 1405 syllogismis
898 1378 980 1406 argu-

185 1410 319 1437 mentisve
337 1418 449 1445 regnum
474 1413 585 1440 caeleste
609 1414 726 1447 positum
752 1419 813 1447 est,
838 1423 926 1450 neque
950 1416 979 1443 in

187 1457 324 1490 arroganti
339 1455 486 1492 inllatoque
500 1465 637 1490 sermone,
657 1459 706 1486 sed
727 1459 754 1486 in
771 1461 872 1488 virtute
886 1468 918 1487 ac
934 1469 978 1488 ve-

185 1501 267 1528 ritate
282 1501 302 1527 ⁸.
316 1500 371 1529 Nos
390 1507 480 1530 autem
505 1504 573 1531 satis
596 1512 734 1539 superque
755 1505 887 1534 hactenus
903 1511 978 1534 tuam

1028 914 1073 940 νὺν
1087 913 1145 948 φῶς
1157 914 1171 940 ὁ
1186 912 1260 944 Υἱὸς,
1274 912 1288 939 ὁ
1303 911 1504 946 γινωσκόμενος
1519 910 1572 937 ὑπὸ
1585 909 1632 936 τοῦ
1643 909 1761 945 Πατρδς,
1774 910 1822 937 καὶ

1030 958 1268 996 μαρτυρούμενος·
1281 958 1329 984 καὶ
1341 955 1454 992 Πνεῦμα
1464 955 1592 991 ἀληθείας
1606 954 1636 981 τὸ
1652 954 1774 989 Πνεῦμα,
1791 955 1824 981 τὸ

1028 1007 1077 1033 οὐκ
1101 1006 1240 1041 ἀλλότριον
1265 1004 1305 1037 ὃν,
1322 1003 1379 1031 ἀλλ’
1397 1002 1450 1030 ἀπὸ
1468 1002 1573 1038 Πατρὸς
1592 1001 1822 1037 ἐκπορευόμενον,

1028 1053 1075 1079 καὶ
1087 1051 1134 1078 τοῦ
1149 1051 1215 1079 Υίοῦ
1227 1050 1376 1087 λαμόἀνον.
1395 1048 1488 1076 Ταῦτα
1506 1047 1535 1074 δὲ
1549 1048 1708 1083 ἀφαιρεῖται
1731 1047 1825 1074 πᾶσάν

1029 1107 1075 1124 σου
1096 1097 1150 1124 τῶν
1173 1097 1272 1132 λόγων,
1291 1096 1389 1127 Ἀέτιε,
1415 1093 1624 1129 συλλογιστικὴν
1646 1092 1824 1129 μυθολογίαν.

1029 1143 1082 1169 Καὶ
1102 1143 1153 1169 οὐκ
1171 1142 1309 1177 ἐνδέχεται
1325 1141 1399 1176 ἡμᾶς
1415 1139 1620 1176 προτρέψασθαι
1637 1138 1761 1174 μαθητὰς
1776 1146 1827 1173 γε-

1028 1188 1121 1215 νέσθαι
1144 1187 1344 1223 Ἀριστοτέλους
1368 1187 1415 1214 τοῦ
1439 1186 1486 1213 σοῦ
1506 1186 1662 1217 ἐπιστάτου,
1680 1185 1727 1212 καὶ
1743 1185 1826 1212 ὲάσαι

1027 1234 1074 1261 τὸν
1094 1233 1148 1260 τῶν
1173 1235 1202 1260 ὲν
1227 1233 1367 1268 Πνεύματι
1389 1231 1457 1260 Θεοῦ
1483 1231 1699 1266 πεφωτισμένων
1725 1230 1827 1258 ἀλιέων

1028 1279 1218 1315 ἀγραμμάτων
1233 1279 1318 1306 ὄντων
1333 1277 1404 1305 κατὰ.
1419 1277 1464 1304 τὸν
1479 1277 1568 1312 λόγον,
1583 1276 1630 1303 καὶ
1643 1274 1765 1303 ίδιωτῶν,
1776 1282 1827 1308 κη-

1029 1325 1120 1362 ρύκων
1141 1325 1169 1352 δὲ
1193 1325 1279 1352 ὄντων
1299 1324 1349 1360 τῆς
1369 1323 1500 1359 ἀληθείας
1521 1324 1550 1350 ὲν
1575 1321 1689 1357 δυνάμει
1709 1319 1790 1352 Θεοῦ,
1805 1315 1827 1358 ᾗ

1029 1371 1220 1407 κατηξίωνται.
1237 1371 1275 1397 UO
1293 1370 1348 1406 γὰρ
1368 1371 1398 1397 ὲν
1416 1369 1488 1404 λόγῳ
1502 1366 1697 1402 συλλογιστικῷ
1711 1367 1728 1402 ὴ
1746 1366 1826 1401 βασι-

1029 1417 1088 1444 λεία
1103 1416 1158 1444 τῶν
1172 1416 1306 1452 οὐρανῶν,
1322 1415 1370 1443 καὶ
1387 1416 1416 1441 ὲν
1431 1415 1503 1449 λόγῳ
1515 1412 1706 1449 κομπαστικῷ,
1721 1411 1778 1438 ἀλλ’
1793 1411 1826 1438 ὲν

1030 1462 1144 1498 δυνάμει
1171 1462 1218 1489 καὶ
1233 1461 1359 1497 ἀληθείᾳ.
1375 1461 1431 1488 Καὶ
1446 1460 1500 1496 γὰρ
1514 1459 1637 1495 ἀρκετῶς
1652 1457 1823 1492 είκάσαμεν³

1030 1508 1060 1542 ὲξ
1073 1508 1162 1544 ἀρχῆς
1177 1507 1224 1534 τοῦ
1247 1507 1326 1542 λόγου
1345 1514 1393 1534 σου
1415 1505 1462 1534 τοῦ
1483 1505 1548 1540 περὶ
1566 1504 1721 1539 στερήσεως
1739 1502 1827 1534 ἕξεων

187 1547 260 1574 illam
280 1548 314 1574 de
330 1548 481 1582 privatione
496 1549 668 1577 all‘eetionum
684 1558 716 1578 ac
739 1552 905 1586 positionum
922 1553 978 1580 dis-

1033 1554 1077 1581 καὶ
1094 1553 1194 1580 Θέσεων
1214 1553 1262 1580 καὶ
1282 1553 1414 1588 γεννητὴν
1435 1551 1529 1579 οὐσίαν
1550 1551 1596 1577 καὶ
1616 1550 1762 1585 ἀγέννητον
1777 1549 1827 1575 οὑ-

186 1593 354 1627 putationem
375 1594 542 1621 audivimus.
566 1594 635 1622 Tum
655 1595 772 1629 genitam
789 1596 861 1623 illam
875 1596 981 1632 ingeni-

186 1644 298 1674 tnmque
309 1639 494 1666 substantiam
511 1641 692 1668 asciscentem
704 1641 770 1673 sibi,
785 1641 826 1669 vel
841 1649 895 1669 non
908 1642 980 1669 asci-

186 1689 307 1712 sceutem
321 1685 435 1720 aliquid,
450 1690 478 1712 et
493 1694 547 1713 una
565 1694 627 1714 cum
641 1686 784 1714 affectione
806 1687 890 1721 hujus
910 1695 980 1722 quo-

187 1739 240 1765 que
255 1731 390 1766 jacturam
423 1733 581 1767 patientem.
605 1732 716 1760 Necnon
732 1738 758 1760 et
776 1732 810 1760 de
826 1733 979 1761 substantia

185 1778 275 1811 genita
294 1778 375 1805 siuml
392 1778 541 1812 implicata,
559 1782 585 1805 et
600 1778 713 1813 ingeniti
729 1778 882 1807 affectione.
908 1778 978 1806 Tum

186 1822 221 1849 de
235 1822 328 1850 sobole
352 1823 454 1857 genita,
471 1831 531 1857 qua:
554 1831 602 1857 per
625 1823 772 1857 quemdam
788 1823 872 1850 veluti
886 1828 978 1852 trans-

186 1870 254 1896 itum
267 1876 408 1903 expressa,
425 1868 652 1904 significationem
672 1869 851 1897 nihilominus
872 1877 981 1904 νει-ωας

186 1915 277 1942 uentis
309 1914 461 1942 affectionis
484 1914 585 1946 habet,
613 1918 640 1942 et
671 1921 703 1942 ex
729 1919 829 1942 natura
853 1915 981 1950 quapiam

186 1961 426 1988 t‘otllllllllalionelll
443 1960 554 1992 indicat,
569 1968 632 1988 cum
649 1961 739 1996 genita
760 1961 869 1989 soboles
886 1962 981 1996 appet

1032 1599 1094 1626 σίαν
1119 1598 1391 1634 προσλαμϐάνουσαν,
1414 1597 1462 1624 καὶ
1489 1597 1527 1633 μὴ
1549 1595 1826 1632 προσλαμϐάνουσαν.

1031 1643 1078 1670 καὶ
1103 1643 1163 1678 μεθ’
1175 1642 1258 1676 ῑξεως
1278 1641 1363 1675 ἕξεως
1386 1641 1577 1677 ἀπομένουσαν
1598 1639 1754 1675 ἀποϐολὴν,
1776 1639 1828 1666 καὶ

1031 1689 1095 1724 περὶ
1125 1688 1219 1720 οὐσίας
1251 1687 1493 1723 καταπλεκομένης
1517 1686 1658 1721 γεννητῆς,
1683 1685 1766 1718 ἕξεως
1795 1684 1828 1712 δὲ

1031 1734 1179 1769 ἀγεννήτου
1191 1741 1197 1748 ·
1217 1733 1264 1760 καὶ
1279 1733 1401 1768 γέννημα
1418 1731 1563 1766 λεγόμενον
1583 1731 1612 1757 ἐν
1637 1731 1757 1766 παρόδῳ,
1776 1738 1827 1766 ση-

1033 1779 1197 1814 μαινομένου
1221 1778 1250 1805 δὲ
1273 1779 1302 1805 ὲν
1323 1778 1378 1812 ἔξει
1403 1777 1481 1813 μόνῃ,
1503 1777 1551 1804 καὶ
1571 1777 1652 1809 ἕξεως
1676 1775 1828 1811 δηλωτικδν

1033 1824 1273 1859 μεταπλαζομένου
1297 1824 1327 1857 ἐξ
1347 1823 1441 1855 οὐσίας
1462 1822 1544 1855 τινὸς,
1559 1823 1610 1849 κᾶν
1626 1830 1655 1849 τε
1678 1821 1827 1856 λεγομένου

1031 1871 1212 1906 γεννήματος,
1229 1871 1267 1902 ὼς
1281 1870 1358 1905 ἔφης.
1376 1869 1452 1896 Δύτά
1470 1869 1525 1905 γὰρ
1540 1868 1669 1904 περὶτῶν
1687 1866 1779 1894 αὐτῶν
1795 1867 1828 1892 τὸ

1031 1916 1166 1952 διανόημά
1182 1925 1229 1943 σου
1244 1916 1329 1948 λαλεῖ,
1343 1915 1426 1952 μηδὲν
1442 1914 1690 1951 παραιτοῦνσκατὰ
1704 1912 1759 1940 τῶν
1775 1912 1826 1940 αὖ·

1032 1962 1087 1989 τῶν
1102 1962 1235 1998 φέρεσθαι
1249 1961 1446 1997 φθεγγόμενον.

187 2006 269 2033 latur.
287 2005 357 2040 Ergo
384 2007 480 2035 iisdem
499 2007 533 2034 de
548 2007 629 2034 rebus
649 2007 744 2035 eadem
766 2007 867 2042 saepius
892 2011 940 2035 tuo
959 2016 993 2035 ex
1030 2008 1139 2044 ingenio
1162 2009 1313 2044 proponis,
1337 2007 1412 2044 quod
1439 2008 1535 2037 eadem
1563 2007 1703 2036 inculcare
1725 2004 1827 2041 saepius

186 2051 257 2079 nihil
276 2055 396 2080 veretur.

382 2097 464 2133 965
476 2097 565 2125 AETII
585 2097 699 2126 CAPUT
719 2097 789 2125 XXI.

223 2143 252 2171 Si
280 2148 336 2171 tam
364 2144 526 2179 ingenitum.
556 2151 639 2179 quam
665 2144 788 2179 genitum
809 2143 917 2172 affectio
933 2145 980 2176 sit,

1213 2096 1410 2123 ΚΕΦᾹΛΑΙΟΝ
1431 2096 1558 2124 ΑΕΤΙΟΥ
1576 2096 1641 2123 KA'.

1071 2142 1103 2169 Εί
1124 2143 1155 2169 τὸ
1185 2142 1332 2177 ἀγέννητον
1347 2141 1403 2174 ἕξις
1415 2160 1422 2173 ,
1444 2141 1492 2168 καὶ
1515 2141 1546 2167 τὺ
1563 2140 1693 2176 γεννητὸν
1710 2140 1784 2175 ἕξις,
1799 2141 1827 2169 αι

187 2190 348 2218 substantiae
368 2190 477 2224 quidem
501 2189 692 2218 affectionibus
716 2191 833 2226 priores.
857 2189 977 2218 affectio-

1033 2188 1080 2223 μὲν
1094 2187 1184 2215 οὐσίαι
1198 2187 1253 2214 τῶν
1269 2187 1351 2219 ἕξεων
1376 2187 1500 2222 πρῶται,
1522 2187 1551 2214 αί
1564 2186 1593 2213 δὲ
1618 2186 1689 2219 ἕξεις
1705 2187 1762 2213 τῶν
1776 2187 1820 2214 οὐ·

133 2247 139 2254 ι
186 2244 237 2263 nes
255 2243 338 2271 porro
357 2235 396 2263 uti
412 2239 509 2263 natura
527 2236 706 2270 posteriores.
731 2236 772 2264 sic
787 2236 884 2264 iisdem
899 2239 978 2264 ante-

187 2283 319 2318 ponendae
331 2285 407 2309 sunt.
425 2281 502 2314 Quod
517 2281 539 2308 si
552 2281 705 2316 ingenitum
720 2282 804 2317 geniti
819 2289 905 2310 causa
924 2286 978 2315 est,

186 2329 266 2363 eique
290 2327 396 2354 confert
424 2331 454 2354 ut
482 2327 618 2360 exsistat;
652 2328 774 2363 genitum
812 2335 876 2355 vero
911 2334 977 2355 cau-

187 2383 246 2402 sam
269 2375 356 2410 ipsam
379 2374 541 2401 substantiar
563 2382 614 2402 sua
639 2375 751 2402 notione
774 2374 978 2409 complectens,

185 2420 367 2448 substantiam
386 2419 484 2454 ipsam.
500 2427 554 2447 non
570 2420 740 2448 affectionem
755 2419 895 2454 exprimit,
916 2427 980 2447 cum

187 2467 310 2503 ingenita
332 2470 429 2494 natura
455 2466 522 2493 nihil
541 2467 599 2502 ipsa
617 2474 710 2494 secum
732 2466 872 2498 includat;
891 2473 982 2493 nonne

185 2512 338 2540 substantia
372 2511 463 2547 potius
491 2520 574 2548 quam
603 2512 712 2540 affectio
742 2511 866 2546 quaedam
899 2510 981 2539 debet

185 2559 295 2587 videri?

456 2604 612 2638 Confutatio
633 2601 713 2630 XXI.

222 2651 243 2678 1.
267 2651 303 2678 De
326 2650 519 2678 affectionibus
543 2657 606 2677 cum
625 2649 660 2677 de
677 2649 769 2676 divina
792 2653 901 2681 natura,
915 2655 980 2683 per-

1035 2234 1112 2265 σιῶν,
1127 2234 1152 2260 εἰ
1167 2234 1214 2260 καὶ
1227 2233 1365 2268 δεύτεραι,
1382 2232 1440 2260 ἀλλ’
1455 2230 1501 2260 οὖν
1519 2241 1552 2267 γε
1572 2233 1780 2269 προτιμότεραι.
1795 2232 1826 2260 El

1034 2280 1064 2307 δὲ
1079 2279 1108 2306 τὸ
1126 2280 1271 2315 ἀγέννητον
1286 2279 1333 2305 τοῦ
1351 2278 1481 2314 γεννητοῦ
1503 2278 1588 2306 αἴτιόν
1603 2280 1660 2305 ἐστι
1671 2299 1678 2311 ,
1699 2279 1747 2306 τοῦ
1759 2277 1826 2306 εἶναι

1035 2326 1251 2361 σημαινομένου,
1271 2325 1393 2360 γέννημα
1417 2325 1593 2360 συνεισφέρον
1610 2326 1643 2360 τῇ
1665 2324 1764 2351 ἑαυτοῦ
1784 2325 1828 2351 οὐ·

1036 2372 1081 2407 σίᾳ
1099 2371 1145 2398 τὸν
1167 2372 1268 2402 αίτιον,
1286 2370 1380 2402 οὐσίας
1403 2371 1462 2397 ἐστὶ
1475 2370 1624 2405 δηλωτικὸν
1647 2370 1678 2396 τὸ
1693 2370 1826 2406 γέννημα,

1037 2417 1094 2444 ἀλλ’
1116 2417 1165 2452 οὐχ
1180 2417 1278 2450 ἕξεως,
1294 2417 1343 2452 τῆς
1364 2416 1512 2451 ἀγεννήτου
1527 2415 1634 2450 φύσεως
1649 2415 1726 2442 οὐδὲν
1746 2416 1827 2451 ἑαυτῇ

1039 2463 1250 2498 συνειοαγοὺσης
1263 2472 1270 2479 ·
1298 2463 1356 2496 πῶς
1379 2463 1428 2489 οὐκ
1445 2462 1477 2489 ἂν
1502 2462 1545 2498 εἴη
1571 2462 1666 2495 οὐσία,
1682 2461 1742 2488 ἀλλ’
1761 2461 1827 2494 ἕξις,

1040 2511 1087 2537 καὶ
1103 2511 1120 2546 ἡ
1135 2511 1281 2546 ἀγέννητος
1296 2510 1393 2545 φύσιςς

1286 2627 1297 2632 -
1307 2603 1469 2638 Ἀνατροπὴ
1494 2605 1558 2631 KA’.

1069 2649 1107 2677 A’.
1130 2649 1234 2682 Ἕξεων
1260 2650 1436 2685 διαληπτιχδν
1461 2649 1540 2684 λόγον
1565 2648 1611 2675 ἐπὶ
1636 2648 1704 2675 Θεοῦ
1726 2657 1755 2675 τε
1782 2648 1827 2674 καὶ

187 2695 251 2724 inde
265 2703 297 2723 ac
311 2695 347 2723 de
366 2695 545 2723 inferioribus
563 2694 619 2721 Deo
630 2693 761 2729 disputat,
785 2693 884 2722 iterum
898 2700 978 2728 agere

1034 2694 1103 2728 μετὰ
1122 2694 1188 2721 Θεὸν
1203 2694 1419 2727 κατασκευάζειν
1439 2694 1520 2721 πάλιν
1534 2695 1600 2729 ἡμῖν
1616 2693 1746 2728 πειρᾶται
1770 2691 1828 2719 ’Δέ-

186 2741 306 2769 instituit
319 2741 424 2773 Aetius,
441 2745 470 2767 ut
487 2741 704 2768 animadvertere
717 2740 841 2775 potestis.
852 2739 977 2767 veritatis

1033 2748 1105 2771 τιος,
1130 2740 1167 2771 ὡς
1183 2741 1264 2776 ὁρᾶτε
1279 2761 1286 2773 ,
1306 2741 1378 2775 φίλοι
1395 2742 1444 2777 τῆς
1468 2740 1608 2775 ἀληθείας.
1636 2739 1692 2766 Καὶ
1720 2739 1756 2766 τὰ
1781 2738 1828 2774 μὲν

187 2787 303 2815 studiosi
320 2794 426 2814 omnes.
445 2786 473 2812 In
494 2794 549 2821 quo
567 2786 697 2813 nonnulla
715 2785 806 2821 priora
824 2784 901 2817 facit,
923 2786 974 2811 alia

1033 2783 1124 2820 πρῶτα
1136 2785 1237 2821 τίθησι,
1249 2786 1283 2812 τὰ
1293 2786 1321 2813 δὲ
1333 2786 1454 2822 δεύτερα.
1475 2785 1541 2812 Ἐπὶ
1560 2783 1619 2819 Θεῷ
1636 2784 1664 2811 δὲ
1682 2783 1828 2819 λαμϐάνειν

226 2845 248 2880 -·
266 2842 347 2870 llobr.
368 2850 405 2875 ιι,
426 2841 452 2869 ϐ.
529 2841 606 2870 Joan.
622 2849 677 2875 xvi,
689 2841 734 2869 26.
783 2842 793 2857 ³
807 2841 886 2869 Joan.
904 2848 958 2874 nl,

1038 2841 1080 2868 l5.
1119 2840 1150 2868 ‘l
1170 2841 1234 2869 Cor.
1247 2850 1282 2876 ιν,
1313 2842 1359 2870 20.
1395 2841 1405 2858 '
1426 2841 1453 2868 F.
1469 2841 1636 2876 ἠκούσαμεν.
1683 2838 1697 2878 ,⁸
1710 2839 1741 2867 ι·“.
1762 2839 1829 2876 πέρα
