1945 3043
116 125 173 154 597

421 128 607 157 ADVERSUS
627 130 799 159 ιιωιεδεδ
816 132 878 161 LIB.
899 133 915 162 ll

968 132 1046 163 ΪΟΜ.
1067 134 1087 163 Ι.
1107 150 1141 155 --
1159 133 1294 162 ΙΙᾹίίὶΕὸ.
1316 133 1430 162 LXXVI.

1696 134 1747 162 598

116 185 217 220 πρῶτα
235 184 251 220 ἢ
275 184 390 220 δεύτερα
407 186 470 212 οὔτε
486 185 565 222 Θέμις
585 186 685 221 λέγειν.
707 188 782 224 ’Ἅμα
800 189 854 224 γὰρ
879 191 908 217 ἐν

968 191 1123 226 posteriora.
1147 192 1229 227 Atqui
1249 191 1340 227 priora
1366 190 1420 218 ulla
1443 190 1470 217 'm
1496 189 1561 223 Deo,
1585 191 1626 218 vel
1657 197 1746 226 pom:-

116 230 180 266 Θεῷ
193 230 228 258 τὰ
246 231 335 257 πάντα
352 230 498 267 πρόσεστι,
521 232 569 259 καὶ
584 233 742 270 προσθήκης
765 235 795 262 οὐ
811 235 908 262 δέεται.

117 276 166 302 Διὸ
183 276 229 303 καὶ
251 276 281 303 τὸ
297 276 422 312 γέννημα
441 277 492 306 οὐκ
515 277 569 305 ἀπὸ
587 279 682 314 χρόνου
698 280 815 307 νοεῖσθαι
833 281 910 307 εὐσε-

118 322 171 357 ϐὴς
197 322 281 358 χωρεῖ
307 322 396 357 λόγος.
422 323 482 359 Θεῷ
507 324 560 360 γὰρ
580 325 685 360 “arpi.
711 326 758 352 καὶ
773 326 847 361 Υῑῷ,
864 327 911 354 καὶ

119 367 193 403 ἁγίῳ
205 368 342 404 Πνεύματι
354 388 361 400 ,
379 369 502 396 τουτέστι
516 371 549 405 τῇ
576 370 670 405 Τριάδι
683 371 715 406 τῇ
731 370 799 408 οὔσῃ
814 371 882 407 ὅπερ
898 372 912 398 ὸ

119 414 159 441 ὢν
173 414 255 447 Θεὺς,
269 415 391 443 καλεῖται
408 416 504 452 Πατὴρ
519 417 532 443 ὁ
553 416 591 443 ὦν
601 437 608 448 ,
621 417 668 444 καὶ
684 417 748 450 Υἱὸς
761 419 775 445 ὁ
792 417 829 445 ὣν
845 418 912 454 πρὸς

119 461 167 487 τὸν
181 462 245 488 οντα
263 462 300 488 ὢν
310 482 318 494 ,
335 462 534 498 γεγεννημένος
552 463 677 499 ἁνάρχως
704 464 751 491 καὶ
767 464 888 500 ἀχρόνως
903 473 910 480 ⁸

121 507 162 538 ὼς
177 506 206 533 τὸ
217 527 225 539 ,
243 505 325 541 Παρὰ
341 508 390 534 σοὶ
406 507 487 542 πηγὴ
502 507 594 543 ζωῆς·
609 509 655 535 καὶ
668 509 709 541 τὸ,
729 510 776 536 Ἐν
789 509 828 542 τῷ
838 510 913 544 φωτί

121 560 180 578 σου
198 552 330 587 ὀψόμεθα
348 552 412 588 φῶς
423 561 429 568 ·
451 553 497 580 καὶ
513 554 552 586 τὺ,
572 554 599 580 ’0
615 554 657 580 ὢν
675 556 717 588 εἰς
731 555 782 582 τὸν
797 556 912 582 κόλπον

121 598 176 624 τοῦ
196 599 308 632 Πατρός
320 606 326 612 ·
342 599 389 626 καὶ
403 599 442 631 τὸ,
464 600 511 626 Ἐν
525 599 604 634 ἀρχῇ
617 598 657 636 ἦν
680 601 696 627 ὀ
709 601 814 636 Λόγος,
829 602 878 628 καὶ
896 603 912 629 ό

123 644 219 677 Ατίγος
234 642 273 679 ἦν
287 644 362 679 πρὸς
383 645 433 672 τὸν
449 645 538 677 Θειῖν,
555 646 604 673 καὶ
619 646 691 679 Θεὸς
704 645 744 682 ἦν
760 648 776 674 ό
795 648 890 682 Λόγος
903 657 910 663 ·

122 688 170 714 xxi.
187 688 307 724 περὶτοῦ
323 689 398 723 ἁγίου
413 689 568 725 Πνεύματος
583 691 727 722 ὡσαύτως·
747 691 781 718 Τὸ
793 692 914 726 Πνεῦμά

120 744 181 768 μου
197 735 364 769 ἐφέστηκεν
380 736 415 762 ἐν
433 736 518 770 μέσῳ
532 737 625 772 ὑμῶν.
646 738 701 764 Καὶ
720 738 802 774 ὁρᾶς.
816 739 857 765 ὅτι
873 739 914 765 οὑ-

122 780 166 807 ὁὲν
180 782 333 816 πρόσφατον
347 783 375 809 ὲν
389 783 423 818 τῇ
434 783 541 819 Τριάδι;
550 783 595 810 Διὸ
607 783 668 810 οὔτε
681 783 737 816 ἕξις
751 784 803 820 πρὸ
819 784 911 817 ἕξεως,

123 825 186 853 οὔτε
199 826 255 858 ἕξις
271 827 324 862 πρὸ
340 828 442 859 οὐσίας.
454 827 528 861 ’Ἐξιν
544 828 572 855 δὲ
583 829 613 855 οὐ
631 829 700 856 κατὰ
711 829 761 861 τὰς
775 829 913 865 σφαλερὰς

962 239 1035 265 riora
1056 238 1223 265 constituere
1256 244 1290 264 ne
1312 244 1438 264 sermone
1460 236 1569 271 quidem
1602 235 1674 262 licet.
1701 235 1746 262 Et-

961 283 1034 311 enim
1059 284 1141 312 simul
1167 284 1195 310 in
1220 282 1275 311 Deo
1299 283 1394 310 insunt
1419 282 1555 314 universa,
1577 289 1627 309 nec
1654 289 1747 309 acces-

962 329 1067 357 sionem
1082 329 1200 364 aliquam
1225 327 1373 356 desiderat.
1397 327 1532 360 Quocirca
1552 334 1614 354 cum
1626 327 1744 362 genitam

962 375 1084 403 sobolem
1100 374 1229 407 dicimus,
1245 374 1313 402 nihil
1324 373 1436 401 omnino
1450 373 1645 408 temporarium
1659 372 1746 408 pietas

963 420 1092 447 adtuittit.
1123 419 1189 446 Nam
1210 420 1238 446 in
1264 419 1438 447 sanctissima
1462 418 1605 451 Trinitale.
1630 419 1682 446 hoc
1704 422 1747 446 est

963 465 1019 492 Deo
1043 464 1134 498 Patre,
1157 464 1225 492 Filio
1239 468 1267 492 et
1295 464 1396 500 Spiritu
1418 467 1524 495 sancto,
1549 463 1595 499 qui
1614 467 1657 491 est
1674 462 1746 490 Deus

962 510 1117 542 exsistens,
1145 509 1226 537 Pater
1238 509 1376 537 exsistens
1400 512 1524 541 vocatur,
1545 515 1649 536 necnon
1661 512 1687 536 et
1700 515 1748 535 ex-

963 555 1064 583 sistens
1087 554 1172 583 Filius
1198 563 1260 582 cum
1283 555 1431 582 exsistente
1456 559 1638 590 comparatus,
1656 553 1689 580 ab
1704 560 1748 580 eo-

963 609 1015 636 que
1030 601 1099 628 citra
1118 600 1224 628 initium
1247 601 1332 628 ullum
1357 605 1517 635 tempusque
1538 600 1655 635 genitus,
1672 604 1701 626 ut
1713 607 1746 626 ex

963 647 996 674 iis
1021 646 1168 681 Scriptura:
1192 645 1260 673 locis
1282 645 1479 681 intelligimus:
1495 645 1571 680 Apud
1589 651 1612 672 te
1631 649 1670 672 est
1687 644 1746 680 fons

963 693 1022 720 vita:
1032 692 1052 718 ⁸.
1074 692 1157 720 Item:
1175 691 1324 719 [alumine
1338 696 1381 718 tuo
1399 691 1542 718 videbimus
1562 691 1685 724 lttnien';
1702 694 1745 718 et:

963 738 1016 771 Qui
1039 742 1077 765 est
1099 738 1126 764 in
1145 738 1205 764 sirm
1231 736 1321 763 Patris
1333 737 1353 764 ⁸.
1388 736 1453 764 Item
1470 746 1476 763 :
1493 736 1525 763 In
1542 736 1669 771 principio
1689 739 1746 762 erat

969 782 1091 814 Verbum,
1118 787 1143 810 et
1163 781 1275 809 Verbum
1295 786 1352 809 erat
1371 780 1440 815 apud
1461 781 1556 814 Deum,
1573 786 1597 808 et
1609 781 1678 807 Deus
1691 785 1747 807 erat

968 826 1080 854 Verbum
1092 827 1114 854 ".
1133 827 1263 854 Similiter
1276 830 1303 853 ct
1321 826 1354 853 de
1371 825 1474 860 Spiritu
1494 830 1590 853 sancto
1607 835 1614 852 :
1628 825 1747 860 Spiritus

123 872 272 906 λεγομένας
298 872 387 905 ἕξεις,
407 873 509 909 τροπὴν
533 873 646 909 ἐχούσας
673 876 702 901 ἐν
729 875 835 910 ἑκάστῳ
856 875 911 901 τῶν

968 882 1033 901 mus
1054 873 1174 900 consistit
1198 874 1226 900 in
1249 872 1334 900 medio
1353 872 1432 900 vestri
1446 872 1468 899 ⁸.
1487 870 1571 899 Vides
1584 878 1666 906 quant
1680 869 1748 897 nihil

123 917 173 949 τὰς
190 917 298 950 Οετικὰς
324 918 393 950 ἕξεις
411 919 525 954 ἑχόντων
544 927 552 935 ·
570 920 594 946 ει
619 920 667 947 καὶ
686 920 742 952 ἕξιν
767 921 830 956 περὶ
844 920 911 947 Θεοῦ

123 963 214 997 λέγειν
229 963 393 997 ἀναγκάσεις
414 965 485 1000 ἡμᾶς
497 986 505 998 ,
521 961 634 992 ὧἊέτιε
648 986 656 998 ,
686 966 733 992 καὶ
755 965 817 992 οὔτε
836 975 862 992 τι
883 967 912 992 ἐν

123 1007 185 1044 Θεῷ
201 1009 393 1045 προτιμότερον
403 1030 410 1041 ,
428 1009 489 1036 οὔτε
519 1011 746 1046 μεταγενέστερον
761 1031 769 1043 ,
789 1011 846 1037 ἀλλ’
862 1011 912 1039 ὅσα

124 1055 225 1090 πρέπει
246 1055 285 1090 τῷ
308 1055 443 1090 ἀξιώματι
469 1057 535 1092 πρὸς
550 1056 702 1090 δοξολογίαν
715 1077 721 1089 ,
736 1058 770 1092 τῇ
791 1057 840 1092 μὲν
865 1058 913 1093 μιᾷ

125 1098 232 1136 θεότητι
246 1101 292 1128 καὶ
303 1100 351 1136 μία
363 1101 511 1136 δοξολογξα,
524 1102 571 1128 καὶ
586 1102 635 1137 μισ.
648 1102 726 1137 τιμὴ,
744 1103 796 1130 ἵνα
809 1103 913 1137 τιμῶσι

124 1147 178 1174 τὸν
195 1147 278 1179 Υἱὸν,
293 1147 393 1181 ὥσπερ
409 1147 513 1182 τιμῶσι
529 1148 583 1174 τὸν
602 1147 734 1181 Πατέρα·
754 1147 801 1174 καὶ
816 1147 859 1173 ἵνα
876 1147 912 1182 μὴ

125 1193 305 1230 βλασφημῶσι
321 1194 350 1221 τὸ
363 1195 476 1230 Πνεῦμα
496 1193 540 1221 διὰ
553 1193 599 1220 τὸν
616 1194 666 1228 τῆς
693 1193 807 1228 ἀπειλῆς
824 1192 911 1226 λόγον,

123 1242 170 1268 τὸν
187 1242 225 1277 μὴ
239 1241 287 1277 τὴν
303 1241 438 1277 ἁμαρτίαν
451 1241 542 1273 αὐτοῖς
566 1239 760 1276 συγχωροῦντα
778 1236 844 1272 ὦδε,
867 1239 913 1266 καὶ

125 1288 155 1314 ἐν
173 1287 212 1323 τῷ
239 1287 362 1323 μέλλοντι
377 1287 472 1314 αῑῶνι·
486 1286 524 1318 ὡς
542 1286 702 1321 πρεπόντως
725 1284 820 1321 [ἐστὶν]
837 1284 914 1311 οὐδὲν

125 1334 327 1370 διηλλαγμένως
340 1334 397 1361 ἐστὶ
411 1334 474 1369 περὶ
483 1334 533 1369 τὴν
545 1332 647 1367 Τριάδα
658 1333 738 1364 νοεῖν,
750 1332 766 1366 ἢ
781 1331 913 1363 εὐσεϐεῖν,

125 1381 142 1416 ἢ
156 1380 287 1413 δοξάζειν.
309 1381 353 1407 Ἐν
376 1380 464 1416 Πατρὶ
484 1379 513 1405 δὲ
527 1379 557 1405 τὸ
573 1377 685 1414 Πατὴρ,
709 1378 738 1405 ἐν
758 1377 816 1413 Υἰῷ
839 1377 867 1404 δὲ
884 1377 915 1404 τὺ

134 1427 212 1459 Υἱὸς,
226 1428 254 1454 ὲν
268 1425 337 1462 ἁγίῳ
352 1425 490 1461 Πνεύματι
500 1425 531 1452 τὸ
547 1425 555 1440 ¹
572 1425 658 1456 οὕτως
676 1424 765 1457 λέγειν
775 1444 782 1457 ,
799 1423 845 1450 καὶ
868 1423 915 1450 οὖ-

125 1481 179 1504 τως
195 1473 224 1499 ἐν
239 1471 353 1507 ἀληθείᾳ
377 1470 515 1504 δοξάζειν,
540 1470 608 1505 ὅπερ
629 1469 787 1506 πρεπόντως
812 1471 844 1505 τῇ
866 1469 915 1504 μιᾷ

127 1519 222 1554 Τριάδι
240 1517 434 1554 προσκυνητᾶκ
447 1516 478 1543 τὸ
492 1516 573 1548 σέόας
588 1516 695 1551 νέμειν,
710 1516 727 1551 ἡ
740 1515 854 1550 ἀληθινὴ
870 1514 914 1541 πί-

963 920 990 947 in
1005 919 1141 946 Trinitate
1162 919 1197 947 sit
1217 919 1334 946 recens?
1354 917 1433 945 Unde
1448 924 1499 944 nec
1514 916 1667 944 substantia
1684 914 1750 942 alle-

963 964 1092 996 ctionem,
1107 971 1158 991 nec
1178 962 1360 990 substantiam
1384 960 1521 989 antecedit
1546 960 1664 987 alIectio.
1691 959 1750 986 Cac-

963 1014 1051 1037 terum
1071 1008 1241 1036 aﬂ'ectionem
1264 1015 1326 1035 cum
1352 1007 1481 1041 dicimus,
1504 1013 1559 1033 non
1575 1005 1662 1032 lluxas
1676 1004 1748 1038 illas,

963 1059 991 1083 et
1007 1054 1124 1082 caducas
1141 1054 1332 1089 intelligimus,
1353 1060 1413 1088 quae
1429 1053 1457 1079 in
1473 1057 1637 1087 unaquaque
1653 1056 1747 1077 earum

963 1108 1065 1131 rerum,
1091 1107 1152 1134 qua:
1175 1099 1333 1126 atlvcutitiis
1359 1099 1442 1126 rebus
1472 1096 1646 1127 adiciuntur,
1674 1095 1748 1122 vires

964 1152 1028 1172 suas
1056 1152 1088 1172 ac
1111 1144 1278 1171 mutationes
1295 1147 1456 1174 exerceant;
1472 1145 1610 1176 utcunque
1627 1146 1677 1166 nos
1692 1146 1708 1165 a
1723 1143 1750 1166 te

964 1189 1050 1217 coacti
1074 1188 1226 1216 alTectionis
1246 1187 1408 1216 vocabulum
1434 1187 1468 1214 ad
1486 1186 1580 1213 divina
1601 1183 1748 1212 transieri-

964 1242 1036 1262 mus.
1053 1234 1125 1261 Nihil
1140 1240 1182 1262 est
1198 1234 1283 1270 igitur
1304 1234 1331 1261 in
1357 1231 1413 1260 Deo
1436 1232 1478 1260 vel
1501 1231 1677 1262 antecellens,
1707 1229 1750 1257 vel

964 1285 1043 1309 aetate
1069 1282 1228 1317 posterius;
1261 1280 1309 1308 sed
1337 1288 1369 1308 ea
1396 1280 1528 1307 duntaxat
1559 1279 1663 1310 insunt,
1690 1284 1750 1312 qua:

964 1329 1090 1365 dignitati
1113 1329 1186 1356 illius
1205 1328 1237 1356 ad
1262 1327 1370 1355 laudem
1394 1326 1666 1362 prazdieationemque
1682 1331 1749 1351 con-

965 1379 1076 1411 gruunt.
1097 1374 1233 1401 Nimirum
1253 1373 1301 1401 uni
1322 1380 1354 1400 ac
1379 1371 1510 1407 singulari
1528 1369 1676 1401 divinitati,
1697 1375 1751 1395 una

966 1420 1037 1454 laus,
1053 1424 1080 1447 ct
1096 1420 1244 1455 singularis
1257 1418 1346 1446 honor
1362 1417 1554 1444 attribuendus
1569 1419 1624 1446 est,
1655 1413 1689 1441 Ut
1702 1413 1751 1441 Iw-

966 1471 1056 1492 norent
1075 1464 1185 1497 Filium,
1209 1465 1276 1491 sicut
1300 1463 1432 1490 honorant
1459 1460 1564 1489 Patrem
1577 1460 1605 1494 ",
1631 1463 1658 1487 et
1675 1463 1704 1486 ut
1717 1466 1752 1486 ne

967 1511 1195 1539 contumeliosum
1235 1509 1364 1544 quiddam
1399 1508 1426 1535 in
1472 1506 1604 1542 Spiritum
1637 1505 1752 1540 iaciant;

128 1545 197 1598 στις,
217 1545 305 1591 Kal-1b
319 1545 432 1599 ἀξίιομα
443 1545 598 1597 γινώσκειν.
620 1545 753 1589 ’ΚαὶῄοΰΙτε
777 1545 808 1588 τὸ
832 1545 914 1595 ἀ1γέν-

968 1558 1048 1593 966
1070 1556 1318 1584 iuterminationem
1331 1555 1404 1582 illam
1423 1553 1514 1586 veriti,
1528 1559 1582 1588 qua
1596 1550 1754 1579 istiusmodi

127 1618 207 1645 νητον
222 1609 268 1636 τοῦ
285 1608 415 1645 γεννητοῦ
438 1609 547 1640 δέεται,
569 1609 608 1639 εἰς
634 1607 665 1634 τὸ
691 1606 915 1642 συνεισφέρεσθαι

968 1605 1065 1636 scelus,
1084 1605 1121 1630 uti
1136 1610 1184 1638 par
1198 1607 1250 1634 est,
1272 1608 1322 1629 nec
1335 1600 1362 1628 in
1376 1600 1504 1635 praesenti
1528 1598 1638 1629 saeculo,
1664 1603 1714 1625 nec
1725 1596 1754 1624 in

127 1656 216 1692 ἐαυτῷ
235 1658 267 1691 τῇ
291 1655 369 1691 οὐσίᾳ
383 1676 391 1688 ,
421 1655 465 1683 ἵνα
483 1655 568 1681 αἴτιον
595 1653 687 1685 οὐσίας
709 1653 784 1687 αὐτῷ
805 1653 915 1688 γένηται

968 1649 1060 1677 l‘uturo
1086 1647 1297 1677 condonandum
1315 1640 1434 1675 edicitur
1447 1646 1484 1676 '°.,
1509 1645 1600 1680 Quare
1628 1643 1697 1671 nihil
1726 1643 1754 1670 in

127 1687 275 1737 δηλωτιχδν
289 1702 319 1728 τὸ
333 1687 458 1737 γέννημα
467 1710 474 1717 ·
490 1700 552 1727 οὔτε
569 1699 626 1733 ἕξις
643 1700 693 1735 τῆς
707 1699 852 1734 ἀγεννήτου
864 1687 915 1733 repti-

970 1695 1105 1722 Trinitatc
1124 1694 1245 1729 cogitare
1265 1693 1419 1723 diversum,
1443 1699 1532 1725 neque
1557 1691 1632 1718 salva
1654 1687 1754 1724 pietate

129 1735 198 1780 σεως
212 1749 228 1784 ἡ
244 1747 322 1774 οὐσία
342 1747 389 1774 τοῦ
403 1735 602 1782 νεγεννημένου
615 1746 699 1776 ἐστὶν,
717 1744 734 1780 ἢ
750 1744 868 1778 λέγεται.

969 1743 1083 1774 sentire,
1103 1747 1149 1768 aut
1163 1741 1271 1776 opinari
1287 1740 1361 1767 licet.
1382 1738 1481 1766 Verum
1499 1741 1526 1765 et
1548 1737 1576 1764 in
1596 1735 1676 1765 Patre
1699 1735 1753 1762 Pa-

129 1781 269 1826 ιιοιιι,ὀι
297 1795 323 1820 in
339 1793 408 1820 Filio
424 1781 534 1824 Filium,
571 1795 598 1819 et
622 1791 648 1818 in
679 1789 782 1826 Spiritu
803 1793 897 1818 sancto
923 1788 1054 1824 Spiritum
1080 1792 1204 1815 sanctum
1229 1793 1377 1821 agnoscere
1406 1792 1457 1812 nos
1481 1787 1598 1818 oportet.
1625 1781 1703 1809 Ilunc
1725 1781 1757 1810 in

129 1841 240 1868 modum
269 1840 400 1875 proﬁteri,
418 1843 444 1866 et
461 1840 498 1866 ita
526 1846 558 1866 ex
585 1837 624 1865 rei
654 1836 769 1865 veritate
798 1835 921 1871 judicare
938 1841 1049 1862 necesse
1065 1839 1124 1866 est;
1143 1840 1192 1869 pro
1207 1839 1239 1860 eo
1260 1839 1292 1858 ac
1304 1835 1517 1869 consentaneum
1535 1833 1587 1862 est,
1601 1828 1648 1855 uni
1664 1826 1755 1855 Trini-

130 1888 177 1915 tati
194 1873 361 1914 adorationis
388 1885 510 1920 praebere
533 1887 649 1917 cultum,
683 1887 711 1909 et
730 1881 804 1909 illius
834 1880 1004 1915 majestatcm
1031 1886 1189 1914 agnoscere.
1215 1878 1309 1912 Itaque
1333 1883 1383 1904 nec
1406 1875 1556 1910 ingenitum
1583 1881 1653 1910 opus
1675 1873 1756 1900 habet

129 1935 232 1971 genito,
260 1937 289 1960 ut
315 1932 417 1968 aliquid
439 1935 542 1959 naturae
567 1938 623 1959 suae
641 1929 782 1961 conterat;
803 1926 1002 1962 ejusque,dum
1017 1925 1103 1961 ipsam
1119 1924 1255 1958 declarat,
1264 1920 1467 1959 quodammodo
1483 1928 1565 1948 causa
1598 1922 1754 1952 censeatur;

130 1990 218 2017 neqtte
232 1981 315 2017 geniti
327 1981 481 2010 substantia
496 1980 623 2016 ingenitae
636 1983 742 2006 naturw
754 1981 806 2009 est,
821 1980 868 2004 attt
878 1976 979 2004 dicitur
993 1973 1111 2001 all'ectio.

166 2030 204 2055 B'.
216 2029 329 2059 Οὐδενὸς
343 2028 397 2064 γὰρ
417 2029 434 2063 ὴ
455 2026 539 2062 Τριὰς
557 2026 641 2053 δεῖται
655 2044 662 2056 ,
679 2024 740 2051 οὔτε
760 2023 919 2059 προσθήκην

130 2075 202 2106 τινὸς
219 2074 363 2110 λαμϐάνει.
387 2073 457 2100 Οὔτε
481 2073 534 2108 γὰρ
550 2071 643 2106 ἐπειδὴ
657 2069 726 2105 αὑτὴ
751 2070 767 2104 ἡ
783 2069 867 2105 Τριὰς
885 2066 919 2104 ἦν

131 2123 175 2149 ἀεὶ
189 2142 196 2154 ,
213 2122 260 2148 καὶ
282 2121 358 2148 οὐδὲν
380 2118 414 2155 ἦν
438 2120 492 2147 τῶν
517 2117 704 2153 κεκτισμὲνων
718 2136 724 2147 ,
743 2115 818 2150 παρὰ
840 2114 919 2141 τοῦτο

1008 2019 1039 2048 ΙΙ.
1060 2019 1165 2054 Quippe
1192 2017 1312 2044 Trinitas
1335 2015 1374 2042 rei
1399 2013 1629 2048 nulliusindiget,
1648 2019 1698 2040 nec
1713 2012 1756 2039 ul-

971 2066 1023 2093 lius
1045 2065 1235 2092 accessionem
1261 2062 1390 2097 postulat.
1412 2061 1480 2087 Cum
1498 2060 1570 2086 enim
1586 2058 1707 2086 Trinitas
1721 2058 1757 2085 ab

970 2116 1071 2139 interno
1096 2110 1189 2143 fuerit,
1209 2116 1270 2136 cum
1288 2107 1354 2134 nihil
1371 2106 1461 2133 adhuc
1482 2109 1638 2132 creatarum
1665 2110 1762 2135 rerum.

130 2149 350 2204 ἀποκληρώσεως
373 2149 466 2193 ἕνεκεν
478 2186 485 2199 ,
504 2165 521 2200 ἢ
542 2149 747 2200 προσληπτικῆς
766 2149 838 2193 τινος
862 2160 915 2187 ὀνο-

971 2159 1131 2189 exsisteret,
1156 2163 1210 2183 non
1233 2154 1335 2182 idcirco
1361 2157 1467 2183 tamen.
1493 2158 1546 2186 quo
1570 2150 1644 2178 velut
1660 2149 1757 2177 sortito

998 2203 1021 2204 η
1058 2202 1073 2204 ..
1116 2200 1141 2204 ._
1198 2199 1205 2204 .
1484 2197 1498 2204 ..
1539 2196 1545 2201 .
1571 2194 1740 2204 "deus..-

133 2214 251 2250 μασίας,
268 2213 284 2249 ἢ
299 2212 457 2248 προσθήκης
478 2210 515 2246 τῷ
531 2209 666 2245 ἀξιώματι
697 2207 786 2242 ἑαυτῷ
802 2207 916 2241 ἐπενόη-

132 2269 178 2287 σεν
192 2260 206 2285 ὁ
221 2258 315 2294 Πατὴρ
328 2279 336 2291 ,
351 2258 383 2285 δι’
400 2253 430 2284 οὗ
454 2258 465 2272 ⁸
484 2257 533 2292 μὲν
552 2256 648 2288 κτίσας
666 2254 780 2291 οὐρανὸν
793 2253 840 2281 καὶ
856 2253 918 2288 γῆν,

132 2306 180 2333 καὶ
195 2306 282 2332 πάντα
297 2304 384 2340 ὁρατά
399 2312 429 2331 τε
454 2303 502 2330 καὶ
520 2302 639 2338 ἀόρατα,
657 2301 705 2328 καὶ
727 2300 767 2335 τῷ
782 2298 920 2334 Πνεὺματι

132 2351 215 2379 αὐτοῦ
234 2350 382 2386 ὲοτερέωσε
399 2350 488 2376 πᾶσαν
504 2348 553 2384 τὴν
568 2348 681 2383 δύναμιν
699 2346 789 2373 αὐτῶν
803 2345 858 2372 τῶν
874 2345 919 2371 ὑπ’

132 2397 215 2425 αὖτοῦ
232 2395 427 2432 κεκτισμὲνων,
443 2395 487 2422 ἵνα
502 2396 533 2421 ὲκ
556 2394 603 2421 τοῦ
617 2392 760 2420 κεκτίσθαι
782 2391 817 2418 τὰ
831 2399 921 2418 κεκτι-

133 2442 220 2478 σμὲνα
235 2462 242 2472 .
268 2440 316 2468 καὶ
343 2439 576 2476 δημιουργηθῆναι
603 2438 638 2465 τὰ
661 2437 792 2472 γεγονότα
809 2437 922 2463 ἐπισυν-

133 2486 247 2521 εισφορὰ
271 2485 384 2522 γένηται
409 2484 448 2520 τῷ
469 2484 565 2521 κτίστῃ
579 2483 719 2515 ἀκούοντι,
735 2482 782 2509 καὶ
796 2482 923 2517 δημιουρ-

133 2532 174 2567 γῷ
190 2532 277 2568 Πάτρὶ
292 2530 500 2567 προσληπτικῶς
525 2530 535 2546 ³
555 2529 664 2564 νοηθείη
680 2528 719 2563 τῷ
741 2528 815 2563 Υἱῷ,
842 2527 875 2553 δι’
890 2521 921 2552 οὗ

134 2579 181 2606 καὶ
198 2579 244 2613 ἀφ’
271 2575 301 2605 οὗ
330 2577 363 2604 τὰ
375 2576 539 2611 κεκτισμένα
559 2575 725 2610 γεγένηται,
752 2573 769 2608 ἢ
796 2572 835 2608 τῷ
852 2572 921 2608 ἁγιῳ

133 2625 290 2660 Πνεύματι,
307 2624 335 2650 ἐν
358 2620 380 2658 ᾧ
407 2622 441 2650 τὰ
464 2621 651 2658 ὲστερεωμένα
676 2620 849 2655 ὲστερέωται.
867 2619 922 2646 Καὶ

134 2671 190 2706 γὰρ
206 2671 236 2697 οὐ
248 2669 361 2703 τραπεὶς
374 2668 428 2694 ἀπὸ
446 2667 528 2700 ἕξεως
541 2667 579 2699 εἰς
600 2666 655 2700 ἕξιν
669 2665 744 2697 Θεὸς,
761 2665 807 2691 καὶ
821 2665 854 2699 τῇ
873 2663 922 2698 φύ-

135 2726 177 2744 σει
197 2716 245 2743 καὶ
259 2716 293 2750 τῇ
311 2714 389 2749 aitet;
405 2713 578 2745 ἀλλοιωοεὶς,
605 2712 642 2743 ὡς
669 2712 728 2738 κατ’
749 2710 851 2738 ἔννοιαν
876 2709 923 2736 καὶ

972 2203 1023 2231 sibi
1040 2200 1143 2236 aliquid
1157 2199 1276 2231 cederet,
1300 2203 1347 2228 aut
1371 2205 1449 2224 novae
1465 2196 1581 2230 alicujus
1596 2194 1757 2230 appellatio~

972 2249 1027 2280 nis,
1050 2248 1093 2275 vel
1116 2247 1149 2274 ad
1173 2245 1331 2281 dignitatem
1358 2250 1436 2271 suam
1466 2241 1632 2269 accessionis
1646 2247 1765 2275 compos,

974 2296 1060 2327 llcret,
1086 2301 1177 2321 rerum
1202 2292 1324 2320 omnium
1348 2289 1564 2326 procreationem
1586 2288 1613 2314 in
1636 2287 1756 2314 animum

974 2341 1080 2370 induxit
1109 2338 1294 2366 Paterzadeo
1318 2341 1348 2364 ut
1376 2336 1496 2367 ctelum,
1524 2338 1698 2368 terramque.
1731 2337 1759 2360 et

975 2385 1152 2422 aspcctabilia
1169 2383 1271 2414 omnia,
1287 2389 1373 2416 eaque
1392 2387 1453 2416 qum
1464 2380 1552 2407 visum
1574 2378 1691 2414 fugiunt,
1711 2385 1760 2414 per

974 2432 1073 2461 Filium
1098 2433 1213 2462 crearet,
1239 2428 1385 2462 omniaque
1399 2434 1460 2462 quae
1476 2425 1637 2453 condiderat
1651 2423 1766 2459 Spiritu,

975 2485 1026 2506 suo
1051 2476 1252 2507 corroboraret,
1279 2480 1333 2508 quo
1356 2480 1390 2500 ex
1412 2472 1457 2499 illa
1477 2470 1649 2498 conditarum
1667 2475 1759 2497 rerum

975 2523 1123 2555 creatione,
1147 2527 1315 2557 operumque
1338 2517 1517 2546 fabricatione
1541 2515 1642 2550 aliquid
1661 2515 1687 2542 in
1710 2514 1761 2541 Pa-

974 2570 1025 2596 tris
1049 2569 1193 2596 utilitatem
1216 2565 1392 2595 redundaret,
1416 2563 1462 2598 qui
1486 2566 1595 2589 crcator
1615 2565 1644 2588 et
1663 2560 1768 2590 artifex,

976 2615 1183 2644 nominaretur;
1210 2612 1251 2639 v‘el
1276 2610 1429 2638 accessisse
1456 2608 1654 2642 intelligeretur
1668 2606 1702 2632 ad
1715 2604 1761 2632 Fi-

978 2662 1061 2693 lium;
1086 2668 1133 2695 per
1146 2666 1238 2694 quem,
1264 2662 1291 2685 et
1315 2664 1330 2683 ιι
1353 2663 1409 2691 quo
1430 2658 1529 2682 creata:
1555 2660 1599 2680 res
1623 2651 1763 2686 productas

976 2712 1054 2740 sunt;
1070 2705 1112 2733 vel
1128 2705 1244 2740 denique
1260 2703 1293 2730 ad
1309 2702 1441 2738 Spiritum
1457 2703 1594 2731 sanctum,
1606 2697 1653 2733 qui
1665 2697 1771 2726 eadem,

174 2802 182 2817 ’
203 2801 280 2828 Deest
298 2801 408 2834 Πνεῦμα
420 2800 518 2833 λέγειν.
547 2800 556 2814 ¹
568 2798 597 2825 F.
613 2797 683 2834 υἱοῇ.
713 2797 723 2812 ³
741 2795 915 2834 Deestiortel

972 2794 981 2810 ⁸
994 2793 1066 2823 DsaI.
1084 2800 1163 2826 xum,
1182 2792 1222 2819 10,
1261 2792 1271 2807 '
1290 2791 1353 2818 ibid.
1393 2790 1403 2804 ‘
1415 2787 1495 2816 Joan.
1511 2795 1531 2819 ι,
1548 2786 1589 2813 I8.
1627 2785 1637 2800 ’
1655 2783 1721 2814 ibid.
1735 2784 1768 2816 1.,

138 2836 150 2854 ε
168 2837 236 2873 Λεε.
252 2844 280 2868 II,
299 2838 325 2863 ti.
364 2831 376 2851 ’⁵
387 2831 465 2862 ,ιυίιιιζ
480 2843 507 2867 v,
519 2834 565 2861 23.
605 2833 626 2849 ‘°
642 2832 737 2859 Matth.
757 2839 806 2864 xu,
820 2831 864 2859 52.
