1945 3043
194 94 244 120 599

898 95 926 123 S.
950 95 1119 123 ΕΡΙΙῚΙΛΝΙΙ

1769 99 1822 124 ῦῦη

195 151 240 177 illa
268 150 447 178 confirmavit.
477 151 535 179 Non
560 152 631 179 enim
656 153 690 181 ab
715 153 856 182 aﬂ‘cctione
885 156 976 191 aliqua

1034 155 1177 190 aetﬁﬂoiiov
1195 155 1205 171 ³
1221 155 1366 191 εἰργάσατο
1380 155 1414 182 τὰ
1434 155 1611 191 εἰργασμένα.
1635 153 1699 191 Εἶχε
1717 156 1774 192 γὰρ
1792 157 1820 182 ἐν

194 205 343 225 conversus
360 198 386 224 in
405 198 515 225 alteram
538 198 619 232 Deus,
645 205 671 226 et
688 203 795 233 natura,
812 201 980 229 substantia—

195 251 249 278 que
270 248 390 271 mutatus
414 244 487 271 velut
512 245 733 280 cogitabundus,
763 251 810 273 aut
833 247 866 274 ad
897 248 978 274 aliam

197 289 358 316 sententiam
385 289 537 322 traductus,
567 299 627 326 qua:
650 292 762 320 molitus
794 297 836 320 est
865 293 978 321 em‘cit:

196 335 297 370 quippe
319 335 364 369 qui
391 336 418 362 in
441 343 502 364 sese
527 336 680 364 fabricandi
698 338 751 365 vim
767 338 893 366 habuerit
910 347 981 366 sem-

197 387 255 414 per,
269 387 379 414 eamque
395 381 554 416 perfectam,
574 390 624 409 nec
639 383 701 410 ullis
719 383 810 418 gloria
827 384 980 413 incremen-

198 425 233 452 tis
260 426 422 460 augendam.
451 428 585 460 Quocirca
613 428 854 463 quemadmodum,
871 437 932 456 ctnn
948 429 981 456 de

198 474 296 500 creatis
313 474 392 500 rebus
407 475 524 509 agimus,
542 475 596 502 tale
614 476 742 510 quiddam
765 476 798 503 de
819 476 874 503 Deo
890 477 981 512 suspi-

197 519 253 545 cari
269 518 357 551 nefas,
382 521 461 554 quasi
482 520 580 548 divina}
606 523 733 549 essentia:
753 522 900 557 gloriaeque
925 530 982 549 ma-

194 565 280 598 jestas
296 565 355 599 ejus
370 565 522 593 affet-tionis
538 566 735 600 dignitatisque
750 567 864 601 sit,qua:
881 567 982 602 aliquid

196 609 368 637 extrinsecus
392 610 532 637 vindicare
554 611 606 638 sibi
632 612 736 646 possit:
755 612 792 638 ita
814 616 840 639 et
858 612 982 640 rcl'ellen«

196 655 247 681 dus
262 655 313 682 erit
327 655 432 688 Aetius,
449 657 494 691 qui
508 657 763 685 ratiocinationibus
788 659 846 685 suis
863 657 981 685 divinam

196 703 322 726 naturam
347 700 578 735 comprehendere
601 701 731 736 cupiens,
758 702 889 737 ingeniti,
911 703 983 737 geni-

196 743 270 778 tique
286 745 498 779 proprietatibus
514 746 636 773 abutitur
651 753 681 773 ea
694 746 889 781 disputatione,
901 755 982 782 quam

197 789 230 816 de
255 790 416 822 atlectiouc,
439 795 467 818 et
488 791 642 818 substantia
663 791 741 818 nobis
766 792 888 819 obtrudit
902 801 907 818 :
921 801 983 820 cum

198 835 263 862 illud
285 836 312 863 in
335 837 463 864 confesso
482 836 529 870 sit,
545 841 652 864 creatas
671 845 714 865 res
734 845 830 866 omnes
857 847 918 866 eSSc
942 847 982 866 re-
999 827 1017 854 Β

196 889 276 914 vera;
299 889 387 916 neque
409 887 498 910 tamen
515 883 549 910 ob
564 883 648 910 ullum
673 884 846 911 commodum
871 889 918 912 aut
942 885 981 912 in-

197 930 364 953 crementum
377 927 458 962 967
473 927 566 962 gloria:
581 936 595 954 a
616 927 682 962 Deo,
707 929 753 964 qui
776 929 850 956 nulla
869 938 898 957 re
913 937 982 964 opus

198 972 289 1001 habet.
305 974 472 1007 excogitatas
484 973 567 1002 fuisse
580 984 588 1007 ;
603 983 656 1001 non
670 982 750 1003 secus
767 979 847 1010 atque
861 975 886 1002 in
901 977 982 1003 unico

199 1016 246 1043 Dei
262 1017 341 1050 Filio,
362 1019 476 1054 ejusque
502 1024 598 1047 sancto
623 1019 726 1055 Spiritu
753 1021 829 1048 nefas
853 1026 895 1048 est
917 1029 980 1048 cum

197 1068 351 1090 ereatarum
381 1072 471 1091 rerum
497 1065 653 1093 conditione
667 1067 729 1093 illos
745 1067 898 1102 adaequare.
923 1067 980 1094 Dici

196 1107 268 1133 enim
289 1108 362 1134 istud
384 1109 459 1136 nullo
476 1110 556 1137 modo
573 1114 672 1145 potest.
688 1111 723 1137 At
737 1119 801 1139 vero
817 1112 980 1145 rationibus,

196 1152 416 1188 syliogismisque
431 1154 489 1181 suis
506 1162 557 1182 nos
577 1155 735 1190 aggreditur
752 1156 857 1188 Aetius,
875 1156 909 1184 de
924 1164 981 1184 rm-

195 1197 308 1225 lestibus
328 1199 410 1227 rebus
429 1200 563 1234 garrieus,
587 1207 615 1228 et
638 1201 767 1228 audacter
782 1202 815 1228 ad
839 1203 980 1237 superiora

195 1243 376 1275 contendens,
393 1249 475 1279 atque
492 1245 526 1272 ab
543 1245 719 1274 inferioribus
736 1247 870 1274 creaturis
887 1248 978 1282 petitis

196 1289 363 1322 argumentis
385 1298 436 1317 nos
455 1298 627 1326 oppugnans,
651 1299 714 1318 eum
735 1296 824 1318 tamen
844 1293 901 1320 suis
926 1293 980 1321 illis

195 1334 389 1368 disputationis
407 1336 520 1371 argutiis
533 1336 723 1364 nihilomnino
737 1343 903 1372 promoveat.
929 1338 981 1366 Ho-

195 1380 300 1407 minqu
322 1382 421 1416 quippe
443 1383 574 1417 sapientia
606 1385 726 1418 praeterit
751 1394 758 1413 :

1030 201 1118 236 ἐαυτῷ
1142 201 1172 227 τὸ
1191 201 1234 227 ἀεὶ
1250 201 1443 236 δημιουργικὸν
1461 202 1507 228 καὶ
1522 201 1623 228 τέλειον
1636 221 1643 233 ,
1666 202 1713 228 καὶ
1738 201 1817 236 μηδει

1031 248 1095 281 μιᾶς
1109 247 1281 281 ὲπιδεόμενον
1296 246 1473 281 προσλήψεως
1486 247 1574 282 δόξης.
1598 247 1651 273 Καὶ
1666 246 1763 281 ὥσπερ
1774 246 1820 272 ἐπὶ

1030 291 1083 317 τῶν
1109 291 1267 326 κτισμάτων
1288 291 1318 317 οὐ
1332 291 1372 317 δεῖ
1385 291 1573 326 διανοούμενόν
1589 300 1649 318 τινα
1671 292 1735 326 περὶ
1751 290 1819 317 Θεοῦ

1030 335 1236 370 προσληπτικῆς
1263 334 1362 369 ἕξεως,
1390 335 1438 362 καὶ
1457 336 1536 368 ἀξίας
1560 333 1629 362 εἶναι
1656 336 1686 362 τὸ
1711 336 1819 370 ἀξίωμα

1030 381 1078 415 τῆς
1091 380 1183 412 οὐσίας
1195 400 1203 412 ,
1218 381 1265 407 καὶ
1280 380 1357 416 δόξης
1373 381 1439 407 Θεοῦ
1449 389 1457 396 ο
1470 381 1557 413 οὕτως
1569 381 1820 416 ἀνακρουσθήσεται

1037 426 1138 458 Ἀέτιος
1153 446 1160 458 ,
1180 426 1339 461 βουλόμενος
1364 426 1429 452 Θεὸν
1460 426 1662 460 συλλογίζεσθαι
1685 425 1759 452 κατὰ
1790 425 1820 451 τὸ

1031 473 1188 507 ἀγέννητον,
1203 473 1249 499 καὶ
1262 471 1400 507 γεννητὸν,
1423 471 1494 498 κατὰ
1507 471 1551 498 τὸν
1566 471 1648 504 ἕξεως
1663 472 1711 498 καὶ
1724 471 1820 502 οὐσίας

1032 519 1114 545 αὑτοῦ
1143 519 1338 554 ἐπιφερόμενον
1365 519 1431 553 ἡμῖν
1451 518 1540 552 λόγον.
1581 516 1821 553 ὐμολογουμένων

1033 565 1140 591 πάντων
1166 565 1220 591 τῶν
1238 563 1422 598 κεκτισμένων
1447 560 1516 590 εἶναι
1540 562 1665 598 ἀληθῶς·
1697 562 1745 588 καὶ
1769 561 1821 596 οὐχ

1032 611 1124 637 ἕνεκεν
1143 610 1320 646 προσλήψεως
1337 610 1415 645 δόξης
1439 609 1498 644 Θεῷ
1514 609 1553 644 τῷ
1568 609 1685 634 ἀνενδεεῖ
1707 609 1819 642 ἐπινοη-

1033 657 1132 684 θέντων
1145 665 1151 672 ·
1169 656 1262 692 ὥσπερ
1284 657 1330 683 καὶ
1343 656 1388 682 ἐπὶ
1404 655 1450 681 τοῦ
1463 654 1630 689 Μονογενοῦς
1645 654 1692 681 καὶ
1707 653 1754 680 ἐπὶ
1771 651 1822 678 τοῦ

1034 703 1110 737 ἁγίου
1135 702 1217 729 αὑτοῦ
1234 702 1390 738 Πνεύματος
1409 703 1440 729 οὐ
1455 702 1486 729 τὺ
1502 702 1558 728 ἴσον
1575 701 1631 727 ἐστι
1654 700 1744 734 λέγειν
1765 699 1822 725 τῶν

1034 748 1150 775 κτιστῶν
1162 756 1169 764 ·
1183 748 1340 775 ἀνένδεκτον
1358 748 1412 784 γὰρ
1427 748 1504 774 τοῦτο
1519 747 1618 782 λέγειν.
1640 745 1710 772 Ἀλλ’
1725 744 1822 779 ἐπειδὴ

1035 794 1228 829 συλλογισμοὺς
1247 794 1309 829 ἥκει
1337 794 1427 829 φέρων
1450 794 1515 831 ἡμῖν
1549 792 1649 823 Ἀέτιος
1674 797 1823 826 μεταρσιο-

1034 840 1135 866 λεκτῶν
1147 860 1154 872 ,
1168 840 1216 866 καὶ
1230 840 1297 875 πρὸς
1316 840 1350 866 τὰ
1371 840 1427 866 ἄνω
1443 838 1585 874 τολμηρῶς
1600 837 1824 871 ἀποτεινόμενος,

1034 886 1088 912 ἀπὸ
1115 886 1144 912 δὲ
1169 886 1223 912 τῶν
1242 886 1316 912 κάτω
1345 884 1628 919 ἀντισυλλογιζόμενος
1652 882 1823 917 κτισμάτων,

1034 931 1081 958 καὶ
1097 931 1176 962 αὐτὸς
1192 931 1274 966 μηδὲν
1293 930 1484 966 εὑρισκόμενος
1504 929 1574 956 κατὰ
1589 928 1636 955 τὸν
1651 927 1823 961 συλλογιστι-

1033 977 1081 1003 κὸν
1092 976 1173 1003 αὑτοῦ
1188 976 1276 1010 λόγον.
1292 976 1327 1002 Ἥ
1341 985 1371 1002 τε
1384 975 1437 1011 γὰρ
1453 975 1533 1010 σοφία
1546 973 1696 1010 ἀνθρώπων
1714 972 1823 1007 παρέρ-

1032 1029 1124 1055 χεται,
1139 1022 1157 1056 ἦ
1176 1030 1205 1048 τε
1223 1021 1411 1056 συλλογιστικὴ
1426 1021 1497 1053 λέξις
1514 1019 1665 1055 ἀνθρώπων
1677 1018 1821 1045 θάπτεται.

1039 1068 1245 1100 Ἐξελεύσεται
1267 1068 1320 1103 γὰρ
1340 1067 1373 1094 τὸ
1395 1067 1516 1102 Πνεῦμα
1539 1066 1632 1093 αὑτοῦ
1645 1085 1653 1097 ,
1684 1064 1735 1091 καὶ
1762 1065 1825 1091 ἐπι-

1034 1113 1156 1148 στρέψει
1170 1114 1214 1147 εὶς
1227 1113 1282 1140 τὸν
1294 1112 1371 1148 χοῦν
1382 1112 1486 1140 αὑτοῦ.
1504 1113 1544 1139 Τὰ
1558 1111 1612 1147 γὰρ
1630 1109 1825 1144 συλλογιστικά

1035 1159 1122 1186 πάντα
1138 1159 1191 1185 τῶν
1211 1159 1360 1194 ἀνθρώπων
1373 1159 1539 1194 παρέρχεται
1553 1177 1560 1189 ,
1579 1157 1626 1184 καὶ
1645 1157 1668 1182 οἱ
1683 1155 1825 1190 ἄνθρωποι

1036 1205 1104 1240 μετὰ
1125 1205 1171 1232 καὶ
1184 1205 1233 1240 τῆς
1257 1203 1585 1239 συλλογιπικῆς.’Λετίου
1597 1223 1604 1234 ,
1619 1202 1666 1230 καὶ
1682 1201 1754 1228 κατὰ
1774 1201 1824 1226 πί-

1035 1259 1117 1282 στεως
1131 1251 1258 1286 τεχνικῆς
1271 1251 1479 1284 ἐπιτηδεύσεως.
1493 1251 1576 1277 Μένει
1596 1249 1623 1275 δὲ
1640 1249 1658 1284 ἡ
1676 1249 1721 1274 ὑπ’
1739 1246 1823 1274 αὑτοῦ

1034 1295 1221 1331 συλλογιστικὴ
1234 1296 1243 1311 ⁸
1265 1295 1356 1327 πίστις
1369 1316 1376 1327 ,
1392 1295 1439 1322 καὶ
1451 1294 1539 1326 ἐλπὶς,
1561 1293 1608 1320 καὶ
1624 1292 1735 1327 ἀγάπη,
1751 1290 1825 1317 κατὰ

1034 1341 1064 1367 τὺ
1077 1341 1281 1377 γεγραμμένον.

788 1385 907 1412 humana
936 1387 1117 1416 ratiocinandi
1144 1390 1186 1416 vis
1215 1397 1248 1416 ac
1273 1388 1411 1416 subtilitas
1433 1388 1592 1423 consepulta
1616 1386 1692 1422 jacet
1724 1394 1731 1412 ε
1754 1379 1823 1410 Eari-

196 1425 244 1457 bit,
267 1425 366 1468 inquit,
383 1427 491 1460 spiritus
515 1427 582 1462 ejus,
602 1433 626 1455 el
656 1433 797 1456 revertetur
820 1431 848 1457 in
864 1431 995 1465 pulverem
1025 1441 1101 1460 suum
1115 1434 1135 1462 '.
1164 1434 1404 1470 Syllogismorum,
1435 1433 1559 1468 inquam,
1582 1432 1708 1460 acumina
1727 1429 1823 1457 omnia

195 1470 335 1498 hominum
366 1472 481 1507 ingeniis
509 1475 660 1509 excogitata
675 1479 850 1510 praetereunt,
868 1477 1046 1513 hominesque
1068 1479 1179 1514 pariter,
1210 1487 1271 1506 cum
1288 1479 1334 1505 illa
1351 1478 1420 1506 Aetii
1438 1477 1656 1510 ratiocinatione,
1694 1479 1722 1503 et
1753 1474 1821 1501 affe-

196 1520 271 1543 ctato
297 1522 391 1544 contra
423 1518 502 1546 ﬁdem
525 1520 682 1547 calliditatis
703 1520 830 1548 artiﬁcio.
866 1521 956 1549 Manet
988 1527 1078 1550 autem
1109 1531 1152 1556 ea,
1173 1531 1254 1559 quam
1291 1523 1455 1559 syllogismis
1477 1522 1536 1551 suis
1557 1521 1755 1550 circumvenire
1773 1525 1820 1546 co-

196 1568 286 1595 natur,
299 1563 376 1596 ﬁdes,
396 1571 459 1599 spes
476 1568 503 1591 et
516 1565 646 1598 charitas,
665 1566 703 1596 uti
719 1566 851 1600 scriptum
862 1567 934 1594 est‘.

425 1621 517 1649 AETII
537 1622 650 1650 CAPUT
669 1623 752 1651 XXII.

233 1667 260 1694 Si
285 1667 440 1701 substantia
462 1668 552 1695 omnis
567 1668 687 1703 ingenita
707 1669 753 1700 sit,
769 1668 923 1703 cujusmodi
939 1672 982 1696 est

195 1714 390 1748 omnipotentis
413 1713 472 1745 Dei,
498 1714 564 1750 quid
585 1714 681 1742 attinet
702 1714 772 1741 hanc
791 1715 900 1749 quidem
918 1721 981 1749 pas-

196 1759 321 1786 sionihus
343 1759 500 1792 obnoxiam,
522 1760 597 1787 illam
626 1767 691 1787 vero
709 1764 847 1795 expertem
873 1766 982 1787 asseve-

196 1806 278 1833 rare?
302 1805 378 1838 Quod
404 1806 427 1833 si
447 1805 625 1833 attributione
647 1805 764 1839 quadam
789 1805 916 1841 ingenitae
933 1812 982 1832 ua-

197 1857 284 1883 turae,
317 1852 402 1878 altera
427 1851 594 1886 quantitate,
620 1850 772 1885 qualitate,
803 1855 885 1885 atque
907 1852 981 1878 omni

197 1906 311 1932 prorsus
326 1901 416 1924 manet
439 1897 590 1924 mutatione
607 1897 746 1931 superior;
762 1897 847 1924 altera
861 1897 982 1924 all'ectio-

197 1944 278 1970 nibus
293 1943 424 1974 obnoxia,
455 1949 515 1976 quae
544 1946 634 1968 tamen
663 1942 732 1976 ipsa,
761 1945 791 1969 ut
820 1941 983 1969 immutabili

196 1986 358 2013 substantiae
373 1986 530 2013 conditione
548 1986 594 2017 sit,
619 1985 753 2013 beneﬁcio
774 1986 891 2020 quodam
917 1986 983 2014 alte-

197 2031 255 2058 rius
283 2031 319 2057 sit
345 2031 452 2066 adepta.
481 2030 508 2057 Si
524 2030 592 2061 tunc,
616 2030 738 2065 inquam.
758 2032 793 2058 ita
809 2039 839 2058 se
854 2031 981 2063 habeant,

198 2081 245 2103 aut
276 2084 362 2109 casu,
391 2084 423 2104 ac
450 2075 562 2104 fortuito
592 2076 619 2104 id
653 2076 803 2111 contigisse
836 2076 982 2104 dicendum

1213 1621 1411 1650 ΚΕΦΑΛΔΙΟΝ
1430 1621 1557 1648 ΔΕΤΙΟΥ
1577 1621 1642 1648 KB’.

1070 1669 1099 1695 Εἰ
1116 1669 1190 1695 πᾶσα
1205 1668 1284 1694 οὐσία
1298 1668 1371 1694 ἐστὶν
1390 1667 1537 1702 ἁγέννητος
1547 1686 1555 1699 ,
1573 1665 1617 1693 οἶα
1638 1667 1655 1701 ἡ
1672 1665 1739 1693 Θεοῦ
1753 1674 1823 1692 παν-

1032 1714 1195 1750 τοκράτορος
1207 1735 1215 1746 ,
1236 1713 1295 1745 πῶς
1307 1713 1339 1740 ἂν
1355 1713 1404 1748 τὴν
1421 1713 1469 1748 μὲν
1484 1712 1609 1748 παθητὴν
1626 1712 1683 1747 ὲρεῖ
1696 1720 1739 1743 τις
1749 1731 1755 1743 ,
1771 1711 1821 1747 τὴν

1032 1760 1059 1786 δὲ
1075 1760 1167 1795 ἀπαθῆ
1180 1769 1186 1793 ;
1201 1760 1233 1786 Εἰ
1249 1759 1278 1786 δὲ
1295 1759 1401 1794 φύσεως
1418 1757 1610 1794 ἀποκληρώσει
1622 1758 1769 1792 ἀγεννήτω
1781 1777 1788 1789 ,
1804 1757 1823 1791 ἡ

1034 1807 1083 1842 μὲν
1096 1806 1216 1841 διαμένει
1233 1806 1382 1840 ποσότητος
1404 1805 1452 1832 καὶ
1471 1805 1628 1840 ποιότητος,
1647 1803 1713 1836 καὶ,
1729 1802 1821 1834 ἁπλῶς

1034 1852 1142 1885 εἰπεῖν,
1163 1851 1253 1886 πάσης
1279 1850 1430 1886 μεταϐολῆς
1454 1850 1593 1885 ἀμείνων,
1623 1849 1642 1884 ἡ
1669 1848 1698 1875 δὲ
1726 1847 1820 1874 παθῶν

1034 1897 1181 1928 ὑπεύθυνός
1197 1898 1265 1928 ἐστι,
1293 1895 1500 1931 συγχωρηθεῖσα
1517 1895 1561 1921 διὰ
1581 1894 1611 1921 τὸ
1627 1895 1637 1910 ⁸
1664 1893 1821 1928 ἀπαράλλα-

1032 1951 1095 1969 κτον
1120 1943 1159 1973 εἰς
1181 1941 1274 1968 οὐσίαν
1293 1940 1375 1976 ἔχειν,
1400 1940 1439 1976 τῷ
1456 1940 1602 1975 αὐτομάτῳ
1619 1939 1766 1974 ἐπιτρέψαι
1776 1938 1822 1964 τὸν

1033 1987 1162 2022 φιλοῦντα
1180 1986 1251 2013 κατὰ
1265 1986 1300 2013 τὰ
1317 1983 1518 2022 προειρημένα·
1534 1985 1591 2021 am
1608 1985 1633 2018 γ’
1650 1982 1697 2011 οὖν
1712 1983 1823 2010 ἀκόλου-

1034 2034 1091 2063 θον,
1103 2033 1152 2068 τὴν
1173 2033 1221 2068 μὲν
1242 2032 1371 2059 ποιοῦσαν
1397 2031 1544 2067 ἀγέννητον
1566 2031 1671 2064 εἰπεῖν,
1688 2029 1822 2065 γεννητὴν

1033 2077 1061 2104 δὲ
1078 2077 1127 2112 τὴν
1142 2076 1388 2112 μεταὸαλλομένην.

197 2129 254 2157 est;
273 2129 319 2152 aut
340 2125 404 2152 illud
430 2132 600 2160 consequens
631 2129 683 2155 est,
706 2128 735 2151 ut
753 2130 779 2151 et
797 2132 828 2152 ea
847 2132 907 2160 quae
928 2125 993 2159 agit,
1014 2125 1145 2160 ingenita,
1180 2128 1207 2152 et
1225 2132 1285 2160 qum
1298 2124 1478 2152 mutationem
1505 2124 1618 2159 patitur,
1638 2123 1731 2158 genita
1757 2129 1822 2150 cen-

196 2176 297 2199 svatur.

458 2219 610 2255 Confutatio
620 2219 714 2246 ΧΧΙΙ.

231 2267 251 2294 l.
278 2266 372 2302 Neque
398 2266 581 2295 substantiam
606 2274 715 2294 omnem
745 2267 893 2302 ingenitam
920 2273 981 2294 esse

195 2313 332 2347 dicimus;
353 2320 403 2340 nec
417 2320 525 2340 omnem
539 2320 554 2339 a
569 2312 624 2340 Deo
637 2313 757 2348 genitam
770 2333 777 2345 ,
794 2313 922 2348 quoniam
934 2312 980 2347 qui
997 2327 1019 2354 Β

195 2359 294 2385 Filium
312 2366 391 2386 suum
414 2359 518 2392 genuit,
543 2362 570 2385 et
586 2367 601 2386 a
625 2366 655 2386 se
669 2359 728 2394 ipso
755 2358 885 2393 Spiritum
915 2366 980 2386 san-

195 2409 270 2432 ctum
292 2404 392 2436 emisit,
416 2404 503 2436 illum,
522 2404 643 2439 inquam,
659 2405 803 2440 Spiritum,
821 2405 866 2440 qui
884 2412 980 2432 eorum

194 2458 256 2485 qua
282 2450 344 2477 Filii
368 2453 441 2482 sunt,
472 2451 606 2486 particeps
629 2450 690 2482 fuit,
718 2459 772 2477 non
800 2458 904 2482 omnes,
932 2449 980 2478 sed

196 2502 279 2522 unum
294 2495 427 2522 duntaxat
442 2496 535 2530 genuit
550 2505 556 2522 :
573 2495 645 2522 unde
663 2499 690 2522 ct
709 2496 866 2531 nnigenitus
878 2499 936 2529 est;
953 2499 980 2523 et

195 2548 280 2567 unum
308 2541 425 2568 emisita
448 2549 478 2569 se
509 2542 585 2575 ipso;
616 2541 688 2568 unde
714 2540 833 2575 Spiritus
857 2545 979 2570 sanctus.

194 2586 247 2614 Per
273 2594 355 2613 unum
369 2593 450 2621 porro
476 2587 587 2618 creavit,
614 2590 641 2613 et
667 2585 694 2612 in
727 2594 782 2613 uno
811 2586 982 2614 conﬁrmavit

195 2640 300 2662 omnes,
327 2639 442 2666 quorum
469 2631 514 2658 alii
531 2631 677 2666 generandi
692 2631 745 2658 vim
757 2631 866 2665 habent,
879 2638 906 2660 et
920 2636 982 2667 post

195 2679 310 2712 primam
333 2678 497 2705 creationem
518 2677 646 2712 deinceps
667 2682 848 2712 generantur;
875 2678 921 2705 alii
943 2678 983 2705 sic

197 2724 280 2750 creati
297 2728 376 2756 sunt,
401 2728 429 2750 ut
454 2730 542 2758 neque
568 2723 688 2758 gignant,
714 2732 801 2759 neque
826 2724 983 2759 gignantur.

232 2779 324 2807 ‘l‘sal.
342 2788 420 2813 (xu,
434 2781 459 2807 -l.
498 2782 507 2796 ²
524 2781 532 2807 l
550 2781 613 2808 Cor.
632 2790 690 2815 xm,
711 2782 751 2809 15.

796 2783 805 2797 ³
826 2781 855 2810 ιτ.
873 2783 1032 2818 μεταϐολήν.

1307 2216 1466 2252 Ἀνατροπὴ
1485 2218 1550 2244 KB'.

1071 2267 1109 2291 A’.
1126 2265 1162 2291 Οὐ
1189 2265 1278 2291 πᾶσαν
1305 2263 1398 2290 οὐσίαν
1423 2261 1494 2290 εἶναι
1520 2262 1634 2298 λέγομεν
1662 2262 1822 2297 ἀγέννητον.

1034 2311 1093 2337 οὐδὲ
1113 2311 1203 2337 πᾶσαν
1221 2310 1252 2336 ὲκ
1271 2309 1337 2336 Θεοῦ
1354 2309 1486 2344 γεννητήν
1499 2316 1506 2323 ·
1527 2309 1568 2335 ὃτι
1594 2309 1609 2335 ό
1629 2309 1764 2343 γεννήσας
1779 2309 1824 2336 τὸν

1035 2356 1064 2388 ἐξ
1077 2355 1158 2382 αὐτοῦ
1173 2354 1378 2390 γεγεννημένον,
1397 2355 1444 2381 καὶ
1467 2353 1628 2385 ἀποστείλας
1651 2352 1680 2385 ἐξ
1693 2353 1778 2380 αὑτοῦ
1790 2354 1821 2380 τὸ

1035 2402 1111 2436 ἆγιον
1131 2401 1242 2436 Πνεῦμα
1262 2400 1356 2430 αὑτοῦ,
1373 2400 1484 2435 Πνεῦμα
1498 2398 1552 2426 τῶν
1566 2398 1631 2425 Υἱοῦ
1649 2399 1774 2434 μετέχον,
1788 2400 1818 2425 οὐ

1035 2450 1136 2481 πάντας
1150 2449 1311 2484 ἐγέννησεν,
1327 2448 1382 2475 ἀλλ’
1398 2447 1461 2475 ἕνα·
1477 2447 1517 2474 διὸ
1531 2447 1686 2482 Μονογενής
1699 2447 1772 2473 "xui.
1791 2446 1820 2472 ἓν

1033 2495 1063 2528 ἐξ
1078 2495 1160 2522 αὑτοῦ
1175 2494 1334 2521 ἀπέστειλεν
1346 2502 1352 2509 ·
1364 2493 1404 2520 διὸ
1421 2494 1498 2527 ἅγιον
1517 2491 1637 2527 Πνεῦμα.
1660 2493 1772 2519 Ἐκτισε
1791 2492 1820 2519 δὲ

1031 2542 1075 2569 διὰ
1090 2541 1137 2568 τοῦ
1155 2541 1230 2574 ἐνὸς,
1253 2540 1300 2567 καὶ
1322 2539 1486 2575 ἐστερέωσεν
1510 2539 1539 2565 ὲν
1555 2537 1593 2573 τῷ
1608 2538 1649 2564 ἑνὶ
1668 2538 1732 2569 τοὺς
1753 2537 1822 2564 πᾶνα

1031 2596 1096 2619 τας’
1112 2588 1175 2619 τοὺς
1191 2586 1240 2622 μὲν
1251 2586 1403 2620 γεννῶντας
1414 2606 1421 2617 ,
1437 2585 1484 2611 καὶ
1503 2584 1571 2620 μετὰ
1586 2585 1675 2611 κτίσιν
1691 2592 1822 2618 γεγεννη-

1035 2633 1131 2669 μένους
1143 2652 1152 2664 .
1166 2633 1228 2664 τοὺς
1246 2632 1273 2659 δὲ
1296 2631 1469 2662 κτισθέντας,
1488 2632 1556 2666 μήτε
1569 2629 1738 2664 γεννῶντας,
1754 2630 1822 2665 μήτε

1033 2679 1257 2715 γεγεννημένους.
1278 2678 1349 2704 Πολὺ
1374 2678 1402 2704 δὲ
1423 2677 1576 2712 ἀφέστηκεν
1595 2677 1611 2711 ὴ
1631 2676 1758 2708 dat-ructo;
1773 2675 1821 2710 τῆς

1033 2725 1146 2761 Τριάδος
1161 2724 1239 2751 οὐσία
1248 2723 1302 2750 τῶν
1319 2723 1372 2750 ἀπὸ
1386 2723 1435 2757 τῆς
1449 2722 1562 2758 Τριάδος
1579 2722 1742 2749 κτισθέντων
1754 2740 1763 2755 ,
1775 2720 1820 2748 καὶ

1073 2783 1081 2798 ⁸
1099 2782 1128 2809 F.
1149 2781 1384 2818 συλλελογισμὲνη.
1423 2780 1433 2796 ⁵
1447 2779 1477 2807 F.
1491 2780 1532 2806 δεῖ
1541 2779 1579 2806 τό.
