1945 3043
96 153 146 180 6M

416 152 600 182 ADVERSUS
620 153 790 183 lleﬂESES
809 155 863 183 LIB
880 155 886 184 1

945 157 1026 185 ΤΟΜ.
1047 156 1067 184 1.
1083 174 1115 178 -
1137 158 1273 186 ΙΙΑΕΠΕΞ.
1296 157 1409 185 LXXVI.

1673 160 1724 188 (ῖοὶ

94 216 147 240 οιέικ
160 211 214 240 ἀπὸ
229 211 279 247 τῆς
291 211 405 247 Τριάδος
424 212 617 246 γεννηθέντων.
638 213 683 240 Διὸ
700 213 756 249 ἔχει
771 215 788 249 ἡ
803 214 886 250 Τριάς

940 214 1040 243 Verum
1065 217 1185 244 inereata
1209 216 1353 245 Trinitatis
1374 216 1457 252 968
1476 216 1627 244 substantia
1647 217 1726 252 longe

97 259 126 285 τὸ
149 257 254 289 ἀπαθὲς
274 258 322 284 καὶ
338 257 559 292 ἀπαράλλακτον,
578 258 612 284 τά
621 258 650 284 δὲ
666 259 753 286 πάντα
765 260 799 287 τά
817 260 886 295 μετὰ

95 305 146 340 τὴν
160 303 263 340 Τριάδα
279 303 361 330 πάθει
379 303 546 338 ὑποκείμενα
559 311 566 318 '
582 305 605 330 εἰ
622 304 659 340 μή
674 313 699 331 τι
721 304 754 331 ἂν
773 305 886 341 δωροῖτο

95 352 108 377 ὸ
124 350 233 385 ἀπαθὴς
248 349 278 377 τὸ
297 349 400 381 ἀπαθὲς
414 349 458 376 διὰ
473 350 523 385 τῆς
539 350 692 385 ἀφθαρσίας
702 371 710 383 ,
735 348 776 383 οἷς
793 351 886 386 βούλε-

94 405 140 422 ται
166 395 237 422 κατὰ
252 395 356 430 δωρεὰν
381 395 544 430 χαρίσασθαι
564 395 698 430 ἀφθόνως,
724 397 782 422 Οὺκ
796 397 886 431 ἔχουσι

94 442 123 468 δὲ
135 441 165 468 τὸ
179 441 317 476 ἄφθαρτον
330 441 360 473 ἐξ
371 441 517 476 ἀσωμάτου
535 441 641 476 φύσεως
654 462 661 475 ,
679 442 736 468 ἀλλ’
756 441 786 474 ἐξ
801 443 886 477 ἀφθο-

93 487 155 518 νίας
168 486 215 513 τοῦ
232 485 334 520 ἀγαθοῦ
351 487 397 513 καὶ
412 486 534 518 ἀπαθοῦς
552 486 629 513 Θεοῦ.
644 487 699 513 Καὶ
714 487 768 522 γὰρ
783 487 843 514 οὔτε
856 487 887 515 τὸ

94 533 192 560 παθεῖν
207 533 253 559 τὸν
265 532 404 567 Μονογενῆ
423 533 452 558 ὲν
467 533 549 567 σαρκὶ
562 531 647 564 πάθος
661 534 840 568 περιποιεῖται
852 535 885 569 τῇ

94 580 180 608 αὑτοῦ
197 580 314 615 θεότητι,
331 579 418 606 καίτοι
437 587 469 613 γε
490 579 520 611 ἐξ
534 578 664 614 ἀληθινῆς
678 579 822 614 ὁμολογίας
846 588 888 606 πι-

95 626 257 661 στευόμενον
271 625 325 652 ἀπὸ
338 625 387 660 τῆς
401 624 531 660 ἀληθινῆς
548 624 666 655 πίστεως
678 644 685 656 ,
700 625 741 651 ὅτι
754 625 887 651 πέπονθεν

93 672 109 697 ὁ
127 670 236 705 ἀπειθὴς
249 669 317 700 Θεὸς
330 669 366 695 ὣν
392 669 488 703 Λόγος.
506 670 618 704 Ἔμεινε
642 669 670 695 δὲ
693 670 722 696 ὲν
738 669 857 705 ἀπαθείᾳ
873 671 887 696 ὁ

94 717 178 748 αὐτὸς
207 716 244 751 μὴ
260 715 374 750 τραπεὶς
401 715 451 750 τὴν
477 715 575 749 φύσιν,
599 716 666 750 μήτε
690 715 885 750 ἠλλοιωμένος.

95 762 142 788 Διὸ
158 761 238 795 σοφία.
255 760 292 787 ὢν
304 780 312 791 ,
329 761 376 787 καὶ
399 760 464 792 Θεὸς
478 760 586 796 ἀπαθὴς
601 760 638 787 ὢν
649 780 656 793 ,
675 761 722 787 καὶ
737 759 832 792 εἰδῶς’,
846 761 887 786 ὅτι

95 808 141 834 διὰ
159 806 262 838 πάθους
284 805 364 838 σώζει
383 806 446 838 τοὺς
464 806 499 832 τά
515 806 587 842 πάθη
605 805 716 841 ἔχοντας
741 806 787 832 τοῦ
805 806 886 832 θανά-

93 863 153 887 του,
171 853 200 880 οὺ
216 852 335 888 πρὲσόυν
346 852 515 884 ἀπέστειλεν,
531 853 581 879 οὐκ
598 852 722 887 ἄγγελον,
736 851 798 878 οὔτε
813 851 887 878 ἔστιν

95 900 135 932 ὡς
151 899 213 930 τοὺς
239 886 292 934 πρὸ
316 898 397 925 αὐτοῦ
417 899 576 934 προφήτας·
606 898 664 925 ἀλλ’
689 898 769 929 αὐτὸς
785 898 886 933 Κύριος
903 886 925 915 Β

94 938 174 980 ἦλθε,
190 945 236 972 καὶ
254 944 284 971 τὸ
303 944 422 980 παθητὸν
436 943 526 971 λαϐὼν
541 944 570 970 ὲν
585 942 671 979 ἑαυτῷ
687 942 820 979 ἀληθινῶς
834 942 882 968 πέ-

95 991 200 1024 πονθε,
219 990 269 1026 τῆς
296 989 422 1025 θεότητος
447 988 529 1016 αὐτοῦ
550 989 672 1021 ἀπαθοῦς
692 988 834 1024 μενούσης.
848 988 886 1014 Οὐ

95 1038 151 1073 γάρ
173 1038 189 1073 ἡ
206 1037 336 1073 ἔνσαρκος
353 1037 489 1072 παρουσία
505 1036 627 1072 ἡμδλυνε
643 1036 691 1072 τὴν
707 1035 822 1071 δύναμιν
836 1035 887 1070 τῆς

96 1082 181 1110 αὐτοῦ
205 1083 341 1118 θεότητος.
368 1082 532 1117 Εὑρίσκεται
548 1082 602 1118 γὰρ
627 1083 656 1109 ὲν
674 1083 707 1118 τῇ
727 1080 810 1109 αὐτοῦ
830 1081 884 1107 θεόι

94 1137 159 1164 τητι
172 1129 206 1155 τὰ
218 1128 265 1155 τοῦ
280 1128 347 1155 Θεοῦ
366 1128 496 1164 ἐνεργῶν,
516 1128 563 1155 καὶ
588 1128 625 1164 μὴ
636 1128 690 1154 ἀπὸ
703 1127 804 1164 σαρκὸς
820 1127 887 1154 ἀποο

96 1174 252 1209 κλειόμενος
265 1194 271 1207 ,
287 1174 380 1210 ἀνέμῳ
399 1174 448 1210 μὲν
463 1173 608 1209 ἐπιτιμῶν,
626 1173 672 1200 καὶ
686 1172 800 1200 κλύδωνι
815 1191 822 1204 ,
839 1173 887 1199 καὶ

96 1217 219 1254 θαλάσσῃ
235 1239 242 1250 ,
262 1218 387 1255 Λάζαρον
414 1219 443 1246 δὲ
471 1219 599 1255 αὑθεντίᾳ
621 1220 673 1256 ἰδίᾳ.
700 1220 813 1252 καλῶν,
839 1221 887 1247 καὶ

95 1264 165 1291 ἄλλα
193 1264 297 1300 μυρία,
314 1265 362 1291 καὶ
387 1265 516 1292 ἐπέκεινα
532 1265 634 1292 τούτων
661 1265 763 1292 ποιῶν·
788 1266 817 1298 ὃς
840 1266 887 1292 καὶ

96 1310 245 1346 συνεχώρει
264 1310 313 1345 μὲν
330 1310 364 1337 τὰ
380 1311 451 1337 κατὰ
464 1310 494 1337 τὸ
510 1310 620 1345 εὖλογον
629 1311 662 1346 τῇ
679 1311 770 1346 σαρκὶ,
789 1311 826 1343 ὡς
840 1312 887 1338 καὶ

94 1354 213 1390 διαϐόλῳ
225 1355 365 1389 πειράζειν
378 1375 387 1388 ,
403 1355 451 1382 καὶ
469 1354 624 1391 ἀνθρώποις
647 1356 739 1383 παίειν
749 1375 757 1388 ,
771 1356 819 1383 καὶ
831 1357 886 1388 τοῖς

96 1400 315 1436 συλλαμϐάνουσι
340 1401 371 1428 τὸ
393 1402 533 1428 ἀλίσκειν·
560 1402 603 1429 ἴνα
629 1402 659 1429 ὲν
682 1401 721 1438 τῷ
745 1402 858 1438 παθητῷ
873 1403 887 1430 ὁ

95 1446 207 1481 ἀπαθὴς
219 1446 293 1482 πάθῃ
302 1468 309 1479 ,
323 1447 432 1483 ἀπαθὴς
447 1447 535 1482 μένων
551 1448 580 1475 ὲν
594 1449 627 1483 τῇ
643 1448 697 1484 ίδὶᾳ
711 1449 816 1484 θεότητι
835 1448 884 1480 ὢν,

95 1491 147 1517 οὐκ
161 1491 300 1528 ἀλλότριος
314 1492 360 1519 τοῦ
377 1492 499 1525 ἀπαθοῦς
515 1493 581 1520 Θεοῦ
595 1513 602 1526 ,
616 1494 749 1526 ἑκουσίως
760 1495 788 1521 δὲ
803 1495 886 1521 ποιῶν

939 261 974 288 ab
1006 262 1049 289 his
1078 263 1205 290 omnibus
1233 263 1321 294 ahcst,
1352 271 1411 297 quae
1435 263 1470 290 ab
1502 263 1561 297 ipsa
1593 262 1726 289 Trinitate

937 311 1028 334 creata
1045 312 1120 340 sunt,
1135 315 1188 335 non
1206 309 1306 344 genita.
1327 308 1397 338 sldeo
1419 308 1560 336 Trinitatis
1580 308 1646 335 illud
1660 315 1721 343 pro«

938 351 1027 386 prium
1052 356 1105 383 est.
1130 357 1159 380 ιιι
1181 361 1269 388 neque
1292 353 1348 388 pati
1369 353 1530 388 quidquam,
1547 361 1635 388 neque
1650 361 1711 381 com

937 398 1037 425 mutari
1056 398 1160 433 possit‘
1177 409 1182 426 ε
1198 402 1296 426 czetera
1311 399 1412 431 omnia,
1428 398 1475 426 tibi
1496 406 1510 425 a
1524 397 1656 426 Trinitate
1673 398 1726 426 dis-

937 445 1064 477 cesseris,
1093 445 1148 480 pati
1172 445 1274 479 aliquid
1298 448 1428 479 possunt;
1462 444 1515 473 nisi
1534 444 1605 472 forte
1623 453 1723 480 expers

937 490 983 517 ille
1000 490 1152 519 aﬂeetionis
1165 491 1255 519 omnis
1270 491 1386 518 similem
1403 490 1546 525 quemdam
1561 495 1662 518 statum
1676 499 1724 525 per

938 537 1182 571 incorruptionem,
1205 537 1306 571 quibus
1336 536 1461 569 libuerit',
1494 536 1626 571 singulari
1655 545 1724 572 quo-

937 583 998 610 dam
1016 583 1146 610 beneﬁcio
1164 583 1240 618 large
1249 583 1418 618 benigneque
1436 583 1615 610 concesserit.
1635 582 1721 614 Quem

938 628 1047 663 quidem
1073 628 1288 663 incorruptionis
1312 632 1413 655 statum
1439 635 1493 655 non
1515 635 1548 655 ex
1566 628 1726 662 incorporea

936 675 1027 709 aliqua
1053 679 1160 706 natura,
1189 674 1235 701 sed
1262 682 1295 701 ex
1318 674 1392 706 boni,
1418 678 1445 701 et
1463 673 1614 700 affectionis
1637 673 1727 700 omnis

937 720 1056 754 expertis
1081 719 1126 746 Dei
1154 720 1279 754 largitate
1307 725 1521 754 consequuntur.
1540 718 1618 752 Quod
1635 723 1725 745 autem

939 767 1038 793 unicus
1058 765 1104 793 Dei
1121 765 1206 792 Filius
1220 766 1247 793 in
1262 773 1345 793 carne
1362 766 1397 793 sit
1412 773 1520 800 passus,
1535 764 1637 792 nullam
1652 763 1726 791 istud

938 810 964 836 in
985 809 1070 844 ipsius
1089 810 1257 838 divinitatem
1271 811 1424 845 passionem
1450 809 1626 837 transfundit.
1641 809 1727 841 Quan-

937 863 1019 889 quam
1033 855 1099 882 illud
1117 861 1190 883 recta
1208 856 1286 888 ﬁdes,
1306 863 1338 883 ac
1356 857 1463 883 sincera
1480 855 1614 890 professio
1630 855 1708 882 docet
1719 875 1727 887 ,

943 900 987 927 Dei
1006 900 1133 931 Verbum,
1159 902 1231 936 quod
1253 909 1300 936 per
1322 909 1384 929 sese
1403 902 1458 936 pati
1477 901 1545 928 nihil
1563 905 1664 936 potest,
1684 901 1727 928 ni-

941 945 1089 973 hilominus
1115 953 1176 973 esse
1199 953 1319 981 passum.
1348 945 1419 973 Idem
1447 953 1529 980 porro
1551 945 1645 973 eadem
1669 946 1729 980 ipsa

942 990 1062 1025 patiendi
1077 991 1144 1018 nihil
1161 991 1188 1018 in
1211 990 1368 1018 conditione
1382 991 1544 1025 permansit.
1570 998 1621 1018 nec
1634 991 1660 1018 in
1677 998 1728 1018 na-

941 1041 1001 1063 tura
1014 1044 1064 1064 sua
1082 1036 1241 1064 mutationis
1256 1036 1358 1071 aliquid
1376 1040 1423 1063 aut
1438 1037 1607 1064 diversitatis
1627 1044 1727 1071 expor-

942 1086 986 1109 tus
1001 1086 1053 1109 est.
1078 1081 1260 1114 Quamobrem
1285 1082 1331 1109 ille
1353 1083 1400 1117 qui
1424 1083 1578 1117 sapientia,
1601 1090 1634 1109 ac
1658 1082 1728 1109 Deus

939 1130 999 1154 erat
1018 1126 1155 1162 passionis
1174 1127 1265 1154 omnis
1288 1135 1397 1162 expers,
1422 1135 1484 1155 cum
1504 1127 1632 1162 patiendo
1647 1127 1729 1154 sciret

940 1180 969 1200 se
981 1179 1029 1200 eos
1051 1172 1230 1199 liberaturum
1249 1180 1320 1206 esse,
1337 1173 1384 1208 qui
1407 1177 1521 1201 mortem
1544 1173 1727 1208 patiebantur,

939 1225 994 1244 non
1011 1218 1129 1252 legatum
1153 1218 1250 1250 ullum,
1277 1227 1331 1246 non
1351 1219 1476 1254 angelum
1493 1219 1579 1251 misit,
1595 1226 1648 1246 non
1664 1226 1729 1254 pro-

939 1263 1035 1298 phetas
1059 1263 1188 1298 denique,
1210 1264 1363 1299 cujusmodi
1387 1264 1533 1291 adventum
1556 1271 1635 1291 suum
1649 1267 1728 1291 ante-

939 1313 1090 1340 cesserant,
1106 1309 1153 1337 sed
1176 1310 1291 1345 ipsemet
1313 1309 1444 1337 Dominus
1460 1309 1544 1341 venit,
1567 1317 1600 1336 ac
1623 1316 1730 1344 perpen-

939 1356 1044 1384 siouem
1061 1357 1098 1383 ita
1110 1356 1138 1383 in
1153 1364 1182 1384 se
1195 1358 1265 1391 ipso,
1283 1364 1401 1392 vereque
1423 1355 1565 1388 sustinuit,
1579 1360 1609 1383 ut
1622 1355 1729 1383 interim

940 1410 1037 1438 expers
1061 1402 1198 1437 passionis
1218 1401 1347 1430 divinitas
1369 1403 1428 1438 ipsa
1443 1405 1627 1437 permaneret.
1645 1401 1731 1436 Cujus

939 1449 1049 1483 quidem
1091 1448 1145 1475 vim
1171 1455 1204 1475 ac
1226 1448 1376 1483 potentiam
1401 1448 1469 1476 nihil
1495 1447 1647 1475 incarnatio
1672 1447 1730 1481 ipsa

939 1495 1075 1523 diminuit.
1090 1492 1157 1527 Nam
1171 1494 1297 1521 eumdem
1317 1494 1345 1521 in
1366 1494 1508 1521 divinitate
1525 1501 1585 1526 sua,
1603 1500 1663 1528 quae
1683 1492 1731 1520 Dei

95 1536 132 1563 τὰ
146 1537 234 1563 πάντα
253 1537 325 1565 κατὰ
341 1538 371 1565 τὸ
387 1538 540 1574 ἔκπληκτον
563 1539 645 1566 αὐτοῦ
664 1540 813 1575 μυστήριον
825 1549 831 1556 ·
849 1540 886 1572 ὡς

939 1541 1048 1577 propria
1061 1544 1136 1572 sunt,
1151 1545 1327 1576 praestantem
1349 1540 1409 1568 sine
1429 1541 1484 1568 ullo
1508 1540 1601 1568 carnis
1618 1539 1731 1574 impedi-

96 1582 145 1608 καὶ
160 1583 174 1608 ὁ
194 1583 287 1618 Πατὴρ
303 1584 368 1616 Θεὸς
386 1585 433 1611 σὺν
457 1583 531 1620 αὐτῷ
554 1584 593 1620 τῷ
612 1586 774 1620 Μονογενεῖ,
789 1586 836 1612 καὶ
849 1586 886 1621 τῷ

939 1592 1029 1614 mento
1049 1586 1187 1614 cernimus
1205 1595 1211 1612 :
1234 1586 1311 1613 velut
1328 1593 1390 1612 cum
1407 1589 1513 1616 ventos,
1530 1592 1616 1616 mare.
1639 1588 1667 1611 et
1681 1583 1731 1610 Πυ-

96 1627 239 1663 Πνεύματι
252 1629 334 1656 αὐτοῦ
344 1629 383 1665 τῷ
396 1630 476 1666 ἁγίῳ,
489 1630 575 1666 Τριάς
591 1628 658 1658 οὖσα
668 1631 710 1657 ἀεὶ
725 1632 824 1662 τελεία.
841 1632 886 1659 καὶ

940 1637 998 1660 etus
1023 1631 1188 1666 increpat’;
1209 1639 1270 1658 cum
1291 1630 1424 1658 Lazarum
1440 1630 1549 1665 propria
1567 1630 1731 1657 auctoritate

96 1674 222 1710 ἀπαθὴς,
239 1675 286 1710 μία
308 1675 402 1712 θεότης
430 1677 552 1712 περιέχει
569 1677 603 1703 τά
620 1677 708 1704 πάντα
719 1697 726 1710 ,
746 1674 786 1709 εἷς
810 1677 886 1711 Θεὸς,

939 1677 1112 1709 evocat';et
1133 1676 1236 1702 inﬁnita
1267 1676 1318 1702 alia
1344 1675 1499 1710 prodigiosa
1531 1683 1564 1702 ac
1595 1675 1730 1710 stupenda

98 1720 149 1755 μία
165 1721 293 1757 κυριότης
304 1722 350 1749 τοῦ
363 1722 446 1750 αὐτοῦ
459 1723 526 1749 Θεοῦ
540 1723 713 1759 περιέχοντος
726 1723 759 1750 τὰ
778 1723 837 1751 ὅλα.

939 1723 1057 1750 molitur.
1075 1721 1237 1756 Quanquam
1254 1721 1362 1748 interim
1385 1721 1517 1756 quidquid
1535 1726 1593 1749 erat
1609 1728 1726 1748 consen-

96 1770 208 1793 taneum
232 1767 340 1802 corpori
364 1767 510 1795 tribuebat.
531 1767 597 1795 Nam
613 1772 640 1795 et
655 1768 764 1796 diabolo
779 1772 884 1796 tentare
903 1767 1057 1803 permisit‘,
1081 1772 1108 1795 et
1124 1766 1279 1794 hominibus
1311 1766 1426 1798 caedere,
1454 1770 1482 1793 et
1506 1767 1560 1799 his,
1584 1767 1629 1801 qui
1653 1774 1729 1794 com-

99 1813 305 1849 prehendebant
321 1821 429 1849 capere,
454 1817 484 1841 ut
503 1813 530 1840 in
546 1813 650 1848 patibili
668 1818 764 1841 natura
800 1814 938 1849 passionis
968 1820 1066 1847 expers
1096 1816 1244 1848 pateretur,
1273 1816 1297 1840 et
1323 1811 1432 1839 interim
1453 1811 1480 1838 in
1504 1819 1553 1839 sua
1586 1811 1729 1839 divinitate

97 1860 236 1895 passionis
249 1868 345 1895 expers
365 1864 497 1893 maneret,
515 1868 569 1888 non
590 1861 695 1889 alienus
727 1869 742 1888 a
775 1861 912 1896 passionis
930 1865 1041 1895 experte
1069 1859 1135 1892 Deo,
1152 1860 1200 1888 scd
1223 1861 1314 1887 omnia
1336 1859 1466 1894 singulari
1491 1859 1608 1894 quodam
1637 1863 1664 1887 et
1680 1858 1729 1886 ad-

97 1905 215 1932 mirabili
255 1906 384 1941 mysterio
419 1910 515 1941 suapte
549 1906 691 1934 voluntate
719 1907 882 1941 suscipiens.
903 1905 1137 1939 Quemadmodum
1170 1909 1197 1932 et
1223 1904 1304 1932 Pater
1318 1903 1389 1932 Deus
1402 1911 1464 1931 cum
1481 1903 1627 1939 Unigenito
1658 1904 1728 1939 ipso,

99 1957 132 1977 ae
155 1949 260 1985 Spiritu
284 1954 380 1978 sancto
411 1958 419 1979 ε

448 1959 509 1986 quin
529 1951 638 1986 quidem
656 1951 789 1986 perfecta,
811 1956 838 1980 et
874 1951 1011 1986 passionis
1040 1958 1138 1986 expers
1160 1950 1293 1983 Trinitas,
1318 1957 1427 1985 unaque
1448 1948 1579 1976 divinitas
1603 1948 1729 1976 universa

98 1996 303 2031 complectitur,
322 1997 393 2026 Deus
407 2006 490 2031 unus,
514 2007 546 2026 ac
561 1999 719 2028 dominatus
735 2009 808 2037 pnus
824 2000 991 2028 continentis
1003 2000 1094 2027 omnia
1111 1999 1168 2027 Dei.

134 2044 172 2070 B’.
190 2043 245 2069 Καὶ
264 2043 294 2069 οὐ
309 2044 352 2071 διὰ
366 2045 396 2071 τὸ
413 2047 550 2081 περιέχειν
576 2047 610 2074 τὰ
625 2047 713 2074 πάντα
730 2048 810 2075 πάθει
822 2049 888 2075 ὑπο-

99 2089 213 2120 πίπτει,
227 2088 282 2115 τῶν
296 2090 534 2126 ἐμπεριεχομένων
551 2092 603 2118 ὑπὸ
623 2093 707 2124 πάθος
723 2093 884 2121 πιπτόντων.

976 2047 1008 2074 ll.
1028 2047 1122 2082 Neque
1145 2054 1210 2074 vero
1234 2046 1309 2081 quod
1336 2045 1478 2072 continere
1500 2044 1607 2072 dicatur
1627 2044 1729 2077 omnia,

940 2093 1043 2120 idcirco
1057 2092 1176 2128 patiendi
1198 2091 1351 2119 conditioni
1370 2090 1525 2124 subjicitur,
1543 2089 1605 2116 licet
1620 2096 1680 2123 qua:
1695 2089 1730 2116 ab

103 2134 195 2165 Ἐντὸς
209 2134 263 2170 γὰρ
277 2135 383 2162 πάντων
402 2137 470 2168 ἐστὶ,
486 2138 534 2164 καὶ
561 2138 640 2169 ἐκτὸς
655 2138 709 2165 τῶν
726 2138 793 2165 ὅλων
817 2139 885 2166 πάν-

940 2139 1000 2173 ipso
1014 2137 1284 2172 comprehenduntur
1298 2137 1323 2164 ei
1342 2136 1393 2170 legi
1414 2135 1585 2168 subjaceant.
1598 2133 1645 2161 Est
1656 2133 1728 2160 enim

96 2188 151 2205 των
171 2179 254 2211 Θεὸς,
270 2180 373 2216 ἀμιγὴς
388 2182 453 2218 πρὸς
478 2182 509 2209 τά
523 2182 627 2210 πάντα·
642 2183 703 2210 ὅθεν
725 2184 784 2211 οὐδὲ
801 2185 845 2211 διὰ
858 2185 888 2211 τὸ

97 2223 168 2251 εἶναι
182 2225 268 2260 πάντη
283 2244 290 2257 ,
307 2226 366 2252 οὐδὲ
384 2226 427 2253 διὰ
452 2227 483 2253 τὸ
504 2228 583 2260 ἐκτὸς
596 2225 665 2255 εἶναι
682 2229 790 2256 πάντων
803 2249 810 2262 ,
828 2230 888 2257 οὐδὲ

96 2269 141 2296 διὰ
153 2270 185 2296 τὸ
196 2271 333 2307 περιέχειν
352 2271 386 2298 τά
412 2272 500 2300 πάντα
513 2294 520 2306 ,
538 2273 598 2300 οὐδὲ
611 2274 655 2300 διὰ
671 2274 702 2300 τὸ
717 2275 746 2301 ὲν
762 2275 835 2311 αὐτῷ
854 2275 888 2302 τὰ

97 2315 189 2342 πάντα
211 2316 362 2349 κινεῖσθαι,
378 2317 464 2349 πάθος
490 2318 601 2344 εἰσοίσει
617 2318 656 2353 τῷ
682 2318 784 2345 ἀπαθεῖ
807 2318 866 2354 Θεῷ
879 2328 886 2336 ·

97 2361 192 2396 ὥσπερ
207 2361 267 2397 οὐδὲ
280 2362 325 2388 διὰ
337 2363 368 2389 τὸ
379 2363 573 2399 γεγεννηκέναι
593 2364 640 2391 τὸν
655 2365 795 2401 Μονογενῆ
807 2386 814 2398 ,
828 2365 888 2392 οὐδὲ

97 2407 143 2433 τὸν
160 2407 300 2443 Μονογενῆ
315 2409 504 2444 γεγεννῆσθαι,
521 2410 581 2437 οὐδὲ
600 2410 643 2437 διὰ
660 2411 690 2437 τὸ
713 2411 790 2445 ἅγιον
807 2411 888 2438 αὑτοῦ

98 2451 213 2486 Πνεῦμα
237 2452 268 2485 ἐξ
291 2454 373 2480 αὑτοῦ
397 2454 564 2482 ἀπεστάλθαι
578 2476 586 2488 ,
616 2455 698 2487 πάθος
718 2456 830 2483 εἰσοίσει
854 2458 887 2493 τῇ

98 2497 165 2532 ἁγίᾳ
179 2498 286 2533 Τριάδι.
310 2499 378 2526 Οὔτε
394 2500 448 2535 γὰρ
473 2500 593 2535 παθητὸν
616 2501 647 2528 τὸ
664 2501 741 2536 am
764 2503 885 2537 Πνεῦμα,

97 2544 126 2569 ἐν
142 2543 209 2570 εῖδει
221 2546 385 2579 περιστερᾶς
397 2546 489 2572 κατιὸν
512 2547 575 2582 περὶ
590 2547 635 2574 τὸν
660 2548 810 2583 Ἰορδάνην·
824 2549 885 2576 οὔτε

97 2590 112 2614 ὁ
125 2589 282 2624 Μονογενὴς
299 2590 351 2616 ὑπὸ
375 2591 497 2618 Ἰωάννου
515 2591 710 2627 βαπτιζόμενος
729 2601 758 2619 τε
773 2593 819 2620 καὶ
834 2593 888 2629 ψη-

97 2634 259 2669 λαφώμενος
270 2643 277 2650 ·
291 2635 352 2662 οὕτε
367 2637 381 2663 ὁ
395 2636 490 2672 Πατὴρ
510 2638 613 2664 ἄνωθεν
630 2637 697 2673 βοῶν
711 2641 786 2675 φωνῇ
802 2640 885 2666 ἀκου-

98 2681 178 2714 στικῇ
204 2679 376 2716 ἀνθρώποις,
405 2682 446 2708 ὅτι
467 2680 561 2716 Οὗτός
578 2683 637 2717 μού
659 2683 745 2710 ἐστιν
761 2685 777 2710 ό
810 2685 886 2717 Υἱὸς,

96 2725 194 2752 αὑτοῦ
219 2726 353 2754 ἀκούετε.
377 2727 597 2763 ’Ᾱπαράλλακτος
616 2729 703 2756 τοίνυν
718 2731 732 2756 ὁ
743 2730 806 2761 Υἱός
818 2738 826 2744 θ
841 2730 888 2756 καί¹

97 2772 112 2797 ὀ
126 2771 177 2806 μὲν
198 2772 292 2807 Πατὴρ
315 2772 461 2807 άγέννητος
473 2795 480 2806 ,
495 2775 509 2800 ὁ
530 2774 558 2800 δὲ
574 2774 639 2806 Υἱὸς
651 2775 779 2810 γεννητὸς
792 2795 799 2807 ,
819 2776 890 2802 ἁπα-

145 2849 153 2866 ¹
173 2848 267 2876 Matth.
282 2858 332 2881 xit.
351 2851 394 2877 32..

450 2852 458 2866 ’
473 2850 536 2878 Luc.
559 2859 617 2882 Vill,
636 2851 682 2878 Ἡ.
721 2852 730 2868 ³
744 2851 822 2879 Joan.
843 2860 879 2886 χι,
901 2853 945 2880 43.

939 2184 1011 2211 intra
1038 2183 1141 2216 omnia,
1165 2187 1192 2210 et
1211 2187 1289 2210 extra
1312 2181 1405 2209 omnia
1428 2180 1618 2207 universorum
1646 2178 1728 2210 Deus,

938 2237 1027 2265 neque
1042 2233 1132 2257 tamen
1145 2236 1207 2256 eum
1220 2229 1275 2255 ulla
1291 2235 1320 2255 re
1338 2230 1494 2258 concretus,
1513 2233 1544 2252 ac
1562 2225 1727 2260 permistus:

938 2282 971 2302 ex
995 2282 1049 2310 quo
1071 2274 1099 2301 tit
1117 2279 1157 2308 ut,
1174 2282 1262 2309 neque
1278 2272 1350 2308 quod
1370 2273 1470 2307 ubique
1484 2272 1530 2304 sit,
1546 2279 1634 2306 neque
1647 2270 1723 2306 quod

939 2325 1016 2348 extra
1028 2320 1119 2347 omnia
1138 2320 1183 2352 sit,
1211 2327 1299 2354 neque
1314 2318 1386 2354 quod
1401 2317 1614 2353 comprehendat
1624 2317 1728 2350 omnia,

944 2366 1027 2403 969
1044 2374 1131 2402 neque
1168 2366 1240 2402 quod
1266 2366 1294 2393 in
1319 2366 1379 2400 ipso
1405 2361 1532 2392 universa
1558 2367 1728 2395 moveantur,
1772 2360 1775 2363 ’

942 2415 977 2441 ob
992 2414 1018 2440 id
1035 2414 1089 2448 pati
1105 2412 1242 2448 quidpiam
1267 2411 1465 2440 existimandus
1488 2410 1540 2442 sit,
1553 2409 1682 2437 immunis
1696 2409 1730 2436 ab

940 2459 1013 2487 omni
1032 2458 1152 2494 patiendi
1167 2457 1325 2485 conditione
1339 2456 1421 2484 Deus.
1443 2454 1519 2483 Sicut
1531 2462 1581 2482 nec
1599 2454 1730 2489 idipsum,

939 2505 1011 2540 quod
1037 2505 1149 2532 unicum
1171 2503 1271 2531 Filium
1294 2503 1396 2539 genuit,
1423 2502 1551 2538 quodque
1575 2501 1673 2529 unicus
1687 2500 1732 2528 ille

939 2551 1045 2586 genitus
1061 2555 1113 2582 est,
1133 2555 1180 2577 aut
1201 2549 1273 2585 quod
1301 2553 1414 2577 sanctus
1430 2548 1489 2583 ejus
1509 2547 1626 2583 Spiritus
1641 2546 1731 2574 emis-

933 2605 983 2625 sus
996 2599 1038 2624 est
1055 2597 1090 2624 ab
1108 2596 1178 2631 ipsn,
1207 2596 1290 2622 ullam
1314 2593 1494 2622 sanctissimae
1516 2592 1644 2619 Trinitati
1668 2590 1734 2618 atie-

940 2642 1057 2669 ctionem
1075 2641 1183 2669 inti-ret.
1206 2641 1312 2676 Quippe
1331 2647 1382 2668 nec
1404 2638 1523 2674 Spiritus
1541 2638 1599 2673 ipse
1618 2641 1730 2664 sanctus

942 2690 995 2723 pati
1013 2688 1161 2723 quidquam
1181 2691 1279 2722 potest,
1296 2686 1342 2721 qui
1358 2683 1491 2713 col'umbm
1505 2684 1596 2719 specie
1615 2682 1649 2709 ad
1666 2682 1729 2710 Jor-

942 2734 1039 2760 danem
1054 2732 1195 2759 descendit
1207 2741 1213 2765 ;
1230 2739 1281 2759 nec
1293 2731 1454 2766 Unigcnitus
1470 2737 1485 2756 a
1496 2728 1601 2756 Joanne
1611 2727 1735 2762 baptiza-

943 2781 988 2803 tus
1003 2780 1030 2805 et
1045 2780 1233 2803 contrectatus
1246 2785 1253 2809 ;
1278 2775 1326 2804 sed
1348 2783 1435 2811 neque
1449 2774 1529 2802 Pater
1542 2772 1676 2809 ejusmodi
1697 2771 1730 2799 de

996 2854 1002 2869 ‘
1023 2853 1117 2880 Matth.
1139 2862 1175 2887 iv,
1194 2853 1202 2880 Ι
1219 2862 1279 2889 sqq.
