1945 3043
212 155 265 183 603

925 154 963 190 s._
975 151 1142 182 IZPIPIIANII

1795 153 1845 180 [ἱοι

213 222 284 243 οωςο
298 223 365 244 voce
383 222 545 252 personans,
559 221 641 250 quam
661 214 787 244 homines
798 215 929 244 exaudire
945 223 1004 251 pos-

1059 216 1120 251 θὴς,
1132 215 1180 242 καὶ
1196 216 1226 243 τὸ
1238 215 1350 251 Πνεῦμα
1363 215 1476 247 ἀπαθῶς
1490 215 1629 251 προελθὸν,
1643 215 1704 241 Τῶν
1717 214 1745 241 δὲ
1759 215 1846 241 ἄλλων

213 267 298 290 sent:
318 262 369 289 llic
391 267 430 289 est
452 261 539 288 l'ilius
557 269 639 294 nicas,
664 261 750 296 ipsum
774 261 893 289 audite'.
914 262 1005 295 Quare

215 309 282 336 nihil
299 317 313 335 a
329 308 409 336 Patre
435 307 561 335 diversus
577 311 619 335 est
634 306 730 335 Filius.
748 306 780 333 Et
792 307 901 342 quidem
925 307 1005 335 Pater

215 353 352 389 ingenitus
366 357 418 385 est,
435 352 522 381 Filius
538 353 657 388 genitus,
672 360 723 381 nec
736 353 793 380 ullo
809 353 889 381 modo
906 354 1006 389 patibi-

215 400 266 432 lis;
294 399 414 434 Spiritus
438 406 504 427 vero
531 403 644 427 sanctus
659 399 728 426 citra
745 399 899 434 passionem
922 400 1004 426 ullam

214 447 368 480 processit;
395 450 494 474 caetera
518 446 610 473 omnia
627 446 766 474 creatione
781 446 914 481 producta
929 451 1003 477 situt.

214 498 245 517 ac
263 490 383 526 perfecta
403 490 462 526 ipsa
481 490 601 519 Trinitas
625 492 651 518 in
676 492 827 526 quantitate
841 499 902 524 sua,
917 496 945 519 et
961 492 1005 519 in-

214 541 306 563 creata
319 537 500 572 appellatione
518 541 640 565 remanet
654 546 661 564 :
678 537 719 565 sic
736 542 766 564 ut
782 545 870 572 neque
883 545 1007 565 conmm-

215 586 287 608 tctur
312 582 384 617 quod
414 582 512 610 melius
529 586 581 614 est,
606 591 695 617 neque
719 581 792 617 quod
817 583 935 618 gignitur
951 583 1005 610 ulla

214 629 333 663 patiendi
358 629 415 663 lege
437 634 607 656 coercentur.
625 628 675 655 (lui
693 627 802 663 quidem
825 636 913 663 neque
929 629 999 664 geni-

214 679 257 702 tor
274 675 410 702 olmoxius
435 674 496 701 fuit.
520 674 579 702 Non
601 675 674 702 enim
697 682 859 709 corporeum
875 679 916 702 est
930 674 1005 710 geni-

215 726 270 748 tum
285 721 359 753 illud,
374 721 419 747 sed
439 719 558 755 Spiritus
572 728 587 747 e
603 719 716 755 Spiritu,
729 725 756 748 et
769 727 801 748 ex
813 719 893 747 Patre
908 719 1004 748 Filius.

216 765 255 792 lta
272 765 353 791 etiam
371 769 398 792 et
414 765 533 799 Spiritus
559 768 673 792 sanctus
699 764 733 791 ab
756 764 815 800 ipso
841 772 1005 800 progressus

214 816 266 843 est,
282 811 399 846 Spiritus
412 810 514 842 Patris,
535 809 654 845 Spiritus
675 810 789 842 Christi,
807 818 862 837 non
883 815 1004 844 creatus,

215 864 270 883 non
293 856 411 891 genitus,
425 863 480 883 non
499 863 646 891 germanus
662 855 756 888 frater,
780 863 834 882 non
850 863 928 886 avus,
949 863 1002 882 non

1057 262 1172 289 κτιστῶν
1188 262 1284 294 ὅντων,
1298 263 1347 298 τῆς
1361 261 1468 294 τελείας
1483 261 1598 297 Τριάδος
1613 260 1797 297 διαμενούσης
1818 261 1847 286 ἐν

1055 310 1088 345 τῇ
1107 311 1237 345 ποσότητι
1258 309 1306 335 καὶ
1322 308 1442 344 ἀκτιστῳ
1469 308 1615 344 ὀνομασῖᾳ,
1630 307 1691 334 οὔτε
1704 306 1752 334 τοῦ
1765 306 1846 342 ἀμει-

1056 362 1130 386 νονος
1146 354 1382 389 μεταϐαλλομένου
1393 374 1401 386 ,
1423 353 1484 380 οὒτε
1499 353 1529 380 τὸ
1543 353 1672 388 γεννηθὲν
1690 353 1773 380 πάθει
1786 361 1844 379 συν-

1055 399 1184 434 εχόμενον
1203 401 1285 428 ἐστιν.
1313 399 1381 426 Οὓτε
1398 399 1453 435 γὰρ
1471 399 1485 426 6
1509 399 1643 434 γεννήσας
1675 398 1756 426 πάθει
1784 407 1844 425 συν-

1056 445 1165 481 εσχέοη.
1189 446 1226 472 Οὐ
1248 445 1302 481 γὰρ
1327 445 1482 480 σωματικὸν
1496 445 1526 471 τὸ
1537 445 1670 480 γέννημα,
1684 444 1751 471 ἀλλὰ
1767 444 1847 471 Πνεῦ-

1058 498 1096 525 μα
1112 491 1144 517 sx
1159 490 1327 526 Πνεύματος,
1355 490 1403 517 καὶ
1429 491 1494 522 Υἱὸς
1516 491 1548 517 ὲκ
1571 491 1686 526 Πατρός.
1710 490 1848 521 Ὡσαύτως

1056 535 1103 561 καὶ
1133 535 1163 562 τὸ
1180 535 1258 569 ἇγιον
1285 535 1397 571 Πνεῦμα.
1421 535 1451 569 ἐξ
1470 535 1552 562 αὑτοῦ
1567 556 1574 567 ,
1601 536 1713 571 Πνεῦμα
1729 535 1846 571 Πατρδς,

1057 580 1168 616 Πνεῦμα
1182 581 1301 616 Χριστοῦ
1313 598 1320 614 ,
1337 581 1367 607 οὐ
1395 581 1503 608 κτιστδν
1513 602 1520 613 ,
1537 581 1567 608 οὐ
1581 581 1709 616 γεννητὸν
1719 601 1726 612 ,
1743 581 1775 607 οὐ
1789 589 1847 607 mw

1056 627 1180 661 ἀδελφον,
1203 627 1233 654 οὐ
1248 627 1435 663 προπάτορον,
1451 628 1502 654 οὐκ
1517 627 1637 662 ἔγγονον,
1650 627 1700 662 τῆς
1714 627 1847 661 ἀσυγκρί-

1056 682 1101 699 του
1119 673 1210 704 οὐσίας
1228 673 1345 709 Πατρὺς,
1360 673 1407 700 καὶ
1419 672 1496 706 Υἰοῦ,
1513 673 1560 700 καὶ¹
1583 673 1659 708 ἁγίου
1676 672 1847 707 Πνεῦματος.

1057 718 1274 754 ὑπερϐαινούσης
1300 720 1390 745 πᾶσαν
1409 719 1513 746 ἔννοιαν
1528 719 1576 746 καὶ
1602 719 1691 746 πάντα
1715 719 1799 750 νοῦν,
1816 720 1846 746 οὐ

1058 764 1136 800 μόνον
1160 764 1266 800 εἴποιμι
1293 764 1464 800 ἀνθρώπων,
1492 764 1560 792 ἀλλὰ
1579 765 1626 792 καὶ
1655 764 1791 798 ἀγγέλων.
1812 766 1849 791 Οὐ

1056 809 1111 844 γὰρ
1127 809 1278 845 μεταϐολὴν
1294 809 1438 843 ἐπεδέξατο
1461 810 1475 836 6
1489 810 1645 845 Μονογενὴς
1657 831 1664 843 ,
1689 810 1750 837 οὐδὲ
1772 811 1788 837 6
1802 811 1851 837 a5-

1056 855 1103 882 τοῦ
1119 855 1213 892 Πατὴρ
1225 876 1232 888 ,
1254 856 1314 882 οὐδὲ
1329 856 1360 882 τὸ
1383 857 1461 888 ἅγιον
1478 856 1559 883 αὑτοῦ
1578 857 1691 892 Πνεῦμα
1702 878 1708 888 ,
1736 857 1768 883 τὺ
1785 856 1850 883 τόν³

215 910 326 937 nepos;
358 902 495 937 siquidem
513 902 733 937 incomparabilis
755 901 858 934 Patris,
884 901 944 929 Filii
974 910 1004 930 ae

1059 891 1197 936 Μονογενῆ
1213 901 1306 937 ἀπαθῆ
1317 901 1382 928 ὄντα
1395 902 1425 928 ἒν
1440 902 1522 937 σαρκὶ
1536 903 1632 929 παθεῖν
1644 891 1657 918 -ν
1667 902 1713 929 καὶ
1726 902 1757 928 τὸ
1774 902 1851 935 ἅγιον

216 948 335 982 Spiritus
365 948 454 975 sancti
486 951 584 975 natura
613 948 806 982 cogitationem
838 955 946 975 omnem
973 955 1006 976 ae

215 998 478 1029 mentemsuperat,
508 1001 563 1020 non
591 993 732 1020 hominum
760 993 849 1021 solum
877 993 1004 1026 dixerim,

215 1047 311 1066 verum
338 1040 418 1068 etiam
446 1040 615 1076 angelorum.
643 1039 702 1066 Non
726 1039 799 1066 enim
827 1040 1004 1067 mutationem

214 1085 298 1112 ullam
316 1086 413 1113 unicus
427 1085 475 1113 Dei
496 1085 582 1113 Filius
597 1085 718 1118 admisit,
741 1093 791 1113 nec.
810 1086 895 1121 ipsius
914 1085 1004 1119 Pater,

213 1139 303 1168 neque
326 1135 438 1160 sanctus
461 1131 520 1166 ejus
546 1131 676 1166 Spiritus,
697 1138 730 1158 eo
748 1131 819 1165 quod
844 1131 1005 1167 Unigenitus

215 1185 263 1212 per
289 1185 350 1205 sese
369 1177 507 1212 passionis
536 1184 633 1212 expers
665 1176 691 1203 in
719 1184 802 1205 carne
828 1177 864 1205 sit
889 1185 1003 1213 passus;

215 1222 333 1258 Spiritus
349 1230 414 1250 vero
429 1227 542 1250 sanctus
557 1222 691 1250 columbae
705 1230 735 1249 se
751 1223 844 1258 specie
855 1223 1002 1251 videndum

214 1266 363 1301 obiecerit;
381 1274 413 1293 ac
435 1270 574 1301 postremo
600 1265 679 1293 Pater
704 1266 762 1300 ipse
786 1273 852 1294 voce
875 1267 909 1294 de
933 1268 1004 1295 coelo

1058 946 1141 973 αὐτοῦ
1158 947 1270 983 Πνεῦμα
1290 949 1319 974 ὲν
1337 947 1401 974 εῖδει
1417 948 1585 984 περιστερᾶς
1597 969 1605 980 ,
1623 947 1670 974 καὶ
1692 947 1721 974 τὸ
1737 947 1783 974 τὸν
1797 948 1852 974 Πα-

1058 993 1125 1029 τέρα
1146 992 1267 1028 φθογγὴν
1288 994 1328 1025 εἰς
1352 993 1436 1030 ἀκοὴν
1451 993 1601 1029 ἀνθρώπων
1614 993 1769 1028 ἀπορρῆξαι
1782 993 1853 1019 ἂνω-

1059 1038 1105 1065 θεν
1122 1039 1244 1071 ἀπαθῶς·
1261 1038 1356 1075 ὥσπερ
1369 1040 1399 1066 οὐ
1416 1039 1576 1076 μεταϐολὴν,
1595 1039 1643 1066 καὶ
1672 1039 1758 1070 πάθος
1774 1047 1853 1074 περι-

1059 1085 1136 1120 εποιή
1142 1093 1222 1111 παντο
1233 1085 1258 1112 οι
1269 1085 1426 1118 κτισθέντες
1440 1085 1560 1120 ἄγγελοι,
1575 1086 1621 1112 καὶ
1633 1086 1754 1122 οὐρανοὶ,
1772 1086 1819 1111 καὶ
1833 1087 1851 1121 ἡ

1057 1131 1110 1166 γῆ.
1127 1131 1174 1157 καὶ
1202 1130 1237 1158 τὰ
1259 1131 1348 1158 πάντα
1374 1131 1413 1166 τῷ
1430 1132 1499 1159 αὐτὰ
1526 1132 1696 1167 πεποιηχὰτι.
1726 1131 1807 1157 Ἀλλὰ
1822 1131 1853 1158 τὺ

1057 1177 1112 1203 πᾶν
1128 1177 1202 1204 ἐστιν
1216 1176 1368 1212 ἔκπληκτον
1384 1178 1545 1214 μυστήριον,
1564 1177 1635 1204 κατὰ
1649 1178 1679 1204 τὸ
1692 1177 1851 1213 εἰρημένον·

1056 1219 1089 1247 Ὠ
1109 1221 1207 1255 βάθος
1232 1221 1384 1254 πλούτου,
1414 1221 1463 1249 καὶ
1484 1223 1611 1257 σοφίας,
1637 1221 1686 1249 καὶ
1703 1221 1758 1256 τῆς
1775 1220 1853 1256 γνώ-

1056 1274 1133 1301 σεως
1149 1268 1224 1295 Θεοῦ
1239 1268 1249 1294 .’

214 1311 298 1339 missa
329 1312 398 1339 citra
433 1312 586 1347 passionem
612 1312 694 1338 ullam
723 1312 864 1340 hominum
892 1313 1004 1341 auribus
1025 1314 1186 1342 insonuerit.
1204 1314 1264 1342 Non
1281 1322 1362 1342 secus
1377 1318 1459 1349 atque
1471 1313 1570 1349 angeli,
1600 1314 1726 1341 ctetestes
1757 1313 1853 1346 orbes.

214 1361 297 1389 terra,
315 1362 476 1392 caatcraque,
501 1365 562 1393 qua:
602 1357 673 1385 Deus
705 1357 840 1389 condidit.
864 1359 956 1386 omnia
988 1359 1090 1387 nullam
1109 1359 1222 1392 auctori
1255 1368 1306 1387 suo
1343 1360 1522 1388 mutationem
1545 1359 1771 1394 aﬁ‘ectionemque
1799 1360 1854 1385 tri-

214 1403 341 1430 buerunt.
373 1402 426 1430 Sed
458 1404 514 1430 luce
547 1403 639 1430 omnia
674 1403 837 1438 stupendum
884 1404 1021 1439 quoddam
1059 1409 1144 1438 sunt,
1176 1405 1400 1441 horrendumque
1432 1406 1611 1442 mysterium,
1643 1406 1682 1433 uti
1717 1407 1854 1441 scriptum

214 1453 275 1477 est:
292 1450 314 1478 0
338 1450 454 1478 altitudo
477 1451 646 1482 divitiarum,
679 1451 812 1485 sapientia:
832 1456 857 1478 et
882 1453 999 1479 scientia:
1017 1452 1105 1480 Dei'l

443 1508 534 1536 AE'I‘II
552 1507 667 1536 CAPUT
688 1508 780 1536 XXIII.

250 1550 279 1578 Si
297 1551 395 1586 genitae
409 1551 571 1579 substantia:
587 1559 672 1579 causa
688 1551 725 1578 sit
745 1551 866 1587 ingenita
877 1572 883 1583 .
900 1553 1003 1588 ingeniv

215 1603 273 1625 tum
297 1605 363 1624 vero
375 1617 382 1629 ,
407 1597 480 1633 quod
499 1597 665 1633 principium
681 1598 793 1631 dicitur,
811 1598 879 1625 nihil
895 1600 1006 1628 omnino

214 1641 404 1677 sit,quomodo
420 1647 508 1677 potest
519 1641 544 1668 id
553 1642 625 1677 quod
634 1641 760 1676 nihilest,
772 1642 840 1678 ejus,
855 1644 927 1678 quod
939 1652 1004 1680 pro-

214 1687 326 1716 dUctum
342 1692 395 1721 est,
412 1695 474 1715 esse
486 1687 669 1723 principium?

409 1745 492 1780 9'70
512 1743 667 1779 Confutatio
685 1744 801 1772 XXIII.

249 1789 371 1826 Ingenita
394 1791 547 1818 substantia
573 1799 628 1817 non
650 1789 764 1822 eodem.
783 1798 838 1825 quo
853 1791 886 1818 ad
904 1797 1006 1819 caetera

213 1838 306 1864 omnia
325 1840 484 1871 emnparata
508 1836 606 1868 modo,
631 1835 678 1863 sed
703 1836 757 1863 alio
781 1837 900 1871 quodam
922 1845 1005 1865 sensu

215 1883 326 1914 dicitur,
351 1890 412 1909 cum
433 1882 466 1909 ad
493 1883 600 1909 unicam
624 1881 745 1908 sobolem
768 1882 896 1916 refertur,
915 1884 956 1911 vel
972 1884 1006 1911 ad

215 1928 348 1962 Spiritum
365 1932 502 1961 sanetum,
519 1928 567 1964 qui
580 1928 614 1955 ab
630 1928 688 1962 ipsa
704 1929 898 1963 progreditur;
916 1939 1006 1966 neque

215 1981 281 2001 vero
295 1974 459 2010 principium
476 1979 517 2003 est
531 1975 678 2009 ejusmodi,
695 1977 775 2009 quale
793 1981 835 2004 est
848 1978 922 2012 quod
933 1978 1007 2005 exsi-

216 2019 264 2047 stit
284 2027 347 2046 cum
376 2019 498 2047 nondum
516 2021 667 2048 exsistente
681 2025 883 2058 comparatum.
901 2021 1007 2057 Quippe

215 2073 270 2093 non
287 2074 321 2093 ex
339 2065 424 2093 nihilo
441 2066 548 2101 genitus
563 2070 605 2094 est
627 2066 713 2095 Filius
724 2088 731 2101 ,
757 2075 847 2102 neque
862 2075 916 2095 non
931 2068 1005 2095 exsi-

215 2116 291 2140 stens
307 2115 359 2145 est,
377 2111 422 2147 qui
440 2111 545 2147 genuit,
562 2113 604 2140 vel
617 2113 664 2148 qui
678 2114 712 2141 ab
730 2114 789 2149 ipso
804 2114 930 2149 procedit
944 2113 1007 2149 Spi-

214 2158 285 2185 I'IIIIS
303 2164 432 2192 sanctus;
449 2162 609 2186 czeterorum
627 2167 691 2186 νοιό
707 2166 792 2187 causa
810 2163 852 2187 CSI.
869 2160 1005 2186 exsistcns

215 2203 315 2239 ipsum.
346 2203 517 2239 Quapropter
546 2209 641 2239 suapte
671 2205 758 2240 gloria
791 2212 823 2232 ac
860 2205 1005 2240 splendore

215 2250 327 2285 praedita
349 2259 456 2285 semper
471 2255 513 2278 est
531 2256 708 2279 sacrosancta
727 2251 860 2282 Trinitas,
889 2259 949 2285 qua:
965 2252 1005 2279 di-

215 2295 327 2331 gnitatis
348 2304 404 2324 sua'
422 2297 597 2331 appellationi
618 2299 717 2332 cuique
736 2301 920 2325 consentanee
934 2305 1006 2325 sem-

215 2350 264 2377 per
278 2343 397 2370 exsisxit.
412 2342 478 2369 Nam
488 2347 540 2377 per
557 2343 656 2378 ipsam,
672 2347 699 2371 et
709 2351 765 2371 non
779 2348 868 2377 extra,
886 2351 949 2378 quae
965 2344 1006 2369 (ςι-

214 2394 259 2416 cta
276 2393 350 2418 sunt,
366 2397 427 2416 cum
446 2397 499 2417 non
518 2394 621 2422 essent,
638 2390 772 2426 producta
786 2395 860 2418 sunt.
878 2389 942 2418 Ideo
956 2398 1005 2417 ne-

215 2441 269 2469 que
297 2434 372 2461 solus
393 2441 439 2469 per
462 2442 523 2462 sese
547 2434 626 2464 Pater
650 2443 734 2462 causa
761 2439 803 2463 est
831 2435 1004 2462 conditarum

215 2487 325 2512 rerum,
353 2479 401 2507 sed
418 2479 509 2512 Pater,
531 2485 558 2507 ct
580 2481 685 2513 Filius,
704 2485 731 2509 et
758 2480 877 2516 Spiritus
892 2484 1005 2508 sanctus

215 2526 368 2560 procreavit
382 2526 484 2553 omnia.
501 2526 578 2559 Quod
594 2527 618 2554 si
637 2527 743 2554 alienus
756 2530 830 2554 esset
847 2526 944 2558 Filius,
963 2531 1004 2553 at-

216 2578 269 2606 que
293 2578 308 2598 a
333 2571 466 2607 principio
483 2580 534 2600 suo
556 2571 677 2599 nondum
708 2573 845 2600 exsistens
871 2571 1004 2606 originem

217 2617 375 2650 habuisset,
399 2626 461 2645 eum
478 2618 586 2646 caeteris
610 2619 738 2646 omnibus
759 2619 792 2646 ab
807 2627 839 2646 eo
864 2618 1004 2654 profectus

215 2664 328 2699 aequalis
348 2668 422 2692 esset
443 2664 592 2692 omnibus:
610 2665 682 2692 unde
705 2669 731 2693 et
752 2664 824 2692 Deus
848 2672 901 2692 non
924 2672 1006 2700 gene-

215 2708 313 2742 rando,
330 2709 378 2737 sed
393 2710 562 2745 procreando
580 2710 746 2746 principium
765 2710 921 2742 haberetur,
934 2709 1007 2738 ﬁeri-

215 2763 268 2792 que
283 2764 337 2784 non
354 2761 447 2785 nosset
461 2757 588 2792 amplius,
604 2761 635 2784 ut
647 2765 718 2785 unus
731 2757 850 2793 genitus,
863 2765 896 2784 ac
909 2756 1005 2790 Filius,

215 2806 312 2829 cetera
326 2810 392 2830 vero
407 2809 540 2831 creatum
553 2803 723 2837 dicerentur;
735 2805 783 2832 sed
798 2804 838 2832 vel
853 2804 945 2832 omnia
957 2811 1005 2839 ge-

266 2858 381 2886 ‘llatth.
401 2869 464 2892 .tvu,
482 2860 507 2887 ὃ.
544 2861 553 2875 ¹
573 2860 650 2887 Iloin.
667 2868 705 2893 xt,
722 2861 767 2889 55.
803 2861 813 2876 ³
840 2860 870 2887 F.
885 2859 922 2896 τῷ
934 2859 989 2888 τόν.

1242 1513 1441 1540 ΚΕΦᾹΛᾹΙΟΝ
1456 1513 1476 1540 Α
1482 1513 1584 1540 ΕΤΙΟΥ
1599 1513 1661 1541 Kl".

1093 1560 1126 1586 EI
1141 1560 1190 1595 τῆς
1206 1560 1354 1595 γενομένης
1368 1560 1385 1596 ἠ
1405 1560 1551 1596 ἀγέννητος
1568 1561 1648 1594 φύσις
1667 1561 1743 1588 ἐστὶν
1764 1562 1854 1595 αἰτία,

1056 1605 1087 1632 τδ
1103 1606 1130 1632 δὲ
1145 1605 1292 1641 ἀγέννητον
1318 1606 1400 1641 μηδὲν
1424 1606 1477 1641 εἴη,
1499 1606 1556 1637 πῶς
1583 1606 1616 1633 ἂν
1640 1607 1682 1642 εἴη
1709 1608 1796 1635 αἴτιον
1820 1608 1855 1635 τὸ

1059 1651 1141 1687 μηδὲν
1155 1652 1202 1678 τοῦ
1219 1652 1360 1686 γεγονότος
1368 1661 1375 1685 ;

1334 1753 1492 1787 Αιιατροπὴ
1508 1755 1574 1781 Kl".

1095 1797 1173 1824 Ἔστι
1190 1798 1239 1833 μὲν
1255 1796 1302 1826 οὖν
1316 1799 1378 1826 καθ’
1397 1799 1494 1835 ἑτέραν
1515 1800 1645 1832 διάνοιαν,
1661 1800 1720 1827 ἀλλ’
1734 1801 1765 1828 οὐ
1781 1803 1855 1829 κατὰ

1057 1844 1108 1879 τὴν
1125 1844 1185 1880 ῐσην
1198 1846 1265 1881 πρὸς
1293 1846 1381 1873 πάντα
1408 1846 1425 1881 ἡ
1451 1846 1597 1881 ἀγέννητος
1620 1846 1712 1881 φύσις,
1735 1848 1804 1883 πρὸς
1822 1849 1856 1875 τὸ

1059 1891 1202 1926 μονογενὲς
1226 1892 1363 1927 γέννημα,
1390 1892 1436 1919 καὶ
1460 1892 1528 1928 πρὸς
1548 1892 1580 1918 τὸ
1606 1892 1636 1925 ἐξ
1659 1893 1748 1928 αὐτῆς
1774 1894 1856 1928 ᾇγιον

1057 1935 1185 1971 Πνεῦμα·
1205 1936 1255 1963 οὐκ
1271 1937 1356 1963 αἴτιον
1372 1936 1411 1968 δὲ,
1429 1936 1467 1968 ὡς
1488 1937 1518 1963 τὸ
1541 1937 1663 1972 ὑπάρχον
1681 1938 1750 1974 πρὸς
1768 1939 1799 1965 το
1815 1939 1856 1975 μὴ

1057 1980 1096 2008 ὃν,
1115 1981 1192 2007 Ἔστι
1206 1981 1261 2017 γὰρ
1282 1981 1332 2008 οὐκ
1351 1982 1380 2013 ἐξ
1401 1982 1451 2008 οὐκ
1471 1981 1554 2008 ὄντων
1579 1983 1593 2008 ὁ
1614 1983 1766 2017 γεννηθεὶς,
1791 1984 1855 2011 οὐδὲ

1059 2026 1096 2062 μὴ
1114 2025 1151 2052 ὥν
1170 2027 1243 2053 ἐστιν
1269 2027 1283 2053 ὁ
1305 2028 1448 2062 γεννήσας,
1474 2028 1535 2054 οὐδὲ
1558 2028 1588 2055 τὸ
1612 2028 1642 2060 ἐξ
1666 2028 1751 2055 αὑτοῦ
1776 2029 1854 2064 ᾰγιον

1058 2071 1184 2111 Πνεῦμα·
1204 2072 1258 2099 τῶν
1273 2073 1300 2099 δὲ
1319 2073 1407 2100 ἄλλων
1426 2073 1499 2100 ἐστὶν
1523 2075 1608 2101 αἴτιον
1624 2074 1654 2101 τὸ
1667 2074 1707 2101 ὃν.
1730 2075 1777 2101 Διὸ
1789 2075 1854 2102 σύν-

1057 2126 1115 2144 εστι
1141 2119 1175 2154 τῇ
1192 2118 1244 2153 ἰδίᾳ
1255 2119 1298 2145 ἀεὶ
1314 2118 1376 2154 δόξῃ
1395 2120 1411 2154 ή
1427 2119 1492 2154 ἁγία
1514 2120 1609 2156 Τριὰς,
1629 2120 1673 2147 ἀεὶ
1697 2118 1767 2147 οὖσα
1787 2122 1854 2148 ἀνα-

1057 2163 1143 2197 λόγως
1159 2164 1266 2199 έκάστῳ
1282 2164 1394 2200 ὀνόματι
1408 2165 1454 2192 τοῦ
1468 2166 1553 2202 αὐτῆς
1565 2166 1730 2202 ἀξιώματος.
1743 2168 1783 2193 Δι’
1801 2168 1852 2194 αὺ-

1057 2209 1107 2244 τῆς
1117 2208 1183 2244 γὰρ,
1202 2209 1249 2236 καὶ
1270 2210 1320 2236 οὐκ
1341 2210 1429 2243 ἐκτὸς,
1444 2211 1478 2237 τὰ
1493 2212 1624 2246 γεγονότα
1640 2213 1785 2247 γεγόνασιν
1803 2213 1853 2239 οὐκ

1058 2254 1131 2282 ὄντα.
1146 2255 1245 2291 Διόπερ
1259 2256 1319 2282 οὐδὲ
1341 2256 1401 2282 καθ’
1421 2257 1516 2284 ἑαυτὸν
1537 2259 1551 2284 ὁ
1578 2257 1672 2294 Πατὴρ
1688 2258 1774 2291 αἴτιος
1799 2259 1853 2285 τῶν

1058 2301 1208 2335 γεγονότων
1222 2302 1306 2335 ἐστὶν,
1331 2303 1398 2329 ἀλλὰ
1421 2303 1526 2339 Πατὴρ,
1542 2303 1589 2331 καὶ
1616 2304 1691 2336 Υἱὸς,
1710 2305 1759 2331 καὶ
1775 2305 1853 2339 ἅγιον

1060 2346 1175 2382 Πνεῦμα
1198 2347 1310 2382 ἐποίησε
1337 2350 1371 2374 τὰ
1392 2349 1490 2376 πάντα,
1517 2350 1548 2376 EI
1571 2349 1599 2376 δὲ
1623 2347 1658 2385 ἢν
1680 2350 1822 2386 ἀλλότριος
1840 2351 1854 2376 6

1060 2393 1134 2425 Υἱὸς,
1147 2393 1184 2425 ὡς
1198 2393 1252 2420 ἀπὸ
1263 2394 1347 2421 αἰτίου
1364 2395 1413 2422 οὐκ
1429 2395 1477 2427 ὼν,
1495 2395 1634 2430 προελθὼν
1648 2396 1682 2423 ἂν
1701 2398 1772 2432 μετὰ
1787 2398 1853 2424 πάν-

1058 2448 1122 2471 των,
1139 2440 1185 2466 καὶ
1199 2440 1279 2472 αὐτὸς
1299 2441 1355 2472 ἴσος
1373 2441 1492 2475 ἐγένετο.
1519 2442 1574 2468 Καὶ
1597 2442 1683 2474 αἴτιος
1699 2440 1734 2478 ἦν
1752 2444 1768 2469 ὁ
1789 2443 1853 2474 Θεὸς

1057 2485 1149 2512 οὐκέτι
1170 2486 1337 2520 γεννητικῶς
1362 2486 1501 2522 ἀχθέντος,
1526 2487 1595 2514 ἀλλὰ
1620 2488 1787 2520 κτιστικῶςο
1808 2490 1854 2515 καὶ

1057 2531 1148 2558 οὐκέτι
1177 2532 1314 2567 ἐνεδέχετο
1339 2531 1385 2558 τὸν
1411 2531 1459 2558 ἕνα
1489 2531 1616 2566 λέγεσθαι
1648 2533 1795 2569 γέννημα,
1821 2533 1854 2560 τὰ

1059 2577 1079 2603 δ’
1095 2577 1162 2604 ἄλλα
1181 2578 1328 2613 κτίσματα,
1345 2578 1402 2604 ἀλλ’
1418 2578 1434 2613 ἢ
1448 2579 1483 2605 τὰ
1497 2579 1587 2606 πάντα
1603 2580 1650 2606 σὺν
1667 2580 1744 2615 αὐτῷ
1756 2581 1853 2615 γεννή-

1061 2631 1134 2658 ματα
1147 2623 1284 2658 λέγεσθαι,
1300 2623 1316 2659 ἢ
1330 2623 1410 2650 αὑτὸν
1423 2625 1471 2650 σὺν
1485 2625 1552 2650 πᾶσι
1570 2624 1674 2660 κτίσμα
1687 2626 1791 2660 ὁμοίως
1807 2634 1854 2653 κα-

1059 2668 1178 2695 λεῖσθαι·
1200 2670 1247 2696 καὶ
1269 2670 1344 2696 οὐδὲν
1366 2668 1400 2705 ἦν
1428 2670 1576 2706 ἐξαίρετον,
1605 2670 1784 2707 ἐξισουμένου
1807 2670 1853 2698 τοῦ

1060 2715 1119 2746 ἑνὸς
1132 2715 1187 2747 τοῖς
1207 2716 1274 2742 πᾶσι
1297 2715 1368 2743 κατὰ
1382 2716 1413 2742 τὺ
1431 2716 1513 2752 μέρος
1535 2716 1565 2743 τὸ
1587 2716 1617 2748 ἐξ
1636 2717 1687 2743 οὐκ
1703 2717 1804 2744 ὄντων’
1823 2717 1853 2744 οὐ

1062 2759 1141 2795 μόνον
1151 2761 1256 2796 εἴποιμι
1267 2761 1410 2795 ἀγγέλους,
1428 2761 1466 2796 τῷ
1480 2761 1569 2789 αὐτῶν
1581 2762 1610 2788 δὲ
1623 2764 1721 2798 ποιητῇ
1735 2764 1783 2790 καὶ
1796 2763 1854 2798 κτι-

1061 2813 1111 2841 στῃ
1128 2807 1276 2841 μονογενεῖ,
1291 2807 1360 2834 ἀλλὰ
1377 2808 1424 2835 καὶ
1439 2806 1612 2844 ἀνθρώπους,
1626 2809 1675 2835 καὶ
1696 2810 1794 2846 κτήνη,
1808 2809 1853 2836 καὶ
