1945 3043
81 171 145 198 605
395 170 581 199 ADVERSUS
595 171 768 200 "(ERESES
786 171 850 201 LIB.
872 173 915 201 Ill.

937 174 1019 203 ΤΟΜ.
1040 175 1250 204 1.-ΗᾸΞΒΕ8.
1273 175 1388 203 LXXVI.
1671 173 1724 202 606

81 231 139 257 ὅσα
158 230 380 266 ἀπειρομεγέοως
406 230 515 257 ἀποδέει
529 231 579 266 τῆς
594 231 698 257 ἐκείνου
713 230 820 265 φύσεως
838 232 877 258 κα¹

938 234 987 261 niti
1008 235 1118 262 nomine
1138 235 1356 265 continerentur,
1378 233 1420 261 vel
1439 232 1524 260 Fili-ts
1541 233 1599 267 ipse
1612 232 1725 266 perinde

80 275 257 311 ἀξιώματος.
272 277 365 303 Ἔστιν
379 277 393 303 ὁ
409 276 446 302 ὢν
460 276 509 303 σὺν
526 276 565 311 τῷ
578 276 635 303 ὄντι
656 276 686 309 ἐξ
705 277 787 304 αὑτοῦ
801 277 885 313 ἀχρό-

80 330 142 354 νως
154 322 240 354 ὅντως
251 323 459 358 γεγεννημένος,
475 323 525 350 οὐκ
548 323 577 356 ἐξ
598 324 647 350 οὐκ
667 323 761 355 ὄντων,
779 323 837 350 ἀλλ’
855 324 886 357 ἐξ

81 368 174 395 αὐτοῦ
185 377 192 384 '
207 369 254 395 καὶ
266 368 324 396 ἔστι
335 368 367 395 τὸ
379 368 456 403 ἆγιον
472 369 554 395 αὐτοῦ
568 369 692 405 Πνεῦμα,
708 369 737 396 τὸ
747 370 797 396 οὐκ
810 370 886 397 ἀλλὰ

79 423 164 450 τριον
180 414 230 449 τῆς
243 414 325 441 αὑτοῦ
346 415 450 447 οὐσίας,
472 414 534 441 οὐδὲ
550 415 588 446 ὡς
604 415 651 441 ἐπὶ
673 414 794 451 βοηθείᾳ,
815 415 886 442 κατά

79 460 132 487 τὸν
153 460 256 487 Ἀετίου
268 460 357 495 λόγον,
369 460 428 497 Θεῷ
445 461 729 496 προσ-πεπορισμένον.

936 286 967 306 ac
984 283 1081 306 caetera
1099 283 1222 307 creatura
1244 279 1382 306 diceretur
1397 286 1403 304 :
1422 285 1512 313 neque
1527 277 1676 313 quidquam
1696 277 1725 304 in

934 333 966 352 eo
976 329 1049 353 esset
1059 325 1199 358 exitnium,
1211 332 1273 352 cum
1292 325 1344 352 hac
1364 332 1396 352 ex
1413 328 1500 359 parte,
1510 323 1626 358 quodex
1639 322 1725 350 nihilo

935 371 1085 406 productus
1105 370 1195 403 foret,
1212 378 1283 397 unus
1304 371 1348 397 ille
1364 377 1425 397 cum
1442 369 1548 397 caeteris
1564 368 1725 403 adaequare-

936 420 980 443 tur
993 414 1121 441 omnibus
1136 421 1142 439 :
1160 414 1228 441 adeo
1244 417 1272 440 ut
1291 422 1344 441 non
1358 414 1438 441 modo
1453 413 1539 448 angeli
1552 421 1614 440 cutn
1629 412 1725 440 condi-

936 464 995 487 tore
1014 466 1046 486 ac
1066 462 1190 486 creatore
1210 466 1261 486 suo
1279 459 1359 485 unico
1374 457 1419 486 Dei
1438 457 1518 490 Filio,
1532 458 1580 486 sed
1593 462 1620 486 et
1637 458 1726 485 homi-

79 516 137 537 nes
154 513 181 536 et
196 509 314 544 pecudes
338 509 528 544 aquuentur,
544 516 576 536 ac
593 514 712 541 castora,
730 516 790 544 qua
823 509 856 536 ab
890 508 964 535 illius
986 510 1084 534 natura
1107 513 1138 533 ac
1153 506 1285 540 dignitate
1309 505 1415 533 inﬁnito
1435 505 1577 533 intervallo
1609 505 1723 532 distant.

81 553 173 589 Igitur
184 553 270 581 Filius
282 553 419 582 exsistens
435 562 498 581 cum
530 554 681 582 exsistente
709 553 789 582 Patre
800 558 920 581 aeternus
940 557 982 580 est
994 573 1002 586 ,
1023 553 1056 579 ab
1070 559 1156 586 eoque
1174 552 1233 578 sine
1253 555 1392 586 tempore,
1408 559 1462 578 non
1478 559 1493 578 e
1506 551 1605 582 nihilo,
1629 550 1677 577 sed
1690 557 1724 577 ex

81 601 150 635 ipso
173 609 266 628 revera
284 602 401 636 genitus,
428 605 523 637 estque
543 602 662 636 Spiritus
686 602 746 637 ejus
766 606 878 630 sanctus
917 602 951 629 ab
975 601 1049 628 illius
1075 604 1174 628 natura
1199 607 1253 627 non
1277 599 1399 632 alienus;
1426 607 1514 634 neque
1537 599 1612 627 velut
1643 598 1723 633 adju-

81 648 174 675 menti
200 647 299 683 gratia,
327 651 359 675 ut
382 648 478 677 Aetius
505 648 662 682 existimat,
685 657 701 677 a
725 648 781 677 Deo
811 652 998 684 comparatus.

269 706 470 734 ΚΕΦΑΛΑΙΟΝ
491 707 619 734 ΑΕΤΙΟΥ
637 708 700 734 KA'.

121 750 156 777 Εἰ
176 750 207 778 τὸ
231 751 378 786 ἀγέννητον
397 752 534 788 στέρησις.
559 754 576 789 ἡ
600 754 628 780 δὲ
649 754 777 790 στέρησις
801 753 884 787 ἕξεως

81 796 208 833 ἀποϐολή
226 798 309 829 ἐστιν,
323 799 340 834 ἡ
357 798 385 825 δὲ
399 798 518 834 ἀποϐολὴ
535 799 675 832 παντελῶς
693 800 850 833 ἀπόλλυται,
863 801 880 835 ἢ

83 841 250 876 μεθίσταται
274 843 316 878 ἐφ’
340 842 450 878 ἕτερον·
470 844 529 876 πῶς
552 841 608 870 οἷόν
628 853 658 871 τε
677 845 732 877 ἕξει
752 845 881 880 μεθιστα-

1159 702 1250 729 AETII
1270 701 1387 730 CAPUT
1405 701 1500 730 XXIV.

970 748 998 776 Si
1023 749 1172 784 ingenitum
1190 748 1307 784 privatio
1325 749 1453 783 qumdam
1473 751 1515 776 est
1539 755 1545 774 :
1572 751 1613 775 est
1632 751 1722 774 autem

934 795 1049 829 privatio
1071 795 1224 822 allectionis
1240 795 1372 826 amissio;
1391 795 1505 823 amissio
1519 802 1601 830 porro
1616 794 1725 829 pcnitus

932 849 948 868 ε
966 841 1056 868 medio
1073 841 1186 872 tollitur,
1203 846 1250 867 aut
1265 841 1293 868 in
1312 841 1426 868 alterum
1444 845 1640 873 commutatur,
1656 847 1725 875 quo-

83 887 158 924 μένῃ
181 887 197 923 ἦ
212 888 395 925 ἀπολλυμένῃ,
413 889 646 925 κατονομάζεσθαι
661 890 710 927 τὴν
726 891 820 919 οὐσίαν
834 891 877 918 τοῦ

934 894 996 914 nam
1021 891 1100 922 pacto
1116 887 1259 915 ali‘ectione
1279 888 1324 915 illa
1345 893 1504 916 transeunte
1520 892 1567 914 aut
1581 891 1723 922 pereunte,

81 934 155 960 Θεοῦ
166 935 307 971 ἁγεννήτῳ
319 936 490 972 προσηγορίᾳ
500 945 508 970 ;

364 1035 528 1070 Ἀνατροπὴ
542 1038 607 1064 ΚΔ’.

119 1079 153 1106 Εἰ
176 1079 231 1106 ἀπὸ
256 1079 303 1107 σοῦ
326 1080 374 1107 καὶ
399 1080 489 1117 δεῦρο,
506 1082 603 1114 Ἃέτιε,
619 1083 636 1118 ή
659 1083 723 1118 περὶ
736 1083 804 1110 Θεοῦ
817 1083 881 1116 δόξα

79 1125 139 1152 ἀπὸ
153 1125 207 1152 τῶν
222 1125 276 1153 σῶν
291 1126 479 1163 συλλογισμῶν
491 1128 528 1159 εἰς
543 1128 621 1161 δόξαν
634 1128 693 1165 Θεῷ
706 1129 879 1165 πεπόρισται,

80 1171 158 1199 κατὰ
169 1172 233 1204 τοὺς
244 1173 375 1200 ἀνωτάτω
392 1173 444 1200 ὑπὸ
471 1174 518 1200 σοῦ
540 1174 686 1209 λεχθέντας
709 1175 816 1209 λόγους,
833 1176 880 1203 καὶ

80 1217 166 1250 αὐτὸς
191 1218 259 1253 πρὸς
286 1218 318 1245 σὲ
350 1219 576 1254 ἀποτεινόμενος,
604 1220 808 1257 συγχωροῦντος
832 1221 879 1248 τοῦ

79 1263 163 1296 Θεοῦ,
179 1264 214 1290 τὰ
229 1264 274 1291 ίσα
289 1273 330 1291 σοι
345 1265 392 1291 καὶ
414 1265 496 1297 αὐτὸς
516 1266 753 1302 προσφθέγξομαι·
772 1267 813 1294 ὁτι
828 1276 879 1303 μη-

79 1310 157 1342 δενὸς
169 1310 224 1337 τῶν
238 1310 359 1337 παλαιῶν
374 1310 402 1337 εν
420 1320 450 1338 τε
471 1313 504 1348 τῇ
527 1312 635 1348 Παλαιᾷ
654 1314 777 1349 Διαοήκῃ
791 1314 837 1341 καὶ
850 1315 879 1341 ἐν

79 1358 116 1392 τῇ
137 1357 224 1393 Καινῇ
249 1357 334 1392 ἁγίων
351 1358 508 1385 ἀποστόλων
532 1359 549 1395 ἢ
566 1359 714 1396 προφητῶν
729 1360 809 1388 τοῦτο
828 1370 879 1387 πε-

81 1403 268 1438 φρονηκότων,
285 1403 416 1438 ἀμείνονά
431 1411 461 1430 σε
486 1404 567 1430 αὑτὸν
586 1404 718 1440 meme;
735 1405 782 1432 καὶ
795 1405 878 1432 αὺτοῦ

79 1447 130 1474 τοῦ
147 1447 215 1474 Θεοῦ
231 1448 278 1475 καὶ
289 1448 408 1484 ἀσφαλῆ.
425 1449 492 1475 Ἀπὸ
507 1449 561 1485 γάρ
574 1450 621 1476 σοῦ
643 1451 690 1477 καὶ
703 1451 781 1486 δεῦρο
793 1460 878 1486 προσ-

79 1494 163 1521 έλαϐε
178 1494 208 1520 τὸ
219 1494 306 1526 Θείον,
318 1494 355 1525 ὼς
369 1494 439 1521 κατὰ
451 1495 496 1521 τὸν
516 1495 562 1522 σὸν
581 1495 668 1530 λόγον,
683 1497 721 1528 είς
733 1497 782 1532 τὴν
797 1497 879 1524 αὐτοῦ

80 1540 174 1567 πίστιν
196 1540 244 1576 τὴν
270 1540 475 1576 συλλογιστικὴν
503 1540 605 1576 ταύτην
630 1550 676 1568 σου
690 1542 738 1578 τὴν
757 1543 880 1578 τεχνολο-

79 1585 156 1620 γίαν,
178 1585 209 1612 τὺ
233 1585 297 1621 περὶ
318 1585 467 1621 ἀγεννήτου
484 1585 572 1620 λέγειν
595 1587 759 1622 στερήσεως,
776 1588 823 1614 καὶ
847 1588 877 1615 τὸ
891 1582 913 1614 C

79 1631 224 1668 γεννητοῦ,
242 1633 289 1659 καὶ
309 1632 449 1664 παντελῶς
468 1632 604 1669 ἀποϐολῆς
619 1633 701 1666 ἕξεως
724 1634 771 1660 καὶ
795 1643 878 1670 μετα-

79 1679 173 1715 ϐολῆς,
190 1678 236 1705 καὶ
257 1679 322 1714 περὶ
343 1678 409 1705 Θεὸν
431 1679 632 1714 κατονομασίας
650 1680 680 1705 ὲν
692 1681 725 1716 τῇ
743 1680 815 1707 κατὰ
831 1681 877 1709 τὸν

80 1725 147 1752 Θεὸν
163 1725 257 1757 οὐσίας
277 1724 458 1761 προσηγορίᾳ.
472 1724 541 1751 Οῠτε
556 1725 611 1761 γὰρ
626 1725 669 1752 διὰ
692 1726 722 1752 τὸ
743 1726 788 1752 τὸν
810 1727 876 1755 Θεὸν

79 1770 151 1799 εἶναι
164 1772 274 1798 πάντων
288 1771 400 1806 κτίστην
423 1771 479 1798 τῶν
504 1772 574 1807 μετά
596 1772 641 1799 τὸν
662 1772 802 1809 Μονογενῆ
828 1774 878 1801 αὺ-

80 1817 127 1844 τοῦ
135 1817 183 1844 καὶ
195 1817 226 1843 τὸ
236 1816 314 1850 ἅγιον
321 1816 402 1843 αὐτοῦ
419 1816 542 1852 Πνεῦμα,
553 1817 597 1844 διὰ
609 1817 659 1852 τῆς
669 1817 723 1844 τῶν
736 1819 877 1855 κεκτισμέ-

80 1872 133 1890 νων
144 1863 301 1894 συστάσεως
314 1862 344 1889 τὸ
359 1862 519 1898 στερητικὸν
531 1862 666 1898 ἐφευρέοη
680 1863 735 1890 τῶν
746 1864 776 1890 οὐ
792 1872 877 1900 προσ-

79 1909 163 1936 έντων
177 1908 247 1943 Θεῷ,
260 1908 277 1944 ἢ
292 1908 323 1934 τὸ
333 1908 528 1944 ὀμολογητικὸν
542 1909 596 1936 τῶν
609 1908 693 1936 ὄντων
707 1910 781 1946 αὑτῷ
795 1919 877 1947 προσ-

79 1954 216 1989 είληπται,
239 1954 283 1980 ἵνα
305 1953 337 1980 τὸ
361 1954 508 1989 μετέπειτα
523 1953 632 1981 κτισθὲν
647 1955 677 1982 τὸ
691 1955 803 1991 ἄμεινον
817 1956 876 1992 Θεῷ

80 2000 235 2036 προσφέρῃ.
262 1999 309 2027 καὶ
324 2000 484 2036 ἀκραιφνὲς,
499 2000 543 2028 διὰ
560 2000 608 2027 τοῦ
623 2001 671 2028 ἀπ’
684 2001 790 2028 ἐκείνου
808 2002 876 2038 πρὸς

80 2046 166 2073 ταῦτα
180 2045 341 2082 στερητικοῦ
358 2046 406 2073 καὶ
419 2046 608 2082 ἀμεταϐλήτου
620 2048 755 2074 ἐπινοοῖτο
770 2049 790 2076 ¹.
805 2048 875 2075 Ἀλλ’

81 2091 121 2118 ὅτι
136 2091 210 2117 ἐστὶν
233 2091 276 2118 ἀεὶ
295 2091 361 2117 αὐτὸ
382 2091 412 2118 ὃν
434 2091 493 2118 ὅλον
516 2091 590 2125 δόξα,
606 2092 653 2119 καὶ
669 2092 728 2119 ὅλον
744 2093 875 2129 ἀπερίλη-

81 2144 146 2162 πτον
162 2134 216 2162 ὑπὸ
232 2135 339 2162 πάντων
349 2135 404 2162 τῶν
429 2136 475 2162 ὑπ’
490 2136 573 2163 αὺτοῦ
590 2138 786 2172 κεκτισμένων,
805 2139 876 2166 κατὰ

80 2180 109 2208 τὸ
126 2182 225 2217 μέτρον
239 2181 295 2207 τῶν
310 2181 377 2218 πρὸς
392 2181 442 2218 τὴν
460 2181 614 2217 δοξολογίαν
631 2183 874 2219 ὲπεκτεινομένων,

80 2226 300 2263 δοξολογοὺμενον
313 2227 379 2262 παρ’
390 2228 516 2262 ἀγγέλοις
531 2228 580 2263 μὲν
595 2228 667 2255 κατὰ
682 2229 730 2264 τὴν
749 2229 874 2264 ἀγγέλων

80 2273 213 2306 γλῶσσαν,
227 2273 276 2309 τὴν
299 2273 376 2309 παρά
396 2274 436 2310 τῷ
457 2274 609 2310 Ἀποστόλῳ
633 2276 798 2311 προκριτέαν
819 2275 874 2302 τῶν

79 2319 228 2354 ἀνθρώπων
242 2319 525 2355 καταγγε).λομένην¹,
538 2320 607 2346 κατὰ
628 2320 677 2356 τὴν
699 2320 753 2348 τῶν
769 2320 874 2357 ἀνθρώ-

79 2373 136 2391 πων
159 2364 285 2399 γλῶσσαν
299 2365 349 2401 τὴν
376 2364 578 2400 ὑποϐεϐηκυῖαν
589 2365 627 2401 τῷ
643 2365 735 2401 μέτρῳ
745 2366 792 2392 καὶ
805 2366 874 2393 κατὰ

890 2250 913 2278 D

78 2411 126 2446 τὴν
138 2411 191 2437 τῶν
206 2411 246 2437 ἔτι
266 2411 477 2447 ὐποϐεϐηκότων
499 2411 622 2447 δύναμιν.
651 2412 707 2439 Καὶ
720 2411 751 2438 οὺ
765 2412 873 2444 πάντως

77 2457 106 2484 ὲν
120 2458 225 2493 ἑκάστῳ
238 2458 367 2492 κτίσματι
388 2457 527 2491 ἀναλόγως
547 2457 719 2494 ὑποϐέϐηκεν
735 2458 751 2493 ἡ
765 2457 872 2490 δοξολο-

77 2503 134 2539 για,
150 2503 167 2539 ἢ
184 2503 382 2540 μεταϐέϐληται
393 2513 400 2520 ·
415 2503 473 2531 ἀλλ’
485 2504 542 2530 ἐστι
562 2504 611 2539 μὲν
629 2505 657 2531 ὲν
670 2505 754 2540 ἑαυτῇ
770 2504 874 2540 ἀμετά-

77 2550 183 2585 ϐλητος,
201 2550 397 2586 στερισκομὲνη
409 2550 420 2566 ³
434 2551 524 2586 πάσης
540 2550 654 2582 κτίσεως
669 2550 737 2586 πρὸς
752 2550 782 2576 τὸ
796 2550 873 2577 ἄπει-

78 2604 123 2630 ρον
139 2595 342 2623 ὲπεκτείνεσῡαι
364 2597 393 2623 ὲν
416 2595 565 2632 δοξολογίᾳ,
588 2595 806 2632 ὑπερϐαινούσης
823 2596 868 2623 ἀεὶ

76 2641 163 2668 πάντα
178 2641 240 2668 νοῦν
252 2641 302 2676 τῆς
318 2642 448 2669 ἀνωτάτω
463 2642 567 2674 οὐσίας,
583 2642 613 2669 οὐ
628 2642 672 2669 διὰ
686 2641 741 2668 τῶν
754 2641 869 2677 λεγομέ-

76 2687 193 2715 νωνύπό
211 2687 320 2714 πάντων
339 2688 438 2721 ἐξεῖναι
459 2687 570 2724 αὺτῇ,ῆ
591 2688 735 2724 τροπὴν,ῆ
755 2687 871 2723 μεταϐο-

76 2733 135 2770 λὴν,
150 2732 167 2768 ἢ
184 2733 324 2769 προκοπὴν
342 2734 580 2769 περιποιουμένης,
603 2734 635 2760 'H
651 2733 705 2769 γὰρ
724 2733 792 2768 αὐτὴ
812 2732 870 2759 θεό-

75 2788 124 2815 της
152 2779 270 2814 ἀμείνων
297 2779 376 2812 ἐστὶ,
404 2779 451 2806 καὶ
477 2779 662 2814 ἀσύγκριτος,
691 2780 738 2806 καὶ
763 2778 870 2812 δεδοξα-

77 2826 172 2861 σμένη.

109 2904 119 2921 ⁸
135 2901 165 2933 Γ.
184 2903 386 2939 ὲπινοουμὲνου.
424 2904 434 2919 ²
449 2902 529 2931 Deest
547 2901 621 2938 παρά
631 2902 659 2929 δὲ
674 2902 726 2929 τῶν
740 2901 901 2938 ἀνθρώπων.

933 933 984 960 hoc
998 938 1041 961 est
1058 934 1171 969 ingeniti
1189 934 1381 969 appellatione,
1395 934 1443 962 Dei
1456 933 1612 961 substantia
1627 939 1726 968 cogno-

932 978 1101 1006 minabitur?

1131 1035 1212 1072 97],
1234 1035 1390 1069 Confutatio
1410 1035 1518 1063 XXIV.

969 1079 997 1108 Si
1016 1088 1088 1108 nunc
1105 1082 1222 1116 primum
1236 1090 1251 1110 a
1267 1087 1294 1110 te
1308 1088 1337 1111 et
1350 1090 1365 1110 a
1381 1082 1449 1112 tuis.
1466 1082 1538 1114 Aeti,
1554 1081 1724 1117 temporibus

932 1131 1004 1153 certa
1030 1127 1064 1154 de
1087 1126 1143 1155 Deo
1170 1128 1264 1163 opinio
1295 1128 1350 1156 tuis
1369 1136 1403 1156 ex
1430 1127 1598 1163 syllogismis
1622 1131 1664 1155 est
1689 1127 1724 1154 ad

931 1172 1052 1207 ejusdem
1072 1173 1186 1208 gloriam
1204 1173 1390 1212 honoremque
1406 1174 1577 1208 deprompta,
1592 1172 1724 1208 quemad-

932 1218 1042 1246 modum
1057 1224 1135 1246 antea
1151 1220 1294 1254 prol'cssus
1310 1228 1352 1252 es,
1368 1228 1419 1256 ego
1434 1228 1510 1253 vero,
1523 1219 1568 1255 qui
1591 1220 1724 1248 adversus

932 1270 969 1298 te,
993 1264 1047 1293 Deo
1062 1266 1224 1300 opitulante,
1247 1266 1369 1301 disputo.
1388 1266 1494 1299 eadem,
1512 1273 1572 1301 quae
1596 1271 1624 1293 ιιι
1642 1265 1722 1297 dicis.

931 1319 1066 1347 usurpare
1086 1316 1204 1347 potero:
1229 1320 1291 1340 cum
1317 1313 1494 1348 antiquorum
1517 1319 1598 1340 nemo
1615 1317 1670 1339 tam
1695 1312 1744 1339 in-

933 1357 1040 1392 Vetere,
1052 1366 1134 1393 quam
1148 1359 1175 1386 in
1191 1358 1266 1387 Novo
1285 1359 1472 1390 Testamento,
1492 1358 1549 1387 sive
1564 1366 1597 1386 ex
1612 1363 1722 1394 aposto-

930 1402 975 1434 lis,
990 1403 1048 1431 sive
1061 1411 1093 1430 ex
1106 1405 1248 1439 prophetis
1262 1405 1299 1432 ita
1316 1405 1446 1438 senserit,
1459 1409 1506 1432 tuo
1521 1408 1548 1432 te
1561 1405 1667 1439 judicio
1681 1405 1723 1432 vel

931 1448 990 1484 ipso
1013 1448 1068 1477 Deo
1090 1451 1308 1485 przcstantiorem
1329 1459 1405 1484 esse,
1429 1456 1456 1479 et
1480 1451 1515 1478 ab
1537 1459 1631 1479 crrore
1647 1451 1722 1478 omni

931 1499 1077 1524 remotum.
1104 1496 1210 1524 Etenim
1225 1497 1274 1525 abs
1290 1502 1316 1525 te
1335 1498 1469 1533 primum,
1495 1502 1521 1525 et
1536 1506 1567 1525 ex
1591 1497 1642 1525 hoc
1659 1501 1725 1525 tetu-

931 1548 997 1576 pore
1009 1540 1130 1574 Deus,ut
1145 1550 1269 1570 asserere
1277 1542 1388 1576 videris,
1401 1547 1478 1570 tuum
1493 1543 1559 1570 illud
1574 1543 1724 1570 dialecticae

929 1587 1090 1615 subtilitatis
1106 1589 1263 1622 artilicium,
1280 1589 1354 1616 velut
1368 1589 1514 1624 quamdam
1530 1589 1591 1617 iidei
1607 1597 1664 1617 suae
1679 1597 1723 1616 ac-

929 1634 1081 1661 cessionem
1099 1634 1209 1669 adjecit,
1236 1637 1332 1669 utputa
1351 1638 1436 1662 totam
1464 1635 1538 1661 illam
1555 1634 1720 1669 disputatio-

928 1685 990 1706 nem
1004 1678 1037 1705 de
1050 1678 1161 1713 ingeniti
1179 1679 1341 1713 privatione,
1356 1679 1444 1714 deque
1459 1680 1561 1715 genito,
1591 1687 1622 1707 ac
1635 1679 1668 1706 de
1684 1679 1722 1706 af-

928 1723 1055 1752 fectionis
1069 1725 1216 1752 amissione
1230 1725 1362 1760 perfecta,
1378 1726 1436 1753 sive
1447 1725 1664 1753 commutatione
1687 1733 1721 1752 ac

928 1769 962 1797 de
976 1770 1158 1805 appellatione
1175 1769 1232 1803 Dei,
1249 1778 1309 1806 qua:
1324 1771 1484 1798 substantiae.
1508 1771 1595 1806 ipsius
1621 1771 1721 1805 tribui-

928 1819 982 1843 tur.
999 1816 1103 1843 Etenim
1119 1825 1173 1844 non
1190 1817 1302 1850 idcirco,
1318 1817 1392 1852 quod
1417 1817 1489 1846 Deus
1504 1818 1627 1845 omnium
1659 1822 1722 1853 post.

929 1861 1039 1888 unicum
1065 1861 1163 1888 Filium
1197 1869 1229 1889 ac
1255 1861 1387 1897 Spiritum
1422 1868 1547 1890 sanctum
1564 1866 1723 1898 procreato:

927 1906 974 1939 sit,
992 1914 1024 1933 ex
1043 1907 1217 1934 conditarum
1231 1915 1324 1934 rerum
1337 1907 1545 1941 constitutione,
1563 1912 1611 1936 aut
1623 1915 1720 1936 eorum

928 1959 988 1986 qua:
1000 1952 1101 1979 absunt
1116 1960 1130 1979 a
1144 1952 1208 1985 Deo,
1227 1953 1354 1987 privatio,
1369 1957 1417 1980 aut
1431 1961 1539 1987 eorum,
1550 1954 1723 1989 quatinsunt

928 1999 1072 2026 allirmatio
1098 1999 1149 2027 fuit
1165 2000 1306 2035 adjuncta,
1322 2000 1401 2035 quasi
1419 2000 1492 2034 quod
1510 2004 1606 2036 postea
1626 1999 1723 2028 condi~

927 2048 985 2072 tum
1006 2049 1050 2072 est.
1074 2046 1249 2080 praestantius
1271 2045 1327 2074 Deo
1350 2046 1501 2081 quidquam
1525 2046 1671 2078 conciliet,
1694 2050 1722 2074 et

927 2097 1025 2124 purum
1050 2089 1189 2125 quidpiam
1222 2097 1254 2117 ac
1286 2089 1424 2116 sincerum
1444 2097 1477 2117 ex
1492 2097 1586 2116 earum
1607 2096 1720 2121 rerum,

927 2135 1091 2170 quibuscum
1120 2134 1272 2167 confertur,
1307 2135 1472 2170 privatione,
1497 2139 1524 2162 et
1557 2134 1721 2162 immutabili

927 2187 999 2210 statu
1023 2182 1206 2217 excogitatum
1233 2181 1323 2209 fuerit.
1345 2181 1398 2208 Sed
1422 2181 1551 2208 nimirum
1574 2180 1602 2208 id
1624 2188 1656 2208 ex
1687 2188 1721 2208 eo

928 2228 1062 2261 manavit,
1091 2227 1163 2262 quod
1178 2227 1316 2255 assistens
1336 2228 1396 2263 ipse
1412 2231 1485 2254 totus
1501 2226 1587 2262 gloria
1610 2230 1664 2257 est,
1688 2233 1720 2253 ac

926 2277 1000 2302 totus
1013 2273 1161 2308 ejusmodi.
1176 2277 1205 2300 ut
1220 2273 1254 2300 ab
1276 2273 1378 2301 creatis
1395 2273 1478 2300 rebus
1497 2271 1628 2299 omnibus
1647 2279 1720 2298 com-

925 2320 1057 2356 prehendi
1075 2323 1193 2354 nequeat
1204 2338 1212 2350 ,
1229 2326 1289 2354 qua:
1304 2326 1354 2353 pro
1370 2318 1482 2345 modulo
1497 2325 1549 2346 suo
1562 2317 1596 2344 ad
1612 2316 1673 2352 ejus
1689 2324 1719 2344 se

927 2367 1146 2403 praedicationem
1159 2365 1315 2392 intendunt.
1327 2364 1378 2397 Qui
1391 2363 1500 2399 quidem
1517 2369 1547 2390 ut
1561 2363 1596 2390 ab
1610 2362 1715 2398 angelis

926 2413 1037 2449 propria
1053 2413 1174 2447 ipsorum
1201 2410 1304 2445 lingua,
1318 2417 1403 2445 quam
1417 2409 1566 2444 Apostolus
1578 2409 1719 2436 hominum

927 2458 1027 2494 linguis
1041 2456 1210 2492 anteponit‘,
1224 2456 1380 2484 celebratur
1402 2463 1434 2482 ac
1447 2455 1574 2483 laudibus
1584 2454 1698 2483 eﬂ'ertur
1711 2462 1718 2480 :

926 2504 963 2531 ita
978 2508 1005 2533 ct
1024 2503 1142 2531 humana
1165 2503 1257 2537 lingua
1271 2501 1380 2534 colitur,
1395 2509 1456 2537 qua:
1470 2500 1610 2529 inferioris
1629 2501 1721 2536 digni-

928 2552 992 2579 tatis
1016 2554 1069 2582 est,
1093 2557 1125 2577 ac
1142 2549 1260 2585 denique
1286 2549 1368 2576 etiam
1387 2549 1421 2574 ab
1441 2547 1543 2575 intimis
1566 2547 1720 2582 quibusque

922 2597 1005 2625 rebus
1022 2604 1072 2632 pro
1086 2595 1190 2623 viribus
1201 2595 1337 2630 cujusque
1349 2593 1526 2628 pmdicatur.
1548 2592 1640 2628 Neque
1655 2600 1719 2620 vero

926 2643 955 2670 in
983 2642 1100 2678 singulis
1127 2641 1262 2669 creaturis
1292 2640 1469 2676 proportione
1501 2639 1618 2674 quadam
1645 2638 1719 2666 illius

927 2687 1014 2723 gloria
1049 2686 1261 2722 przedicatioque
1283 2686 1427 2717 minuitur,
1454 2688 1502 2712 aut
1538 2683 1716 2711 mutationem

925 2734 1037 2768 patitur,
1058 2732 1106 2760 sed
1132 2731 1311 2759 immutabilis
1326 2735 1369 2759 est
1381 2731 1410 2758 in
1430 2737 1501 2762 sese,
1519 2729 1601 2764 idque
1615 2729 1717 2757 creatis

924 2783 966 2806 cst
984 2778 1064 2806 rebus
1074 2778 1202 2805 onmibus
1218 2777 1394 2813 denegatum,
1413 2781 1442 2804 ut
1459 2777 1492 2804 ad
1507 2776 1582 2804 illius
1598 2775 1717 2803 inﬁnita-

924 2829 977 2852 tem
992 2823 1165 2860 praedicando
1178 2824 1286 2858 possint
1307 2822 1429 2855 extendi,
1449 2830 1512 2850 cum
1526 2829 1655 2858 suprema
1672 2823 1716 2850 illa

938 2903 947 2918 ³
966 2902 1025 2930 Vct.
1040 2901 1258 2938 περιεσκωμένη.
1298 2901 1328 2930 ‘l
1342 2901 1406 2930 Cor.
1420 2908 1478 2935 χιιι,
1493 2902 1517 2929 i.
