1945 3043
218 159 270 184 iill7

936 164 962 191 S.
989 163 1157 192 ΕΡΙΡΙΙΑΝΙΙ

1797 161 1848 188 608

220 217 373 245 substantia
409 224 524 247 mentem
554 228 661 248 onmem
690 221 949 257 intelligentiamque
982 228 1102 258 superet.
1125 224 1190 256 Qua:
1206 223 1241 252 ob
1256 231 1286 250 ea
1309 231 1368 259 qua:
1391 223 1425 251 ab
1440 223 1569 251 omnibus
1587 224 1611 251 ei
1631 224 1800 256 tribuuntur.
1822 231 1848 254 et

221 264 310 291 inesse
329 265 468 298 dicuntur,
494 267 596 293 nullam
615 272 758 301 propterea
783 269 1001 301 conversionem,
1024 270 1203 298 mutationem
1229 276 1275 297 aut
1290 270 1490 297 incrementum
1512 270 1660 305 experitur.
1697 271 1744 299 Est
1774 271 1848 298 enim

220 312 348 341 divinitas
361 314 418 348 ipsa
435 314 512 348 longe.
524 315 652 342 omnibus
662 316 846 349 praestantior,
861 321 888 344 et
903 317 1136 352 incomparabilis,
1152 319 1299 354 gloriaeque
1316 317 1486 353 plenissima.

399 370 482 405 972
502 371 591 398 AETII
613 371 727 399 carm
748 373 831 400 xxv.

255 416 282 442 Si
304 416 451 449 ingenitum
475 416 665 450 privationem.
687 425 747 453 qua:
771 418 826 445 Deo
848 426 902 446 non
927 419 1008 451 inest.

219 460 370 495 signiﬁcat,
391 468 441 487 cur
464 460 614 496 ingenitum
628 470 690 490 esse
703 482 710 494 ,
733 463 853 498 genitum
870 471 936 492 vero
956 472 1010 491 non

219 514 279 534 esse
296 507 432 533 dicimus?

484 552 640 587 Confulatio
659 554 708 580 XX
719 554 750 582 V.

256 597 418 632 ingenitum,
436 598 488 624 etsi
516 598 570 625 Deo
587 607 682 626 revera
698 601 854 634 conveniat,
873 609 1010 636 nusquam

219 647 311 669 tamen
330 651 490 678 expressum
517 649 576 677 est;
606 653 655 672 nec
681 653 695 672 a
718 648 848 682 propheta
872 649 946 679 ullo,
966 649 1010 675 vel

219 688 353 722 apostolo,
372 689 413 715 vel
435 690 602 724 evangelista
633 697 890 719 commemoratum.
917 693 1011 727 Neque

219 742 283 761 vero
299 735 398 762 mirum
413 743 474 763 esse
492 736 623 769 deberet,
642 738 664 764 si
681 737 714 765 de
731 737 786 765 Deo
803 739 965 766 allirmatum
982 739 1012 765 il-

219 781 264 807 lud
279 785 361 808 esset.
380 781 519 816 Siquidem
541 782 603 817 pius
617 783 650 810 de
670 783 725 810 Deo
740 792 839 812 sensus
853 785 917 811 olim
931 784 1005 812 istud

219 827 308 861 ipsum
327 834 342 853 e
362 827 479 853 naturali
498 828 616 862 quadam
641 829 700 863 lege
718 829 857 857 hauserat.
873 830 913 857 Tu
933 839 1009 863 vero,

218 872 277 901 Aeli
290 891 298 902 ,
314 872 476 898 vocabulum
499 872 571 899 istud
590 873 688 911 _studio
705 875 835 902 novitatis
855 875 1008 908 ineulcans,

219 917 290 943 velut
306 917 602 952 miriﬁcumquiddam,
617 924 644 946 et
658 919 822 947 inusitatum
834 921 1011 955 proposuisse

219 968 244 989 te
260 967 348 990 outas.
362 963 432 995 Quin
448 963 529 990 etiam
546 964 779 998 religiosissimam
793 970 899 994 natura:
912 967 1009 1002 legem,

219 1016 324 1034 nemon
345 1012 372 1035 et
395 1008 474 1041 lidei,
497 1017 578 1043 quam
603 1011 635 1037 ad
655 1011 783 1038 meliores
807 1011 930 1040 homines
950 1012 1011 1040 red-

1238 377 1327 403 ΚΕΦΑ
1333 375 1437 402 AAIUN
1464 375 1591 402 ΔΕΤΙΟΥ
1614 374 1678 403 KE'.

1098 423 1129 449 Εἰ
1142 422 1172 449 τδ
1183 421 1328 457 ἀγέννητον
1339 420 1414 456 δηλοῖ
1425 419 1552 455 στέρησιν
1565 420 1602 455 μὴ
1613 420 1766 456 προσοῦσαν
1781 421 1851 457 Θεῷ,

1062 467 1121 500 πῶς
1136 467 1282 502 ἀγέννητον
1296 464 1365 492 εἶναι
1385 465 1508 500 λέγομεν,
1521 465 1650 500 γεννητὸν
1665 465 1694 492 δὲ
1711 466 1748 501 μὴ
1763 464 1852 499 εἷναις

1335 553 1497 588 Ἀνατροπὴ
1516 553 1581 580 KE'.

1097 602 1256 638 Ἀγέννητόν
1265 602 1322 628 ἐστι
1332 601 1381 636 μὲν
1392 598 1448 631 οῦν,
1460 600 1560 636 ἐρρέθη
1567 600 1596 626 δὲ
1604 599 1789 634 οὐδαμοῦ,οὑκ
1800 599 1855 628 tim)

1061 648 1108 675 τοῦ
1124 648 1273 683 προφήτου,
1287 647 1337 673 οὐκ
1359 645 1413 672 ἀπὸ
1431 645 1590 677 ἀποστόλου,
1612 645 1722 672 coxam
1736 645 1854 679 εὐαγγε-

1061 693 1163 720 λιστοῦ.
1188 692 1284 730 Θαῦμα
1300 691 1354 726 γὰρ
1369 690 1429 717 οὐδὲ
1444 690 1472 716 ἓν
1487 690 1568 717 τοῦτο
1587 688 1621 725 ἦν
1641 690 1704 724 περὶ
1725 689 1794 716 Θεοῦ
1809 690 1854 717 λέ-

1061 749 1130 774 γειν.
1155 739 1262 775 Προσῆν
1292 737 1346 773 γὰρ
1371 736 1409 772 τῷ
1432 737 1539 763 εὐσεϐεῖ
1560 736 1682 771 λογισμῷ
1706 736 1752 762 ὑπ’
1771 736 1856 762 αὑτοῦ

1060 785 1107 812 τοῦ
1129 785 1197 812 κατὰ
1217 785 1266 819 τὴν
1280 783 1360 817 φύσιν
1374 783 1467 818 νόμου.
1484 783 1519 809 Σὺ
1536 782 1576 812 δὲ,
1586 782 1683 814 Ἀἐτιε,
1695 782 1775 808 τοῦτο
1790 782 1856 817 ἡμῖν

1061 830 1271 865 καινοτομήσεις,
1285 829 1385 863 λέγειν,
1409 828 1447 859 ὡς
1474 828 1566 864 θαῦμα
1585 828 1794 864 προσεισφέρειν
1809 836 1852 854 σε-

1061 876 1135 910 αυτῷ
1150 876 1278 911 νομίζεις.
1299 874 1454 909 Συνέφυρας
1468 874 1497 900 δὲ
1525 874 1572 900 καὶ
1594 873 1738 908 συνέμιξας
1754 873 1794 908 τῷ
1807 873 1854 899 εὑ-

1062 922 1134 947 σεϐεἰ
1145 921 1194 956 τῆς
1205 920 1311 954 φύσεως
1329 919 1413 955 νόμῳ,
1433 920 1481 946 καὶ
1497 919 1535 954 τῷ
1547 920 1596 955 τῆς
1615 919 1733 950 πίστεως
1749 918 1854 954 θεσμῷ,

1060 966 1098 1001 τῷ
1113 966 1158 991 ἐπὶ
1175 964 1316 1000 προσθήκῃ
1333 963 1499 999 βελτιώσεως
1515 964 1546 989 ἐκ
1563 962 1630 989 Θεοῦ
1652 961 1855 997 κεχαρισμένῳ,

1062 1011 1091 1037 τὸ
1112 1011 1149 1046 τῷ
1177 1011 1316 1045 ἀγεννήτῳ
1341 1008 1469 1044 γεννητὸν
1497 1009 1637 1043 ἐπινοῆσαι
1659 1005 1856 1041 ὲξισούμενος⁵

219 1053 323 1081 dendos
337 1053 428 1081 divina
443 1055 552 1082 bonitas
567 1055 692 1089 indulsit,
706 1057 875 1092 permiscere
895 1066 928 1086 ac
942 1067 1010 1086 con—

1067 1056 1099 1092 τῷ
1113 1056 1258 1091 ἀξιώματι,
1288 1056 1331 1081 ἵνα
1351 1055 1366 1081 ὁ
1392 1054 1467 1090 παρὰ
1491 1054 1532 1080 σοὶ
1554 1053 1788 1089 προσκυνούμενος
1809 1053 1858 1079 ἁν-

220 1098 331 1127 l'nndere
348 1104 464 1127 conatus
487 1109 534 1134 es,
554 1101 618 1128 dum
641 1102 763 1137 ingenito
785 1103 906 1138 genitum
926 1105 1012 1139 maje-

219 1149 288 1172 state
311 1145 499 1181 digivitateqne
516 1154 563 1180 par
580 1153 754 1175 commentus
769 1156 811 1180 es,
833 1153 862 1175 ut
878 1149 923 1176 ille
941 1149 1009 1185 ipse,

218 1199 299 1225 quem
325 1192 487 1219 dissimilem
517 1193 628 1225 adoras,
652 1193 794 1229 inaequalis
820 1194 845 1222 ei
874 1194 1009 1227 videatur,

218 1244 299 1271 quem
316 1236 486 1276 dissimiliter
501 1238 645 1272 praedicas.
664 1238 724 1266 Jam
738 1247 821 1271 vero,
848 1240 870 1268 si
895 1241 1012 1276 appella-

219 1281 293 1308 tione
311 1282 368 1308 sola
385 1270 492 1309 Patrem
521 1283 638 1316 adoras,
661 1284 772 1311 nonnisi
794 1293 842 1319 per
858 1285 1012 1313 simulatio-

219 1330 328 1355 nem,et
340 1326 495 1354 illusionem
510 1327 641 1355 honorem
658 1328 730 1355 bime
748 1329 786 1356 illi
804 1329 914 1358 defers:
935 1330 1010 1364 item,

219 1372 241 1399 si
262 1371 376 1405 Filium,
402 1380 483 1406 quem
501 1372 575 1400 Patri
600 1374 762 1402 dissimilem
786 1376 925 1410 agnoscis,
943 1376 1010 1403 ado-

219 1417 335 1444 randum
354 1425 484 1450 censeas,
500 1426 635 1446 summam
651 1420 813 1448 adoratione
828 1421 872 1448 illa
889 1426 935 1448 tua
951 1429 1011 1457 per-

219 1462 403 1489 turbationem
425 1463 544 1495 inducis.
567 1472 631 1491 cum
657 1465 817 1493 dissimilem
834 1466 929 1494 eodem
948 1474 1010 1494 cum

219 1515 263 1539 eo,
289 1507 369 1542 cujus
391 1513 433 1535 est
461 1508 616 1541 dissimilis,
643 1510 748 1538 honore
777 1512 871 1539 aﬁicis.
896 1512 1009 1545 Quodsi,

219 1561 281 1588 quze
297 1554 335 1580 tui
351 1554 487 1588 dogmatis
503 1555 616 1589 perﬁdia
635 1560 696 1587 est,
722 1556 819 1584 Filium
847 1557 963 1586 adorare
984 1563 1011 1586 te

220 1607 314 1634 neges,
333 1599 425 1626 statim
443 1604 469 1627 te
485 1608 580 1628 omnes
597 1601 772 1637 redarguerit,
801 1607 830 1629 ut
848 1604 895 1638 qui
912 1612 1012 1639 nequa-

220 1653 301 1680 quam
329 1645 403 1672 illum
428 1653 573 1680 agnoscas,
598 1655 680 1682 quem
712 1648 828 1676 adorare
861 1657 958 1677 omnes
984 1654 1010 1676 et

220 1691 351 1725 aequalem
374 1691 497 1719 conﬁteri
523 1693 633 1720 debent.
661 1693 824 1722 Adorahnnt
852 1696 923 1722 enim
948 1703 1009 1722 eum

220 1744 316 1764 omnes
333 1737 422 1772 angeli
447 1737 521 1765 Dei‘.
538 1738 669 1766 Eumdem
695 1739 790 1772 Maria,
808 1748 870 1767 eum
885 1742 912 1767 in
929 1749 1011 1769 carne

222 1782 443 1817 splendidissime
459 1784 688 1817 resurrexisset',
712 1791 744 1811 ac
771 1791 908 1818 postremo
927 1786 1011 1813 disci-

222 1829 277 1862 puli
291 1836 386 1855 omnes
402 1829 561 1855 adorarunt.
579 1828 650 1856 Iiuic
665 1830 738 1857 enim
754 1830 817 1857 facti
835 1832 953 1859 creative
968 1839 1013 1866 ap-

223 1875 396 1909 prllationcm
415 1875 526 1902 minime
544 1876 701 1908 convenire,
719 1881 812 1910 utpote
836 1885 849 1905 a
871 1876 951 1905 Patre
967 1886 1013 1912 3e-

224 1921 298 1952 nito,
324 1928 377 1947 non
404 1919 542 1955 ignorant.
569 1919 662 1956 itaque
681 1922 857 1950 exsistentem
883 1923 917 1949 ah
940 1923 1013 1950 exsi-

224 1969 312 1992 stente
328 1969 438 1997 natum,
468 1974 574 1994 necnon
598 1971 624 1994 et
648 1966 781 2001 Spiritum
799 1973 924 1994 sanctum
963 1969 1013 1995 ad-

226 2013 318 2037 orant.
333 2009 439 2036 Norunt
454 2011 526 2036 enim
539 2011 613 2038 illum
626 2011 659 2038 ab
669 2011 840 2038 conditarum
859 2019 949 2039 rerum
967 2021 1016 2040 na-

225 2056 286 2080 tura
302 2052 467 2087 discrepare.
484 2053 590 2088 Quippe
614 2062 668 2081 non
693 2055 782 2082 factus
807 2061 858 2088 est,
876 2061 923 2083 aut
940 2065 1015 2085 crea-

226 2103 280 2127 tus.
301 2098 347 2125 sed
363 2106 377 2124 a
393 2098 472 2126 Patre
500 2100 614 2134 genitus.
645 2100 827 2133 Quamobrem
849 2109 911 2128 eum
935 2103 1016 2137 pluri-

226 2149 299 2168 mum
315 2143 483 2176 mstuaveris,
508 2150 540 2171 ac
557 2145 671 2171 multum
691 2145 822 2179 temporis
837 2153 1017 2181 consumpse-

1061 1102 1152 1137 όμοιος
1167 1101 1223 1132 ἴσος
1236 1099 1359 1134 εὑρεθείη
1380 1098 1418 1134 τῷ
1443 1098 1513 1124 κατὰ
1536 1097 1565 1124 σε
1576 1097 1709 1132 ἀνομοίως
1724 1103 1859 1131 κηρυττο-

1063 1147 1144 1182 μένῳ.
1166 1147 1196 1173 Ei
1221 1146 1269 1181 μὲν
1291 1143 1336 1171 οὖν
1359 1143 1577 1179 προσκυνήσειας
1601 1142 1646 1168 τὸν
1666 1141 1778 1176 Πατέρα
1791 1139 1858 1174 ψιλῇ

1061 1191 1201 1227 ὀνομασίᾳ,
1216 1190 1342 1226 εἰρωνείᾳ
1367 1189 1416 1224 τὴν
1433 1188 1516 1224 τιμὴν
1531 1188 1721 1222 προσήνεγκας
1732 1193 1739 1200 ·
1764 1185 1813 1212 καὶ
1833 1185 1860 1211 εἰ

1060 1238 1106 1265 τὸν
1129 1237 1193 1263 Υἰὸν
1215 1237 1442 1271 προσκυνήσειας,
1469 1234 1595 1268 ἀνόμοιον
1620 1231 1708 1266 Πατρὶ
1731 1230 1860 1264 ἐπιγινώ-

1062 1293 1144 1315 σκων,
1168 1283 1299 1318 σύγχυσιν
1334 1281 1454 1317 εἰργάσω
1477 1281 1506 1306 ὲν
1537 1280 1569 1314 τῇ
1595 1278 1790 1314 προσκυνήσει,
1813 1277 1860 1303 ἁν-

1062 1331 1154 1365 όμοιον
1179 1327 1306 1364 ἀνομοίου
1324 1327 1388 1359 ἴσως
1411 1326 1543 1362 τιμήσας·
1570 1325 1594 1351 εἱ
1617 1325 1645 1351 δε
1668 1323 1712 1350 διὰ
1735 1323 1784 1357 τὴν
1810 1321 1860 1348 σοῦ

1061 1375 1194 1411 πρόληψιν
1223 1374 1272 1409 τῆς
1299 1372 1426 1403 ἀπιστίας
1455 1372 1568 1407 ἀρνήσει
1597 1370 1758 1405 προσκυνεῖν
1787 1367 1856 1402 Υἰῷ,

1061 1421 1212 1456 ὲλεγχΟήσῃ
1226 1420 1278 1446 ὑπὸ
1296 1419 1415 1450 πάντων,
1437 1418 1487 1444 οὐκ
1509 1417 1635 1451 ἐπιγνοὺς
1654 1415 1699 1441 τὴν
1716 1413 1860 1448 ὀφειλομέ-

1061 1475 1113 1497 νως
1134 1465 1186 1492 ὑπὸ
1208 1465 1316 1491 πάντων
1337 1461 1569 1499 προσκυνούμενον
1584 1460 1631 1487 καὶ
1648 1459 1715 1485 ἴσον·
1737 1467 1860 1493 προσκυ-

1060 1513 1172 1547 νήσουσι
1187 1511 1240 1547 γὰρ
1263 1509 1337 1545 αὐτῷ
1358 1509 1458 1540 πάντες
1474 1507 1584 1542 ἄγγελοι
1599 1505 1677 1533 Θεοῦ.
1699 1504 1756 1532 Καὶ
1777 1512 1861 1540 προσ-

1061 1559 1190 1593 εκύνησεν
1211 1556 1285 1592 αὐτῷ
1305 1555 1398 1592 Μαρια
1418 1553 1531 1586 ἐνδόξως
1547 1551 1693 1579 ἀναστάντι
1714 1551 1743 1576 ὲν
1765 1549 1858 1584 σαρκὶ.

1061 1604 1107 1631 καὶ
1117 1604 1217 1634 πάντες
1229 1603 1254 1628 οἰ
1273 1601 1356 1629 αὑτοῦ
1375 1599 1503 1636 μαθηταί.
1528 1598 1565 1626 Οὺ
1587 1597 1642 1633 γὰρ
1657 1597 1713 1631 ἔχει
1731 1596 1741 1611 ⁸
1759 1603 1860 1630 γεννη-

1060 1649 1107 1676 τοῦ
1123 1647 1286 1684 ὀνομασίαν,
1306 1646 1367 1674 alita
1387 1645 1507 1676 χτιστοῦ,
1524 1645 1556 1670 ὲκ
1576 1642 1684 1678 [ἰατρὸς
1696 1639 1861 1675 γεγεννημέ-

1061 1703 1115 1724 νον,
1129 1694 1213 1726 ἴσασι,
1225 1693 1272 1719 καὶ
1283 1691 1481 1727 προσκυνοῦσιν
1495 1689 1558 1716 ὅντα
1578 1687 1607 1721 ἑξ
1622 1687 1707 1718 ὄντος,
1726 1686 1774 1712 καὶ
1788 1685 1820 1711 τὸ
1832 1684 1860 1717 ἐξ

1065 1740 1146 1767 αὑτοῦ
1170 1740 1248 1773 ἆγιον
1273 1738 1395 1773 Πνεῦμα.
1420 1737 1512 1763 Οἴδασι
1535 1734 1589 1770 γὰρ
1614 1733 1695 1760 αὐτὸν
1718 1731 1862 1766 ἀλλότριον

1064 1788 1097 1822 τῇ
1115 1786 1194 1821 οὐσίᾳ
1209 1784 1262 1812 ἀπὸ
1282 1784 1337 1810 τῶν
1353 1782 1512 1817 γεγονότων.
1529 1779 1566 1807 Οὐ
1582 1779 1635 1814 γάρ
1652 1779 1710 1804 ἐστι
1730 1775 1862 1811 γεννητδς

1067 1831 1082 1866 ἢ
1099 1831 1216 1862 κτιστὸς,
1229 1830 1296 1857 ἀλλὰ
1307 1828 1435 1863 γεννητὸς
1447 1829 1480 1854 ὲκ
1496 1826 1612 1861 Πατρός.
1629 1823 1674 1850 Διὸ
1689 1823 1754 1858 περὶ
1769 1822 1860 1848 πάντα

1067 1876 1174 1912 καμὼν,
1192 1876 1239 1902 καὶ
1256 1874 1369 1905 πολλοὺς
1385 1873 1497 1909 χρόνους
1522 1869 1675 1900 ἀναλώσας,
1693 1867 1793 1897 Ἀέτιε,
1815 1866 1863 1917 καὶ

1066 1923 1161 1956 λόγους
1189 1921 1280 1954 ξένους
1306 1918 1520 1954 παρεισενέγκας
1546 1914 1747 1951 προσκυνήσεις
1773 1912 1861 1962 αὑτᾷ-ξ.

1066 1969 1112 1994 Δεῖ
1128 1967 1181 2002 γὰρ
1198 1967 1302 1997 πάντας
1321 1965 1416 1999 στῆναι
1431 1963 1545 1990 ἐνώπιον
1564 1961 1612 1987 τοῦ
1630 1960 1752 1995 βήματος
1765 1958 1862 2007 αὑτοῦ,

1066 2014 1113 2040 καὶ
1127 2014 1201 2039 πᾶσα.
1213 2011 1324 2046 γλῶσσα
1338 2009 1574 2045 ἐξομολογήσεται,
1590 2008 1631 2033 ὅτι
1643 2005 1745 2042 Κύριος
1758 2004 1865 2037 Ἰησοῦς

1067 2058 1195 2094 Χριστος,
1210 2057 1225 2083 ὁ
1241 2057 1291 2083 οὐκ
1310 2055 1449 2090 ἀλλότριος
1472 2052 1540 2080 Θεοῦ
1555 2052 1603 2084 ὢν,
1627 2050 1696 2077 ἀλλὰ
1721 2049 1761 2080 εἰς
1783 2048 1865 2080 δόξαν

1069 2103 1136 2130 Θεοῦ
1149 2102 1266 2137 Πατρὺς,
1287 2100 1358 2127 κατὰ
1378 2099 1409 2126 τὺ
1430 2096 1626 2133 γεγραμμένον
1645 2093 1693 2121 καὶ
1714 2100 1864 2119 πεπιστευρ

1072 2157 1163 2184 μενον.

226 2189 275 2221 ris,
293 2189 366 2220 Aeli,
380 2197 412 2217 ac
429 2191 596 2226 peregrinas,
612 2196 638 2218 et
655 2191 792 2220 inauditas
806 2201 888 2221 voces
902 2195 1051 2228 invexeris,
1065 2197 1140 2223 illum
1155 2199 1245 2222 tamen
1278 2193 1320 2221 vel
1336 2193 1440 2220 invitus
1473 2190 1612 2218 adorabis.
1648 2187 1760 2236 Oportet

226 2243 322 2262 omnes
339 2243 431 2262 coram
447 2237 519 2264 illius
533 2237 662 2264 tribunali
680 2238 770 2264 sisti‘.
793 2238 831 2265 Ae
847 2243 904 2266 tum
920 2241 1010 2269 omnis
1031 2242 1122 2277 lingua
1140 2241 1325 2273 conlitebitur,
1360 2238 1492 2273 quoniam
1519 2236 1650 2263 Dominus
1671 2233 1752 2261 Iesus
1784 2232 1867 2259 Chri-

228 2285 287 2308 stas
303 2289 356 2308 non
370 2282 475 2310 alienus
491 2287 532 2310 est
553 2291 567 2310 a
585 2282 650 2316 Deo,
677 2284 724 2312 sed
741 2285 769 2311 in
788 2285 875 2319 gloria
906 2286 951 2314 Dei
972 2287 1091 2322 Ρδιπίεδ,
1127 2286 1356 2324 quemadmodum
1389 2290 1444 2312 tam
1470 2283 1625 2319 Scriptura,
1654 2288 1736 2317 quam
1767 2279 1866 2306 catho-

228 2327 280 2353 lica
298 2326 364 2354 ﬁdes
381 2327 473 2355 habet.

402 2383 483 2424 973
504 2383 592 2410 AETll
611 2384 727 2412 CAPUT
746 2384 840 2411 xxvn.

265 2429 294 2456 Si
320 2429 468 2464 ingenitum
493 2430 565 2457 nuda
591 2430 617 2457 in
638 2430 692 2458 Deo
710 2435 752 2458 est
776 2431 934 2466 appellatio.
954 2432 1022 2459 adeo

229 2480 259 2503 ut
274 2483 356 2510 supra
366 2479 520 2502 ereatarum
531 2484 622 2504 rerum
634 2477 755 2504 Omnium
766 2477 952 2505 conditionem
965 2479 1023 2505 sola

231 2520 417 2556 pronuntiatio
441 2520 561 2548 divinam
579 2521 901 2560 substantiam_extollat,
928 2529 1026 2549 conse-

229 2575 316 2601 quens
332 2572 374 2593 est
392 2566 532 2593 hominum
553 2567 800 2601 pronuntiationem
827 2568 1023 2602 omnipotentis

231 2612 277 2640 Dei
295 2612 447 2639 substantia
471 2613 688 2646 praestantiorem
710 2613 810 2645 videri;
829 2621 889 2648 qua:
911 2613 1020 2648 quidem

231 2660 317 2695 ipsam
328 2659 549 2694 ineomparahilis
569 2659 729 2686 emellentia
741 2659 882 2696 dignitatis
893 2665 1021 2687 exornet.

485 2714 641 2749 Confulalio
659 2714 767 2744 XXVI.

268 2761 360 2797 Neque
377 2761 490 2800 nudum~
502 2760 529 2787 in
550 2760 604 2788 Deo
623 2768 720 2788 nomen
738 2765 779 2789 est
796 2761 957 2797 ingenitum,
978 2768 1025 2788 ne-

269 2839 274 2876 ξ
294 2838 371 2864 Duit.
396 2845 480 2876 xxxii,
505 2837 630 2876 ιίῖᾷίιιχιζ
652 2837 737 2876 LXX;
760 2837 831 2876 PsaI:
847 2845 926 2876 χυδξι,
951 2837 985 2868 7;
1011 2836 1130 2876 ΙΙριπζι,
1148 2835 1174 2862 6.

530 2874 539 2888 ⁵
555 2872 584 2900 1".
602 2873 784 2908 ἐξισούμενον.
822 2874 832 2888 ⁵
846 2872 875 2900 F.
893 2873 964 2908 ἔχειν
979 2872 1113 2906 γεννητοῦ.

234 2873 371 2908 ‘l‘lniipp.
395 2881 423 2905 ιι,
447 2873 488 2900 Η.

1250 2380 1450 2410 ΚΕΦΑΛΑῙΟΝ
1468 2379 1594 2407 ᾹΕἸΊΟΥ
1610 2380 1683 2412 KG’.

1109 2431 1140 2457 Ei
1153 2429 1230 2465 ψιλὸν
1242 2429 1329 2464 ὄνομα
1348 2429 1422 2454 ἐστιν
1435 2427 1481 2453 ἐπὶ
1497 2425 1564 2452 Θεοῦ
1583 2424 1614 2451 τὸ
1629 2423 1787 2459 ἀγέννητον,
1803 2424 1820 2458 ἡ
1839 2423 1865 2450 δὲ

1074 2476 1139 2512 ψιλὴ
1157 2474 1282 2511 προφορὰ
1299 2474 1349 2509 τὴν
1363 2473 1511 2500 ὑπόστασιν
1525 2471 1572 2498 τοῦ
1587 2470 1654 2497 Θεοῦ
1670 2470 1779 2505 ἐπαίρει
1796 2469 1865 2495 κατὰ

1077 2523 1185 2550 πάντων
1201 2521 1353 2555 γεννητῶν·
1369 2518 1520 2554 τιμιωτέρα
1533 2516 1587 2552 ἄρα
1601 2515 1674 2542 ἐστὶν
1685 2517 1701 2551 ή
1713 2514 1866 2550 ἀνθρώπων

1075 2567 1199 2604 προφορὰ
1209 2566 1255 2593 τοῦ
1272 2564 1502 2599 παντοκράτορος,
1517 2561 1692 2591 ὑποστάσεως
1703 2559 1865 2594 ἀσυγκρίτῳ

1077 2613 1195 2648 ὑπεροχῇ
1209 2610 1404 2638 καλλωπίσασα
1416 2608 1482 2635 Θεὸν
1496 2607 1543 2634 τὸν
1560 2606 1778 2641 παντοκράτορα.

1345 2708 1506 2744 Ἀνατροπὴ
1528 2708 1599 2740 Κατ.

1109 2757 1178 2785 Οὓτε
1191 2757 1267 2792 ψιλὸν
1277 2757 1362 2792 ὄνομα
1374 2755 1420 2781 ἐπὶ
1432 2753 1499 2781 Θεοῦ
1512 2753 1571 2780 ἐστι
1585 2751 1616 2778 τὸ
1630 2749 1790 2784 ἀγέννητον,
1804 2748 1866 2775 οὔτε

1232 2835 1241 2850 ‘
1258 2833 1353 2861 lllatth.
1369 2840 1465 2867 xxvnt,
1481 2831 1494 2859 1
1522 2838 1582 2866 sqq.
1643 2829 1654 2845 ³
1667 2827 1687 2856 ll
1699 2827 1764 2855 Cor.
1783 2823 1866 2861 v.10.
