1945 3043
67 174 122 202 6C9

398 172 583 201 ADVERSUS
602 172 773 201 llAZRESES
794 172 857 200 LIB.
880 172 923 200 Ill.
944 172 1027 201 ΤΟΜ.
1048 174 1068 201 l.
1090 189 1124 194 —
1143 173 1281 203 ILERES.
1297 176 1412 204 LXXVI.

1660 181 1713 209 ῢίθ

68 233 124 264 τοῖς
152 232 274 263 κτιστοῖς
301 231 372 258 κατὰ
394 232 443 267 τὴν
466 232 561 259 οὐσίαν
587 232 790 259 ἑπικοινωνοῦν.
818 231 864 258 Διὸ

920 240 967 266 pte
980 239 1042 260 cum
1052 233 1152 261 creatis
1163 234 1246 262 rebus
1260 240 1366 262 natura
1380 235 1602 264 communionem
1619 237 1712 267 habet.

66 278 131 305 οὔτε
147 277 182 304 τὰ
196 277 333 312 κτίσματα
346 277 425 312 ψιλῆς
442 277 589 313 ὀνομασίας
615 278 674 304 ἐστὶ
697 279 862 313 σημαντικά.

67 325 161 352 Μέσον
174 324 203 350 δὲ
213 324 364 358 ἀγεννήτου
380 324 427 350 καὶ
443 324 552 350 κτιστοῦ
567 324 647 351 ἄλλου
660 325 791 360 ὀνόματος
805 326 865 351 ὲπι-

67 371 248 407 ζητουμένου,
261 371 330 406 ὅπερ
343 371 418 397 ἐστὶν
434 370 508 403 Υἱὸς,
524 371 571 397 καὶ
587 371 617 397 οὐ
630 371 748 403 κτιττὺς,
766 370 819 397 τίνι
832 371 865 398 ἂν

66 417 99 443 ch
113 416 253 452 ἐξαίρετον
266 416 410 443 ἀποδοτέον
421 425 428 449 ;
440 417 495 443 Καὶ
509 417 534 442 εἰ
549 417 598 452 μὲν
606 418 662 448 τοῖς
677 417 865 452 κεκτισμένοις

66 461 98 487 τὺ
110 459 307 487 ἐτςικοινωνοῦν
323 460 425 496 δῶμεν,
446 460 624 496 οὐδοποτὲρου
642 460 696 487 τῶν
711 461 865 497 λεγομένων

66 507 150 542 ψιλῆς
163 507 310 542 ὀνομασίας
326 506 539 542 ὀνομαζομένου,
548 507 585 538 ὡς
595 507 642 533 ἐπὶ
656 507 703 534 τοῦ
717 507 864 542 ἀγεννήτου

67 553 118 580 καὶ
133 552 284 585 κτίζοντος,
301 553 348 579 καὶ
374 552 492 579 κτιστῶν
514 553 678 587 γεγονότων,
703 555 742 585 ὡς
766 553 798 580 οὑ
820 553 865 588 ψι-

68 599 120 635 λῆς
149 598 330 634 ἐνδεχομένης
356 598 506 634 ὀνομασίας
526 607 532 614 ·
557 598 645 631 οὓτως
674 599 720 625 ἐπὶ
741 599 787 626 τοῦ
805 607 866 633 γεν-

68 644 154 680 νητοῦ
171 645 219 671 καὶ
237 644 312 676 Υἱοῦ,
333 644 371 680 μὴ
394 644 475 680 ψιλῆς
502 645 680 681 ἐνδεχομένης
706 645 864 680 ὀνομασίας,

68 690 100 716 τὸ
117 690 207 725 μάτην
232 689 484 725 συκοφαντούμενον
509 690 640 725 σύγχυσιν
660 690 776 726 δηλώσει
791 691 866 726 παρά

68 736 109 771 τῷ
132 735 228 771 Ἀετίῳ
240 735 475 772 συλλογιζόμενον,
492 736 537 764 διὰ
550 736 580 764 τὺ
593 737 630 772 μὴ
662 737 865 770 ωνεξισοῦσθαι

68 782 110 818 τῷ
127 782 191 808 Υίοῦ
207 781 331 817 ὀνόματι,
343 781 393 817 τῆς
407 782 520 817 κτιστῆς
532 783 560 809 ὲν
573 782 690 819 ἀληθείᾳ
702 783 807 815 οὐσίας,
820 783 865 810 καὶ

69 831 102 857 οὺ
124 829 206 865 ψιλῆς
225 829 383 866 ὀνομασίας·
403 830 553 866 ἐπειδήπερ
567 831 597 857 οὐ
613 830 693 866 ψιλὴν
709 831 864 866 ἐπιδέχεται

70 877 120 904 καὶ
139 875 221 907 αὐτὸς
233 876 248 902 ὁ
265 875 327 907 Υίὺς
342 875 391 911 τὴν
409 875 474 911 περὶ
490 874 554 902 Υἰοῠ
573 875 732 910 ὀνομασίαν.
745 876 802 902 Οὐκ
822 876 866 902 δν-

919 277 1010 310 Quare
1028 285 1116 312 neque
1132 284 1236 306 natura:
1261 280 1362 307 nudam
1383 281 1592 316 appellationem
1610 283 1715 318 signiﬁ-

919 325 992 348 cant.
1023 321 1082 349 .lam
1112 331 1176 350 vero
1213 331 1273 350 rum
1305 324 1375 352 inter
1401 326 1550 360 ingenitum
1579 334 1610 354 ac
1635 336 1713 355 crea-

919 372 977 395 tum
997 369 1116 396 medium
1135 369 1245 404 aliquod
1263 371 1424 398 vocabulum
1440 377 1588 406 qumratur,
1606 373 1657 400 hoc
1671 379 1714 402 est

918 413 1016 446 Filius,
1040 414 1205 450 minimeque
1224 419 1343 447 creatus,
1362 416 1471 444 cuinam
1493 417 1625 445 eximium
1647 419 1714 446 illud

919 461 1092 495 potissimum
1110 460 1284 489 tribuendum
1300 462 1362 490 est?
1387 463 1426 490 Ac
1442 463 1464 490 si
1480 464 1589 498 quidem
1604 469 1714 492 creatu—

919 506 958 534 ris
981 514 1128 535 commune
1155 514 1216 534 cum
1242 507 1311 535 Filio
1333 508 1400 536 illud
1424 510 1613 544 ascribamus,
1651 518 1713 537 cum

918 556 1046 579 neutrum
1073 553 1240 580 vocabulum
1277 554 1334 581 sola
1371 562 1403 582 ac
1429 555 1501 582 nuda
1532 556 1714 590 appellatione

919 602 1046 632 constet;
1071 602 1097 626 et
1115 599 1346 634 quemadmodum
1371 600 1518 636 ingenitus,
1547 606 1573 629 et
1592 607 1712 633 creator,

918 650 942 673 et
960 650 1093 672 creaturae
1118 654 1173 673 non
1200 654 1281 674 voces
1306 655 1386 674 litera:
1409 652 1484 679 sunt,
1502 647 1538 674 ita
1554 649 1671 683 genitus,
1686 652 1714 676 ct

919 690 1004 718 Filius
1019 692 1122 727 aliquid
1138 697 1236 726 pra-ter
1250 700 1349 720 nomen
1363 693 1474 725 habeat,
1494 694 1623 721 nimirum
1641 694 1714 730 quod

918 744 967 772 per
975 744 1109 764 summam
1119 737 1284 764 calumniam
1293 738 1484 765 ratiocinando
1496 739 1598 774 colligit
1606 740 1713 774 Aetius,

919 782 1064 809 miriﬁcam
1090 782 1323 817 perturbationem
1350 787 1377 811 et
1400 783 1589 812 confusionem
1614 787 1713 820 pariet,

919 828 1139 863 quandoquidem
1155 837 1217 856 cum
1235 829 1295 856 Filii
1313 830 1425 857 nomine
1442 835 1584 864 creatura',
1597 840 1658 867 quae
1671 841 1715 860 re-

920 881 994 908 vera,
1018 882 1072 902 non
1092 875 1276 910 appellatione
1296 879 1376 904 tenus
1395 876 1528 911 ejusmodi
1544 886 1605 906 esse
1619 879 1715 907 dicun-

70 932 118 955 τος
135 923 164 950 δὲ
175 923 362 958 ἀνυπάρκτου,
380 921 441 948 οὒτε
453 921 522 948 κατά
534 921 614 957 ψιλὴν
627 921 776 957 ὀνομασίαν
789 921 865 956 λεγο·

920 922 973 951 tur,
987 919 1125 954 aquuari
1140 920 1252 948 minime
1268 925 1384 955 possunt
1399 931 1406 954 ;
1424 930 1486 949 nam
1501 927 1528 950 et
1544 923 1630 952 Filius
1645 925 1713 959 ipse,

73 968 156 1004 μένου
168 967 216 994 τοῦ
230 967 295 994 Υίοῦ
313 966 484 1003 μονογενοῦς,
507 967 616 994 καὶτοῦ
635 967 713 1002 ἁγίου
740 967 867 1003 Πνεύμα-

70 1023 128 1045 τος.
138 1015 174 1049 τῇ
185 1013 233 1040 τοῦ
243 1013 350 1049 Πατρὺς
366 1013 499 1048 συνῆπται
509 1012 583 1048 δόξῃ,
596 1013 642 1039 καὶ
656 1013 686 1039 οὐ
703 1012 867 1048 συγκέχυται

70 1062 105 1095 τῇ
129 1060 184 1086 τῶν
208 1059 365 1095 κτισμάτων
385 1059 528 1094 ὀνομασίᾳ.
553 1057 623 1084 Οὔτε
647 1058 702 1094 γὰρ
723 1058 867 1094 ὲπάρσεως

71 1105 159 1132 δεῖται
177 1105 194 1140 ή
219 1104 315 1139 θεότης
335 1103 372 1136 ὡς
391 1103 429 1139 μὴ
449 1102 530 1135 οὖσα,
548 1102 610 1129 οὕτε
628 1103 711 1138 ὕψους
729 1103 803 1130 ἐστὶν
824 1105 866 1130 ὲν-

72 1150 200 1186 δεομένη,
212 1149 263 1177 κάν
278 1159 308 1176 τε
323 1150 399 1186 παρά
414 1158 495 1176 τινων
509 1148 564 1175 τῶν
576 1150 605 1175 ἐν
619 1149 714 1184 ἀγνοίᾳ
727 1148 811 1176 ὄντων
830 1148 867 1184 μὴ

72 1196 178 1231 ὑψοῖτο.
193 1196 255 1223 οὔτε
275 1196 319 1222 διὰ
331 1196 381 1231 τῆς
397 1204 478 1222 τινων
490 1195 631 1230 προφορᾶς
646 1196 662 1229 ή
679 1194 805 1229 θεότητος
820 1194 866 1220 οὺ-

73 1242 120 1268 σία
131 1242 302 1267 συνίσταται.
319 1240 388 1267 Οθτε
404 1240 459 1275 γὰρ
471 1240 640 1276 καυχήσεται
654 1240 670 1274 ἡ
687 1240 742 1266 τῶν
759 1239 865 1276 ἀνθρώ-

73 1295 132 1313 πων
149 1287 166 1321 ῆ
183 1286 270 1314 ἄλλων
291 1287 428 1322 προφορὰ,
446 1285 484 1317 ὡς
504 1285 564 1319 Θεῷ
581 1284 665 1311 ἐνδεεῖ
687 1284 766 1318 δόξαν
787 1293 867 1320 περι-

73 1332 240 1367 ποιουμένη,
271 1332 288 1368 ἢ
318 1331 528 1363 καλλωπίζουσα
550 1331 617 1358 Θεὸν
643 1331 863 1366 παντοκράτορα,

72 1378 140 1404 Θεὸν
159 1377 357 1414 προσκυνητὺν,
382 1377 449 1404 Θεὸν
472 1377 616 1404 ἐπίσταται
636 1377 656 1410 ¹,
675 1377 723 1404 καὶ
743 1376 866 1411 κτίστην,

73 1424 121 1450 καὶ
136 1423 301 1459 δημιουργὸν
313 1423 389 1450 [διον.
403 1422 471 1449 Οῠτε
487 1422 542 1458 γὰρ
563 1422 663 1458 ἑαυτὴν
690 1422 866 1458 ὐπερένδοξον

73 1470 192 1504 ἡγεῖται,
203 1470 250 1496 καὶ
262 1469 436 1505 κοσμήτριαν
450 1468 498 1495 τοῦ
515 1468 579 1495 ίδίου
592 1469 676 1504 αὐτῆς
688 1468 866 1504 δημιουργοῦ·

73 1516 135 1541 ἐπεὶ
151 1515 184 1542 ἂν
201 1515 297 1550 ἑαυτὴν
309 1515 500 1551 προσκυνητὴν
513 1515 655 1550 ἡγήσαιτο,
672 1514 701 1541 οὺ
719 1514 772 1550 μὴν
785 1523 868 1550 προσ-

72 1561 195 1589 κυνοῦσα
207 1562 252 1588 τὸν
277 1561 524 1598 προσκυνούμενον.
542 1562 597 1587 Καὶ
612 1561 701 1596 μάτην
716 1561 787 1588 κατὰ
802 1561 867 1588 πάν-

74 1615 128 1632 των
144 1606 223 1640 λόγον
237 1608 308 1633 κινεῖ
319 1607 333 1633 ό
349 1606 394 1638 σὸς
413 1606 504 1641 λόγος,
523 1605 619 1633 ’Λέτιε.

918 971 980 991 cum
998 964 1084 993 Filius
1097 966 1208 998 dicitur,
1226 974 1281 993 non
1294 975 1397 994 meram
1413 967 1451 1000 id,
1468 975 1499 995 ac
1514 969 1600 996 solam
1617 971 1713 1005 appel-

918 1010 1048 1038 lationem
1066 1019 1120 1046 prze
1137 1020 1166 1039 se
1183 1012 1254 1039 l'erre
1265 1013 1417 1047 putandum
1434 1018 1485 1041 est.
1501 1013 1637 1047 Quocirca
1651 1024 1714 1043 cum

917 1056 1017 1083 unicus
1044 1056 1091 1084 Dei
1116 1057 1211 1091 Filius,
1237 1062 1266 1086 ut
1288 1063 1315 1086 et
1341 1059 1459 1094 Spiritus
1482 1065 1606 1092 sanctus,
1625 1069 1714 1098 neque

918 1111 1014 1138 reapse
1030 1111 1084 1130 non
1099 1105 1226 1137 exsistat,
1244 1112 1332 1140 neque
1348 1105 1420 1132 nuda
1435 1106 1615 1141 appellatione
1630 1107 1706 1134 dica-

918 1152 974 1180 tur,
992 1156 1055 1176 cum
1070 1149 1160 1177 Patris
1180 1151 1266 1185 gloria
1288 1151 1454 1185 coujunctus
1479 1155 1530 1183 cst,
1549 1160 1637 1187 neque
1650 1161 1713 1181 eum

918 1199 1074 1222 creatarum
1091 1203 1182 1222 rerum
1201 1197 1384 1231 appellatione
1400 1198 1541 1226 confusus.
1561 1198 1628 1224 Nam
1645 1198 1714 1226 divi-

917 1239 991 1266 nitas
1007 1247 1096 1274 neque
1111 1240 1201 1268 eﬂ'erri
1217 1249 1277 1269 sese
1291 1243 1420 1277 postulat.
1437 1243 1516 1278 quasi
1535 1251 1589 1270 non
1602 1244 1648 1275 sit,
1665 1251 1713 1271 ne-

918 1292 972 1320 que
986 1285 1180 1314 sublimitatem
1202 1288 1327 1322 requirit,
1345 1288 1408 1316 licet
1424 1289 1458 1316 ab
1475 1289 1578 1324 ignaris
1595 1290 1710 1324 quibus-

918 1330 980 1358 dam
993 1332 1167 1366 praedicando
1181 1340 1235 1360 non
1252 1327 1409 1365 attollatur;
1427 1342 1514 1369 neque
1527 1335 1609 1362 ullius
1624 1334 1712 1362 homi-

918 1376 962 1404 nis
990 1377 1212 1412 pronuntiatione
1235 1379 1387 1407 divinitatis
1414 1380 1567 1407 substantia
1589 1385 1708 1407 constat.

918 1421 978 1449 Non
996 1422 1069 1449 enim
1091 1423 1231 1451 hominum
1252 1429 1447 1452 caelcrorumve
1471 1426 1587 1460 prolatio
1599 1426 1712 1460 gloriari

919 1463 1017 1503 poterit
1035 1467 1090 1496 Deo
1115 1477 1156 1501 se,
1180 1470 1253 1498 velut
1274 1471 1417 1506 indigenti,
1443 1471 1555 1507 gloriam
1576 1471 1715 1506 decusque

920 1514 1061 1544 tribuisse.
1079 1519 1126 1542 aut
1142 1515 1230 1543 eidem
1248 1518 1439 1552 omnipotenti,
1454 1518 1647 1552 adorandoque
1661 1516 1715 1545 Deo

921 1565 1074 1589 ornamenti
1095 1561 1198 1597 aliqttid
1215 1563 1358 1591 attulisse:
1390 1571 1470 1598 quem
1491 1563 1600 1598 quidem
1617 1563 1714 1597 Deum,

883 1602 905 1632 C
922 1610 950 1633 et
973 1611 1123 1635 creatorem
1147 1607 1372 1644 conditoremque
1396 1617 1475 1636 suum
1493 1609 1627 1644 agnoscit.
1654 1608 1714 1636 Non

74 1654 158 1687 enim,
176 1655 283 1689 opinor,
296 1658 351 1682 tam
371 1654 508 1689 exquisito
524 1661 553 1682 se
568 1653 714 1689 splendore
727 1653 866 1688 przeditam
887 1654 1037 1687 existimat,
1057 1658 1085 1681 ut
1097 1655 1178 1682 etiam
1207 1656 1376 1683 conditorem
1403 1664 1482 1683 suum
1504 1663 1637 1682 exornare
1653 1662 1716 1691 pos-

75 1701 119 1727 sit.
145 1701 253 1736 Alioqui
271 1701 445 1736 semetipsam
462 1700 628 1727 adorandam
650 1707 712 1728 esse
728 1700 862 1732 crederet,
883 1709 937 1728 non
963 1709 1035 1734 eum,
1070 1695 1149 1738 quem
1186 1703 1288 1737 adorat,
1307 1710 1493 1733 veneraretur.
1509 1706 1599 1739 Quare
1614 1707 1715 1734 frustra

75 1746 207 1775 adversus
221 1755 317 1775 otnnes
330 1751 389 1780 tua,
405 1755 422 1775 ο
437 1748 508 1780 Acti,
525 1746 666 1775 contendit
681 1747 779 1774 oratio.

257 1802 458 1830 ΚΕΦΔΛΑΙΟΝ
472 1802 602 1829 ΑΕΤιυΥ
619 1802 683 1830 KZ'.

111 1849 142 1875 Εί
165 1849 247 1876 παντὶ
261 1847 383 1884 γεννητῷ
398 1848 473 1874 αίτία
492 1848 725 1884 συγκεκλήρωται,
748 1848 867 1880 ἀναίτιος

75 1894 104 1922 δὲ
121 1895 138 1930 ή
154 1893 301 1930 ἀγέννητος
309 1895 400 1929 φύσις·
410 1894 460 1921 οὐκ
473 1894 565 1921 αἰτίαν
575 1894 650 1930 δηλοῖ
659 1894 689 1921 τὸ
703 1895 862 1930 ἀγέννητον,

75 1940 145 1969 ἀλλὰ
157 1940 307 1967 ὑπόστασιν
327 1940 466 1976 σημαίνει.

355 2039 521 2073 Ἀνατροπὴ
540 2039 603 2067 KZ’.

112 2086 167 2112 Καὶ
185 2086 266 2112 παντὶ
284 2085 405 2121 γεννητῷ
419 2085 494 2111 αἰτία
508 2085 743 2120 συγκεκλήρωται,
756 2085 802 2112 καὶ
817 2085 867 2120 οὐχ

75 2131 262 2167 ὁμολογοῦμεν
274 2131 364 2164 τοῦτο,
380 2131 418 2162 ὡς
433 2131 486 2157 ἀπὸ
498 2130 545 2157 σοῦ
562 2130 762 2166 μεμαθηκότες.
793 2131 867 2166 Προο

76 2177 128 2213 ορᾷ
139 2177 195 2212 γὰρ
209 2177 226 2212 ὴ
243 2177 334 2209 πίστις
350 2177 400 2212 τῆς
413 2176 541 2212 ἀληθείας
553 2176 643 2207 τοῦτο,
660 2177 707 2203 καὶ
719 2177 867 2212 προομολο-

77 2224 130 2258 γεί,
150 2225 198 2249 καὶ
213 2222 345 2256 διδάσκει,
361 2223 402 2249 ὅτι
424 2222 488 2254 Θεός
510 2222 584 2249 ἐστιν
603 2222 618 2248 ὁ
637 2223 756 2254 ἀναίτιος
777 2223 868 2258 πάσης

76 2267 176 2300 αἰτίας,
185 2269 232 2295 καὶ
242 2268 356 2303 ἀμιγὴς,
366 2267 413 2294 καὶ
426 2267 608 2299 ἀνυπεύθυνος
622 2267 714 2303 πάσης
734 2267 867 2303 ἰσότητος.

76 2314 126 2341 Διά
134 2313 215 2340 τοῦτο
224 2313 278 2350 γὰρ
291 2314 338 2340 καὶ
352 2313 429 2340 αὐτοὶ
441 2314 471 2340 οὐ
486 2313 691 2349 προσκυνοῦμεν
703 2314 756 2340 πᾶν
765 2313 796 2340 τὺ
807 2313 871 2340 ὑπο-

77 2359 195 2394 ϐεϐηκὺς
203 2359 252 2395 τὴν
261 2359 344 2386 αὐτοῦ
357 2359 404 2386 τοῦ
419 2359 486 2386 Θεοῦ
497 2359 603 2392 οὐσίαν,
613 2359 657 2386 διὰ
671 2359 703 2386 τὸ
719 2359 792 2395 μόνῳ
806 2360 870 2396 πρέ-

78 2414 138 2433 πειν
147 2405 186 2440 τῷ
202 2404 378 2440 ἀνυπευθύνῳ
388 2404 418 2432 τὸ
429 2405 511 2437 σέϐας
525 2406 627 2439 νέμειν,
642 2405 729 2440 Πατρὶ
743 2404 782 2440 τῷ
793 2405 870 2439 ἀγεν-

74 2452 161 2487 νήτῳ,
169 2450 274 2486 καὶΥἱῷ
284 2450 322 2486 τῷ
332 2449 361 2483 ἐξ
372 2450 465 2483 αὑτοῦ,
476 2451 523 2477 καὶ
531 2451 602 2486 ἁγίῳ
614 2450 809 2486 Πνεύματι,τῴ
821 2451 868 2477 ἀπ’

80 2496 160 2523 αὐτοῦ
177 2497 225 2523 καὶ
239 2496 283 2523 διὰ
299 2496 346 2522 τοῦ
367 2496 548 2530 Μονογενοῦς.
576 2495 684 2531 Ἐπειδὴ
703 2496 779 2522 οὐδὲν
795 2497 824 2522 ἐν
834 2497 867 2532 τῇ

79 2541 172 2576 Τριάδι
183 2541 301 2573 κτιστὺν,
309 2541 355 2568 καὶ
369 2541 420 2567 ὑπὸ
432 2541 521 2568 αἰτίαν
529 2541 665 2576 ἐμπίπτον
677 2541 759 2568 ἐστίν.
768 2541 805 2567 Οὐ
815 2541 868 2577 γὰρ

73 2590 100 2620 ἐξ
118 2587 169 2614 οὐκ
186 2587 271 2613 ὄντων
285 2587 310 2613 τί
330 2588 403 2613 ἐστιν
425 2588 453 2613 ὲν
471 2588 503 2622 τῇ
519 2586 625 2623 Τριάδι,
641 2586 678 2618 ὡς
691 2587 738 2613 καὶ
749 2586 784 2613 τὰ
800 2586 867 2613 ἄλλα

73 2630 106 2657 τὰ
122 2633 176 2660 ὑπὸ
189 2633 277 2660 αἰτίαν
296 2633 470 2667 πεπτωκότα,
490 2633 538 2660 καὶ
553 2633 643 2660 αἰτίαν
659 2632 866 2668 κεκληρωμένα.

77 2679 122 2706 Διὸ
135 2679 245 2706 ἁναιτία
260 2676 327 2705 οὖσα
341 2679 391 2714 τῆς
406 2678 536 2715 τοιαύτης
556 2679 646 2710 αἰτίας
659 2679 676 2714 ὴ
697 2678 792 2715 Τριάς,
819 2679 866 2714 μό-

73 2735 124 2762 νην
138 2726 238 2762 ὲαυτὴν
254 2725 383 2758 ἀπλανῶς
405 2725 508 2758 ἐδίδαξε
530 2725 757 2761 προσκυνεῖσθαι·
773 2725 866 2759 ἐπειδὴ

79 2774 146 2808 μόνη
168 2772 239 2808 αὕτη
261 2772 381 2804 ἀναίτιός
402 2774 477 2799 ἐστι·
501 2771 536 2799 τὰ
554 2771 582 2798 δὲ
602 2772 690 2798 πάντα
710 2771 762 2798 ὑπὸ
778 2771 866 2798 αἰτίαν

78 2818 281 2855 περιπέπτωκε.
302 2819 342 2845 Τὰ
358 2819 408 2854 μὲν
421 2818 474 2854 γάρ
488 2819 546 2845 ἐστι
563 2817 694 2852 γεγονότα
713 2817 760 2844 καὶ
775 2825 866 2844 κεκτι-

115 2900 123 2914 '
139 2896 170 2926 [τ’.
183 2898 344 2933 ἐπιστάτην.

1101 1801 1184 1838 974
1198 1802 1288 1830 AETll
1302 1801 1416 1832 CA'PUT
1430 1805 1535 1833 XXV".

959 1844 986 1872 Si
1005 1853 1067 1873 cum
1087 1854 1120 1874 eo
1135 1848 1208 1874 onmi
1231 1849 1304 1883 quod
1320 1851 1442 1884 genitura
1460 1857 1511 1883 est,
1529 1852 1666 1886 implicata
1681 1861 1715 1882 ex

919 1890 1064 1925 c0ujuncta
1075 1899 1165 1919 causa:
1175 1893 1249 1920 notio
1261 1898 1311 1926 est,
1325 1894 1443 1929 ingenita
1454 1903 1517 1923 vero
1529 1901 1624 1923 natura
1631 1905 1714 1926 causa

920 1939 1073 1967 caret,cum
1086 1937 1236 1972 ingenitum
1249 1939 1378 1972 dicimus,
1390 1948 1444 1967 non
1457 1948 1569 1969 causam
1584 1943 1713 1978 aliquant,

921 1981 967 2009 sed
984 1983 1163 2010 substantiam
1179 1985 1366 2019 exprimimus.

1167 2038 1322 2074 Con/utalia
1336 2040 1389 2067 ΧΧ
1397 2041 1463 2070 VII.

955 2084 1033 2117 Quod
1057 2093 1119 2112 curn
1141 2088 1215 2114 otnui
1239 2088 1331 2122 genito
1355 2088 1522 2123 implicatam
1540 2097 1603 2118 esse
1623 2098 1714 2120 causae

920 2131 1058 2159 notionetn
1080 2133 1193 2164 asset-is,
1211 2134 1384 2161 verissitttutn
1400 2135 1508 2169 quidem
1523 2141 1576 2169 est,
1594 2137 1640 2164 sed
1658 2146 1713 2165 non

919 2175 1002 2208 istud,
1032 2178 1110 2211 quasi
1141 2186 1156 2205 a
1183 2183 1208 2205 te
1235 2179 1423 2213 didicerimus,
1448 2181 1618 2216 proﬁtemur.
1656 2182 1714 2211 Hoc

920 2222 993 2248 enim
1017 2231 1079 2249 vera
1108 2224 1165 2258 ipsa
1192 2224 1258 2252 lides
1280 2225 1441 2260 jamdudum
1471 2232 1664 2262 prtesenserat,
1687 2235 1714 2257 ct

923 2266 1044 2301 professa
1075 2267 1180 2301 fuerat,
1215 2278 1247 2297 ac
1270 2271 1401 2298 docuerat
1426 2270 1510 2299 Deum
1537 2280 1626 2301 causa:
1651 2282 1714 2302 esse

921 2313 1010 2339 omnis
1022 2319 1170 2347 expertem,
1187 2322 1236 2341 ncc
1254 2314 1308 2342 ulla
1328 2324 1356 2343 re
1372 2317 1542 2350 pertnistum,
1557 2325 1608 2345 nec
1623 2318 1656 2345 ad
1672 2319 1714 2346 ul-

921 2357 974 2385 lius
990 2357 1028 2385 rei
1045 2359 1228 2393 aaqualitatem
1244 2368 1325 2396 posse
1339 2361 1455 2389 demitti.
1483 2362 1551 2390 Nam
1569 2368 1714 2399 propterea

920 2405 987 2431 nihil
999 2405 1169 2432 adorandum
1186 2411 1323 2441 putamus.
1338 2408 1410 2442 quod
1428 2409 1520 2437 divina
1539 2411 1597 2444 ipsa
1615 2417 1714 2440 natura

920 2450 956 2477 sit
971 2450 1103 2479 inferius:
1120 2453 1222 2488 quippe
1234 2460 1295 2480 cum
1311 2453 1335 2480 ei
1350 2454 1412 2486 soli,
1425 2455 1472 2490 qui
1486 2457 1552 2483 nulli
1569 2457 1714 2492 subjectus

919 2501 973 2529 est,
989 2497 1024 2524 sit
1040 2498 1084 2524 ille
1099 2498 1190 2525 cultus
1206 2498 1386 2530 adhibendus,
1402 2499 1476 2527 Patri
1495 2502 1622 2530 videlicet
1638 2504 1714 2539 inge-

921 2543 988 2576 nito,
1007 2548 1033 2570 et
1049 2543 1128 2576 Filio,
1150 2545 1195 2579 qui
1216 2545 1251 2571 ab
1275 2545 1333 2579 ipso
1349 2547 1455 2580 genitus
1475 2551 1528 2581 est,
1553 2553 1580 2576 et
1599 2549 1712 2584 Spiritui

921 2593 1026 2621 sam-to,
1050 2591 1095 2624 qui
1120 2590 1154 2617 ab
1178 2591 1273 2618 eodem
1296 2599 1343 2625 per
1367 2591 1539 2628 Uuigcnitum
1562 2597 1712 2630 productus

919 2639 971 2661 est.
984 2635 1209 2670 Quandoquidem
1224 2637 1290 2664 nihil
1306 2638 1333 2665 in
1347 2637 1481 2668 Trinitatc
1496 2647 1630 2674 creatum,
1645 2643 1711 2670 nihil

919 2687 1007 2707 causa:
1024 2681 1069 2707 ulli
1085 2686 1127 2709 est
1150 2682 1316 2717 obnoxium;
1341 2692 1394 2712 non
1409 2686 1480 2712 enim
1502 2687 1604 2721 aliquid
1622 2687 1649 2713 in
1666 2688 1710 2714 illa

919 2731 959 2753 est
975 2734 990 2754 e
1007 2727 1093 2754 nihilo
1111 2729 1283 2762 productum,
1301 2731 1375 2758 velut
1398 2737 1505 2763 cratera,
1525 2741 1586 2767 quae
1599 2741 1710 2761 causam

920 2772 1038 2807 aliquant
1057 2775 1162 2807 sortita,
1180 2783 1325 2811 causa-quc
1342 2778 1463 2812 subjecta
1480 2784 1554 2806 sunt.
1576 2780 1710 2812 Quocirra

919 2825 981 2845 cum
999 2818 1134 2852 ejusmodi
1151 2829 1262 2850 causam
1281 2824 1383 2850 nullam
1402 2823 1522 2852 Trinitas
1540 2826 1646 2859 habeat,
1665 2835 1709 2853 sc-
