1945 3043
244 175 294 204 6H

917 175 945 204 S.
967 175 1137 204 EPIPHANII

1830 175 1889 202 (Ζτῖ

244 236 388 271 metipsam
404 235 488 264 solam
501 236 559 264 sine
573 236 628 263 ullo
641 244 736 265 errore
747 237 914 266 adorandam
928 238 1031 270 docuit,

1087 238 1183 273 σμένα,
1203 237 1297 273 Πατὴρ
1311 237 1339 264 δὲ
1359 238 1486 269 ἆχτιστος
1499 258 1505 270 ,
1524 235 1590 264 Υῑὺν
1603 236 1672 272 ἔχων
1687 236 1717 269 ἐξ
1736 236 1821 263 αὑτοῦ
1838 245 1890 271 γε-

244 282 373 317 quoniam
389 282 446 310 sola
462 289 553 309 causa:
567 283 656 311 omnis
671 288 713 311 est
726 291 835 320 expers,
852 284 956 319 reliqua
970 292 1035 311 vero

245 329 336 356 omnia
348 335 364 355 a
374 332 446 356 certa
458 336 541 356 causa
558 329 786 364 proficiscuntur;
804 331 860 358 haec
874 331 946 358 enim
962 329 1035 357 facta

246 379 440 410 procreataque
458 380 532 407 sunt,
549 374 629 404 Pater
647 377 795 410 increatus,
814 377 912 405 Filium
930 376 1035 404 habens

245 429 261 448 a
275 429 305 450 se
318 421 449 456 genitum,
469 429 524 449 non
542 427 675 455 creatum,
690 426 717 450 et
731 427 855 450 sanctum
871 422 1002 458 Spiritum
1020 430 1034 449 a

245 474 275 494 se
290 467 493 502 procedentem,
506 475 561 495 non
573 467 685 495 factum.
707 468 772 501 Quae
783 477 845 496 cum
858 470 895 496 ita
912 476 973 496 sese
987 468 1036 496 ha-

246 512 337 545 beant,
349 520 436 548 neque
450 513 556 541 affectio
570 514 623 541 ulla
639 514 667 541 in
682 513 851 542 adorandum
868 513 978 546 Filium,
994 513 1034 541 vel

246 557 379 593 Spiritum
398 564 524 587 sanctum
542 559 676 589 redundet
691 567 707 587 a
724 568 818 594 causa,
838 560 945 588 etiamsi
961 560 1036 596 geni-

244 607 332 631 torem
351 603 438 632 Filius
461 605 559 632 habeat
576 605 696 638 Patrem,
711 614 800 641 neque
815 611 915 634 creatae
931 610 1036 634 caetera:

243 658 289 679 res
308 651 461 680 allectionis
476 655 602 687 expertes
620 657 694 686 sunt,
717 661 778 688 qua:
801 661 834 681 ex
849 661 939 681 causa:
954 653 1035 681 sorti-

244 697 318 725 tione
327 698 426 730 oritur,
435 705 497 725 cum
509 698 565 726 sint
575 706 590 725 a
601 697 693 731 Patre,
703 698 771 727 Filio
787 703 814 726 et
825 699 926 734 Spiritu
940 702 1036 726 sancto

244 746 403 776 procreatae.
426 742 462 770 At
473 742 636 778 Unigenitus
652 743 763 771 nihilex
780 743 935 771 istiusmodi
945 751 1036 771 causa:

245 788 424 816 attributione
436 789 549 824 patitur,
566 797 655 825 neque
668 789 788 825 Spiritus
800 793 924 821 sanctus,
941 797 1036 825 quem-

243 834 391 861 admodum
407 842 496 870 neque
509 834 590 863 Pater
604 835 680 870 ipse;
699 840 843 871 propterea
861 834 935 870 quod
949 834 1035 861 Filius

243 879 334 914 genita
352 879 461 907 soboles
480 883 533 912 est,
550 887 603 906 non
621 883 757 907 creatura.
775 878 866 912 Quare
884 878 985 905 nullam
1001 885 1035 904 ex

1085 283 1262 319 γεννημένον,
1285 283 1343 310 ἀλλ’
1361 283 1391 310 οὺ
1413 283 1531 315 κτιστδν,
1554 283 1601 310 καὶ
1622 282 1699 317 ἅγιον
1719 282 1838 317 Πνεῦμα
1858 283 1890 315 ἐξ

1086 328 1169 356 αὐτοῦ
1197 328 1435 364 ἐκπορευόμενον,
1459 329 1507 355 καὶ
1535 328 1567 355 οὐ
1599 328 1887 363 δεδημιουργημένον.

1085 375 1195 402 Τούτων
1217 375 1246 402 δὲ
1269 374 1357 407 οὕτως
1378 375 1506 410 ἑχόντων,
1525 374 1587 402 οὗτε
1603 375 1688 406 πάθος
1704 374 1889 410 κεκλήρωται

1086 421 1173 448 αἰτίου
1189 421 1203 448 6
1216 421 1457 457 προσκυνούμενος
1470 421 1545 454 Υἱὸς,
1561 421 1649 448 καὶτὸ
1663 421 1739 455 ἅγιον
1754 421 1886 455 Πνεῦμα,

1086 467 1137 495 κᾶν
1154 467 1265 503 Πατέρα
1280 467 1335 503 ἐχοι
1354 468 1400 495 τὸν
1412 468 1573 504 γεννήτορα,
1589 467 1652 494 οὔτε
1667 467 1701 494 τὰ
1720 467 1804 493 λοιπὰ
1825 467 1888 492 κτί-

1087 523 1177 550 σματα
1190 514 1253 541 ἄνευ
1267 514 1371 546 πάθους
1386 515 1428 550 εἴη
1448 514 1499 550 κλη
1505 513 1613 550 ρώσεως
1626 514 1701 540 αἰτία
1714 514 1734 546 ι,
1752 513 1807 539 ἀπὸ
1823 513 1885 539 Πα-

1085 561 1159 597 τρὸς,
1183 561 1231 588 καὶ
1251 560 1332 593 Υῐοῦ,
1360 561 1406 587 καὶ
1425 560 1503 594 ἁγίου
1524 559 1681 595 Πνεύματος
1699 559 1884 594 κεκτισμένα.

1086 606 1183 640 Σαφῶς
1202 606 1229 632 δὲ
1247 606 1310 633 ἄνευ
1325 605 1428 637 πάθους
1446 606 1488 641 εἴη
1505 606 1519 632 ὁ
1535 605 1690 640 Μονογενὴς
1711 604 1885 640 κληρώσεως

1086 652 1185 684 αἰτίας,
1198 652 1246 679 καὶ
1259 652 1290 678 τὸ
1305 652 1381 686 ἆγιον
1395 651 1478 678 αὑτοῦ
1490 651 1613 687 Πνεῦμα,
1627 650 1665 682 ὡς
1679 651 1727 677 καὶ
1739 651 1754 676 ὁ
1769 650 1884 685 Πατὴρ.

1086 698 1126 724 ὅτι
1140 697 1204 728 Υἱός
1215 697 1273 724 ἐστι
1285 697 1421 732 γέννημα,
1434 697 1480 724 καὶ
1493 697 1524 723 οὐ
1544 697 1657 731 κτίσμα.
1679 696 1734 723 Καὶ
1753 695 1804 722 οὐκ
1827 695 1886 722 ἀπὸ

1085 743 1133 770 τοῦ
1161 743 1340 778 γεγεννῆσθαι
1366 744 1441 770 αἰτία.
1466 744 1476 759 ¹
1497 743 1601 775 πάθους
1628 741 1844 778 κληρωθήσεται
1871 743 1885 768 ὁ

1087 789 1151 821 Υἱός
1161 798 1167 805 ·
1182 789 1243 816 οὐδὲ
1258 788 1289 816 τὸ
1300 789 1423 825 Πνεῦμα,
1446 788 1540 825 ἐπειδὴ
1554 789 1587 815 ὲκ
1601 788 1708 823 Πατρδς
1726 788 1884 823 ἐκπορεύε-

1085 845 1142 868 ται,
1165 835 1227 862 οὔτε
1248 835 1304 871 γὰρ
1321 836 1336 862 ὁ
1359 835 1466 871 Πατὴρ,
1488 834 1582 870 ἐπειδὴ
1605 835 1744 869 ἐγέννησε,
1773 834 1825 860 καὶ
1854 832 1883 866 ἐξ

1086 882 1183 909 ἑαυτοῦ
1199 882 1328 918 ἐξήγαγε,
1342 882 1377 909 τὰ
1397 882 1419 908 δ’
1431 881 1498 909 ἄλλα
1517 881 1587 917 μετὰ
1600 880 1665 907 Υἱὺν
1685 880 1733 906 καὶ
1763 879 1884 913 Πνεῦμα

242 932 275 952 ϐο
303 925 375 960 quod
406 926 514 961 εεηῖιιιὸ
538 931 591 959 εει,
617 926 790 957 all-eumne!!!
806 932 898 953 causw
921 924 1036 952 εονιίιυι·
1051 919 1073 946 Β
1086 928 1202 960 ἔκτισεν,
1215 927 1268 954 ὑπὸ
1283 927 1370 960 πάθος
1381 928 1472 959 αἰτίας
1484 926 1652 962 εὑρίσκεται,
1670 925 1759 952 καίτοι
1775 933 1810 958 γε
1827 924 1884 951 τῶν

243 968 348 1003 Filius;
373 978 423 998 nec
444 971 562 1007 Spiritus
585 976 707 1005 sanctus,
727 980 789 999 cum
810 979 826 998 a
840 971 921 999 Patre
938 978 1033 1006 proce-

1086 972 1173 999 ᾱλλων
1185 972 1294 999 πάντων
1308 973 1336 999 ἐν
1347 972 1386 1008 τῷ
1401 970 1502 1003 κτίζειν
1520 971 1537 1007 ἢ
1550 971 1649 1006 γεννᾷν
1667 969 1750 996 πάθει
1767 977 1884 1004 συνεχο-

242 1015 298 1043 dat.
314 1016 419 1044 Etenim
434 1017 514 1045 Pater
529 1026 563 1045 ex
579 1026 622 1052 eo,
634 1017 708 1053 quod
724 1017 827 1054 genuit,
849 1021 896 1044 aut
911 1017 1002 1044 emisit
1018 1024 1033 1044 e

1088 1017 1185 1052 μένων.
1202 1017 1334 1048 ’Δναετιος
1352 1016 1418 1051 γοῦν
1434 1017 1447 1042 ὁ
1467 1015 1572 1051 Πατὴρ,
1601 1015 1649 1041 καὶ
1663 1015 1678 1040 ὁ
1693 1013 1769 1045 Υἱὸς,
1787 1013 1839 1039 καὶ
1853 1011 1885 1038 τὺ

243 1069 273 1089 se
288 1062 357 1097 ipso,
374 1068 472 1091 caetera
493 1071 557 1091 vero
574 1068 635 1099 post
648 1062 746 1091 Filium
767 1071 800 1090 ac
818 1063 951 1098 Spiritum
969 1070 1033 1090 san-

1087 1061 1166 1097 ἃγισν
1190 1062 1320 1098 Πνεῦμα·
1342 1061 1415 1088 αἰτία
1431 1061 1461 1088 δέ
1478 1062 1553 1088 ἐστιν
1571 1061 1587 1096 ή
1609 1060 1693 1095 Τριὰς
1712 1059 1766 1086 τῶν
1790 1058 1884 1085 ἁπάν-

242 1113 314 1135 ctum
331 1110 443 1143 creavit,
464 1110 601 1137 all'ectioni
624 1110 672 1137 illi
688 1117 780 1138 causa}
798 1109 939 1144 subjectus
951 1108 1033 1144 975

1087 1116 1151 1140 των,
1175 1108 1368 1142 συγκτίζουσα,
1390 1109 1438 1136 καὶ
1461 1108 1721 1144 συνδημιουργοῦσα,
1742 1106 1830 1142 μηδὲν
1850 1107 1881 1133 ἐν

241 1157 294 1185 est,
319 1162 474 1191 quanquam
492 1155 545 1182 alia
560 1156 652 1183 omnia
667 1155 695 1183 in
709 1155 829 1183 creando
845 1154 1033 1191 generandove

1088 1154 1156 1190 αὑτῇ
1168 1155 1276 1182 κτιστδν
1286 1155 1303 1190 ἢ
1320 1154 1587 1190 δεδημιουργημένον
1596 1153 1778 1189 γινώσκουσα.

243 1203 381 1237 patiantur
396 1201 509 1239 aliquid.
527 1202 698 1237 Quapropter
715 1201 804 1234 Pater,
821 1201 906 1228 Filius
923 1204 951 1228 et
975 1199 1094 1235 Spiritus
1110 1205 1223 1229 sanctus
1237 1208 1349 1228 causam
1379 1201 1480 1228 habent
1511 1200 1625 1227 nullam.
1657 1199 1786 1226 Omnium
1818 1205 1885 1225 vero

243 1255 325 1275 causa
339 1249 449 1283 estipsa
461 1247 593 1282 Trinitas,
604 1257 665 1285 quae
676 1249 768 1277 omnia
783 1249 836 1277 ista
849 1247 932 1277 simul
945 1251 1032 1282 creat,
1053 1255 1086 1275 ac
1100 1249 1223 1282 molitur,
1240 1249 1364 1284 nihilque
1388 1248 1417 1275 in
1446 1256 1508 1276 sese
1541 1251 1661 1274 creatum
1696 1251 1743 1273 aut
1761 1245 1885 1273 fabrica-

243 1299 301 1322 tum
315 1294 450 1329 agnoscit.

454 1351 547 1378 AETll
561 1351 676 1379 CAPUT
692 1351 814 1380 XXVIII.

267 1396 309 1424 «Si
325 1396 458 1432 quidquid
475 1397 638 1432 productum
653 1402 705 1430 est.
717 1398 751 1425 ab
768 1398 854 1425 altero
869 1398 1033 1433 productum

242 1446 296 1475 est,
311 1443 430 1478 ingenita
448 1450 512 1470 vero
529 1443 685 1479 hyposlasis
700 1451 750 1471 nec
766 1451 782 1470 a
796 1452 825 1471 se
845 1444 913 1479 ipsa,
932 1451 983 1471 nec
998 1443 1032 1470 ab

243 1487 297 1515 alia
316 1488 446 1523 producta
458 1492 510 1522 est,
527 1489 642 1525 ingeniti
656 1490 790 1518 vocabulo
804 1490 959 1519 substantia
973 1489 1034 1525 ipsa

243 1535 412 1571 signiﬁcetur
427 1539 545 1571 oportet.

486 1591 642 1627 Confutalio
658 1591 800 1619 XXVIII.

277 1637 398 1667 Rursum
414 1639 494 1667 nobis
509 1639 580 1667 istud
597 1639 704 1670 Aetius,
721 1643 852 1674 tanquam
871 1645 971 1665 novum
982 1637 1033 1665 ali-

241 1685 308 1721 quid
324 1689 350 1713 et
365 1685 530 1718 inauditum,
546 1685 650 1720 objicit,
666 1690 695 1713 ut
707 1685 856 1713 dialectica:
871 1685 951 1712 istius
966 1684 1033 1712 sub-

241 1732 346 1760 tilitatis
363 1736 458 1760 auctor
474 1740 536 1761 esse
560 1732 694 1760 videatur.
723 1731 814 1765 Quare
831 1739 1034 1767 supervacanee

241 1777 307 1805 illu‘d
319 1785 403 1804 unum
419 1777 549 1811 inculcat,
562 1776 636 1812 quod
648 1777 675 1804 in
688 1777 904 1805 controversiam
923 1776 1034 1804 minimc

240 1828 404 1856 revocatur;
421 1831 510 1858 neque
522 1823 628 1851 veritati
642 1827 786 1859 repugnat,
797 1829 825 1850 et
838 1827 967 1858 perpetua
982 1821 1034 1849 Ec-

240 1870 332 1898 clesiae
342 1869 484 1897 catholicae
499 1869 671 1904 professione
683 1873 801 1897 tenetur.
817 1868 955 1904 Quidquid
968 1876 1033 1904 ergo

239 1913 342 1941 factum
356 1919 408 1946 est,
432 1914 466 1941 ab
482 1915 569 1941 altero
584 1913 686 1941 factum
704 1915 740 1941 sit
757 1917 882 1949 oportet;
910 1917 937 1940 at
955 1914 1032 1948 iugc-

241 1960 298 1987 nita
324 1959 480 1995 hypostasis
502 1966 591 1994 neque
610 1966 625 1986 a
651 1959 742 1994 scipsa
756 1979 764 1991 ,
803 1967 892 1994 neque
911 1959 945 1986 ab
967 1959 1031 1992 alia,

240 2006 366 2041 quamvis
396 2005 509 2040 ingeniti
535 2005 646 2032 nomine
674 2005 855 2033 substantiam
883 2005 1031 2041 significari

241 2058 356 2078 necesse
371 2050 415 2078 sit.
433 2049 505 2083 Quid
521 2050 593 2078 enim
611 2050 697 2085 magis
711 2050 756 2077 illo
772 2050 957 2078 necessarium
971 2058 1034 2078 esse

241 2097 347 2132 potest?
360 2096 427 2123 Nam
444 2097 495 2124 hoc
510 2096 671 2123 substantiae
685 2096 858 2129 vocabulum,
873 2097 945 2131 quod
958 2097 1033 2124 Ano-

241 2143 305 2171 mtei
318 2148 345 2170 et
365 2143 462 2170 Ariani
476 2143 502 2170 in
519 2150 566 2170 ore
581 2150 687 2177 semper
701 2143 811 2176 habent,
826 2143 924 2170 callide
939 2150 971 2170 ac
986 2151 1032 2170 re-

241 2190 370 2217 teratorie
388 2189 531 2224 usurpavit
546 2190 652 2221 Aetius,
668 2193 695 2216 et
710 2188 745 2216 ab
762 2189 820 2224 ipsa
834 2193 946 2217 coactus
961 2189 1032 2216 veri-

1268 1347 1395 1375 ΑΕΤῙΟΥ
1414 1347 1612 1374 ΚΕΦΛΛΑΙΟΝ
1629 1347 1695 1374 KH’.

1123 1395 1154 1422 Εἰ
1174 1394 1228 1421 πᾶν
1245 1394 1275 1421 τὸ
1287 1394 1398 1428 γεγονὸς
1412 1394 1457 1428 ὑφ’
1475 1393 1569 1429 ἐτέρου
1587 1393 1709 1428 γέγονεν,
1726 1394 1743 1429 ἡ
1758 1394 1787 1420 δὲ
1802 1394 1883 1428 ἀγέν-

1086 1450 1166 1477 νητος
1185 1441 1334 1472 ὑπόστασις
1353 1440 1414 1468 οὔτε
1439 1440 1483 1474 ὑφ’
1508 1441 1616 1476 ἑαυτῆς,
1633 1439 1694 1467 οὔτε
1717 1441 1763 1475 ὑφ’
1783 1441 1881 1476 ἐτέρας

1087 1488 1198 1522 γέγονεν
1207 1496 1213 1502 ·
1229 1488 1337 1524 ἀνάγκη
1347 1488 1441 1516 οὐσίαν
1455 1488 1552 1524 δηλοῦν
1566 1489 1595 1515 τὸ
1607 1488 1763 1523 ἀγέννητον.

1359 1590 1520 1625 Ἀνατροπὴ
1545 1593 1611 1618 KII’.

1121 1636 1176 1663 Καὶ
1199 1636 1278 1663 τοῦτο
1300 1636 1382 1663 πάλιν
1407 1637 1510 1669 Ἀἑτιος
1532 1638 1594 1672 ἥκει
1617 1637 1706 1672 φέρων
1729 1638 1817 1672 ⁴ἡμῖν,
1845 1638 1879 1669 ὼς

1084 1682 1177 1709 καινόν
1192 1692 1218 1709 τι
1230 1683 1276 1709 καὶ
1289 1683 1446 1718 πρόσφατον
1461 1683 1658 1718 ὑφηγούμενος,
1676 1684 1721 1710 ἵνα
1737 1686 1813 1720 φανῇ
1825 1684 1876 1710 δια⁴

1084 1729 1211 1764 λεκτικῆς
1226 1730 1376 1766 ὲφευρετὴς
1397 1728 1467 1757 εἶναι
1483 1730 1670 1765 συλλογιστίας
1686 1731 1718 1756 ὲκ
1735 1731 1877 1766 περισσοῦ,

1087 1776 1141 1812 [οὐ]
1160 1776 1262 1811 μόνον³
1280 1776 1346 1802 αὐτὸ
1361 1775 1439 1802 τοῦτο
1457 1775 1555 1811 δηλῶν,
1581 1776 1649 1812 ὅπερ
1661 1776 1721 1802 οὐδὲ
1740 1777 1877 1812 ἀμφιϐάλ-

1084 1822 1171 1854 λεται,
1189 1821 1252 1848 οὗτε
1269 1821 1339 1848 κατὰ
1349 1822 1399 1857 τῆς
1413 1822 1552 1858 ἀληθείας,
1569 1822 1600 1848 τὸ
1614 1823 1657 1849 ἀεὶ
1671 1823 1700 1848 ὲν
1715 1822 1792 1858 αὐτῷ
1806 1824 1835 1849 ἐν
1845 1823 1876 1857 τῇ

1084 1867 1214 1903 καθολικῇ
1234 1867 1382 1903 Ἐκκλησίᾳ
1397 1867 1614 1903 ὁμολογούμενον
1629 1868 1788 1904 ἐνυπάρχει.
1822 1869 1876 1895 Πᾶν

1084 1913 1138 1949 γὰρ
1152 1913 1182 1940 τὸ
1194 1913 1305 1948 γεγονὸς
1325 1914 1369 1948 ὑφ’
1394 1913 1487 1949 ἐτέρου
1504 1914 1618 1948 γίνεται.
1641 1915 1672 1940 ’H
1685 1914 1714 1940 δὲ
1729 1915 1876 1950 ἀγέννητος

1084 1959 1232 1990 ὑπόστασις
1256 1958 1319 1985 οὕτε
1332 1959 1378 1993 ὑφ’
1391 1959 1499 1994 ἑαυτῆς,
1511 1958 1574 1986 οὔτε
1585 1960 1630 1994 ὑφ’
1641 1959 1738 1995 ἐτέρας
1748 1960 1859 1994 γέγονεν
1867 1966 1874 1973 ”

1083 2006 1108 2032 εἰ
1130 2005 1177 2032 καὶ
1197 2005 1304 2040 ἀνάγκη
1322 2005 1417 2032 οὐσίαν
1433 2005 1530 2040 δηλοῦν
1549 2005 1579 2031 τὸ
1602 2005 1759 2042 ἀγέννητον.
1784 2007 1838 2033 Καὶ
1851 2005 1875 2032 τι

1082 2050 1178 2078 τούτου
1195 2051 1422 2087 ἀναγκαιότερον;
1446 2052 1536 2088 ’Ὅπερ
1557 2051 1611 2088 γὰρ
1633 2052 1676 2078 ἀεὶ
1704 2053 1770 2087 παρ’
1786 2053 1874 2083 αὐτοῖς

1082 2097 1138 2128 τοῖς
1148 2105 1178 2123 τε
1200 2097 1357 2132 Ἀνομοίοις,
1374 2097 1422 2124 καὶ
1440 2098 1587 2133 Ἀρειανοῖς
1603 2097 1633 2124 τὸ
1648 2098 1698 2133 τῆς
1709 2098 1805 2130 οὐσίας
1817 2099 1873 2124 δνο-

1084 2151 1124 2178 μα
1138 2142 1312 2178 παλιμϐόλως
1326 2143 1469 2176 ὲξελάϐετο
1488 2144 1601 2176 Ἀέτιος,
1618 2144 1711 2178 σαφῶς
1725 2143 1874 2179 ἀναγκαζό-

1084 2197 1164 2224 μενος
1181 2189 1233 2216 ὑπὸ
1251 2190 1300 2225 τῆς
1317 2190 1446 2225 ἀληθείας
1461 2190 1646 2226 ὡμολόγησεν.
1671 2192 1773 2223 Οὐσίας
1786 2192 1873 2218 τοίνυν

241 2239 296 2263 tate
312 2235 457 2263 confessus
479 2239 531 2263 est.
560 2235 653 2270 Itaque
673 2242 735 2262 cum
757 2234 868 2269 ingeniti
888 2235 958 2261 ratio
973 2234 1031 2268 ipsa

1085 2236 1166 2271 οΰσης
1181 2237 1231 2271 τῆς
1252 2236 1425 2272 ἀγεννησίας,
1444 2236 1474 2269 ἐξ
1494 2238 1577 2272 αὐτῆς
1592 2238 1631 2269 δὲ,
1652 2238 1699 2264 καὶ
1712 2238 1763 2264 οὐκ
1785 2238 1814 2270 ἐξ
1828 2238 1873 2263 οὐκ

241 2281 394 2308 substantia
409 2281 455 2312 sit,
466 2280 616 2315 eademque
629 2288 644 2308 e
657 2281 758 2315 seipsa,
768 2288 821 2307 non
833 2288 849 2308 e
863 2279 959 2310 nihilo,
974 2280 1033 2306 sine

241 2326 296 2353 ulla
309 2326 499 2362 inquinatione
514 2333 545 2353 ac
559 2326 686 2361 passione
705 2325 879 2361 Unigenitum
897 2325 1032 2360 genuerit,

240 2372 316 2399 nullo
339 2379 427 2406 neque
449 2375 581 2407 tempore,
610 2380 660 2400 nec
691 2373 779 2404 initio,
809 2372 941 2407 Spiritum
967 2379 1033 2399 vero

241 2421 366 2446 sanctum
379 2417 502 2445 emiserit
514 2426 529 2445 e
544 2418 645 2453 seipsa,
659 2426 713 2445 non
728 2426 743 2445 e
757 2418 843 2444 nihilo
855 2417 1027 2452 produxerit:

241 2464 414 2491 manifestum
430 2467 473 2491 est
486 2464 513 2491 in
528 2468 622 2492 sancta
637 2472 668 2491 ac
682 2464 816 2491 catholica
832 2463 954 2492 Ecclesia
967 2471 1030 2491 con-

239 2509 448 2537 substantialem
465 2508 627 2536 Trinitatem
644 2509 694 2536 rite
709 2508 862 2544 prmtlicari.
890 2508 950 2541 Quo
968 2508 1029 2544 q'ui-

239 2556 301 2584 dem
324 2555 435 2583 nomine
455 2561 547 2584 creata
567 2556 640 2583 nulla
657 2564 701 2583 res
721 2555 913 2590 comprehendi
929 2559 1029 2590 potest,

238 2609 271 2630 eo
286 2601 360 2637 quod
374 2609 462 2636 neque
478 2606 587 2633 natura,
602 2609 690 2636 neque
705 2601 790 2633 cultu,
810 2608 842 2628 ac
855 2601 1030 2628 veneratione

239 2652 329 2685 potest
350 2649 453 2684 aliquid
478 2647 634 2684 Unigenito,
656 2653 703 2675 aut
724 2647 838 2683 Spiritui
858 2652 955 2676 sancto
969 2655 1030 2675 esse

239 2696 338 2723 simile.
354 2695 458 2723 Caetera
471 2696 543 2722 enim
558 2703 574 2722 e
590 2695 675 2722 nihilo
686 2699 789 2727 creata,
806 2702 856 2729 nec
867 2695 1029 2722 adoratioue

238 2742 429 2777 prosequenda
447 2746 529 2774 sunt;
551 2741 674 2769 Trinitas
691 2750 756 2769 vero
773 2741 950 2776 sempiterna.
976 2741 1028 2768 Pu-

239 2791 281 2814 ter
298 2787 447 2822 perfectus,
469 2787 551 2814 Pater
566 2790 625 2820 est;
643 2784 728 2814 Filius
745 2787 896 2823 perfectus.
913 2786 998 2815 Filius
1012 2795 1028 2814 ιι

240 2832 318 2861 Patre
333 2834 458 2869 genitus;
477 2832 597 2869 Spiritus
614 2837 742 2867 sanctus,
757 2832 875 2868 Spiritus
890 2832 1026 2868 pet-feet“:

276 2892 285 2908 ¹
299 2890 330 2918 F.
345 2892 443 2924 αἰτίας.
477 2892 487 2908 ³
503 2891 534 2920 F.
551 2891 650 2919 αἰτίαν.
689 2892 699 2908 ³
709 2891 829 2932 Legati:
841 2890 972 2926 περισσοῦ
986 2891 1077 2927 μόνον.

1081 2282 1165 2309 ὄντων
1183 2282 1325 2318 ἀχράντως
1345 2283 1392 2309 καὶ
1409 2283 1522 2315 ἀπαθῶς
1546 2284 1715 2318 γεννησάσης
1730 2284 1776 2309 τὸν
1792 2284 1874 2310 Μονο-

1082 2329 1149 2364 γενῆ
1169 2328 1292 2364 ἁχρόνως
1310 2329 1356 2355 καὶ
1375 2329 1510 2365 ἀνάρχως,
1525 2330 1572 2356 καὶ
1586 2330 1615 2363 ἐξ
1628 2330 1712 2365 αὐτῆς
1724 2329 1872 2364 ἐξαγαγοῦ-

1083 2382 1134 2410 σης
1148 2374 1177 2400 τὸ
1194 2375 1271 2408 ἅγιον
1289 2375 1412 2410 Πνεῦμα,
1429 2377 1475 2402 καὶ
1497 2376 1548 2403 οὐκ
1566 2375 1596 2409 ἐξ
1610 2377 1660 2403 οὐκ
1674 2377 1769 2409 ὄντων,
1785 2376 1872 2412 σαφῶς

1083 2421 1112 2447 ἐν
1129 2422 1160 2456 τῇ
1177 2421 1241 2457 ἁγίᾳ
1257 2421 1386 2457 καθολικῇ
1413 2421 1560 2458 Ἐκκλησίᾳ
1573 2423 1720 2459 ὀρθοδόξως
1734 2424 1870 2459 ὀμοοὺσιος

1082 2467 1100 2501 ἡ
1112 2466 1195 2502 Τριὰς
1204 2467 1378 2502 κηρύττεται,
1390 2468 1504 2503 μηδενὸς
1520 2468 1573 2496 τῶν
1590 2470 1777 2504 κεκτισμένων
1796 2470 1869 2497 δυνα-

1085 2512 1166 2547 μένου
1178 2512 1216 2547 τῷ
1229 2513 1340 2548 ὀνόματι
1352 2514 1438 2550 τούτῳ
1449 2515 1601 2547 καλεῖσθαι,
1618 2515 1662 2542 διὰ
1677 2516 1708 2542 τὸ
1723 2516 1792 2551 μηδὲ
1807 2515 1869 2542 κατὰ

1084 2561 1166 2596 φύσιν
1189 2561 1258 2589 εἷναί
1281 2571 1308 2589 τι
1330 2563 1422 2598 ὅμοιον
1445 2564 1484 2599 τῷ
1503 2564 1650 2598 Μονογενεί
1674 2564 1721 2590 καὶ
1744 2564 1784 2599 τῷ
1806 2563 1868 2597 ἁγίῳ

1084 2607 1233 2642 Πνεύματι,
1257 2609 1325 2645 μήτε
1351 2608 1419 2635 κατὰ
1439 2609 1470 2636 τὸ
1490 2609 1580 2641 σέΰας.
1602 2609 1642 2636 Τὰ
1667 2610 1715 2645 μὲν
1732 2610 1788 2645 γάρ
1801 2610 1869 2635 ἐστιν

1083 2652 1113 2686 ἐξ
1129 2654 1178 2680 οὐκ
1199 2654 1283 2681 ὄντων
1303 2656 1479 2690 κεκτισμὲνα,
1498 2655 1544 2682 καὶ
1556 2656 1586 2682 οὐ
1604 2656 1781 2692 προσκυνητά
1792 2664 1800 2671 ·
1813 2657 1828 2689 ἡ
1843 2654 1867 2680 δὲ

1083 2699 1168 2734 Τριὰς
1184 2700 1227 2726 ἀεὶ
1241 2700 1330 2727 ἔστιν·
1346 2702 1360 2727 ὁ
1377 2701 1471 2738 Πατὴρ
1486 2701 1579 2738 Πατὴρ
1593 2702 1705 2735 τέλειος,
1725 2702 1773 2728 καὶ
1784 2703 1798 2728 ὁ
1811 2700 1867 2730 Υἱὸς

1082 2744 1146 2777 Υἱὸς
1157 2745 1260 2778 τέλειος
1277 2747 1309 2774 ἐκ
1324 2748 1431 2783 Πατρὸς
1445 2748 1595 2784 γεννηθεὶς,
1610 2748 1657 2775 καὶ
1668 2748 1699 2775 τὸ
1717 2748 1828 2784 Πνεῦμα
1841 2745 1866 2771 τὸ

1081 2790 1158 2825 ἅγιον
1169 2792 1281 2828 Πνεῦμα
1293 2794 1396 2820 τέλειον
1410 2795 1444 2821 ἐκ
1455 2795 1569 2829 Πατρός
1587 2795 1735 2829 προελθὸν
1754 2797 1802 2822 καὶ
1819 2791 1864 2820 τίῦ

1081 2836 1147 2863 Υἰοῡ
1172 2838 1335 2872 λαμϐάνον.
1365 2839 1420 2866 Καὶ
1435 2841 1523 2868 πάντα
1545 2842 1610 2876 ἡμῖν
1631 2848 1751 2876 φωτεινα
1769 2841 1803 2868 τὰ
1821 2840 1864 2874 τῆς
