1945 3043
106 167 164 196 615

431 172 615 202 ADVERSUS
635 174 808 203 "IERESES
827 177 892 204 LIB.
918 177 961 207 Ill.
983 177 1068 206 TOM.
1090 179 1150 207 l.—
1172 179 1309 209 lirEliES.
1330 182 1447 212 LXXVI.

1696 190 1746 218 ﬁli

107 226 188 260 θείας
207 228 329 264 Γραφῆς,
354 229 400 256 καὶ
412 229 446 258 τὰ
462 231 511 267 τῆς
527 232 608 266 ἁγίας
618 233 736 266 πίστεως
746 255 754 268 ,
768 236 815 262 καὶ
830 235 896 263 οὐδὲν

956 243 972 262 a
992 236 1072 264 Patre
1085 239 1228 271 procedens
1238 239 1259 273 ³,
1277 245 1301 267 et
1318 249 1334 267 ιι
1351 240 1424 270 Filio
1437 245 1569 279 accipiens
1581 245 1601 272 ⁸.
1620 245 1658 273 ita
1675 245 1750 275 Scri-

107 275 225 307 σκολιὸν,
241 275 256 311 ἢ
273 276 403 310 ἐναντίον,
420 277 437 313 ἢ
456 279 684 314 στραγγαλιῶδες.

288 415 418 443 ΑΕΤΙΟΥ
433 418 631 447 ΚΕΦΑΛΑΙΟΝ
647 421 712 450 KG’.

143 461 175 487 Εἰ
189 461 222 496 τῇ
237 460 284 487 τοῦ
298 462 468 497 γεννήματος
482 463 561 501 οὐσίᾳ
585 467 796 501 συνεμφαίνεται
810 468 848 500 ὡς
859 469 903 497 αὶ-

104 507 152 534 tia
167 509 185 544 ἡ
204 507 351 543 ἀγέννητος
369 508 528 542 ὑπόστασις,
552 512 623 539 κατὰ
645 513 735 550 πάσης
756 515 846 546 αἰτίας
871 515 902 542 τὸ

104 553 315 589 ἀπαράλλακτον
336 555 445 592 ἔχουσα,
464 557 608 584 αὐτοουσία
628 559 702 586 ἐστὶν
722 560 898 597 ἀσύγκριτος,

104 599 157 625 οὐκ
172 599 271 632 ἔξωθεν
286 602 486 636 συνυφαίνουσα
504 603 534 630 τὸ
554 603 701 639 ἀπρόσιτον
712 613 719 620 ·
735 605 800 632 αὐτὸ
813 606 840 632 δὲ
853 608 900 634 ὑπ-

104 645 229 680 άρχουσα
258 646 439 684 ἀσύγκριτος,
461 648 508 676 καὶ
535 650 699 684 ἀπρόσιτος,
728 651 823 689 ἐπειδὴ
852 653 900 679 καὶ

104 689 264 726 ἁγέννητος.

383 836 544 873 Ἁνατροπὴ
557 841 623 868 KO’.

142 879 276 914 Πολλάκις
290 881 360 909 κατὰ
376 883 430 910 τῶν
445 884 535 912 αὐτῶν
552 885 653 918 ’Λέτιος
668 887 790 923 φέρεται,
801 888 897 925 ὥσπερ

104 925 152 951 καὶ
171 925 250 957 αὐτὸς
267 926 396 958 πολλάκις
417 927 496 963 ἔφην,
514 930 554 961 εἰς
577 931 698 966 κάματον
721 931 801 967 μόνον
822 922 896 968 ἡμᾶς
915 922 933 949 Β

104 970 207 1006 φέρων,
232 972 278 998 καὶ
293 972 368 999 οὐδὲν
383 975 585 1011 περισσότερον.
603 977 649 1003 Διὸ
664 977 711 1004 καὶ
727 979 756 1005 ἑν
769 978 808 1014 τῷ
825 988 896 1014 παρ-

104 1016 161 1043 όντι
185 1017 308 1053 ἀνάγκην
331 1018 447 1055 ἔσχομεν
469 1020 509 1056 τῷ
534 1022 650 1058 καμάτῳ
667 1024 834 1059 προσθεῖναι,
850 1026 897 1052 καὶ

104 1063 140 1090 τὰ
156 1064 227 1092 αὐτὰ
247 1066 302 1097 τοῖς
324 1066 416 1098 αὐτοῖς
435 1067 652 1104 δευτερολογείν·
677 1070 827 1108 ἐπειδήπερ
850 1073 898 1099 καὶ

105 1110 180 1146 αὐτῷ
196 1110 282 1143 οὕτως
297 1111 395 1144 ἔδοξεν.
411 1112 443 1139 El
461 1113 514 1149 γὰρ
527 1115 574 1142 καὶ
588 1117 621 1152 τῇ
635 1118 805 1154 γεννήματος
818 1119 898 1156 οὐσίᾳ.

106 1157 316 1192 συνεμφαίνεται
331 1160 347 1194 ἡ
365 1159 511 1195 ἀγέννητος
528 1164 695 1198 γεννήσασα,
712 1165 789 1191 οὐδὲν
801 1165 898 1201 διοίσει

109 1202 154 1229 τοῦ
173 1203 326 1239 ἀξιώματος
340 1206 387 1233 τοῦ
409 1208 523 1243 γεννᾷν¹
542 1208 556 1234 ὁ
570 1209 709 1245 γεννήτωρ
726 1210 756 1237 τὸ
768 1219 898 1248 γεγεννη-

107 1248 199 1284 μένον.
224 1250 268 1282 Ἐξ
292 1251 374 1278 αὐτοῦ
395 1253 449 1289 γὰρ
472 1253 617 1290 ἐγέννησεν
633 1256 767 1288 οὺσιωδῶς
786 1256 898 1292 Πνεῦμα

107 1294 140 1320 ὲκ
155 1294 324 1331 Πνεὺματος,
345 1297 391 1324 καὶ
406 1298 437 1324 οὺ
456 1298 535 1335 σῶμα
549 1301 582 1326 ὲκ
597 1299 731 1336 σώματος.
759 1302 804 1328 Διὸ
817 1303 900 1337 ἀσυγ-

107 1339 207 1375 api-rm;
223 1342 435 1377 συνεμφαίνετιιι
445 1344 614 1379 ωμπρέπων
624 1347 638 1372 ὀ
649 1347 788 1382 γεννήτωρ
800 1347 839 1382 τῷ
851 1356 898 1381 γε-

108 1394 187 1421 γεννη
192 1386 275 1422 μένῳ,
285 1388 331 1414 καὶ
344 1389 358 1415 ὁ
368 1391 566 1425 γεγεννημένος
577 1390 615 1426 τῷ
625 1393 811 1428 γεγεννηκότι.
830 1393 898 1421 Οῠτε

108 1431 162 1468 γὰρ
172 1432 331 1469 προσθήκης
346 1433 431 1461 δεῖται
448 1436 477 1462 τὴ
491 1435 578 1469 Θεῖον,
595 1437 637 1463 ἵνα
649 1438 714 1464 ποτὲ
725 1438 820 1475 Πατὴρ
835 1439 900 1475 κλη-

109 1478 179 1514 θείη,
205 1479 271 1506 ποτὲ
289 1479 317 1506 δὲ
337 1479 382 1507 οὗ·
416 1480 478 1508 οὔτε
502 1483 516 1509 ὁ
530 1482 594 1514 Υἱὸς
607 1483 784 1519 εὑρεθήσεται
801 1486 833 1512 ὲκ
853 1485 900 1513 eo?)

109 1523 213 1551 ἄνωθεν
223 1525 383 1560 συνδέσμου,
395 1527 460 1553 ποτὲ
472 1527 510 1564 μὴ
521 1527 569 1559 ὢν.
583 1529 645 1565 ἄρτι
658 1530 685 1556 δὲ
698 1530 746 1558 ὢν.
764 1531 810 1558 Διὸ
825 1532 902 1559 αὐτο-

109 1570 189 1597 ουσὶα
211 1571 283 1598 ἐστὶν
305 1572 320 1598 ό
337 1571 404 1604 Θεὸς
423 1573 528 1609 Πατὴρ,
552 1575 597 1601 καὶ
615 1576 629 1602 ὁ
653 1576 725 1609 Υἱὸς,
751 1578 798 1604 καὶ
823 1578 900 1612 ἅγιον

110 1616 232 1652 Πνεῦμα,
241 1618 289 1644 καὶ
303 1618 352 1654 οὐχ
368 1619 533 1656 ἑτεροουσία.
550 1621 618 1649 οὔτε
633 1623 687 1658 γάρ
701 1624 759 1649 ἐστι
773 1624 899 1652 συνάδελ-

112 1670 171 1696 (ρος,
184 1661 246 1689 οὔτε
256 1664 329 1690 ἐστὶν
341 1665 527 1701 ὲπιγεννητὸς,
537 1666 605 1694 ἀλλὰ
615 1669 819 1704 ἀνεκδιηγήτως
833 1679 864 1696 συ
868 1679 901 1706 μ-

111 1708 262 1742 πρέποντος
286 1708 333 1735 τοῦ
357 1710 451 1747 Πατὴρ
473 1711 604 1748 ὀνόματος
627 1714 762 1750 ὀμοουσίῳ
783 1715 840 1742 ὄντι
862 1714 901 1751 τῷ

113 1754 179 1790 Υἰῷ.
197 1754 241 1781 καὶ
266 1755 492 1792 συμπρέποντος¹
514 1758 552 1794 τῷ
566 1759 654 1795 Ila-cpt
682 1760 729 1786 καὶ
745 1760 811 1796 Υἱῷ,
824 1761 855 1787 τὸ
872 1761 900 1795 ἐξ

112 1799 210 1833 αὐτοῦ,
229 1802 263 1829 δι’
286 1803 385 1835 αὐτοῦ,
406 1804 453 1830 καὶ
475 1804 530 1831 τῶν
553 1806 651 1838 αὐτοῦ,
669 1805 700 1832 τὸ
719 1806 796 1840 ἅγιον
817 1807 899 1834 αὺτοῦ

112 1847 234 1884 Πνεῦμα.
250 1849 295 1876 Διὸ
308 1849 338 1876 τὺ
353 1849 498 1886 ἀπρόσιτον
511 1852 584 1878 ἐστιν
599 1853 627 1878 ὲν
649 1853 748 1888 Πατρὶ.
769 1854 815 1881 καὶ
832 1854 898 1889 Υἰῷ,

112 1894 158 1920 καὶ
176 1895 244 1931 ἁγίῳ
258 1895 407 1931 Πνεῦματι,
423 1897 491 1933 πρὸς
509 1898 627 1929 ἅπαντα,
644 1899 694 1925 ὅσα
712 1900 786 1926 ἐστὶν
803 1901 900 1928 ὑποδε-

110 1938 214 1974 ὒηκὸτα
231 1941 305 1969 ὄντα.
327 1941 372 1968 καὶ
393 1941 422 1974 ἐξ
440 1942 524 1978 αὐτῆς
545 1944 593 1978 τῆς
612 1945 725 1980 Τριάδος
745 1946 896 1975 κτισθέντα.

116 1984 148 2010 Ἦ
168 1985 196 2011 δὲ
210 1985 294 2020 Τριὰς
312 1986 380 2022 πρὸς
395 1986 494 2022 ἑαυτὴν
517 1988 566 2014 οὐκ
581 1989 736 2024 ἀπρόσιτος.
754 1992 831 2018 Ἐστι
845 1992 898 2029 γὰρ

109 2030 245 2063 ἄκτιστυς,
262 2032 308 2058 καὶ
320 2033 476 2068 ἀγέννητος.
494 2034 539 2060 καὶ
555 2035 730 2071 ἀσύγκριτος.
749 2037 796 2065 Διὸ
808 2039 839 2065 οὺ
853 2039 898 2065 δύ-

108 2084 187 2103 ναται
205 2077 281 2104 οὐδὲν
294 2078 448 2111 ἐξισοῦσθαι
469 2080 557 2116 Πατρι
570 2089 577 2096 ’
598 2082 628 2108 οὺ
647 2087 897 2119 συμπροσκυνεῖται

107 2122 184 2157 αὐτῷ
194 2131 220 2149 τι
231 2123 284 2150 τῶν
298 2124 328 2157 ἐξ
341 2125 390 2151 οὐκ
404 2126 488 2153 ὄντων
500 2127 661 2161 γεγονότων,
673 2130 720 2156 καὶ
731 2130 791 2165 οὐχὶ
803 2139 898 2166 γεγεν-

106 2169 240 2204 νημένων.
255 2170 349 2198 Οὑδενὶ
361 2172 414 2207 γὰρ
425 2172 479 2200 τῶν
492 2174 642 2208 γεγονότων
652 2173 713 2202 εῖπέ
725 2185 790 2203 ποτε
798 2186 804 2192 ·
821 2178 899 2205 Κάθ-

106 2223 142 2240 ου
157 2214 191 2241 ὲκ
205 2214 312 2247 δεξιῶν
324 2226 394 2252 μου.
427 2219 494 2246 Οὐδὲ
513 2219 562 2255 μὲν
577 2222 590 2247 ὁ
603 2221 759 2259 Μονογενὴς
773 2224 838 2260 περί
854 2233 896 2252 τι-

106 2267 151 2290 νος
165 2260 284 2295 εἴρηκεν,
305 2262 346 2288 ὅτι
375 2263 401 2289 '0
422 2263 558 2298 ἑωρακὼς
572 2265 625 2300 ἐμὲ
641 2266 752 2301 ἑώρακε
768 2269 822 2296 τὸν
835 2271 895 2297 Πα-

105 2305 176 2338 τέρα
189 2314 195 2320 ·
209 2306 265 2339 καὶ,
284 2307 354 2342 Ἐγὼ
363 2308 397 2335 ἐν
409 2308 555 2345 τῷΠατρὶ,
572 2311 621 2338 καὶ
632 2314 649 2339 ὁ
660 2313 760 2349 Πατὴρ
768 2315 803 2341 ἐν
815 2316 881 2351 ἐμοί
887 2325 894 2333 ·

105 2351 163 2383 καὶ,
189 2352 295 2387 Οὐδεὶς
313 2352 375 2382 οῖὸε
395 2355 449 2382 τὸν
465 2357 596 2391 Πατέρα,
619 2359 644 2386 ει
655 2359 699 2394 μὴ
719 2362 735 2388 o'
745 2362 810 2395 Υιὸς
821 2384 827 2395 ,
846 2363 897 2390 καὶ

104 2398 159 2424 τὸν
177 2399 251 2430 Υὶὸν,
262 2400 339 2435 εἰμὴ
360 2403 377 2428 ό
400 2402 511 2437 Πατὴρ,
528 2404 577 2431 καὶ
591 2401 615 2438 ᾦ
633 2406 687 2433 ἐὰν
700 2408 894 2445 ἀποκαλύψῃ.

110 2441 310 2471 ’Δποκαλύπτει
322 2445 349 2472 δὲ
364 2445 408 2473 διὰ
415 2447 574 2484 Πνεύματος
589 2450 677 2484 ἁγίου,
694 2452 741 2479 τοῦ
749 2453 896 2487 γινώσκον-

103 2493 159 2519 τος,
181 2488 228 2514 καὶ
250 2488 430 2525 διδάσκοντος,
452 2493 498 2519 καὶ
515 2493 732 2529 ἀπαγγέλλοντος
752 2499 782 2524 ὲν
799 2499 895 2535 κόσμῳ

101 2532 138 2559 τὰ
152 2533 228 2567 Υἱοῦ,
244 2534 407 2571 ἐρευνῶντός
428 2547 458 2565 τε
481 2540 528 2566 καὶ
547 2541 582 2567 τὰ
597 2541 666 2578 βάθη
681 2543 728 2570 τοῦ
738 2544 815 2572 Θεοῦ.

100 2578 182 2605 τοῦτο
202 2580 255 2616 γάρ
277 2589 359 2616 φησιν
372 2591 379 2598 ·
402 2583 429 2610 '0
445 2584 489 2619 μὴ
512 2586 604 2622 τιμῶν
617 2588 670 2615 τὸν
696 2589 775 2623 Υἱὸν,
796 2591 895 2626 καθὼς

100 2624 171 2659 τιμᾷ
186 2625 240 2652 τὸν
250 2628 365 2662 Πατέρα
375 2649 382 2661 ,
402 2631 422 2665 ἡ
438 2631 511 2666 ὀργὴ
529 2633 582 2660 τοῦ
595 2635 668 2662 Θεοῦ
679 2635 763 2670 μένει
776 2637 824 2664 ἐπ’
836 2624 892 2666 ab;

100 2672 165 2697 τόν.
188 2672 298 2700 Καὶοὺκ
308 2672 401 2702 εἶπεν·
421 2676 451 2704 ’0
469 2678 506 2714 μὴ
520 2679 609 2714 τιμῶν
623 2681 811 2716 ἀγγέλους,ὠς
823 2686 891 2720 τιμᾷ

99 2715 145 2742 τὸν
158 2717 268 2754 Πατέρα
282 2728 288 2735 ’
309 2721 369 2748 οὐδὲ
385 2722 466 2750 πάλιν
477 2722 552 2751 εἶπεν
566 2734 573 2741 ·
593 2724 622 2753 '0
638 2727 675 2763 μὴ
697 2729 743 2755 καὶ
763 2729 809 2756 τὸν
826 2715 891 2757 Tibi;

99 2763 201 2798 τιμῶν
215 2765 284 2793 ἀλλὰ
300 2767 363 2794 Υἰὸν
376 2768 413 2801 ὼς
425 2769 470 2797 τὸν
483 2771 594 2806 Πατέρα
603 2781 610 2787 ·
628 2773 770 2808 ὡσαύτως,
783 2775 824 2802 ὅτι
839 2776 890 2804 οὐκ

131 2849 138 2865 ¹
154 2848 218 2885 ιδεε-
234 2851 272 2887 τῷ
291 2854 397 2904 γεννξῑν.
449 2855 460 2870 ¹
472 2854 537 2890 Reg.
553 2860 769 2894 συμπρεπόντως
785 2861 870 2894 ὄντος,

100 2884 111 2900 θ
129 2883 193 2904 lnun
225 2895 268 2904 νιν
292 2891 308 2904 u
378 2890 431 2904 ΗΑΛ
479 2891 490 2904 ι
509 2891 589 2904 ιΙηιιι,
619 2902 643 2904 ..ν
674 2895 708 2904 an
770 2897 780 2904 .
797 2897 803 2904 ι
824 2899 841 2904 ,ι

124 2883 205 2913 Ιουιιῖ
224 2883 278 2920 xuii,
292 2883 317 2915 9.
354 2883 441 2917 iibid.
479 2891 490 2906 ⁸
507 2883 719 2923 iiauiﬁi.‘

956 287 1036 316 plura
1062 284 1151 312 omnis
1175 292 1272 318 sacra,
1298 290 1324 313 et
1347 287 1482 317 catholica
1508 290 1574 318 ﬁdes
1595 291 1748 320 clarissima

956 327 1035 355 nobis
1057 333 1116 363 est;
1144 337 1234 366 neque
1253 331 1403 367 quidquam
1430 335 1500 363 inest
1523 337 1675 372 obliquum,
1702 344 1748 367 aut

957 375 1137 409 contrarium,
1154 381 1201 404 aut
1216 377 1334 412 denique
1350 383 1514 409 tortuosum.

1119 431 1202 468 976
1223 433 1314 461 AETII
1332 435 1447 464 CAPUT
1461 437 1557 466 XXIX.

990 474 1019 502 Si
1034 476 1148 512 ingeniti
1176 480 1342 514 substantia,
1360 485 1490 517 tanquam
1515 492 1609 518 causa,
1626 486 1746 522 ingenita

954 521 1111 556 hypostasis
1127 524 1294 558 declaratur,
1309 536 1369 562 qum
1385 537 1440 563 pra:
1453 531 1526 557 omni
1542 521 1689 560 causarum
1700 543 1746 568 ge-

954 575 1018 599 nere
1041 568 1264 599 immulahilitate
1288 572 1325 600 sit
1351 574 1473 608 praedita,
1494 576 1589 603 eadem
1613 585 1662 612 per
1685 586 1747 606 sese

952 613 1109 641 substantia
1122 615 1344 650 ineomparahilis
1356 622 1409 652 est,
1423 628 1476 647 non
1489 622 1562 648 velut
1573 623 1746 652 extrinsecus

951 659 1066 686 ascitam
1087 661 1248 695 qualitatem
1263 663 1336 690 illam
1353 673 1408 700 pm
1422 674 1452 693 se
1466 666 1567 698 ferens,
1587 669 1651 696 nihil
1667 674 1696 697 ut
1712 673 1745 699 ad

951 705 1037 740 ipsam
1053 707 1142 741 possit
1156 709 1306 743 accedere;
1330 712 1379 739 sed
1400 712 1427 739 id
1443 721 1475 740 ex
1500 722 1561 742 sese
1575 716 1688 749 habens,
1707 719 1745 746 uti

950 751 1018 778 nihil
1033 760 1094 779 cum
1113 754 1171 788 ipsa
1190 754 1320 789 conferri,
1339 762 1386 784 aut
1407 758 1441 786 ad
1459 763 1518 786 eam
1534 761 1666 791 accedere
1680 772 1745 799 pos-

950 799 996 827 sit.
1019 798 1096 828 Unde
1111 804 1137 828 et
1152 809 1200 837 per
1214 807 1302 830 semet
1315 807 1357 831 est
1374 805 1506 840 ingenita.

1207 858 1364 894 Confutah'a
1379 861 1488 890 XXIX.

987 903 1059 931 idem
1074 911 1170 932 saxum
1188 912 1318 941 perpetuo
1333 910 1419 937 volvit
1433 911 1539 942 Aetius,
1555 917 1584 939 ut
1601 920 1615 940 a
1635 922 1678 941 me
1693 923 1743 942 sa:-

948 947 1010 982 pius
1024 952 1066 976 est
1077 948 1193 983 dictum,
1207 959 1295 986 neque
1306 953 1456 988 quidquam
1470 956 1543 983 aliud
1554 958 1606 985 nisi
1623 959 1742 986 laborem

948 992 1030 1020 nobis
1055 993 1132 1021 aﬂ‘ert
1157 1003 1189 1023 ac
1213 997 1334 1025 taedium.
1375 999 1558 1033 Quamobrem
1587 1005 1668 1032 diam
1693 1006 1744 1033 hoc

950 1037 1010 1064 loco
1033 1045 1135 1066 novum
1152 1041 1298 1075 quemdam
1318 1043 1440 1072 laborem
1466 1046 1586 1082 adjicere
1608 1050 1742 1084 cogimur.

948 1083 1098 1119 eademque
1111 1091 1253 1122 repetere:
1273 1090 1497 1126 quandoquidem
1515 1094 1553 1121 ita
1571 1094 1608 1122 illi
1625 1083 1742 1124 videtur.

949 1127 1032 1163 Igitur
1055 1129 1118 1158 licet
1132 1131 1244 1166 ingeniti
1269 1134 1424 1162 substantia
1441 1136 1580 1171 ingenita,‘
1591 1139 1664 1167 unde
1678 1148 1743 1174 pro-

948 1173 1031 1200 ducta
1052 1179 1104 1206 est.
1128 1179 1226 1204 natura
1245 1177 1426 1213 signiﬁcetur,
1445 1181 1513 1208 nihil
1531 1185 1622 1210 tamen
1640 1173 1743 1213 idcirco

949 1219 1091 1254 dignitatis
1102 1221 1315 1258 intererit,quod
1326 1226 1433 1260 genitor
1445 1227 1566 1261 genitum
1578 1230 1742 1264 produxisse

949 1265 1067 1294 dicatur.
1096 1267 1203 1303 Quippe
1226 1277 1242 1296 e
1263 1278 1293 1298 se
1311 1270 1370 1305 ipso
1392 1273 1542 1300 secundum
1559 1276 1741 1304 substantiam

949 1310 1081 1346 Spiritum
1106 1321 1122 1340 e
1144 1313 1248 1349 Spiritu
1271 1317 1374 1351 genuit,
1401 1325 1454 1345 non
1471 1326 1600 1355 corpuse
1615 1329 1742 1358 corpore.

949 1356 1027 1385 Unde
1043 1358 1103 1386 sine
1128 1359 1184 1386 ulla
1198 1363 1403 1396 comparatione
1424 1365 1531 1399 genitor
1549 1366 1575 1393 in
1593 1356 1675 1402 geniti
1696 1377 1743 1396 no-

949 1403 1034 1436 tione,
1061 1409 1088 1432 et
1107 1407 1215 1441 genitus
1232 1408 1259 1434 in
1275 1415 1422 1443 generante
1440 1417 1624 1447 congruenter
1640 1415 1743 1443 intelli~

950 1449 1032 1484 gitur.
1047 1450 1140 1486 Neque
1154 1453 1226 1480 enim
1251 1455 1411 1483 accessione
1430 1457 1484 1484 ulla
1503 1458 1626 1487 divinum
1641 1469 1741 1489 numen

949 1502 1019 1530 opus
1041 1496 1135 1531 habet,
1157 1503 1188 1526 ut
1209 1498 1291 1527 Pater
1312 1501 1381 1529 alias
1396 1506 1520 1535 vocetur,
1547 1505 1615 1533 alias
1631 1507 1744 1536 minime

950 1546 1076 1576 vocetur;
1100 1551 1188 1578 neque
1210 1543 1295 1573 Filius
1311 1553 1344 1573 ex
1362 1549 1528 1582 sempiterna
1545 1551 1743 1586 conjunctione

952 1587 1116 1622 quandoque
1133 1596 1205 1620 esse,
1229 1590 1395 1627 quandoque
1417 1601 1470 1621 twn
1493 1602 1555 1622 esse
1580 1598 1742 1631 reperietur.

952 1631 1042 1664 Quare
1058 1633 1152 1661 eadem
1169 1643 1218 1670 per
1234 1644 1263 1664 se
1284 1637 1437 1667 substantia
1459 1640 1530 1668 Deus
1543 1646 1585 1670 est
1611 1643 1700 1677 Pater,
1715 1651 1743 1674 et
1795 1654 1798 1656 '

951 1676 1047 1709 Filius,
1055 1683 1081 1706 ct
1089 1680 1207 1715 Spiritus
1215 1687 1338 1716 sanctus,
1348 1693 1402 1711 non
1411 1685 1530 1714 diversa.
1540 1687 1598 1715 Non
1608 1691 1679 1717 enim
1689 1676 1741 1720 rel-

951 1728 980 1749 ut
994 1724 1078 1751 frater
1086 1726 1197 1760 quidam
1209 1733 1250 1755 est
1258 1728 1346 1757 Patris
1356 1729 1452 1763 Filius,
1462 1737 1508 1759 aut
1519 1735 1670 1767 posteriore
1682 1737 1741 1766 loco

951 1770 1057 1803 genitus
1071 1780 1078 1804 ;
1097 1773 1143 1799 sed
1159 1773 1341 1809 inexplicabili
1356 1778 1472 1812 quadam
1491 1781 1597 1808 ratione
1611 1782 1650 1814 iit.
1668 1787 1696 1810 ut
1714 1790 1742 1811 et

950 1814 1040 1843 Patris
1069 1818 1215 1852 appellatio
1244 1827 1305 1847 cum
1327 1821 1396 1849 Filio
1422 1826 1652 1855 consubstantiali
1676 1838 1742 1856 con-

950 1864 1049 1894 gruat;
1069 1866 1097 1888 et
1113 1869 1174 1890 cum
1191 1863 1281 1898 Patre,
1307 1871 1334 1894 et
1346 1867 1427 1900 Filio,
1445 1870 1491 1904 qui
1515 1879 1548 1898 ex
1566 1872 1636 1906 ipso,
1652 1878 1678 1900 et
1692 1883 1742 1910 per

950 1905 1050 1940 ipsum,
1068 1911 1096 1934 et
1103 1916 1137 1935 ex
1151 1909 1237 1943 ipsius
1252 1912 1370 1947 propriis
1384 1914 1483 1948 oritur,
1494 1905 1615 1951 Spiritus
1628 1905 1740 1948 saueius

949 1953 1104 1979 conveniat.
1127 1954 1192 1982 Inde
1207 1956 1236 1983 ﬁt
1248 1963 1275 1984 ut
1288 1957 1379 1991 Pater,
1394 1959 1480 1989 Filius
1504 1968 1531 1990 et
1544 1963 1663 1999 Spiritus
1677 1974 1741 1994 san-

949 2002 1010 2025 ctus
1027 1999 1186 2028 inaccessos
1205 2001 1322 2035 dicatur,
1341 2004 1393 2032 hoc
1409 2010 1452 2034 est
1476 2008 1544 2036 nihil
1567 2018 1661 2038 eorum
1679 2021 1741 2048 qua:

949 2043 1089 2073 inferioris
1106 2046 1208 2081 gradus
1226 2054 1300 2081 sunt,
1318 2055 1345 2078 et
1361 2052 1395 2079 ab
1411 2053 1470 2087 ipsa
1487 2054 1623 2084 Trinitate
1636 2064 1738 2093 creata,

948 2089 981 2116 ad
991 2097 1050 2117 eam
1062 2092 1148 2126 possit
1157 2095 1320 2130 pertingere.
1333 2096 1453 2126 Trinitas
1465 2108 1547 2134 porro
1556 2102 1614 2137 ipsa
1626 2104 1676 2131 sibi
1687 2089 1738 2140 ipsi

947 2143 1121 2171 nequaquam
1138 2144 1180 2166 est
1197 2140 1347 2170 inaccessa.
1376 2144 1424 2171 Est
1446 2147 1517 2173 enim
1534 2148 1666 2182 increata,
1683 2159 1737 2180 non

947 2181 1031 2214 facta,
1047 2187 1075 2210 et
1091 2184 1322 2220 incomparabilis.
1350 2189 1422 2225 Ergo
1435 2192 1503 2219 nihil
1518 2193 1656 2229 adtequari
1674 2204 1737 2224 cum

948 2227 1027 2255 l’atre
1049 2234 1156 2264 potest;
1187 2240 1276 2268 neque
1300 2242 1361 2262 cum
1385 2237 1444 2272 ipso
1467 2227 1616 2274 quidquam
1643 2250 1737 2270 earum

911 2281 933 2308 ι)
948 2280 1039 2299 rerum
1056 2276 1240 2304 communiter
1253 2279 1394 2314 adorator,
1407 2289 1468 2316 qua!
1487 2291 1520 2310 ex
1545 2285 1631 2313 nihilo
1647 2286 1735 2321 factae,

949 2318 1061 2347 minime
1075 2328 1140 2348 vero
1155 2323 1254 2357 genitae
1267 2330 1341 2353 sunt.
1366 2326 1438 2355 Nulli
1460 2330 1561 2365 quippe
1581 2337 1736 2361 ercatarum

947 2371 1041 2392 rerum
1056 2366 1125 2394 dixit
1141 2376 1278 2404 unquam:
1303 2372 1385 2407 977
1399 2373 1465 2402 Sede
1482 2384 1498 2402 a
1513 2376 1628 2405 dexteris
1638 2379 1701 2407 meis
1712 2379 1735 2407 '.

949 2411 1001 2439 Sed
1020 2420 1070 2439 nec
1086 2414 1184 2442 unicus
1199 2414 1245 2442 Dei
1262 2416 1347 2445 Filius
1361 2419 1395 2446 de
1410 2429 1548 2456 quoquam
1564 2424 1638 2452 istud
1656 2434 1736 2454 usur-

946 2457 1019 2492 pavit
1034 2457 1181 2492 aliquando
1192 2469 1198 2486 :
1211 2461 1263 2494 Qui
1276 2462 1341 2490 ridet
1356 2472 1406 2495 me,
1419 2466 1486 2493 videt
1501 2473 1530 2494 eL
1540 2467 1646 2496 Putrem
1656 2471 1676 2503 ⁶;
1691 2476 1733 2500 ct:

946 2502 1002 2537 ligo
1020 2503 1046 2530 in
1060 2503 1151 2537 Patre,
1165 2512 1188 2533 et
1208 2506 1288 2534 Pater
1299 2509 1325 2536 in
1339 2518 1379 2537 me
1389 2517 1427 2538 est
1438 2513 1463 2545 ⁷;
1485 2513 1549 2541 item
1561 2524 1567 2542 :
1584 2515 1670 2545 Nemo
1684 2527 1734 2545 no-

944 2548 979 2573 vit
995 2547 1113 2582 Putrem,
1127 2551 1179 2578 nisi
1195 2551 1333 2586 Filius;et
1341 2554 1454 2591 Filium,
1471 2559 1524 2585 nisi
1541 2559 1632 2593 Pater,
1651 2568 1675 2589 et
1692 2565 1735 2590 cui

944 2594 1126 2624 revelaverit'.
1152 2597 1204 2625 Per
1228 2600 1360 2634 Spiritum
1383 2610 1449 2631 vero
1469 2611 1595 2633 sanetum
1621 2609 1733 2640 revelat,

943 2640 989 2674 qui
1005 2648 1065 2675 quae
1082 2642 1115 2669 ad
1138 2642 1237 2671 Filium
1262 2646 1400 2680 pertinent
1421 2652 1572 2685 cognoscit,
1587 2653 1685 2680 edocet
1706 2659 1734 2681 et

942 2686 968 2712 in
988 2687 1118 2715 mundum
1132 2690 1276 2724 praedicat;
1288 2691 1346 2719 imo
1354 2700 1418 2721 vero
1428 2693 1473 2722 Dei
1485 2697 1591 2729 alta,ae
1599 2698 1732 2733 profunda

941 2737 1076 2759 scrutatur
1090 2734 1111 2760 '.
1126 2732 1274 2768 Propterea
1287 2744 1396 2772 quoque
1410 2739 1479 2767 dixit
1491 2750 1498 2768 :
1518 2742 1571 2774 Qui
1584 2732 1636 2769 non
1650 2743 1731 2772 hono-

940 2783 984 2805 rat
1001 2777 1113 2813 Filium,
1130 2781 1198 2807 sicut
1214 2783 1324 2810 honorat
1343 2784 1463 2819 Patrem,
1483 2787 1525 2814 ira
1540 2788 1589 2815 Dei
1603 2796 1691 2818 manet
1703 2792 1730 2819 in

785 2863 870 2894 ὄντος.

770 2897 780 2912 '
795 2897 804 2924 Ι
821 2899 882 2926 Cor.

950 2863 1019 2927 illam.
1035 2873 1080 2899 xv,
1097 2867 1141 2894 23.
1180 2868 1191 2884 ⁸
1204 2868 1283 2898 Joan.
1298 2880 1353 2905 xw,
1371 2873 1412 2907 Η,
1432 2874 1471 2901 15.
1512 2877 1521 2892 ³
1537 2875 1610 2906 Psal.
1630 2886 1685 2913 unt,
1702 2882 1728 2911 l.

831 2915 868 2925 Αυι
877 2919 882 2926 ι
903 2915 932 2933 Il,
952 2915 992 2928 ιυ.
