1945 3043
216 173 269 199 615

929 173 957 200 S.
979 173 1151 201 EPIPllANll

1798 175 1853 203 615

215 232 271 264 ipso
284 232 303 257 '.
329 229 387 258 Non
404 230 489 257 dixit:
516 230 567 263 Qui
584 237 639 258 non
660 230 778 258 honorat
795 232 917 267 angelos,
934 233 998 260 sicut

1057 234 1224 269 ἀφεθήσεται
1240 233 1279 268 τῷ
1299 234 1338 265 εἰς
1365 233 1395 260 τὸ
1412 233 1523 269 Πνεῦμα
1547 233 1766 270 βλασφημοῦντι,
1788 235 1852 262 οὔτε

215 277 331 304 honorat
344 277 468 310 Patrem;
495 284 545 304 nec
559 277 595 303 ita
610 278 735 305 concedit
763 287 769 305 :
786 278 836 310 Qui
853 286 905 305 non
915 279 1002 306 etiam

213 322 313 350 Filium
331 323 467 355 honorat;
493 322 541 350 sed
554 322 652 350 Filium
672 323 751 353 dixit,
776 324 888 359 perinde
902 333 933 352 ac
952 325 1004 352 Pa-

213 375 291 395 trcm.
318 368 447 395 Similiter
469 368 504 399 ei,
529 369 576 404 qui
605 368 633 395 in
649 368 782 404 Spiritum
807 369 1003 404 blasphemiam

1057 277 1118 312 ὦδε,
1138 279 1199 306 οὔτε
1216 280 1245 306 ὲν
1266 279 1302 315 τῷ
1324 280 1446 315 μέλλοντι
1466 280 1560 307 αἰῶνι·
1586 281 1630 307 ἵνα
1659 281 1779 317 σημαίνῃ
1801 281 1852 316 τῆς

1057 325 1172 360 Τριάδος
1195 326 1227 352 τὺ
1243 326 1390 362 ἀπρόσιτον
1404 326 1451 352 καὶ
1468 326 1633 362 ἀσύγκριτον
1649 327 1678 353 ὲν
1692 328 1791 363 Πατρὶ,
1804 328 1852 354 καὶ

1058 371 1125 406 Υἱῷ,
1144 373 1191 398 καὶ
1204 373 1276 408 ἁγίῳ
1291 372 1438 407 Πνεύματι.

213 414 324 444 dixerit,
340 421 393 440 non
412 413 557 441 remissum
584 414 618 441 iri
634 414 725 446 docet,
744 423 833 449 neque
847 416 903 446 hic,
919 423 1007 450 neque
1027 417 1054 444 in
1072 419 1164 445 l'uturo
1176 418 1308 445 saeculo'.
1325 417 1359 445 Ut
1372 418 1498 445 videlicet
1512 418 1673 445 Trinitatem
1703 419 1729 446 in
1758 418 1850 454 Patre,

213 458 281 487 Filio
311 464 338 487 et
359 458 463 495 Spiritu
479 464 576 487 sancto
586 468 647 488 esse
662 461 758 488 doceat
773 462 940 496 hujusmodi,
958 466 988 490 ut
1003 463 1037 490 ad
1053 464 1128 491 illam
1142 465 1208 492 nihil
1226 465 1366 496 accedere,
1381 465 1570 499 compararive
1586 465 1683 500 possit.

440 516 532 544 AETII
551 517 665 545 CAPUT
686 518 771 546 XXX.

248 562 277 590 Si
302 563 476 598 omnipotens
502 563 574 590 Deus
599 568 726 590 naturam
750 571 858 592 onmem
879 565 1001 597 excellit,

212 617 245 636 eo
261 609 321 644 ipso
335 610 406 643 quod
426 609 565 644 ingenitus
580 613 622 636 est
639 609 759 636 excellit.
769 604 1004 645 Quae’proprietas

213 663 296 682 causa
319 659 362 681 est
385 654 485 689 genitis
510 654 639 681 omnibus
667 654 845 681 stabilitatem
872 658 1005 682 constan—

213 701 333 735 tiamque
346 699 482 727 tribuens.
494 698 542 726 Sin
556 704 645 727 autem
658 700 808 735 ingenitum
822 700 1004 728 substantiam

213 753 266 772 non
284 746 424 780 exprimit,
440 753 455 772 a
476 753 530 780 quo
546 746 654 774 tandem
671 747 826 782 genitarum
847 754 937 775 rerum
953 754 1005 774 na-

213 796 273 818 tura
292 792 412 825 seipsam
433 795 462 818 ut
481 796 627 819 conservet
642 792 758 827 accipit?

473 846 628 882 Confutotio
648 848 741 875 XXX.

1251 522 1450 549 ΚΕΦΑΛΑῙΟΝ
1468 523 1596 550 ΑΕΤΙΟΥ
1615 524 1654 550 Λ’.

1091 567 1123 593 Εἰ
1140 567 1274 603 ὑπεράγει
1294 567 1385 602 πάσης
1405 567 1512 601 φύσεως
1529 568 1543 594 ὀ
1566 568 1779 604 παντοκράτωρ.
1806 568 1850 597 διὰ

1057 612 1088 639 τὸ
1101 613 1247 649 ἀγέννητον
1260 613 1403 649 ὑπεράγει,
1416 614 1483 649 ὅπερ
1497 613 1570 639 ἐστὶν
1583 613 1669 640 αἴτιον
1683 615 1739 646 τοῖς
1752 623 1850 650 γεννη-

1057 659 1113 690 τοῖς
1131 658 1270 694 διαμονῆς.
1295 658 1366 685 Ειδὲ
1385 658 1422 694 μή
1443 659 1516 685 ἐστιν
1535 659 1628 690 οὐσίας
1651 659 1800 695 δηλωτικὸν
1820 661 1850 687 τὸ

1057 704 1215 739 ἀγέννητον,
1231 704 1312 731 πόθεν
1327 704 1360 732 ἂν
1378 705 1395 740 ὴ
1412 704 1467 731 τῶν
1484 705 1619 740 γεννητῶν
1640 706 1720 740 φύσις
1745 706 1803 739 ἕξει
1819 707 1849 734 τὸ

1057 748 1236 781 διασώζεσθαι
1245 757 1252 782 ;

1340 846 1500 881 Ἀνατροπὴ
1523 849 1564 875 Λ’.

247 892 315 920 lllud
332 893 445 920 omnino
467 894 613 921 dicendum
629 902 662 921 ac
677 894 818 922 fatendum
841 899 894 928 est,
911 895 998 931 itaque

1089 891 1192 927 Πρέπει
1213 891 1303 926 λέγειν
1320 892 1367 919 καὶ
1382 893 1532 928 ὁμολογεῖν,
1549 893 1596 920 καὶ
1608 893 1695 926 οὕτως
1707 894 1846 930 κατέχειν,

213 938 382 966 tenendum:
409 939 625 974 omnipotentem
646 939 731 967 Deum
750 944 876 968 naturam
894 949 1002 970 omnem

211 985 363 1017 excellere,
391 992 407 1012 a
434 993 490 1020 quo
515 985 675 1020 unigenitus
692 986 781 1020 Deus,
807 994 840 1014 ac
865 986 1002 1020 Verbum,

210 1031 327 1066 ejusque
344 1030 463 1066 Spiritus
477 1036 590 1059 sanctus
616 1031 746 1060 ineﬂ'abili
760 1032 878 1068 quadam
897 1033 1003 1061 ratione

211 1076 356 1111 processit.
373 1076 459 1109 Quam
476 1076 511 1104 ob
528 1084 640 1105 causam
659 1081 739 1105 caute
756 1085 788 1105 ac
803 1078 1004 1113 circumspecte

210 1126 343 1151 creaturae
377 1122 499 1150 divinum
522 1123 654 1150 honorem
677 1131 731 1151 non
758 1125 939 1157 ascribimus,
968 1132 1004 1152 ne

211 1168 365 1196 stultissimi
382 1168 539 1201 reddamur,
557 1168 604 1196 sed
617 1168 778 1197 Trinitatem
800 1178 860 1205 qua°
875 1175 1001 1198 naturam

209 1221 317 1241 ouiucin
339 1219 468 1248 superat,
487 1214 678 1248 praedicamus,
706 1215 806 1243 Filium
825 1223 888 1243 cum
910 1215 1001 1250 Patre,

210 1264 238 1287 et
254 1260 341 1294 ipsius
360 1264 487 1287 sanctum
503 1259 646 1294 Spiritum,
658 1269 690 1288 eo
706 1263 777 1296 quod
793 1270 808 1288 a
823 1262 898 1289 nullo
913 1261 1002 1292 factus

211 1309 258 1330 aut
277 1308 387 1330 creatus
399 1305 445 1331 sit.
461 1303 566 1330 Etenim
578 1311 749 1339 nequaquam
766 1305 881 1333 diversae
896 1309 1002 1333 natura:

211 1349 372 1384 Unigenitus
393 1353 445 1379 est,
466 1353 513 1376 aut
531 1353 644 1376 sanctus
662 1349 792 1384 Spiritus,
815 1351 861 1378 sed
879 1350 950 1378 Deus
967 1359 1001 1377 ex

210 1395 277 1427 Deo,
295 1396 385 1422 lumen
399 1395 432 1422 de
448 1395 561 1423 lumine.
572 1395 728 1428 Quinetiam
745 1403 808 1423 cum
821 1397 999 1431 omnipotenti

210 1441 292 1468 Patre
316 1441 474 1476 unigenitus
501 1441 560 1476 ipse
581 1441 739 1468 nominatur
759 1442 951 1476 omnipotens,
970 1447 1000 1470 ut

210 1485 313 1513 diserte
335 1485 478 1520 Scriptura
502 1493 580 1513 sacra
597 1486 728 1514 declarat.
748 1485 911 1522 Unigenitus
926 1487 999 1514 enim

210 1533 279 1560 nihil
293 1539 309 1559 a
322 1531 413 1560 Patris
427 1532 570 1567 majestate
582 1531 732 1567 discrepat,
745 1533 792 1559 sed
806 1533 919 1560 omnino
934 1540 999 1560 con~

211 1578 294 1614 gruit.
312 1577 390 1610 Quod
402 1578 541 1612 expressis
553 1577 644 1605 verbis
655 1581 772 1604 testatur
780 1577 940 1612 Apostolus,
954 1579 1001 1613 qui

212 1624 314 1660 Spiritu
326 1627 422 1651 sancto
430 1623 537 1651 aillalus
545 1623 579 1651 de
588 1623 719 1651 lsraelitis
731 1624 767 1650 ita
778 1623 899 1659 loquitur
909 1633 916 1652 :
930 1624 1002 1657 Quo-

210 1678 279 1701 rum,
297 1670 395 1704 inquit,
411 1669 496 1704 978
510 1669 607 1701 cultus,
622 1673 646 1696 et
663 1673 830 1701 testamenta,
853 1674 877 1696 et
891 1675 1000 1704 putres:

209 1723 241 1743 ea;
255 1715 349 1751 quibus
366 1713 489 1742 Christus
502 1714 644 1742 secundum
664 1722 782 1746 cantem,
796 1715 842 1749 qui
861 1720 901 1742 est
923 1723 1002 1750 super

210 1762 299 1788 omnia
311 1761 382 1788 Deus
399 1760 548 1788 benedictus
566 1761 594 1787 in
609 1760 719 1787 sarcula.
738 1760 823 1787 Amen
835 1760 857 1788 ³.
870 1759 910 1788 0b
928 1760 955 1788 id
974 1764 1001 1788 et

209 1808 367 1835 adorandus
383 1807 481 1835 unicus
494 1806 541 1834 Dei
568 1806 655 1834 Filius
669 1812 721 1839 εει,
741 1810 769 1833 et
786 1807 857 1834 idem
874 1806 956 1839 Deus,
974 1812 1001 1834 et

207 1852 317 1880 divinus
346 1851 466 1886 Spiritus
489 1855 548 1883 est,
583 1855 698 1878 sanctus
728 1850 864 1885 Spiritus,
887 1855 915 1879 et
938 1855 1000 1886 post

154 1915 158 1922 .
208 1902 416 1926 sacrosanctam
438 1896 600 1924 Trinitatem
628 1897 719 1924 nullus
750 1896 821 1924 alius
853 1896 926 1924 Deus
947 1902 998 1925 est.

208 1942 293 1977 Igitur
309 1941 484 1975 omnipotens
512 1939 613 1973 Pater,
631 1945 658 1968 et
681 1942 781 1968 unicus
804 1941 890 1976 ipsius
913 1940 999 1969 Filius

207 1989 330 2020 paternae
345 1984 471 2019 dignitati
490 1992 657 2020 congruens,
672 1985 720 2021 qui
736 1984 821 2012 futuri
836 1985 930 2012 saaculi
946 1984 998 2012 Pa-

207 2036 250 2058 ter
267 2030 419 2065 appellatur
434 2030 453 2062 κ,
469 2029 570 2065 quique
591 2038 652 2058 cum
669 2035 765 2058 sancto
789 2030 894 2066 Spiritu
915 2032 993 2058 nulla

208 2076 409 2104 interveniente
425 2077 567 2104 creatione
582 2077 722 2108 convenit,
735 2075 856 2105 Trinitas
868 2081 910 2104 est
923 2082 1000 2112 pale-

207 2122 279 2150 facta
291 2121 431 2155 omnibus,
443 2125 471 2149 et
486 2122 606 2158 cognita,
620 2130 635 2149 ιι
650 2130 704 2158 qua
718 2126 818 2150 creatae
831 2131 875 2150 res
890 2130 996 2155 omnes,

207 2172 337 2203 tanquam
352 2176 368 2195 a
392 2175 492 2200 causa.
517 2167 646 2203 profecta:
668 2173 751 2202 sunt,
768 2169 805 2196 ita
827 2169 950 2204 quidem,
966 2173 997 2196 ut

1052 936 1093 963 ὅτι
1109 937 1199 972 πάσης
1209 936 1315 972 φύσεως
1329 937 1455 973 ὑπερέχει
1470 939 1483 964 6
1495 939 1706 976 Παντοκράτωρ,
1719 940 1749 973 ἐξ
1761 939 1846 976 οὗπερ

1053 983 1118 1018 ἡμῖν
1129 984 1143 1009 6
1154 984 1310 1020 Μονογενὴς
1325 984 1529 1020 ἀνεκδιηγήτως
1543 985 1676 1021 προῆλθεν
1690 987 1704 1012 6
1717 986 1786 1018 Θεὸς
1797 986 1847 1013 At?

1052 1038 1109 1064 γος,
1126 1031 1171 1056 καὶ
1186 1030 1215 1056 τὸ
1227 1030 1304 1064 ἆγιον
1319 1030 1400 1057 αὑτοῦ
1411 1031 1531 1066 Πνεῦμα.
1545 1032 1600 1058 Καὶ
1615 1031 1658 1058 διὰ
1668 1031 1747 1058 τοῦτο
1759 1033 1846 1066 ἀστρα-

1052 1075 1105 1108 λῶς
1126 1076 1155 1102 οὺ
1179 1076 1266 1103 κτίσιν
1290 1075 1487 1111 θεολογοῦμεν,
1510 1077 1553 1103 ἴνα
1577 1077 1614 1112 μὴ
1639 1077 1844 1113 μωρανϐὦμεν·

1052 1122 1101 1156 τὴν
1120 1122 1148 1148 δὲ
1164 1121 1382 1157 ὑπερϐαίνουσαν
1398 1123 1489 1149 πᾶσαν
1509 1123 1589 1157 φύσιν
1611 1123 1715 1158 Τριάδα
1737 1123 1845 1156 δοξολο-

1052 1167 1164 1203 γοῦμεν,
1174 1167 1237 1194 Υῑὺν
1250 1168 1298 1194 σὺν
1312 1168 1408 1203 Πατρὶ,
1419 1168 1466 1195 καὶ
1478 1168 1509 1195 τὸ
1523 1168 1599 1202 ἅγιον
1612 1168 1694 1195 αὑτοῦ
1712 1168 1827 1204 Πνεῦμα
1837 1177 1844 1183 ·

1051 1213 1117 1240 διότι
1131 1214 1277 1249 ἀγέννητον
1294 1215 1342 1241 καὶ
1357 1213 1495 1240 ἃκτιστον.
1518 1214 1628 1249 Ἐπειδὴ
1641 1214 1695 1250 γὰρ
1711 1214 1775 1241 οὔτε
1799 1215 1845 1242 ἄλ-

1051 1259 1100 1294 λης
1114 1260 1222 1294 φύσεως
1232 1260 1246 1286 6
1262 1259 1428 1295 Μονογενὴς,
1445 1260 1492 1287 καὶ
1505 1260 1536 1286 τὸ
1551 1260 1627 1294 ἅγιον
1640 1260 1764 1295 Πνεῦμα,
1777 1261 1844 1288 ἀλλὰ

1051 1306 1116 1338 Θεὸς
1132 1307 1163 1332 ἐκ
1176 1306 1255 1340 Θεοῦ,
1272 1307 1319 1333 καὶ
1337 1306 1394 1341 φῶς
1409 1307 1441 1333 ὲκ
1455 1306 1553 1340 φωτὸς.
1569 1307 1617 1333 σὺν
1633 1305 1671 1341 τῷ
1687 1307 1843 1342 παντοκρά-

1050 1358 1109 1385 τορι
1136 1350 1225 1386 Πατρὶ
1249 1351 1296 1377 καὶ
1318 1351 1399 1382 αὐτὸς
1422 1351 1437 1377 ὁ
1463 1351 1617 1387 Μονογενὴς
1644 1352 1843 1387 παντοκράτωρ

1050 1395 1168 1428 ἀκούσας
1181 1417 1188 1428 ,
1203 1397 1239 1429 ὡς
1256 1397 1302 1424 καὶ
1319 1397 1412 1432 σαφῶς
1424 1397 1480 1432 ἔχει
1495 1398 1512 1432 ἠ
1526 1397 1585 1424 Oeta
1606 1398 1713 1433 Γραφή.
1729 1399 1769 1424 υὺ
1791 1399 1843 1434 γὰρ

1050 1441 1155 1474 ἀλλοῖός
1172 1443 1230 1469 ἐστι
1246 1442 1321 1478 παρὰ
1336 1444 1367 1469 τὸ
1380 1442 1427 1470 τοῦ
1442 1443 1548 1479 Πατρὸς
1569 1442 1677 1478 ἀξίωμα
1691 1444 1704 1469 6
1721 1444 1843 1478 Μονογε‹

1050 1487 1109 1522 νὴς,
1133 1487 1302 1523 συμπρέπων
1324 1488 1353 1515 δὲ
1380 1488 1418 1524 τῷ
1439 1488 1484 1515 τοῦ
1510 1488 1616 1524 Πατρὸς
1631 1488 1785 1524 ἁξίωματι·
1806 1489 1842 1520 ὡς

1029 1556 1035 1566 ,
1051 1532 1199 1569 διαρρήδην
1215 1535 1346 1569 μαρτυρεῖ
1359 1542 1405 1569 μοι
1419 1535 1433 1561 6
1448 1533 1525 1568 ἅγιος
1542 1534 1702 1566 Ἀπόστολος
1714 1535 1742 1561 ὲν
1756 1534 1842 1561 Πνεύ-

1053 1587 1118 1614 ματι
1131 1579 1201 1614 ἁγίῳ
1216 1580 1305 1614 φήσας
1323 1580 1386 1615 περὶ
1400 1579 1454 1606 τῶν
1474 1580 1540 1606 υἱῶν
1560 1580 1681 1615 Ἰσραήλ·
1699 1577 1767 1612 Ὧν,
1791 1589 1841 1615 φη-

1052 1625 1094 1652 σὶν
1103 1645 1110 1657 ,
1123 1625 1143 1658 ἡ
1157 1625 1290 1659 λατρεία,
1308 1624 1358 1651 καὶ
1376 1626 1407 1651 al
1423 1624 1562 1659 διαθῆκαι
1572 1646 1579 1658 ,
1592 1625 1642 1652 καὶ
1653 1622 1696 1652 ὧν
1709 1626 1736 1652 al
1749 1625 1840 1652 πατέ-

1047 1680 1101 1706 ρες
1112 1679 1120 1686 ·
1137 1671 1171 1703 ἐξ
1189 1668 1233 1698 ὧν
1254 1672 1271 1698 ὁ
1288 1670 1416 1704 Χριστὸς
1429 1670 1463 1698 τὸ
1483 1670 1559 1698 κατὰ
1573 1671 1683 1706 σάρκα,
1700 1673 1717 1698 ὀ
1731 1671 1777 1699 ὢν
1793 1672 1840 1699 ἐπὶ

1051 1717 1172 1744 πάντων
1188 1717 1260 1750 Θεὸς
1273 1717 1438 1753 εὐλογητὸς
1456 1718 1500 1751 εἰς
1516 1718 1586 1751 τοὺς
1598 1717 1717 1751 αἰῶνας.
1740 1719 1838 1753 Ἀμήν.

1050 1763 1100 1790 Διὰ
1118 1763 1197 1789 τοῦτο
1214 1763 1267 1798 γὰρ
1292 1763 1338 1789 καὶ
1356 1764 1542 1799 προσκυνητὸς
1564 1764 1579 1790 ὀ
1609 1763 1757 1799 μονογενὴς
1770 1785 1778 1795 ,
1795 1764 1840 1791 καὶ

1050 1807 1115 1839 Θεὸς
1145 1808 1160 1834 6
1185 1807 1356 1842 Μονυγενὴς,
1383 1807 1430 1834 καὶ
1461 1807 1532 1834 θεῖον
1558 1808 1687 1843 Πνεῦμα,
1711 1808 1741 1835 τὺ
1762 1809 1839 1842 ἅγιον

1051 1852 1178 1888 Πνεῦμα·
1199 1852 1246 1879 καὶ
1262 1853 1330 1887 μετὰ
1346 1853 1396 1888 τὴν
1413 1853 1494 1886 ἁγίαν
1507 1853 1611 1888 Τριάδα
1626 1853 1675 1880 οὐκ
1692 1853 1766 1880 ἔστιν
1784 1855 1839 1880 ἐτε-

1050 1906 1097 1933 ρος
1112 1898 1189 1929 Θεός.
1210 1897 1240 1924 Ὀ
1257 1898 1285 1924 δὲ
1300 1898 1395 1934 Πατὴρ
1409 1898 1617 1934 παντοκράτωρ,
1631 1899 1678 1925 καὶ
1690 1900 1705 1925 6
1720 1899 1838 1934 Μονογε-

1049 1943 1098 1979 vi};
1113 1943 1196 1969 αὐτοῦ
1214 1944 1278 1974 παῖς
1299 1942 1403 1978 Ἰησοῦς
1419 1943 1537 1978 Χριστὸς
1553 1943 1721 1978 συμπρέπων
1736 1943 1778 1978 τῷ
1793 1943 1837 1970 τοῦ

1049 1988 1156 2024 Harpe;
1175 1987 1310 2023 ἀξιώματι
1322 2007 1330 2021 ,
1349 1988 1396 2015 καὶ
1416 1987 1511 2024 Πατὴρ
1526 1988 1692 2023 καλούμενος
1708 1988 1756 2015 τοῦ
1777 1989 1837 2024 μέλυ

1047 2034 1139 2069 Myro;
1158 2033 1255 2066 αἰῶνος
1266 2055 1273 2067 ,
1302 2033 1473 2069 συμπρέπων
1489 2042 1519 2060 τε
1542 2034 1590 2061 καὶ
1612 2034 1650 2069 τῷ
1665 2035 1737 2070 ἁγίῳ
1755 2034 1835 2062 αὑτοῦ

1048 2081 1187 2116 Πνεύματι
1203 2080 1349 2112 ὰκτίσντως,
1366 2080 1411 2107 ἀεὶ
1432 2081 1449 2116 ἡ
1465 2081 1550 2116 Τριὰς
1569 2081 1770 2117 φανερουμένη,
1792 2081 1835 2108 καὶ

1047 2126 1246 2162 γινωσκομένη,
1269 2125 1300 2158 ἐξ
1320 2123 1354 2161 ἦς
1378 2126 1492 2161 Τριάδος
1514 2129 1570 2159 τοῖς
1585 2128 1652 2154 πᾶσι
1668 2128 1793 2161 γεγονόσι
1807 2126 1835 2153 τὺ

1047 2173 1133 2200 αἴτιον
1147 2173 1262 2204 ἔνεστιν.
1279 2173 1377 2208 εἴπερ⁵
1400 2174 1474 2200 ἐστὶν
1489 2173 1582 2205 οὐσίας
1604 2173 1773 2209 ἀκραιφνοῦς
1791 2174 1834 2200 καὶ

206 2215 353 2250 appellatio
365 2215 424 2250 ipsa
439 2223 531 2243 causa:
545 2215 681 2243 sinceram
707 2219 734 2242 et
750 2215 993 2251 incomparabilem

1052 2218 1210 2254 ὶσυγκρὶτου
1233 2218 1391 2253 δηλωτικὸν,
1417 2219 1512 2255 Πατὴρ
1529 2220 1558 2246 ὲν
1577 2219 1640 2254 Υῐῷ,
1657 2219 1720 2250 Υἱὸς
1736 2220 1765 2245 ὲν
1787 2220 1836 2246 Πα-

206 2260 386 2287 substantiam
418 2260 571 2295 signiticet;
600 2259 754 2295 cujusniodi
785 2264 829 2288 est
857 2260 940 2289 Pater
965 2261 994 2288 in

206 2304 287 2338 Filio,
306 2304 393 2333 Filius
420 2306 448 2332 in
479 2305 571 2338 Patre,
589 2313 652 2333 cum
668 2306 773 2341 Spiritu
801 2311 914 2340 sancto,
931 2314 993 2341 per-

206 2351 312 2378 mansio
336 2351 395 2386 ipsa
415 2351 443 2378 in
466 2359 527 2379 sese
549 2352 728 2380 aeternitatem
747 2352 892 2380 includat:
913 2353 992 2388 cujus

206 2395 350 2424 Trinitatis
365 2397 499 2425 bene-licio
513 2397 626 2424 condita
639 2398 730 2425 omnia
748 2403 903 2426 servantur.

427 2453 519 2481 AETll
539 2454 653 2482 CAPUT
675 2454 771 2481 XXXI.

241 2498 269 2526 Si
287 2499 354 2526 nihil
371 2507 466 2527 eorum
483 2508 544 2535 quae
567 2501 657 2528 visum
682 2501 825 2536 effugiunt,
845 2501 993 2536 semetipso

205 2545 229 2572 vi
245 2545 362 2580 quadam
382 2546 469 2573 sativa
486 2546 562 2581 prius
578 2551 631 2578 est,
647 2550 730 2581 atque
747 2547 858 2574 delinita
873 2546 991 2582 quadam

205 2596 309 2618 naturae
325 2595 399 2619 sorte
416 2593 585 2625 continetur,
602 2592 650 2628 qui
672 2593 730 2620 ﬁeri
746 2596 847 2628 potest,
863 2597 894 2620 ut
915 2593 991 2628 inge-

203 2637 278 2665 nitus
305 2637 377 2666 Deus
404 2638 440 2666 ab
459 2639 534 2666 omni
558 2639 702 2667 sortitione
718 2638 786 2666 liber
804 2646 882 2667 suam
902 2639 990 2674 ipsius

203 2684 385 2712 substantiam
400 2684 482 2712 modo
494 2685 614 2720 ingenita
628 2685 722 2713 sobole
739 2684 879 2713 inferioris
894 2685 989 2719 cujus-

203 2729 266 2757 dam
291 2738 324 2757 ac
350 2731 478 2759 secundae
505 2731 687 2765 conditionis,
712 2731 794 2759 modo
817 2731 845 2758 in
870 2731 989 2766 ingenito

204 2775 336 2809 primario
349 2784 411 2805 esse
427 2776 527 2811 videat,
545 2777 581 2805 ita
599 2781 628 2805 ut
645 2778 745 2813 prioris
760 2778 836 2812 insit,
855 2785 886 2805 ac
897 2782 989 2812 poste-

201 2819 284 2847 rioris
298 2820 385 2848 ordo?

238 2877 247 2892 ι
262 2876 339 2904 .Ioan.
357 2886 382 2910 v,
397 2878 448 2912 ‘23;
465 2887 505 2912 ιιι,
519 2879 560 2907 36.
597 2879 606 2894 ²
622 2877 718 2906 Matth,
735 2886 782 2911 xu,
797 2879 844 2906 3'2.
881 2879 889 2893 ³
905 2877 983 2905 Itoni.
1002 2885 1038 2911 Ix,
1057 2877 1082 2911 ι,

1045 2265 1101 2298 τρὶ,
1120 2264 1168 2291 σὺν
1183 2263 1252 2298 ἁγίῳ
1271 2264 1422 2300 Πνεύματι,
1436 2265 1480 2291 ἀεὶ⁸
1496 2265 1545 2300 τῆς
1562 2264 1691 2300 διαμονῆς
1703 2264 1734 2290 τὸ
1751 2265 1832 2291 ἀΐδιον

1047 2309 1075 2334 ἐν
1095 2309 1176 2344 ἑαυτῇ
1191 2309 1323 2344 ἐχούσης·
1345 2309 1376 2341 ἐξ
1396 2307 1430 2345 ἦς
1445 2310 1558 2345 Τριάδος
1579 2311 1634 2342 τοῖς
1656 2310 1782 2344 γεγονόσι
1804 2308 1832 2335 τὸ

1045 2354 1225 2386 διασώζεσθαι
1245 2356 1399 2391 πρόσεστιν.

1223 2452 1422 2479 ΚΕΦΑΛΑΙΟΝ
1440 2453 1569 2481 ΑΕΤΙΟΥ
1589 2454 1650 2480 AA'.

1079 2499 1111 2524 Et
1127 2498 1202 2525 οὐδὲν
1217 2499 1270 2525 τῶν
1290 2499 1414 2534 ἀοράτων
1435 2499 1501 2526 αὐτὸ
1523 2499 1621 2526 ἑαυτοῦ
1636 2500 1829 2536 σπερματικῶς

1045 2545 1226 2580 προῦπάρχει,
1240 2545 1361 2580 διαμένει
1378 2545 1406 2571 δὲ
1427 2545 1455 2572 ὲν
1471 2545 1550 2580 φύσει
1562 2546 1828 2582 ἁπσκεκληρωμένῃ·

1044 2588 1104 2620 πῶς
1119 2590 1133 2615 6
1148 2589 1294 2624 ἀγέννητος
1307 2589 1383 2622 Θεὸς,
1393 2590 1534 2625 ἐλεύθερος
1549 2590 1768 2626 ἀποκληρώσεως
1783 2592 1829 2617 ὑπ-

1044 2635 1146 2670 άρχων,
1165 2635 1212 2661 νῦν
1230 2636 1280 2671 μὲν
1297 2635 1346 2671 τὴν
1363 2636 1460 2662 ἑαυτοῦ
1477 2637 1571 2663 οὐσίαν
1587 2637 1717 2673 δευτέραν
1730 2638 1759 2664 ὲν
1770 2645 1827 2671 γεν-

1043 2686 1142 2716 νηματι
1164 2682 1232 2717 ὁρᾷ,
1255 2681 1303 2708 νῦν
1327 2682 1356 2708 δὲ
1382 2682 1519 2718 προτέραν
1543 2684 1572 2710 ὲν
1597 2683 1738 2719 ἀγεννήτῳ
1761 2682 1827 2710 κατὰ

1042 2728 1090 2762 τὴν
1109 2727 1155 2753 τοῦ
1171 2727 1278 2762 πρώτου
1294 2727 1340 2755 καὶ
1351 2728 1477 2763 δευτέρου
1490 2728 1580 2762 τάξιν;

1166 2878 1174 2892 ³
1189 2877 1240 2905 lsa.
1258 2887 1293 2913 Ir,
1312 2879 1338 2906 G.
1379 2880 1388 2894 ⁵
1403 2878 1432 2906 F.
1451 2880 1534 2914 ἥπερ.
