1945 3043
97 165 151 193 617

372 223 533 257 Ἆνατροπὴ
554 225 622 250 AA'.

133 269 172 296 A’.
195 269 268 295 Ἔδει
288 268 332 294 τὴν
353 268 454 298 Ἀέτιον
468 270 533 303 ἡμῖν
549 268 756 304 προσημαίνειν,
772 268 819 294 καὶ
841 275 889 293 σα-

97 316 158 349 φεῖς
174 314 224 346 τὰς
241 313 323 341 αὑτοῦ
341 314 451 345 πεύσεις
465 313 635 349 προϐάλλειν,
652 313 769 349 μάλιστα
786 313 889 348 ταύτην

96 359 187 395 ¹ἥνπερ
197 359 270 392 λέξιν
279 361 286 375 ¹
299 359 474 394 ἐπιλήψιμον,
484 359 532 386 καὶ
544 359 605 394 μηδ’
617 359 685 391 ὅλως
697 359 811 394 ἔχουσαν
826 367 889 393 συγ-

96 405 206 438 γένειαν
221 405 276 431 τῶν
293 405 488 440 ὁμοιωμάτων,
505 405 565 431 οὐδὲ
581 405 693 440 θάτερον
707 404 760 431 τῶν
778 404 823 431 ὑπ’
841 405 890 431 αὐ-

96 450 144 478 τοῦ
164 451 366 486 ὠνομασμένων
384 450 490 486 θατέρῳ
506 451 708 483 συνεξισοῦσθαι
729 450 887 486 δυνάμενον.

97 497 208 523 Πολλῶν
232 497 286 533 γὰρ
304 497 427 532 ἀοράτων
445 497 506 532 ἥκει
529 497 620 531 φέρων
636 498 702 533 ἡμῖν
720 497 770 529 τὰς
789 497 889 532 ὀνομα-

98 543 169 574 σίας.
185 543 264 569 Ἐστι
289 543 343 578 γὰρ
363 543 410 570 καὶ
432 543 535 578 ἀόρατα
557 542 615 576 ζῶα
640 543 675 570 τὰ
697 543 888 579 πνευματικὰ,

96 589 170 624 φημὶ
187 588 214 615 δὲ
230 589 352 624 σεραφὶμ.
371 589 419 615 καὶ
439 589 588 624 χερουῦὶμ,
606 589 675 616 ἀλλὰ
698 590 746 616 καὶ
766 590 887 628 ἄγγελοι,

96 633 243 668 πνεύματά
256 642 286 660 τε
301 634 348 660 καὶ
367 633 434 660 ἄλλα
447 634 525 660 τινάο
541 635 571 661 ὲν
590 632 632 666 οἷς
645 634 753 670 ἀληθῶς
769 634 890 669 πληροῦ-

96 689 142 707 ται
164 680 194 706 τὸ
210 680 282 715 μήτε
308 680 431 715 ὑπάρχον
454 680 483 706 ὲν
507 681 614 712 ἑαυτοῖς
637 680 832 716 σπερματικῶς
851 689 887 708 τι.

97 725 168 752 Οὔτε
182 725 236 761 γὰρ
255 726 369 760 σώματα
386 725 453 761 φαίη
471 725 504 752 ἄν
520 735 561 758 τις
576 726 609 752 τὰ
626 725 731 761 ἀόρατα
743 735 749 740 ·
771 726 819 753 καὶ
834 726 889 762 γὰρ

96 771 159 798 οὗτε
176 771 320 806 γεννῶσιν,
338 771 401 798 οὔτε
419 772 566 806 γεννῶνται
577 781 583 787 ·
600 771 765 806 ἐκτίσθησαν
778 772 806 798 δὲ
819 772 890 798 κατὰ

98 817 222 853 βούλημα
243 817 293 852 τῆς
306 816 390 852 οὔσης
404 818 448 844 ἀεὶ
461 817 587 853 θεότητος
602 818 710 852 σαῳῶς,
730 818 777 845 καὶ
795 818 890 852 λέλογ-

96 873 144 899 χεν
159 864 274 890 ἓχαστον
286 863 341 890 τῶν
355 864 548 899 κεκτισμένων,
561 863 629 899 ὅπερ
638 865 652 890 ὁ
661 864 699 890 ὣν
709 863 784 898 αὐτῷ
794 863 890 890 διένει-

98 919 149 946 μεν
165 910 266 946 ἀρετῆς
282 910 310 936 ἐν
330 910 362 945 τῇ
380 909 516 945 ὑπερϐολῇ
531 909 580 944 τῆς
595 908 677 935 αὐτοῦ
693 908 810 943 ἀφθόνου
828 908 889 943 φιλ-

96 954 330 990 ανθρωπίας.Καὶ
345 953 529 989 ἀπεκληρώθη
545 953 660 980 ἕκαστον
673 954 741 989 ὅπερ
753 953 889 989 κεκλήρω-

95 1010 153 1032 ται,
168 1001 216 1028 καὶ
232 1002 260 1026 ὲν
277 1000 366 1036 τούτῳ
382 1000 472 1036 μένει·
488 999 536 1027 καὶ
550 999 691 1036 ἐλεύθερός
711 1000 785 1026 ἐστιν
795 1000 809 1026 ό
823 999 890 1031 Θεὸς

97 1048 190 1082 πάσης
205 1047 305 1079 αἰτίας,
321 1047 350 1073 ὲν
362 1046 453 1082 ἑαυτῷ
466 1046 534 1081 ἔχων
549 1045 581 1073 τὸ
593 1047 658 1078 πᾶν,
675 1046 706 1072 οὐ
720 1045 890 1081 μελλητικῶς

97 1093 158 1119 οὐδὲ
173 1092 405 1128 μεταμελημένως
421 1092 467 1119 τὸν
482 1092 545 1119 Υἱδν
560 1092 630 1127 μετὰ
646 1092 759 1128 χρόνους
777 1091 858 1127 ἔχων,
871 1092 888 1126 ἢ

96 1139 128 1164 τὸ
143 1138 220 1172 ἆγιον
234 1138 346 1174 Πνεῦμα
359 1138 457 1170 αὐτοῦ,
469 1138 538 1165 ἀλλὰ
554 1138 770 1174 συμπρεπόντως
784 1138 814 1164 τὺ
827 1138 870 1165 ἀεὶ
880 1139 890 1154 “

98 1183 172 1218 ἔχειν
189 1184 252 1210 Υἰὸν
267 1184 466 1220 γεγεννημένον
484 1184 562 1211 Υἰόν·
581 1184 650 1219 ἔχων
672 1185 719 1210 καὶ
733 1184 827 1210 τοῦτον
845 1193 893 1219 μο-

98 1229 217 1264 νογενῆ,
240 1229 285 1256 ἀεὶ
308 1229 378 1264 ἔχων
402 1230 511 1264 Πατέρα
531 1231 560 1256 ὲν
579 1230 687 1264 ἐαυτῷ,
712 1230 770 1265 ἔχει
796 1230 843 1256 καὶ
863 1229 894 1256 τὸ

99 1274 178 1309 αγιον
195 1275 308 1311 Πνεῦμα
322 1277 355 1302 ὲκ
370 1276 476 1312 Πατρὸς
489 1275 519 1303 ὃν
528 1295 536 1308 ,
553 1276 600 1302 καὶ
614 1275 661 1302 τοῦ
676 1275 742 1302 Υῑοῦ
756 1275 893 1312 λαμϐάνον

99 1321 144 1346 ἀεὶ
163 1321 234 1356 ἕχον.

397 162 580 191 ADVERSUS
600 160 773 190 ΠΑΞΠΕΞΕΞ
792 160 854 189 LIB.
877 160 894 188 11

948 160 1023 188 I'OM.
1045 160 1065 188 1.
1085 176 1115 182 -
1134 159 1270 188 ΠᾹΞΠΕΘ.
1294 161 1407 189 LXXVI.

1672 163 1723 191 613

1195 219 1347 254 Con/utalia
1366 219 1471 246 XXXI.

975 267 995 296 Ι.
1017 267 1119 296 Vellem
1136 268 1273 303 equidem,
1289 268 1361 303 quod
1376 271 1404 295 et
1425 267 1526 294 factum
1546 267 1678 301 oportuit,
1698 271 1726 294 ut

941 313 1037 341 Actius
1052 316 1169 340 mentem
1192 319 1269 339 suam
1286 311 1365 339 nobis
1384 311 1545 346 aperuisset,
1566 314 1593 337 et
1609 310 1725 337 interro-

941 359 1066 393 gationes
1086 365 1152 386 suas
1168 358 1309 393 aliquanto
1331 357 1433 384 clarius
1453 357 1652 392 proposuisset,
1675 363 1727 391 po—

941 405 996 432 tius
1010 411 1091 439 quam
1118 411 1150 431 ea
1166 404 1286 431 dictione
1309 407 1383 430 esset
1407 410 1484 433 usus,
1499 410 1559 437 quae
1580 402 1608 429 in
1631 409 1727 436 repre-

940 451 1100 479 hensionem
1116 451 1250 483 incurrit;
1269 458 1320 478 nec
1332 450 1415 477 ullam
1433 450 1460 477 in
1472 449 1514 477 his
1529 450 1611 476 rebus
1628 449 1728 484 quibus

942 500 1028 527 utitur
1049 499 1256 527 similitudinem
1272 499 1364 531 habet,
1391 506 1453 526 eum
1483 502 1609 525 neutrum
1632 505 1726 524 eorum

940 553 1000 580 qua:
1016 545 1050 572 ab
1074 552 1107 572 eo
1125 548 1338 572 commemorata
1361 547 1441 576 sunt,
1463 551 1524 570 cum
1551 543 1636 570 altero
1651 550 1728 569 com-

941 591 1031 626 parari
1048 595 1073 618 et
1095 589 1232 625 exaequari
1257 590 1366 625 possit:
1387 589 1522 624 siquidem
1547 589 1727 623 plurimorum

940 644 1000 671 qua:
1013 636 1103 663 visum
1119 635 1252 671 effugiunt
1272 635 1469 671 appellationes
1494 634 1607 661 adducit
1627 635 1654 660 in
1671 641 1729 660 me-

940 681 1026 708 dium.
1037 680 1103 707 Nam
1116 684 1143 708 et
1156 681 1243 708 visum
1258 680 1365 716 fugiunt
1381 679 1509 706 animalia
1524 678 1569 705 illa
1583 677 1727 712 spiritalia,

939 728 992 754 hoc
1005 731 1048 755 est
1068 727 1218 762 seraphim,
1235 726 1388 758 cherubim,
1406 725 1507 760 angeli,
1521 725 1635 759 spiritus
1649 724 1728 751 deni-

940 782 1017 809 que:
1035 774 1062 801 in
1084 774 1186 808 quibus
1211 781 1305 800 verum
1332 772 1398 799 illud
1416 779 1479 799 esse
1501 771 1634 802 cernitur,
1656 769 1729 805 quod

941 819 1038 847 Aetius
1053 824 1159 849 narrat,
1178 819 1246 845 nihil
1263 823 1292 845 ut
1307 819 1333 845 in
1351 818 1449 853 seipsis
1466 818 1491 844 vi
1508 817 1624 852 quadam
1643 816 1730 843 sativa

942 865 1112 892 coutineant.
1126 864 1218 899 Neque
1233 865 1306 891 enim
1322 871 1439 897 corpora
1452 870 1483 890 ea
1500 870 1560 897 quae
1576 870 1629 889 non
1649 869 1729 896 aspe-

942 911 1054 938 ctabilia
1077 915 1141 938 sunt
1164 911 1264 938 dixerit
1281 910 1392 944 aliquis,
1416 917 1478 936 cum
1502 917 1589 943 neque
1605 909 1730 942 gignant,

943 965 1033 992 neque
1050 957 1209 993 gignantur.
1226 956 1273 984 sed
1291 956 1324 983 de
1335 956 1507 991 sempiternae
1520 954 1672 981 divinitatis
1687 960 1732 980 vo-

944 1002 1049 1029 luntate
1067 1002 1148 1037 plane
1159 1001 1268 1029 condita
1288 1001 1353 1032 sint,
1373 1008 1401 1027 ac
1417 1000 1585 1028 tantumdem
1603 1006 1732 1033 unaquae-

943 1056 996 1084 que
1012 1052 1167 1075 creatarum
1178 1055 1269 1075 rerum
1279 1045 1478 1081 vtrt‘ttti5979
1497 1045 1587 1076 habet,
1600 1039 1731 1079 quantum

944 1102 994 1130 pro
1012 1094 1116 1121 inﬁnita
1132 1102 1181 1123 sua
1198 1094 1367 1128 benignitate
1391 1096 1418 1120 et
1434 1092 1602 1118 humanitate
1617 1090 1732 1125 largitus

945 1145 988 1167 est
1005 1140 1088 1168 Deus.
1103 1139 1197 1175 Itaque
1211 1140 1340 1175 quaelibet
1355 1138 1428 1173 quod
1443 1137 1496 1165 sibi
1514 1137 1673 1164 attributum
1689 1139 1733 1163 est

944 1185 1074 1218 obtinuit,
1099 1186 1126 1213 in
1143 1193 1232 1221 eoque
1249 1189 1390 1221 permanet
1409 1194 1415 1212 ι
1436 1183 1508 1211 Deus
1522 1191 1587 1211 vero
1606 1183 1641 1210 ab
1657 1182 1732 1209 omni

944 1239 1028 1259 causa
1053 1231 1199 1260 absolutus
1219 1234 1276 1264 est,
1293 1231 1438 1258 continens
1463 1230 1491 1256 in
1522 1233 1607 1256 semet
1629 1228 1732 1255 omnia.

947 1277 1021 1306 Idem
1044 1278 1104 1306 sine
1128 1279 1182 1305 ulla
1203 1278 1380 1305 cunctatione
1406 1275 1589 1303 mutationeve
1611 1274 1733 1306 consilii,

943 1331 1035 1359 neque
1065 1323 1165 1351 Filium
1188 1324 1270 1359 longo
1296 1322 1456 1354 intervallo,
1485 1329 1573 1356 neque
1600 1320 1734 1356 Spiritum

101 1374 227 1397 sanctum
249 1377 328 1397 suum
353 1369 454 1397 habere
471 1370 565 1405 carpit.
591 1369 644 1397 Sed
659 1377 710 1405 pro
728 1377 761 1397 eo
782 1377 815 1398 ac
830 1372 999 1400 conveniens
1018 1377 1070 1404 est,
1085 1370 1185 1399 Filium
1197 1371 1280 1399 habet
1298 1371 1332 1398 ab
1359 1375 1472 1402 aeterno,
1508 1376 1591 1405 quem
1621 1367 1735 1395 unicum

99 1414 218 1449 genuit:
238 1414 326 1442 Filius
346 1423 412 1442 vero
437 1415 546 1443 Patrem
561 1416 666 1444 habens
688 1417 716 1444 in
732 1417 823 1452 seipso
842 1423 986 1453 perpetuo,
1003 1425 1057 1445 una
1079 1422 1106 1446 et
1122 1417 1254 1453 Spiritum
1267 1421 1392 1445 sanctum
1410 1417 1511 1444 habet:
1542 1415 1589 1451 qui
1606 1422 1620 1441 a
1657 1413 1737 1440 Patro

101 1463 253 1497 procedens
261 1462 283 1494 ³,
299 1470 314 1489 a
331 1462 400 1490 Filio
415 1471 522 1498 semper
537 1464 660 1498 accipit‘.

138 1508 176 1534 ις’.
197 1508 252 1534 Καὶ
270 1507 325 1543 γὰρ
337 1507 400 1534 οὔτε
423 1508 470 1534 ἐπὶ
490 1508 592 1544 ἀδοξίᾳ,
609 1508 671 1536 οὔτε
689 1509 735 1536 ἐπὶ
750 1510 892 1546 προσθήκῃ

999 1471 1018 1478 Α.

983 1509 1015 1537 ll.
1038 1509 1144 1537 Etenim
1166 1517 1256 1545 neque
1286 1509 1314 1537 in
1331 1509 1514 1541 obscuritate.
1541 1517 1591 1537 nec
1619 1510 1646 1536 in
1670 1510 1738 1537 ub».-

101 1553 181 1589 δόξης
197 1553 213 1588 ὴ
233 1553 377 1588 περιουσία
393 1553 443 1589 τῆς
456 1554 582 1589 θεότητος
595 1555 639 1581 ἀεὶ
657 1555 740 1590 οὔσης
750 1564 757 1571 ⁸
780 1556 893 1591 μηδενὸς

948 1555 1013 1583 riori
1043 1556 1189 1591 splendore
1214 1564 1245 1583 ac
1272 1556 1360 1592 gloria
1375 1557 1557 1592 sempiternae
1581 1557 1736 1583 divinitatis

101 1599 129 1625 δὲ
148 1599 192 1625 ἀεὶ
209 1598 285 1630 ὄντος
301 1598 356 1626 τῶν
373 1600 570 1635 κεκτισμένων,
592 1600 657 1626 πότε
673 1600 745 1637 ἐώρα
761 1602 860 1636 ἑαυτὴν
878 1603 895 1637 ἡ

102 1645 189 1683 Τριὰς
203 1645 232 1672 ἐν
241 1645 336 1680 ἥσσονι
351 1646 511 1680 περιουσὶᾳ;
522 1647 578 1673 Καὶ
594 1646 641 1673 νῦν
656 1648 704 1682 μὲν
719 1647 797 1674 τοῦτο
810 1648 894 1682 ἑώρα,

102 1691 151 1718 νῦν
166 1691 194 1718 δὲ
208 1692 237 1718 ὲν
252 1693 397 1728 προσθέσει
412 1693 515 1725 οὐσίας,
527 1693 564 1725 ὡς
578 1693 670 1728 ἐνδεὴς
683 1694 753 1729 μετὰ
766 1695 797 1720 τὸ
806 1703 896 1721 κεκτι-

103 1737 182 1764 κέναι
193 1737 228 1764 τὰ
240 1738 417 1773 κεκτισμένα,
433 1739 461 1765 ὲν
475 1739 656 1775 περισσοτέρᾳ
666 1738 808 1775 προσθήκῃ
817 1739 896 1774 δόξης

103 1783 120 1818 ἢ
140 1783 298 1819 περιουσίας
315 1784 363 1810 νῦν
376 1784 475 1820 ἑαυτὴν
488 1784 595 1821 ὁρῶσας
615 1783 666 1811 Καὶ
684 1785 716 1811 ἐκ
728 1784 896 1820 πανταχόθεν

103 1829 182 1855 οὐδὲν
200 1829 330 1864 ἐνσκήψει
348 1829 402 1856 τῶν
420 1829 590 1865 βουλομένων
613 1829 684 1857 κατὰ
701 1830 751 1865 τῆς
768 1830 896 1865 ἀληθείας

103 1874 154 1906 τὰς
166 1875 374 1909 συλλογιστικὰς
390 1876 563 1911 ἀνθρωπίνας
575 1876 703 1907 ὑπονοίας
713 1877 896 1912 παραφέρειν,

105 1919 153 1946 καὶ
171 1921 209 1951 εἰς
233 1921 315 1956 μέσον
329 1921 440 1957 φέρειν,
461 1920 678 1956 ὑπερϐαινούσης
695 1921 744 1956 τῆς
766 1921 813 1947 τοῦ
829 1921 897 1947 Θεοῦ

105 1964 202 1998 ἀξίας,
226 1966 348 2002 Πατρὸς,
371 1967 419 1994 καὶ
443 1967 526 1997 Υῑοῦ,
548 1967 595 1993 καὶ
616 1967 693 2001 ἁγίου
721 1967 897 2002 Πνεύματος,

105 2010 197 2037 πάντα
213 2011 275 2038 νοῦν
287 2012 421 2046 ἀγγέλων,
436 2012 483 2038 καὶ
495 2012 624 2039 ἐπέκεινα
635 2020 642 2028 ’
658 2012 734 2047 πόσῳ
748 2021 779 2046 γε
798 2012 899 2046 μᾶλλον

104 2055 282 2092 ἀνθρωπίνης
297 2057 422 2091 φύσεως;
445 2057 553 2093 Ἐπειδὴ
578 2057 632 2093 γὰρ
648 2057 773 2094 λογισμοὶ
792 2057 899 2094 ἀνθρὼ-

106 2111 167 2128 πων
179 2102 278 2134 δειλοὶ,
294 2102 413 2137 φθαρταὶ
431 2102 460 2129 δὲ
480 2103 508 2130 αἱ
522 2102 625 2129 τούτων
640 2103 765 2135 διάνοιαι,
779 2104 820 2135 εἰς
835 2104 898 2130 συλ-

106 2147 255 2183 λογισμοὺς
268 2149 316 2174 καὶ
328 2149 490 2184 συζητήσεις
502 2149 600 2180 ἑαυτὰς
616 2149 826 2185 περιπείρουσαι
835 2158 842 2164 “
861 2150 899 2182 ὡς

107 2193 182 2220 ἄλλοι
202 2194 249 2227 ἀφ’
266 2193 370 2220 ἑαυτῶν
388 2194 576 2229 συλλογισμῶν
597 2195 807 2230 ἀνακρινόμενοι
829 2194 900 2221 κατὰ

946 1602 1109 1629 excellentia
1126 1606 1263 1629 versatur.
1280 1602 1349 1629 Cum
1365 1607 1455 1630 autem
1474 1608 1627 1630 creatarum
1644 1611 1736 1630 rerum

947 1647 1023 1674 nulla
1043 1647 1133 1674 adhuc
1145 1650 1228 1679 esset,
1245 1651 1402 1673 utrumnam
1419 1648 1529 1674 tandem
1543 1647 1672 1674 divinitas
1687 1649 1739 1674 mi-

947 1699 1015 1719 nore
1032 1692 1150 1727 seipsam
1166 1691 1305 1727 opulentia
1317 1691 1459 1727 praeditam
1481 1692 1550 1719 vidit
1570 1693 1739 1726 aliquando?

949 1742 996 1764 aut
1014 1742 1071 1764 tum
1087 1738 1199 1772 quidem
1216 1738 1353 1772 ejusmodi
1375 1745 1435 1765 sese
1451 1738 1530 1769 vidit,
1546 1746 1619 1764 nunc
1636 1741 1737 1770 autem,

949 1783 1020 1811 facta
1035 1783 1069 1811 ad
1090 1784 1273 1812 substantiam
1298 1783 1467 1815 accessione,
1490 1784 1569 1818 quasi
1585 1783 1738 1818 eujuspiam

948 1830 987 1856 rei
1001 1830 1128 1865 indigens
1145 1838 1206 1857 esse
1218 1833 1322 1864 posset,
1344 1834 1522 1864 posteaquam
1540 1834 1631 1856 creata
1645 1830 1737 1856 omnia

952 1876 1092 1911 produxit,
1111 1876 1245 1910 ampliore
1261 1875 1380 1910 quadam
1396 1875 1481 1910 gloria
1497 1875 1651 1910 opibusque
1677 1883 1739 1902 sese

950 1921 1090 1956 przeditam
1103 1920 1317 1948 animadvertit?
1329 1920 1425 1947 Nullus
1437 1921 1529 1955 itaque
1541 1921 1740 1956 tergiversandi

949 1966 1027 1993 locus
1038 1966 1072 1994 iis
1083 1966 1196 1993 relictus
1211 1969 1264 1998 est,
1282 1966 1330 2001 qui
1348 1966 1481 1994 adversus
1498 1966 1639 1993 veritatem
1657 1967 1742 2002 syllo-

949 2011 1100 2045 gismorum
1119 2011 1242 2045 argutias
1264 2011 1408 2038 hominum
1432 2011 1599 2046 excogitatas
1624 2012 1741 2046 ingeniis

950 2063 1087 2092 opponere
1107 2057 1234 2084 nituntur
1252 2060 1278 2084 et
1293 2057 1319 2084 iu
1337 2057 1562 2085 mediumaﬂ'erre
1581 2067 1586 2084 :
1605 2057 1740 2092 siquidem

950 2104 1042 2130 divina
1057 2103 1199 2136 maiestas,
1219 2103 1320 2135 Patris,
1341 2104 1466 2138 inquam,
1489 2107 1516 2130 et
1540 2103 1615 2135 Filii,
1634 2111 1665 2130 ac
1680 2103 1741 2138 Spi-

950 2149 1021 2176 ritus
1037 2149 1137 2180 sancti,
1155 2150 1314 2184 angelorum
1329 2154 1434 2176 meutcs
1451 2157 1547 2176 olunes
1564 2149 1644 2184 longo
1659 2150 1742 2176 inter-

951 2195 1023 2221 vallo
1038 2198 1160 2227 superat.
1186 2195 1285 2222 nedum
1312 2195 1470 2228 hominum;
1496 2203 1613 2230 quorum
1639 2195 1742 2222 timidm

109 2239 269 2274 σοφιστικήν
294 2248 354 2267 τινα
377 2239 519 2273 ὑπόνοιαν,
543 2241 567 2266 οἱ
586 2241 635 2276 μὲν
656 2240 720 2276 περὶ
740 2240 786 2267 τοῦ
814 2240 894 2267 κακοί

953 2240 1134 2274 cogitationes
1147 2241 1169 2273 ⁵,
1187 2241 1270 2268 animi
1294 2249 1393 2268 sensus
1419 2241 1554 2268 intereunt
1574 2241 1600 2268 in
1625 2241 1741 2268 nihilum

107 2284 149 2310 ὅτι
165 2283 247 2312 πόθεν
258 2285 369 2320 ἤρξατο,
382 2285 456 2312 ἄλλοι
471 2286 499 2312 δὲ
514 2287 555 2313 ὅτι
568 2286 649 2313 πόθεν
660 2288 674 2313 ὁ
686 2286 843 2322 διάὸολος,ἧ
855 2286 900 2313 διὰ

107 2329 134 2355 τι
151 2329 279 2363 γέγονεν’
295 2330 384 2365 ἕτεροι
404 2331 432 2358 δὲ
448 2332 494 2358 τὸν
517 2332 647 2366 μέλλοντα
668 2331 837 2367 ἁμαρτάνειν
852 2331 901 2357 ἄν-

109 2374 229 2409 θρωπον,
244 2375 284 2402 ὅτι
301 2375 345 2403 διὰ
361 2376 387 2402 τί
400 2377 413 2402 ό
425 2376 491 2408 Θεὸς
503 2376 589 2408 οὕτως
606 2376 687 2403 αὑτὸν
701 2376 808 2403 ἔκτισεν
820 2385 826 2390 ·
841 2375 899 2407 ὁόὲ,

109 2420 230 2446 τοιοῦτον
241 2421 322 2448 αὑτὸν
332 2422 519 2457 ἐργασάμενος
534 2422 579 2449 διὰ
596 2423 622 2449 τί
636 2422 749 2458 ’ὕστερον
766 2422 846 2450 αὑτὸν
858 2422 902 2448 αἰ-

109 2465 201 2492 τιᾶται
212 2473 219 2480 °
238 2465 282 2498 ἵν’,
301 2466 366 2492 ὅταν
379 2467 491 2500 πάντες,
510 2468 741 2504 περικρούσαντες
756 2469 822 2499 τοὺς
837 2468 901 2494 ὲαυ-

109 2511 164 2537 τῶν
191 2511 358 2547 λογισμοὺς,
385 2513 580 2549 καταμάθωσιν
603 2514 716 2546 ἑαυτοὺς
748 2513 901 2549 φθαρτοὺς,

108 2556 272 2584 ἁποδώσωσι
288 2557 326 2593 τῷ
342 2559 440 2594 Πατρὶ,
455 2560 501 2586 καὶ
514 2558 582 2594 Υίῷ,
598 2559 644 2586 καὶ
663 2559 735 2594 ἁγίῳ
752 2559 901 2594 Πνεύματι,

109 2603 233 2629 τουτέστι
250 2605 282 2639 τῇ
301 2605 350 2640 μιᾷ
365 2604 459 2640 Τριάόι
471 2625 479 2637 ,
503 2606 534 2632 τὸ
551 2605 632 2637 σέϐας
651 2606 698 2632 καὶ
715 2605 764 2640 τὴν
779 2604 879 2639 γνῶσιν
892 2613 898 2620 '

110 2647 176 2682 παρ’
193 2648 275 2674 αὑτοῦ
291 2649 319 2676 δὲ
336 2650 491 2685 αἰτούμενοι
509 2651 558 2686 τῆς
573 2650 702 2686 ἀληθινῆς
719 2651 839 2681 πίστεως
852 2650 901 2685 τὴν

110 2693 222 2726 γνῶσιν,
244 2695 292 2721 καὶ
312 2696 507 2731 πορισάμενοι,
523 2697 566 2724 ἵνα
584 2697 621 2732 μὴ
644 2697 819 2733 ὑπερϐαίνειν
842 2706 903 2723 ’σειν

111 2739 215 2774 ρὼνται
235 2740 266 2766 τὸ
294 2740 358 2768 ἴδιον
383 2743 498 2777 μέτρον,
521 2742 588 2769 ἀλλὰ
613 2743 736 2777 μάθωσιν
754 2742 902 2778 ἡσυχάζειν

111 2784 166 2811 ἀπὸ
186 2785 395 2822 τετυφλωμένης
417 2788 538 2820 ἐννοίας,
562 2789 609 2815 καὶ
630 2789 667 2824 μὴ
685 2788 842 2823 σοφίζεσθαι
857 2788 901 2814 διὰ

115 2887 145 2911 ΙΙ,

278 2924 414 2955 Parnm”
440 2926 499 2957 Gn.
525 2926 619 2957 XLII.

953 2287 1067 2317 redacti,
1084 2295 1116 2314 ac
1137 2295 1198 2315 sese
1221 2288 1311 2315 varias
1332 2287 1360 2315 in
1382 2288 1608 2315 ratiocinationes
1628 2292 1654 2315 et
1669 2295 1742 2323 qum-

953 2333 1057 2360 stioncs
1074 2333 1201 2360 induunt.
1219 2332 1455 2365 Quemadmodum
1476 2334 1503 2359 in
1521 2333 1659 2367 plerisque
1676 2341 1740 2360 usu~

954 2380 1048 2406 venire
1073 2379 1225 2410 cernimus,
1249 2378 1295 2413 qui
1321 2379 1472 2414 sophistica
1493 2379 1610 2413 quadam
1636 2379 1742 2406 ratione

954 2424 1074 2452 inventis
1092 2432 1107 2451 a
1122 2433 1152 2452 se
1165 2424 1332 2460 syllogismis
1348 2425 1521 2452 diversarum
1534 2432 1625 2452 rerum
1645 2433 1742 2452 causas

956 2471 1095 2506 inquirere
1109 2475 1136 2498 et
1149 2471 1316 2506 investigare
1336 2470 1458 2498 student.
1486 2470 1574 2498 Veluti
1590 2471 1653 2498 mali
1669 2471 1742 2506 quod

955 2516 1120 2551 principium
1139 2516 1231 2543 fuerit.
1251 2516 1303 2543 Alii
1319 2517 1466 2548 undenam,
1485 2520 1513 2543 et
1533 2517 1613 2551 cujus
1630 2517 1667 2544 rei
1683 2526 1744 2553 gra-

955 2563 993 2588 tia
1009 2562 1136 2589 diabolus
1152 2563 1296 2590 exstiterit.
1318 2562 1434 2596 Quidam
1455 2563 1489 2590 de
1514 2563 1625 2591 homine
1648 2571 1744 2598 pecea-

955 2611 1017 2634 turo
1031 2612 1168 2642 quierunt,
1181 2615 1232 2634 cur
1255 2608 1329 2634 hunc
1350 2607 1422 2636 Deus
1444 2616 1476 2636 ea
1501 2608 1660 2637 cenditioue
1678 2616 1744 2642 pro-

957 2653 1102 2684 creaverit,
1124 2657 1171 2680 aut
1191 2653 1236 2688 qui
1261 2654 1343 2681 talem
1366 2653 1525 2687 fabricaral,
1548 2662 1598 2681 cur
1612 2653 1744 2680 incusarit

958 2703 1053 2732 postea
1070 2707 1076 2725 :
1093 2703 1123 2725 ut
1143 2707 1205 2726 eum
1229 2700 1320 2727 varias
1337 2700 1362 2726 in
1383 2704 1475 2735 partes
1497 2701 1604 2727 animos
1625 2706 1689 2726 suos
1712 2706 1744 2725 ac

957 2743 1136 2778 cogitatiOnes
1158 2745 1342 2776 intenderim,
1362 2753 1393 2773 ac
1418 2745 1588 2780 corruptioni
1612 2752 1641 2771 se
1655 2744 1743 2771 obno-

958 2789 1016 2816 xios
1028 2789 1220 2822 intellexerint,
1230 2789 1315 2823 Patri,
1331 2798 1361 2817 ac
1377 2790 1456 2822 Filio,
1468 2795 1494 2817 et
1507 2790 1621 2825 Spiritui
1637 2793 1742 2822 sancto,

148 2841 245 2905 ¹¹Ἰπερ
257 2843 335 2875 λέξιν.
385 2843 394 2857 ²
407 2843 436 2870 F.
464 2843 502 2879 τῷ
517 2844 632 2878 ἀεί,δει1
645 2846 759 2874 mutilus
776 2846 819 2872 hic
835 2845 894 2872 locu

948 2849 973 2873 il.
1015 2846 1024 2861 ³
1040 2845 1119 2875 Joan.
1141 2856 1185 2880 xv,
1201 2848 1246 2876 26.
1287 2848 1297 2863 "
1325 2847 1403 2875 Joau.
1425 2855 1480 2879 xlv,
1513 2847 1613 2879 15.16.
1649 2845 1659 2861 ⁸
1674 2845 1739 2878 δην*

1544 2927 1582 2957 20
