1945 3043
231 155 282 184 ϐω

929 157 957 184 S.
987 156 1158 184 EPlPllANll

1817 159 1870 187 6‘20

232 215 282 240 hoc
295 217 338 240 est
362 213 406 239 uni
433 220 464 239 ac
485 213 614 248 singulari
639 213 786 245 Triuitati,
810 213 1015 241 venerationem

1075 213 1261 249 ὶναπτομένης
1276 213 1404 249 γλώσσης
1418 213 1466 240 καὶ
1484 213 1622 248 λογισμῶν
1637 213 1788 245 ἀσυνέτων,
1819 222 1872 240 σω-

231 266 263 286 ac
285 259 427 287 scientiam
443 259 577 292 deferant,
595 259 629 286 ab
649 267 737 294 eoque
756 267 826 286 verat
841 259 902 287 ﬁdei
928 260 1020 294 cogni-

231 306 331 332 tionem
347 305 481 340 postulent
497 309 581 340 atque
595 306 749 341 impetrent,
773 311 802 333 ut
816 314 850 333 ne
863 313 1019 333 mensuram

231 351 367 385 propriam
382 350 524 382 excedant,
538 351 584 378 sed
599 352 634 378 ab
648 352 792 379 ubcazcatze
806 352 905 379 mentis
918 352 1019 387 impetu

231 396 445 430 conquiescant;
466 404 533 424 neve
556 404 673 424 accensa
691 397 860 433 incitataque
881 398 972 433 lingua
995 403 1021 425 et

232 440 454 474 imprudentibus
495 441 709 477 cogitationibus
749 442 871 477 argutari
907 443 1023 473 malint.

231 485 326 520 stigar‘i
339 493 344 510 :
360 485 444 522 980
456 485 519 514 Non
530 495 620 522 sapere
631 488 690 522 plus
706 497 784 523 quam
798 493 899 522 oportet
913 497 1015 524 sapere,

442 543 533 570 AETll
557 543 671 571 CAPUT
693 544 800 572 XXXII.

266 595 295 625 Si
312 598 338 626 in
355 598 473 634 ingenita
491 605 588 628 natura
603 607 760 636 perseverat
774 602 857 634 Deus,
875 601 1014 630 detrahen-

230 643 295 671 dum
314 645 364 672 hoc
385 645 409 672 ei
433 650 482 677 est,
508 652 537 673 ut
556 647 680 682 generari
704 655 734 675 se
761 651 842 682 atque
869 648 1019 684 ingenitum

231 697 293 717 esse
305 695 463 726 cognoscat.
479 691 559 725 Quod
575 693 598 720 si
617 693 643 720 id
665 693 702 721 illi
720 694 810 725 detur,
827 698 857 721 ut
874 702 923 729 per
936 695 1021 729 geniti

230 736 402 772 ingenitique
423 739 609 766 conditionem
630 739 704 767 illius
727 745 824 768 natura
848 740 1020 772 traducatur,

231 783 414 811 substantiam
430 785 489 819 ipse
514 793 592 812 suam
616 786 733 820 ignorat,
749 794 811 814 cum
840 786 874 813 ab
892 790 1020 822 utraque,

232 828 317 862 geniti
332 829 440 856 scilicet
457 834 539 866 atque
552 831 677 866 ingeniti,
693 831 825 866 qualitate
838 832 1019 859 distrahatur.

233 874 262 901 εἰ
281 883 348 903 vero
362 876 485 911 genitum
499 877 667 905 conditionis
682 878 797 913 ingeniti
811 879 948 914 particeps
965 883 1017 909 est.

232 926 257 948 et
274 922 388 956 ingeniti
405 927 503 949 natura
525 927 657 958 perpetuo
673 928 773 958 manet,
791 932 903 952 necesse
931 930 972 952 est
989 929 1018 952 ut

233 974 262 993 se
287 967 445 1002 imperfecta
466 968 493 995 in
516 972 613 995 natura
631 969 813 997 constitutum
828 974 976 1005 agnoscat,
993 974 1021 997 et

234 1012 307 1039 illam
328 1013 440 1048 ingeniti
456 1015 677 1042 communionem
694 1015 800 1050 ignoret
814 1025 821 1043 :
845 1024 933 1050 neque
947 1016 1020 1043 enim

233 1059 303 1085 idem
326 1059 359 1087 de
377 1060 468 1094 seipso
497 1066 524 1088 et
541 1061 668 1096 ingenitae
700 1062 860 1090 substantiae
879 1067 906 1090 et
924 1063 1022 1098 genita:

233 1105 357 1132 nolitiam
382 1106 531 1134 informare
558 1111 657 1142 potest.
683 1107 741 1135 Jam
765 1116 830 1135 vero
854 1108 878 1136 si
908 1109 1020 1143 iugeniti

233 1151 385 1185 proprietas
412 1151 478 1180 levis
497 1157 538 1180 est
560 1161 592 1180 ac
617 1153 722 1180 minimi
747 1154 881 1187 facienda,
896 1154 969 1189 quod
994 1155 1021 1181 in

232 1198 409 1225 imitationem
433 1199 564 1234 proclivis
591 1200 641 1231 sit,
664 1199 841 1227 immutabilis
866 1200 1021 1228 substantia

1075 260 1250 296 φρονίζεσοαι
1275 260 1302 286 δὲ
1331 260 1431 295 μᾶλλον
1447 259 1491 286 διὰ
1513 259 1560 286 τοῦ
1584 259 1694 286 συνετοῦ
1718 260 1805 295 ῥητοῦ
1822 260 1872 295 τῆς

1075 306 1156 340 ἁγίας
1177 305 1224 332 καὶ
1241 305 1316 337 θείας
1338 305 1450 341 Γραφῆς
1469 305 1519 340 τῆς
1541 305 1691 340 λεγούσης·
1712 304 1760 338 Mi}
1783 306 1874 339 ὑπερ-

1074 352 1198 387 φρονεῖν
1215 352 1283 386 παρ’
1298 352 1314 379 ὃ
1330 352 1376 379 δεῖ
1393 352 1527 387 φρονεῖν,
1545 352 1626 379 ἀλλὰ
1639 351 1761 386 φρονεῖν
1779 353 1826 384 εὶς
1841 352 1873 378 τὸ

1074 398 1254 433 σωφρονεῖν.

1062 452 1145 479 quam
1173 443 1377 479 sapientissima
1403 443 1449 470 illa
1471 443 1621 479 Scripturte
1647 443 1786 471 sententia
1827 449 1873 468 ca-

1036 489 1081 516 sed
1096 497 1186 524 sapere
1198 489 1233 517 ad
1245 489 1442 517 sobrietatem‘.

1257 547 1458 574 ΚΕΦΛΛΑΙΟΝ
1477 547 1605 574 ΑΕΤΙΟΥ
1622 547 1684 574 ΛΒ¹.

1109 603 1141 629 Εἰ
1157 603 1280 638 διαμένει
1298 604 1326 629 ἐν
1339 603 1419 638 φύσει
1445 604 1593 639 ἀγεννήτου
1607 604 1621 629 ὁ
1637 603 1714 635 Θεὸς,
1728 602 1759 629 τὸ
1779 602 1810 628 ὲν
1826 610 1872 634 γε-

1073 649 1145 675 νέσει
1165 649 1212 675 καὶ
1228 649 1379 686 ἐιγεννησίᾳ¹
1390 650 1486 677 ἑαυτὸν
1502 650 1602 676 εἰδέναι
1620 648 1786 684 ἀφῃρήσθω.
1801 648 1873 681 Συγ-

1073 694 1249 730 χωρουμένου
1262 694 1290 720 δὲ
1308 695 1337 721 ὲν
1350 696 1491 730 ἀγεννήτῳ
1503 695 1551 722 καὶ
1565 694 1689 730 γεννητῷ
1703 694 1753 729 τὴν
1772 692 1872 719 ἑαυτοῦ

1072 740 1166 767 οὐσίαν
1183 739 1368 775 παρατείνειν,
1385 740 1465 773 αὐτὸς
1482 740 1580 767 ἑαυτοῦ
1595 741 1688 774 ἀγνοεί
1701 739 1752 775 τὴν
1763 738 1871 770 οὐσίαν,

1072 786 1271 822 περιαγόμενος
1298 787 1351 813 ὑπὸ
1370 787 1504 821 γενέσεως
1528 787 1575 813 καὶ
1591 786 1768 821 ἀγεννησίας.
1795 785 1829 811 Et
1846 785 1872 811 δὲ

1072 832 1119 859 καὶ
1134 832 1164 859 τὸ
1176 832 1304 868 γεννητὸν
1334 833 1481 868 μετείληφε
1502 832 1648 868 μετουσίας
1663 832 1828 866 ἀγεννήτου,
1844 830 1872 856 ἐν

1071 878 1100 904 δὲ
1114 877 1244 912 γεννητοῦ
1259 877 1339 912 φύσει
1352 878 1540 914 ἀτελευτήτως
1552 878 1686 913 διαμένει.
1702 877 1726 903 εί
1745 876 1799 912 μὲν
1815 876 1872 901 δια-

1074 923 1159 950 τελῶν
1175 923 1254 957 φύσει
1272 923 1402 958 γινώσκει
1423 924 1516 955 αὑτὸν,
1540 923 1645 959 ἀγνοῶν
1661 922 1741 958 δῆλον
1763 921 1807 948 ὃτι
1826 920 1872 955 τὴν

1075 969 1223 1003 ἀγέννητον
1235 970 1380 1006 μετουσίαν
1391 978 1398 984 ·
1414 970 1445 996 οὐ
1458 969 1512 1005 γὰρ
1525 966 1580 995 οἶόν
1592 977 1622 995 τε
1639 968 1721 996 αὑτὸν
1736 968 1805 1003 περὶ
1823 965 1872 992 αὐ-

1074 1014 1121 1042 τοῦ
1137 1017 1183 1043 καὶ
1195 1016 1343 1052 ἀγεννήτου
1357 1016 1450 1048 οὐσίας
1461 1015 1562 1050 γνῶσιν
1577 1015 1650 1051 ἔχειν
1661 1015 1708 1041 καὶ
1721 1015 1870 1050 γεννητῆς·

1075 1062 1100 1089 εί
1120 1061 1149 1088 δὲ
1168 1062 1408 1098 εὐκαταφρόνητόν
1429 1063 1488 1088 ἐστι
1508 1062 1539 1088 τὸ
1552 1061 1701 1096 ἀγέννητον
1723 1060 1770 1087 διὰ
1790 1068 1872 1096 μετα-

1076 1106 1157 1142 ϐολῆς
1183 1107 1405 1143 ἐπιτηδειότητα,
1428 1107 1536 1143 ἀξίωμα
1558 1106 1666 1142 φύσεώς
1682 1107 1759 1133 ἐστιν
1779 1105 1870 1136 οὐσία.

1076 1151 1264 1187 ἀμετάϐλητος
1290 1152 1341 1187 τῆς
1365 1153 1513 1188 ἀγεννήτου
1536 1152 1648 1186 οὐσίας,
1674 1151 1767 1186 πάσης
1782 1149 1871 1180 αἰτίας

1075 1201 1229 1236 κρείττονος
1243 1202 1472 1238 ὀμολογουμένης.

233 1250 337 1273 naturae
360 1246 484 1274 oumdnm
505 1247 625 1282 dignitas
651 1252 708 1278 est,
735 1254 795 1274 cum
839 1248 958 1283 ingenita
994 1248 1147 1276 substantia
1168 1250 1291 1277 omnium
1326 1249 1501 1278 confessione
1520 1250 1614 1278 causis
1644 1250 1777 1280 omnibus
1795 1254 1872 1278 ante-

232 1291 320 1318 crllat.

480 1348 632 1381 Confutatt'o
648 1348 773 1375 XXXII.

271 1403 291 1430 l.
310 1402 416 1431 Nemini
436 1403 549 1431 dubium
567 1408 620 1436 est,
646 1405 711 1439 quin
734 1404 854 1440 ingenita
872 1403 900 1431 in
922 1408 1023 1431 natura

234 1452 306 1480 Deus
326 1456 495 1487 perseveret,
520 1452 619 1486 Pater;
634 1453 680 1488 qui
699 1453 733 1480 de
755 1454 841 1480 nihilo
860 1453 964 1480 creavit
989 1460 1022 1480 ac

233 1498 377 1526 fabricavit
398 1498 505 1531 omnia,
520 1497 620 1526 Filium
643 1506 708 1526 vero
724 1498 988 1526 consubstantialem
1006 1506 1021 1526 e

1346 1347 1508 1382 Ἀνιιτροπὴ
1528 1350 1594 1376 AB’.

1110 1403 1148 1428 A'.
1176 1402 1219 1430 Ἐν
1239 1403 1380 1438 ἀγεννήτῳ
1404 1402 1485 1437 φύσει
1504 1404 1627 1439 διαμένει
1644 1405 1870 1441 ἀναμφιϐόλωςὸ

1073 1447 1149 1480 Θεὸς,
1164 1448 1178 1474 ὁ
1195 1448 1229 1475 τὰ
1245 1449 1333 1475 πάντα
1350 1449 1446 1481 κτίσας
1462 1449 1492 1482 ἐξ
1504 1450 1554 1476 οὐκ
1566 1450 1662 1484 ὄντων,
1677 1453 1724 1478 καὶ
1740 1453 1868 1490 δημιουρ-

1073 1495 1162 1530 γήσας
1173 1495 1187 1521 ὀ
1201 1494 1306 1530 Πατὴρ,
1320 1496 1454 1530 γεννήσας
1465 1495 1495 1528 ἐξ
1506 1496 1604 1523 ἑαυτοῦ
1618 1497 1763 1532 ὸμοούσιον
1780 1499 1868 1534 ἑαυτῷ

234 1544 324 1579 seipso
352 1547 434 1579 atque
454 1544 599 1571 aeternitati
621 1552 678 1572 suae
700 1547 896 1580 congruentem
913 1544 1020 1578 genuit;

1075 1540 1138 1567 Υίὸν
1149 1560 1156 1572 ,
1172 1540 1220 1567 καὶ
1239 1540 1436 1576 συμπρέποντα
1453 1542 1486 1576 τῇ
1507 1541 1590 1568 αὐτοῦ
1604 1543 1734 1579 ἀῖδιότητι
1747 1564 1756 1576 ,
1778 1545 1867 1572 καὶτὸ

234 1598 340 1617 necnon
357 1595 383 1617 ct
404 1589 535 1625 Spiritum
551 1594 676 1618 sanctum
692 1598 708 1617 e
723 1590 814 1625 seipso
828 1590 1021 1625 procedentem

233 1642 259 1662 et
279 1636 400 1670 ejusdem
419 1637 580 1664 antistantiie
595 1637 782 1663 communioni
809 1643 936 1671 peraeque
952 1644 1020 1662 con-

233 1683 385 1710 venientem
412 1683 551 1718 produxit.
571 1681 648 1715 Quod
673 1686 764 1710 autem
780 1682 874 1710 cadent
897 1682 942 1708 illa
961 1681 1022 1708 Tri-

233 1731 304 1756 nitas
334 1736 503 1763 quaecunqne
526 1733 591 1755 sunt
616 1736 632 1755 e
661 1728 747 1755 nihilo
774 1728 944 1762 procreavit,
966 1732 1021 1754 tam

232 1775 420 1809 aspectabilia,
434 1781 518 1809 quam
535 1781 596 1808 quae
611 1777 753 1808 aspectum
771 1773 889 1808 fugiunt,
909 1780 964 1800 non
981 1773 1023 1800 id-

233 1821 307 1847 circo
337 1820 362 1846 id
384 1820 491 1854 ipsum,
519 1819 591 1854 quod
614 1819 713 1846 divinae
739 1819 875 1853 maiestati
904 1826 1022 1846 consen-

235 1869 344 1892 taneum
361 1869 413 1896 est,
441 1865 492 1892 hoc
509 1870 553 1892 est
567 1864 725 1892 exsistentis
745 1864 896 1895 aeternitas,
917 1864 1021 1891 recenti

234 1911 279 1937 illa
295 1914 448 1936 creatarum
465 1916 557 1937 rermu
569 1907 750 1942 appellatione
760 1908 940 1936 subtrahitur.
954 1908 1022 1936 Nam

235 1954 270 1981 ab
287 1954 401 1980 istarum
422 1953 580 1980 conditione
605 1960 712 1980 summa
735 1953 780 1980 illa
803 1954 956 1980 substantia
990 1961 1021 1980 ac

235 1999 394 2033 praecellens
414 1998 560 2030 eximitur,
579 1999 743 2033 quibuscum
763 1998 875 2026 minime
900 1999 1022 2026 consub-

233 2044 369 2072 stantialis
394 2048 448 2076 est,
464 2044 510 2071 sed
530 2051 577 2071 eas
603 2052 618 2072 e
643 2044 729 2071 nihilo
753 2044 855 2079 aliquid
877 2048 908 2071 ut
929 2050 1022 2072 essent

233 2089 371 2117 excitavit.
399 2089 489 2122 Quare
517 2088 603 2116 Filius
630 2096 644 2115 a
671 2088 750 2116 Patre
778 2088 907 2123 genitus,
930 2097 985 2116 non
1006 2097 1022 2117 e

233 2135 328 2168 nihilo,
343 2134 391 2162 sed
413 2142 446 2162 ex
462 2142 494 2162 eo
515 2135 628 2169 quiest,
653 2134 848 2161 comenienter
872 2134 1021 2169 productus

234 2181 413 2216 intelligitur:
432 2179 500 2207 adeo
525 2185 554 2206 ut
575 2187 664 2215 neque
689 2179 826 2211 collatata,
846 2187 934 2215 neque
956 2187 1022 2207 con-

1073 1585 1104 1618 ὲξ
1117 1585 1201 1612 αὐτοῦ
1212 1585 1290 1619 ἅγιον
1304 1586 1416 1621 Πνεῦμα
1432 1586 1552 1619 ἐξελθὸν,
1565 1589 1725 1623 πρεπόντως
1742 1590 1866 1627 ὑπάρχον

1072 1633 1106 1667 τῇ
1119 1631 1201 1658 αὐτοῦ
1217 1631 1417 1667 ὀμοουσιότητι.
1433 1632 1488 1659 Καὶ
1499 1632 1571 1667 οὔτε,
1586 1635 1736 1670 ἐπειδήπερ
1749 1637 1767 1672 ἡ
1784 1638 1866 1673 Τριὰς

1073 1676 1179 1702 ἔκτισεν
1196 1675 1226 1709 ἐξ
1239 1677 1289 1703 οὐκ
1302 1676 1386 1703 ὄντων
1398 1677 1432 1704 τὰ
1447 1677 1523 1710 ὅντα,
1537 1679 1624 1714 ὁρατά
1642 1688 1671 1706 τε
1687 1681 1734 1707 καὶ
1751 1683 1865 1718 ἀόρατα,

1073 1721 1148 1756 παρὰ
1171 1720 1251 1747 τοῦτο
1275 1721 1426 1758 ἀναιρεῖται
1447 1722 1478 1748 τὸ
1494 1723 1645 1758 ἀναλογοῦν
1665 1725 1704 1760 τῷ
1725 1727 1776 1754 τοῦ
1802 1728 1865 1754 Θεοῦ

1072 1765 1207 1800 ἀξιώματι
1220 1765 1264 1792 διὰ
1281 1766 1327 1792 τοῦ
1344 1768 1502 1802 προσφάτου
1524 1768 1579 1795 τῶν
1597 1771 1756 1806 κτισμάτων
1773 1773 1866 1808 evolu-

1072 1820 1134 1844 τος,
1151 1813 1167 1847 ἡ
1184 1811 1229 1838 τοῦ
1249 1812 1324 1844 ὄντος
1337 1813 1468 1848 ὰῖᾶιότηςι.
1496 1815 1666 1852 ’Δφαιρεῖται
1689 1818 1717 1844 δὲ
1738 1819 1797 1846 ἀπὸ
1815 1818 1866 1845 τῶν

1075 1858 1260 1892 κεκτισμένων
1276 1858 1291 1892 ἡ
1307 1857 1410 1885 ἄνωθεν
1425 1859 1627 1894 ὑπερϐαίνουσα
1639 1862 1728 1895 οὐσία,
1739 1865 1792 1891 οὐκ
1803 1862 1866 1892 οὖσα

1072 1902 1176 1934 τούτοις
1189 1902 1343 1937 ὁμοούσιος,
1358 1903 1388 1937 ἐξ
1402 1905 1453 1931 οὐκ
1475 1905 1560 1932 ὄντων
1573 1906 1601 1933 δὲ
1615 1907 1755 1936 καλέσασα
1770 1910 1819 1937 τοῦ
1834 1908 1866 1937 εῐ-

1073 1957 1126 1974 ναι.
1152 1949 1198 1975 Διὸ
1216 1949 1230 1974 6
1252 1950 1451 1986 γεγεννημένος
1474 1951 1539 1983 re;
1561 1953 1611 1980 οὐκ
1637 1954 1666 1987 ἐξ
1693 1955 1744 1982 οὐκ
1772 1956 1863 1989 ὅντων,

1073 1993 1140 2020 ἀλλὰ
1160 1995 1192 2022 ὲκ
1214 1995 1261 2022 τοῦ
1284 1995 1361 2028 ὄντος
1385 1998 1603 2032 συμπρεπόντως
1631 2000 1689 2035 ἅμα
1711 2001 1863 2038 Θεωρεῖται,

1072 2039 1134 2066 οὔτε
1150 2041 1384 2076 παρατεινομένης
1403 2042 1453 2077 τῆς
1470 2043 1580 2077 οὐσίας,
1603 2045 1665 2071 οὔτε
1686 2048 1863 2084 συστελλομέ-

1072 2093 1135 2120 νης’
1152 2085 1220 2112 ἀλλὰ
1233 2086 1340 2122 πνεῦμα
1353 2087 1390 2114 ὣν
1405 2089 1418 2115 ὁ
1430 2089 1535 2125 Πατὴρ,
1549 2090 1658 2126 πνεῦμα
1673 2091 1811 2127 ἀληθινῶς
1822 2094 1863 2119 τὸν

1073 2132 1136 2158 Υἱὸν
1153 2132 1292 2168 ἐγέννησε,
1309 2133 1355 2160 καὶ
1373 2134 1403 2166 ἐξ
1415 2135 1461 2161 ἑαυ
1471 2135 1512 2162 τοῦ
1524 2136 1654 2171 ἐξήνεγκε
1667 2137 1696 2164 τὸ
1711 2139 1826 2175 Πνεῦμα
1836 2138 1862 2164 τὸ

1073 2178 1162 2213 ἅγιον.
1180 2179 1236 2206 Καὶ
1252 2181 1301 2215 οὺχ
1316 2181 1412 2207 ἑαυτὸν
1429 2181 1537 2216 ἀγνοεῖ,
1559 2182 1622 2209 οὔτε
1640 2184 1690 2219 τὴν
1709 2186 1808 2213 ἑαυτοῦ
1821 2185 1863 2212 οὑ-

233 2231 320 2254 tracta
340 2227 376 2254 sit
396 2227 560 2254 substantia.
574 2226 673 2254 Verum
692 2225 739 2261 qui
755 2225 868 2261 spiritus
886 2229 927 2254 est
942 2225 1020 2254 Pater

1075 2225 1137 2252 σίαν
1152 2226 1365 2262 συστελλομένην
1385 2228 1401 2264 ἢ
1423 2228 1629 2266 πλατυνομένην
1643 2229 1714 2257 οἶδεν
1724 2252 1731 2263 ,
1746 2232 1763 2268 ἦ
1782 2232 1863 2267 τομὴν

233 2273 358 2307 spiritum
390 2272 503 2307 perinde
523 2271 621 2299 Filium
645 2271 757 2307 genuit,
782 2275 864 2307 atque
886 2279 902 2298 e
931 2271 1022 2306 seipse

233 2324 358 2347 sanctum
385 2317 516 2353 Spiritum
537 2318 638 2345 emisit.
663 2317 755 2352 Neque
769 2325 833 2345 vero
858 2322 904 2344 aut
920 2321 1022 2345 semet-

234 2366 323 2400 ipsum
342 2365 464 2399 ignorat,
484 2367 530 2391 aut
549 2367 718 2390 contractam
737 2363 929 2390 collatatamve
942 2370 1021 2390 suam

233 2410 309 2436 novit
326 2409 520 2441 substantiam,
538 2409 596 2436 sive
619 2409 710 2443 aliqua
728 2409 850 2436 sectione
867 2408 1018 2436 concisam.

234 2455 296 2482 llzec
311 2455 383 2482 enim
404 2457 495 2482 omnia
509 2454 544 2482 de
565 2453 619 2481 Deo
647 2455 728 2490 981
744 2455 866 2489 cogitare
881 2454 962 2481 nimis
979 2460 1022 2480 est.

234 2501 405 2533 absurdum,
423 2505 452 2528 ut
465 2501 529 2535 quid
552 2501 588 2528 sit
610 2499 729 2535 Spiritus
744 2503 856 2527 sanctus
872 2498 946 2526 Deus
963 2498 1022 2534 ipse

235 2547 350 2574 nesciat.
376 2547 414 2574 Ac
438 2555 527 2581 neque
549 2546 685 2582 ingenitus
710 2553 772 2573 cum
804 2545 924 2580 ingenito
952 2544 1022 2572 Filio

235 2593 478 2621 consubstantialis
490 2601 542 2620 non
556 2596 616 2625 est;
636 2599 724 2627 neque
739 2592 848 2627 genitus
865 2592 924 2627 ipse
942 2599 1020 2619 com-

233 2647 342 2668 munem
358 2647 420 2667 cmn
446 2635 526 2667 Patre
545 2638 724 2666 aeternitatem
747 2646 801 2665 non
823 2638 956 2665 continet.
973 2637 1020 2664 Et-

233 2685 306 2713 enim
319 2685 400 2713 Pater
422 2685 533 2718 Filium,
551 2684 636 2711 Filius
655 2683 763 2711 Patrem
780 2684 934 2719 cognoscit.
955 2682 1019 2710 Tri-

233 2733 304 2759 nitas
329 2740 412 2767 porro
440 2733 498 2767 ipsa
529 2731 590 2759 sine
616 2729 672 2756 ullo
697 2729 750 2758 ﬁne
769 2734 860 2757 manet
887 2730 1019 2762 increata,

233 2777 386 2812 occiditque
411 2786 559 2812 nunquam.
579 2777 664 2805 Filius
694 2785 758 2804 vero
787 2785 801 2803 a
819 2776 901 2804 Patre
922 2783 1019 2804 revera

267 2856 274 2870 '
293 2855 373 2882 Rom.
392 2863 438 2886 an,
458 2856 483 2883 5.

1076 2271 1272 2306 ὕψιστα-μένην.
1293 2271 1385 2299 Ταῦτα
1404 2275 1458 2310 γὰρ
1480 2274 1568 2301 πάντα
1590 2275 1655 2310 περὶ
1678 2275 1745 2303 Θεὸν
1769 2277 1862 2303 εἰδέναι

1075 2316 1246 2350 ἀλογώτατον
1259 2325 1267 2332 '
1282 2317 1352 2345 ὥστε
1366 2319 1413 2345 καὶ
1428 2320 1536 2354 ἀγνοεῖν
1557 2321 1624 2347 αὐτὸ
1644 2321 1676 2348 τὸ
1694 2321 1784 2352 Θεῖον,
1800 2322 1862 2356 ὅπερ

1074 2363 1133 2389 ἐστὶ
1160 2362 1206 2389 τὸ·
1224 2363 1302 2397 ἇγιον
1321 2364 1442 2400 Πνεῦμα.
1468 2366 1524 2392 Καὶ
1546 2365 1609 2392 οὔτε
1629 2367 1643 2393 6
1667 2367 1815 2402 ἀγέννητος
1834 2366 1861 2392 οὐ

1075 2409 1241 2444 συμμετέχει
1257 2409 1298 2445 τῷ
1320 2411 1470 2446 γεννήματι
1485 2411 1516 2438 τὸ
1533 2412 1686 2447 ὁμοούσιον,
1703 2412 1766 2439 οὔτε
1783 2415 1797 2440 ὀ
1810 2421 1861 2446 γεν-

1076 2455 1156 2490 νητὸς
1168 2456 1199 2482 οὺ
1214 2456 1392 2492 συμπεριέχει
1407 2457 1447 2492 τῷ
1462 2457 1551 2493 Πατρὶ
1567 2458 1598 2485 τὸ
1621 2459 1714 2486 ἀῖδιον.
1732 2457 1795 2486 Οἵδε
1813 2457 1861 2493 γὰρ

1075 2500 1089 2525 ὁ
1109 2500 1203 2536 Πατὴρ
1216 2500 1261 2527 τὸν
1274 2501 1348 2533 Υίὸν,
1366 2502 1413 2528 καὶ
1428 2502 1443 2528 ὀ
1460 2502 1522 2534 Υἱὸς
1535 2501 1589 2529 οἶδε
1599 2504 1645 2530 τὸν
1659 2504 1787 2539 Πατέραυ
1805 2503 1861 2529 ἀτε-

1075 2547 1213 2583 λευτήτως
1235 2547 1279 2573 ἀεὶ
1295 2547 1344 2582 τῆς
1367 2547 1482 2583 Τριάδος
1501 2549 1629 2575 ἀκτίστου
1648 2549 1801 2584 μενούσης,
1818 2546 1860 2574 καὶ

1075 2593 1259 2628 ἀτελευτήτως
1273 2593 1450 2629 ὑπαρχούσης
1459 2602 1466 2609 ·
1481 2594 1528 2620 τοῦ
1542 2594 1713 2628 Μονογενοῦς
1735 2601 1859 2629 γεγεννη-

1076 2639 1157 2674 μένου
1170 2640 1202 2666 ὲκ
1220 2639 1267 2666 τοῦ
1281 2639 1324 2666 ἀεὶ
1338 2640 1426 2672 ὄντος,
1443 2640 1527 2672 ὅντως
1544 2641 1630 2673 ὖντος,
1645 2641 1692 2668 καὶ
1712 2642 1741 2668 έν
1757 2641 1810 2676 ἰδίᾳ
1821 2647 1858 2666 τε-

1074 2685 1134 2721 λείᾳ
1149 2685 1238 2719 φύσει.
1266 2686 1312 2712 Διὸ
1334 2685 1464 2721 γινώσκει
1487 2687 1600 2714 ἑαυτὸν
1623 2688 1670 2714 καὶ
1690 2687 1740 2713 οὐκ
1777 2687 1859 2723 ἀγνοεῖ

1073 2730 1135 2757 οὔτε
1154 2732 1168 2758 ὁ
1189 2731 1253 2763 Υίὸς
1275 2731 1326 2767 τὴν
1349 2731 1495 2768 ἀγέννητον
1518 2733 1625 2769 Πατρὸς
1645 2733 1749 2765 οὐσίαν,
1769 2733 1827 2759 οὒτε
1846 2730 1859 2755 ὁ

1073 2777 1221 2813 ἁγέννητος
1236 2777 1285 2813 τὴν
1298 2777 1345 2804 τοῦ
1360 2777 1425 2804 Υἱοῦ
1446 2777 1476 2811 ἐξ
1493 2778 1575 2805 αὑτοῦ
1589 2778 1694 2812 οὐσίαν,
1708 2777 1858 2810 ἀξιοπίστω

522 2857 531 2871 ¹
548 2856 577 2882 F.
593 2855 667 2883 deest
681 2855 784 2891 Πατὴρ,
803 2856 849 2884 καὶ
869 2855 940 2889 Υἱὸς,
954 2856 999 2882 καὶ
1015 2855 1055 2887 τὸ,
1068 2860 1119 2882 etc.
