1945 3043
114 192 164 220 (ΞΞΙ

423 191 606 219 Αῡνιίιιευδ
625 191 796 218 ΠΑΞΚΕΒΕΞ
817 191 878 218 ΜΒ.
895 191 899 218 I

959 190 1041 218 TUM.
1064 190 1084 218 I.
1106 205 1137 210 —
1161 190 1296 219 II/EIIES.
1319 190 1436 220 LXXVI.

1685 193 1740 221 6Ξῖ

111 252 189 283 hic;
201 250 248 277 τοῦ
263 250 424 286 μονογενοῦς
439 250 506 277 Θεοῦ
519 251 606 285 Λόγου
620 251 756 287 φήσαντος
768 258 775 266 ·
795 250 899 284 οὐδεὶς

954 258 982 278 ac
995 258 1102 286 semper
1118 251 1266 279 exsistente
1284 252 1311 279 in
1333 252 1441 288 propria
1457 250 1630 288 perfectaque
1645 259 1740 280 natura

111 295 176 324 οἵδε
189 297 242 324 τὸν
257 297 373 332 Πατέρα
384 298 410 324 εἰ
421 296 465 332 μὴ
478 298 494 323 ὁ
510 298 586 330 Υἱὸς,
599 297 650 324 καὶ
667 297 721 324 τὸν
737 296 806 324 Υὶὸν
818 297 845 323 εἰ
855 296 898 331 μὴ

110 344 128 370 ὁ
145 342 255 377 Πατήρ.

955 296 1062 330 genitus
1078 300 1130 324 est.
1157 295 1198 324 0b
1221 297 1247 324 id
1273 298 1450 333 semetipsum
1469 299 1562 333 novit;
1581 307 1669 334 neque
1694 302 1743 326 aut

955 342 1041 369 Filius
1058 343 1206 378 ingenitam
1224 343 1314 371 Patris
1327 345 1521 375 substantiam.
1539 349 1586 372 aut
1602 345 1742 381 ingenitus

111 387 184 419 Filii,
200 395 281 422 quem
300 387 438 422 produxit.
457 387 585 422 ignorare
603 391 702 423 potest.
731 390 834 423 Dignus
856 391 898 414 est
916 387 988 414 enim
1005 387 1090 415 Filius
1105 387 1172 423 ipse,
1196 388 1239 415 cui
1256 388 1296 415 sic
1311 389 1431 423 loquenti
1461 389 1527 417 lides
1561 390 1740 422 adhibeatur:

111 432 197 460 Nemo
212 433 282 459 norit
300 432 409 459 Patrem
427 432 479 459 nisi
493 431 592 464 Filius,
612 437 636 459 et
656 432 758 459 Filium
778 433 830 460 nisi
846 432 927 459 Pater
941 432 960 458 ¹.

146 478 184 506 B’.
197 479 241 505 Διὸ
264 479 416 514 ἀφῃρήσθω
435 479 465 505 τὸ
485 479 580 505 τούτου
599 478 647 506 τοῦ
663 479 778 512 γεννάδα
797 479 899 506 ’Λετίου

109 523 293 558 ἀποφαντικὸν
311 523 459 558 κέλευσμα,
480 523 510 550 τὸ
525 525 630 559 φῆσαν·
647 533 656 549 ι
675 524 712 551 Οὐ
731 524 784 560 γὰρ
801 521 857 551 οἷόν
871 532 901 550 τε

109 570 193 597 αὑτὸν
216 570 281 605 περὶ
308 569 406 596 ἑαυτοῦ
437 570 484 596 καὶ
515 570 662 605 ἀγεννήτου
683 570 776 602 οὐσίας
801 571 901 605 γνῶσιν

109 615 249 650 ἔχειν,καὶ
273 615 444 650 ἀγεννησίας.
466 615 625 651 »Προῦλαϐες
647 615 700 651 γὰρ
717 617 730 642 ὀ
749 617 904 650 Μονογενὴς

108 660 292 696 παραγράψαι
314 661 363 696 τὴν
384 660 542 696 δικαστικὴν
566 662 650 688 αὐτοῦ
677 661 778 697 ταύτην
802 661 904 696 φωνὴν,

108 706 200 741 φήσας
215 707 312 733 ἑαυτὸν
325 706 424 733 εἰδέναι
439 706 485 733 τὸν
500 706 621 742 Πατέρα,
640 707 687 734 καὶ
700 707 778 734 ἄλλον
791 707 885 734 οὐδένα
895 716 902 723 ·

109 751 322 787 συμπεριλαϐών
351 752 409 787 ἄμα
439 753 486 779 καὶ
508 752 555 779 τοῦ
577 752 735 788 Πνεύματος
758 753 839 779 αὑτοῦ
855 753 901 780 τοῦ

109 797 188 831 ἁγίου
209 794 240 823 τδ
261 797 430 834 ὲνύπαρκτον
443 806 449 813 ·
466 798 503 830 ὡς
523 798 570 824 καὶ
593 799 621 824 ὲν
644 798 717 834 ἄλλῳ
736 799 847 833 φάσκει,
861 799 902 825 ὅτι

113 843 148 870 Τό
161 843 284 878 Πνεῦμα
312 844 365 871 τοῦ
387 844 503 877 Πατρὸς
524 843 636 876 διδάξει
651 843 739 879 ὑμᾶς.
762 841 790 870 EI.
807 845 835 870 δὲ
855 844 901 871 τοῦ

109 889 216 924 Πατρός
242 890 300 915 ἐστι
320 890 350 915 τὸ
374 889 497 924 Πνεῦμα,
525 889 575 916 οὐκ
589 890 682 923 ἀγνοεῖ
699 890 746 916 καὶ
771 889 837 917 αὐτὸ
855 890 901 916 τὸν

109 934 228 970 Πατέρα.
251 935 295 961 Ἐν
310 934 337 961 δὲ
351 935 389 970 τῷ
409 935 549 971 εἰρηκέναι
562 944 568 951 ·
592 935 696 969 Οὐδεὶς
704 934 765 963 οἶδε
777 936 831 962 τὸν
843 938 901 963 Πα-

108 979 190 1012 τέρα,
205 980 231 1005 ει
241 979 283 1013 μὴ
298 981 314 1006 o'
334 979 410 1012 Υἱὸς,
421 979 465 1006 ἵνα
479 980 584 1013 ἑαυτὸν,
602 980 707 1007 καὶτὸν
718 979 838 1015 Πατέρα,
854 979 902 1006 καὶ

108 1024 141 1051 τὸ
152 1024 263 1059 Πνεῦμα
278 1025 308 1051 τὸ
324 1024 400 1059 ἅγιον
415 1025 602 1061 ὑπερϐεϐηκὸς
622 1026 730 1061 σημάνῃ
741 1025 796 1052 τῶν
814 1024 902 1053 ἄλλων

107 1070 165 1096 τῶν
187 1071 223 1106 μὴ
247 1070 340 1102 arato;
366 1071 555 1106 ὑπαρξάντων,
578 1071 732 1106 γενομένων
763 1071 803 1098 δέ.
824 1071 855 1098 Et
873 1071 901 1097 δὲ

109 1115 264 1150 προῦλαῦεν
294 1117 337 1143 ἀεὶ
368 1116 467 1143 εἰδέναι
498 1116 543 1143 τὸν
569 1116 691 1152 Πατέρα,
721 1116 808 1152 μάτην
835 1117 902 1151 ἡμῖν

115 1161 218 1193 Ἀἑτιος
240 1161 404 1188 κενολεκτῶν
423 1161 586 1194 ὑπεισδύνει,
603 1162 697 1196 σαφῶς
713 1163 796 1189 πᾶσιν
809 1162 846 1189 ὢν
856 1162 902 1198 δῆ-

108 1207 167 1240 λος,
180 1208 220 1234 ὅτι
233 1207 270 1239 ὡς
282 1207 424 1244 ἄνθρωπος
443 1207 589 1242 λογίζεται,
606 1207 744 1243 σαρκικῶς
757 1207 901 1244 ἀνακρινό-

111 1263 203 1289 μενος,
222 1254 268 1280 καὶ
283 1253 397 1289 ψυχικὸς
416 1254 546 1289 ὑπάρχων
558 1254 602 1281 διὰ
623 1254 669 1280 τὸν
685 1253 779 1280 ἑαυτὸν
798 1253 902 1281 καὶτὸν

111 1299 223 1334 Πατέρα
245 1299 422 1333 γινώσκοντα,
449 1300 496 1326 καὶ
518 1300 548 1327 τὸ
569 1299 646 1334 ἅγιον
672 1298 754 1327 αὑτοῦ
779 1298 900 1335 Πνεῦμα.

118 1343 264 1380 Ἐξῄρηται
277 1342 323 1371 οὖν
344 1345 434 1380 πάσης
452 1345 541 1377 αἰτίας
570 1345 584 1371 ὁ
607 1345 684 1377 Θεὸς,
703 1346 734 1372 οὐ
749 1345 828 1380 μόνον
846 1345 902 1371 Πα-

111 1390 175 1425 τὴρ,
194 1389 260 1416 ἀλλὰ
274 1391 319 1416 καὶ
333 1391 407 1422 Υἱὸς,
421 1391 468 1417 καὶ
478 1391 554 1425 ἆγιον
567 1391 679 1426 Πνεῦμα
690 1399 697 1406 ·
713 1391 761 1426 τῆς
777 1391 903 1426 θεότητος

112 1432 230 1468 Πατρὸς,
247 1434 293 1460 καὶ
304 1433 380 1466 Υἰοῦ,
397 1435 443 1461 καὶ
458 1435 536 1468 ἁγίου
548 1434 704 1471 Πνεύματος
721 1435 903 1471 ὁμολογουμέ-

112 1486 162 1513 νης
177 1479 330 1513 κρείττονος
345 1480 435 1515 πάσης
450 1480 549 1512 αἰτίας.

299 1631 497 1658 ΚΕΦΑΛΔΙΟΝ
513 1632 640 1659 ΔΕΊΊΟΥ
656 1632 718 1660 AI".

150 1687 182 1714 Εἰ
202 1687 234 1714 τδ
257 1687 403 1723 ἀγέννητον
428 1688 518 1723 πάσης
540 1688 630 1720 αἰτίας
646 1688 784 1724 ἐξῄρηται,
809 1689 852 1724 εἴη
874 1689 903 1716 δὲ

112 1731 200 1758 πολλὰ
223 1732 372 1767 ἀγέννητοι·
389 1733 597 1768 ἀπαράλλακτον
618 1733 708 1765 ἕξουσι
733 1734 783 1770 τὴν
808 1733 900 1768 φύσιν.

111 1777 151 1803 υὺ
168 1777 223 1812 γὰρ
237 1777 279 1807 ἂν,
297 1778 334 1812 μὴ
347 1777 536 1812 ἀποκληρώσει
549 1777 656 1812 φύσεώς
673 1787 743 1810 τινος
756 1778 845 1805 κοινοῦ
857 1779 903 1805 καὶ

113 1823 181 1849 ιδίου
197 1823 414 1858 μετειληφυῖα,ἡ
434 1823 482 1858 μὲν
501 1823 598 1856 ἐποίει,
617 1824 673 1859 ἠδὲ
686 1825 799 1859 ἐγίνετο.

387 1922 552 1957 Ἀνατροπὴ
571 1925 619 1950 ΛΓ

151 1982 246 2015 Πάσης
259 1980 348 2011 αἰτίας
358 1979 487 2016 ἐξῄρηται
505 1981 726 2016 ὁμολογουμένως
742 1981 772 2008 τὺ
787 1982 885 2016 ἀγέννη

112 2037 170 2060 τον,
203 2028 269 2054 διότι
283 2027 312 2053 ἒν
338 2027 396 2053 ἐστι
416 2027 447 2053 τὺ
465 2027 612 2063 ἀγέννητον
639 2023 685 2051 καὶ
702 2023 897 2058 προσκυνητὸν,

111 2073 301 2109 διαιρουμένου
328 2071 374 2099 τοῦ
400 2071 588 2108 προσκυνητοῦ
618 2072 672 2098 ἀπὸ
702 2071 757 2098 τῶν
781 2080 901 2107 προσκυ-

111 2120 239 2147 νούντων.
252 2118 431 2154 Προσκυνητὴ
449 2118 478 2145 δέ
497 2119 570 2144 ἐστιν
586 2119 602 2154 ή
617 2118 639 2143 Τ
642 2117 712 2153 ριὰς,
729 2117 811 2153 μονὰς
825 2116 900 2150 οὖσα,

112 2165 160 2192 καὶ
183 2166 213 2191 ὲν
236 2164 276 2191 ἐνὶ
298 2164 409 2199 ὀνόματι
426 2163 615 2200 ἀριθμουμένη
631 2163 726 2198 Τριάς,
745 2164 839 2199 Πατὴρ
854 2163 901 2190 καὶ

112 2211 189 2242 Υἱὸς,
207 2211 254 2236 καὶ
268 2210 344 2244 ἆγιον
365 2209 476 2246 Πνεῦμα
488 2217 494 2224 ·
512 2210 562 2236 οὐκ
584 2209 724 2245 ἀλλότριον
741 2209 772 2235 τδ
802 2209 902 2243 ἑαυτῆς

988 477 1017 504 ΙΙ,
1035 478 1216 510 Quamobrem
1233 479 1477 506 circumscribatur
1499 486 1513 505 a
1537 478 1679 506 temerario
1694 479 1741 506 illo

951 524 1049 555 Aetio,
1076 528 1206 558 tanquam
1224 532 1238 550 a
1254 524 1348 558 judice
1360 543 1367 556 ,
1388 524 1563 559 pronuntiata
1583 524 1738 552 sententia:

955 571 1028 598 «Non
1036 569 1160 597 eumdem
1168 570 1201 597 de
1214 570 1306 605 scipso
1329 577 1410 605 posse
1425 570 1523 605 genitae
1538 574 1641 597 natura:
1659 570 1741 597 simul

954 619 982 642 et
996 613 1125 650 ingenita:
1146 614 1294 641 informare
1308 613 1589 642 scientiamuEtenim
1602 615 1676 642 illius
1691 614 1741 642 de-

955 665 1031 688 creto
1056 660 1219 695 jampridem
1254 661 1326 688 unici
1355 660 1400 688 Dei
1417 660 1477 688 Filii
1506 665 1654 689 auctoritas
1673 670 1743 697 prae-

955 706 1077 741 scripsit,
1091 714 1153 733 cum
1168 713 1197 733 se
1212 705 1320 733 Patrem
1333 714 1425 738 nosse,
1440 714 1490 734 nec
1502 707 1584 734 alium
1601 712 1741 742 prmterea,

954 752 1076 779 deliniit:
1093 751 1192 786 quibus
1204 752 1295 778 verbis
1308 752 1390 779 etiam
1409 751 1540 786 Spiritum
1558 757 1684 780 sanctum
1702 753 1742 780 si-

954 797 1009 824 mul
1037 797 1212 824 exsistentem
1242 797 1401 831 complexus
1428 801 1491 828 est,
1512 797 1740 833 quemadmodum

953 842 1006 869 alio
1031 842 1058 869 in
1081 843 1141 868 loco
1160 842 1245 869 dixit:
1271 842 1386 876 Spiritus
1415 841 1505 869 Patris
1529 843 1631 870 docebit
1658 852 1702 870 vos
1718 844 1740 872 '.

953 887 1029 921 Quod
1050 888 1073 916 si
1089 887 1181 915 Patris
1198 888 1243 916 ille
1259 888 1378 923 Spiritus
1390 892 1449 921 est,
1469 896 1504 916 ne
1525 889 1614 924 ipsum
1632 889 1742 925 quidem

952 933 1059 960 Patrem
1088 933 1204 968 ignorat.
1226 933 1294 960 Cum
1321 937 1413 962 autem
1445 934 1533 961 dixit:
1557 933 1641 961 Nemo
1671 935 1743 963 novit

952 979 1060 1006 Patrem
1075 980 1127 1007 nisi
1143 979 1241 1011 Filius,
1260 981 1438 1016 semetipsum
1454 980 1567 1015 pariter.
1583 983 1611 1008 et
1621 980 1741 1014 Patrem,

951 1033 984 1053 ac
1001 1025 1133 1061 Spiritum
1149 1030 1275 1054 sanctum
1288 1045 1295 1058 ,
1315 1030 1475 1053 ca-terorum
1499 1033 1560 1061 quae
1588 1026 1623 1053 ab
1638 1030 1743 1055 aeterno

952 1080 1006 1099 non
1022 1076 1086 1099 sunt
1096 1092 1103 1103 ,
1123 1072 1170 1099 sed
1192 1076 1333 1107 procreata
1346 1075 1410 1099 sunt
1422 1091 1430 1104 ,
1446 1071 1630 1098 conditionem
1646 1078 1742 1100 exces-

952 1118 1022 1146 sisse
1035 1117 1181 1152 signiﬁcat.
1198 1116 1380 1149 Quamobrem
1396 1124 1458 1143 cum
1469 1116 1503 1143 ab
1519 1120 1622 1144 interno
1632 1115 1742 1144 Patrem

952 1162 1038 1190 Filius
1053 1163 1210 1198 cognoverit
1223 1181 1230 1193 ,
1257 1161 1358 1189 frustra
1378 1161 1457 1189 nobis
1480 1162 1575 1190 Aetius
1590 1162 1742 1198 nugaeibus

953 1209 1011 1236 suis
1027 1207 1115 1235 verbis
1128 1208 1258 1242 obrepere
1272 1211 1397 1239 conatur,
1412 1215 1473 1235 cum
1486 1207 1740 1236 manifestissimum

953 1254 987 1280 sit
1002 1253 1091 1288 ipsum
1108 1253 1226 1280 hominis
1241 1260 1317 1280 more
1331 1252 1451 1289 cogitare
1472 1260 1504 1279 ac
1531 1253 1678 1281 carnaliter
1700 1254 1742 1280 in-

953 1299 1076 1334 quirere,
1093 1302 1119 1326 et
1140 1299 1282 1326 animalem
1300 1306 1375 1326 esse:
1394 1302 1504 1334 propter
1520 1307 1582 1326 eum
1594 1320 1602 1332 ,
1619 1299 1665 1334 qui
1687 1303 1742 1327 tam

953 1352 982 1371 se
993 1363 1000 1376 ,
1013 1352 1093 1379 quam
1108 1343 1215 1371 Patrem
1236 1344 1394 1379 cognoscit,
1412 1346 1464 1372 u‘na
1485 1352 1546 1371 cum
1563 1345 1665 1380 Spiritu
1682 1353 1743 1373 san-

953 1394 1007 1417 cto.
1024 1390 1194 1425 Quapropter
1209 1389 1280 1417 Deus
1307 1390 1341 1417 ab
1361 1391 1434 1418 oximi
1457 1398 1539 1418 causa
1563 1391 1743 1418 vindicandus

953 1441 1012 1467 est,
1035 1444 1088 1463 non
1113 1436 1193 1463 modo
1214 1436 1311 1469 Pater,
1337 1438 1383 1465 sed
1411 1442 1438 1465 et
1463 1437 1547 1465 Filius
1573 1445 1604 1464 ac
1624 1437 1742 1471 Spiritus

954 1485 1084 1508 sanctus:
1105 1481 1239 1517 siquidem
1260 1482 1348 1509 Patris
1363 1502 1371 1514 ,
1387 1482 1447 1510 Filii
1474 1490 1505 1510 ac
1523 1482 1641 1518 Spiritus
1654 1482 1742 1510 sancti

954 1526 1101 1558 divinitus,
1126 1527 1200 1562 quod
1224 1535 1303 1555 nemo
1319 1536 1374 1556 non
1399 1528 1563 1561 confitetur,
1591 1535 1674 1555 causa
1698 1533 1742 1555 ost

915 1573 937 1601 C
953 1572 1026 1599 onmi
1046 1573 1226 1607 prmstanlior.

1161 1628 1254 1656 AETII
1276 1628 1391 1656 CAPUT
1414 1628 1533 1656 XXXIII.

989 1684 1017 1711 Si
1033 1685 1180 1719 ingenitqu
1194 1693 1305 1713 causam
1320 1685 1422 1712 nullam
1438 1686 1547 1720 penitus
1561 1685 1658 1717 habet,
1673 1686 1740 1714 sint-

952 1739 1005 1765 que
1021 1731 1139 1765 ingenita
1166 1731 1306 1766 complura
1319 1751 1327 1762 ,
1350 1731 1512 1758 immutabili
1535 1739 1618 1759 causa
1633 1736 1743 1760 consta-

953 1779 1029 1805 lntnt.
1045 1777 1138 1812 Neque
1161 1777 1233 1804 enim
1249 1777 1321 1804 velut
1339 1777 1470 1804 attributa
1485 1778 1638 1805 communis
1649 1779 1742 1812 cujus-

953 1824 1024 1856 dam,
1042 1831 1072 1850 ac
1087 1823 1233 1858 peculiaris
1248 1827 1352 1850 naturze
1368 1822 1534 1855 conditione,
1550 1823 1741 1858 particepsque

953 1870 1023 1896 facta
1040 1870 1124 1897 altera
1139 1869 1232 1896 molita
1246 1873 1298 1899 est,
1313 1869 1396 1896 altera
1409 1868 1551 1903 producta.

1137 1923 1219 1958 982
1242 1922 1396 1956 Confutatio
1411 1920 1554 1949 XXXIII.

987 1980 1064 2013 Quod
1081 1980 1230 2014 ingenitum
1252 1979 1369 2010 dicitur,
1388 1978 1414 2005 in
1428 1977 1555 2006 confesso
1567 1982 1608 2005 cst
1621 1979 1662 2005 sui
1680 1979 1743 2006 nul-

952 2026 1004 2052 lam
1022 2026 1121 2053 habere
1139 2032 1262 2056 causam.
1276 2023 1494 2059 quandoquidem
1510 2031 1595 2051 unutn
1616 2023 1741 2060 idemque

952 2077 994 2101 est
1022 2073 1171 2108 ingenitum
1198 2077 1224 2099 et
1249 2071 1437 2104 adorandum,
1461 2071 1502 2098 sic
1518 2074 1547 2097 ut
1570 2070 1740 2097 adorandum

953 2119 987 2146 ab
1002 2119 1179 2146 adorantibus
1205 2123 1372 2146 secernatur.
1387 2116 1532 2144 Adoranda
1550 2123 1631 2151 porro
1649 2115 1740 2143 Triui-

953 2169 994 2192 tas
1011 2169 1053 2192 est
1064 2185 1071 2196 ,
1086 2172 1147 2200 quae
1171 2164 1265 2192 eadem
1290 2168 1317 2192 et
1331 2164 1423 2190 unitas
1441 2165 1498 2194 est,
1513 2165 1541 2188 et
1555 2169 1610 2188 uno
1629 2162 1739 2189 nomine

952 2211 1148 2245 comprehensa
1162 2209 1283 2237 Trinitas
1300 2209 1452 2245 appellatur
1466 2227 1474 2239 .
1492 2207 1572 2234 Pater
1584 2227 1591 2238 ,
1610 2207 1693 2234 Filius
1710 2211 1740 2234 et

110 2257 141 2283 ἂν
167 2257 250 2291 ἑαυτῇ
278 2256 445 2291 κεκτημένη,
469 2255 537 2281 ἀλλὰ
563 2254 780 2290 συμπρεπόντως
805 2254 899 2290 Πατὴρ

954 2255 1071 2290 Spiritus
1087 2259 1218 2283 sanctus:
1240 2262 1301 2290 qua}
1319 2254 1427 2290 quidem
1439 2253 1510 2288 quod
1526 2260 1605 2279 suum
1625 2257 1665 2279 est
1682 2261 1737 2283 non

110 2302 246 2337 γυνήσας
260 2301 335 2333 Υῑδν,
350 2301 396 2328 καὶ
408 2301 438 2327 οὒ
462 2300 567 2332 κτίσας.
584 2299 621 2326 Τὺ
642 2300 690 2335 μὲν
709 2301 762 2336 γάρ
779 2300 851 2327 ἐστιν
871 2300 901 2332 ἐξ

110 2346 194 2373 αὑτοῦ
211 2346 254 2372 ἀεὶ
286 2345 332 2371 τοῦ
348 2345 509 2380 γεννήτορος
523 2353 529 2359 ·
550 2344 591 2370 διὸ
604 2344 635 2370 τὸ
659 2345 781 2380 γέννημα
798 2345 829 2370 ὲκ
852 2344 900 2370 τοῦ

110 2391 187 2422 ὄντος
211 2391 277 2421 ἐστὶ.
293 2390 339 2418 καὶ
362 2390 393 2416 τὸ
407 2390 436 2422 EE
450 2390 532 2416 αὐτοῦ
556 2389 664 2423 ἐξελθὸν
683 2389 759 2424 ἅγιον
777 2389 898 2425 Πνεῦμα,

110 2436 195 2472 οὔσης
213 2436 263 2470 τῆς
288 2436 401 2470 Τριάδος
415 2436 443 2461 ὲν
460 2436 509 2471 μιᾷ
526 2435 632 2470 ἑνότητι
654 2434 773 2470 ὰκτίστῳ
784 2443 790 2450 ·
807 2435 861 2461 τῶν
872 2435 899 2461 δὲ

111 2483 221 2510 πάντων
231 2481 260 2514 ἐξ
269 2481 352 2515 αὐτῆς
363 2481 411 2515 τῆς
422 2480 536 2516 Τριάδος
547 2480 577 2513 ἐξ
590 2481 640 2507 οὐκ
654 2480 737 2506 ὅντων
753 2480 898 2516 κεκτισμέ-

108 2538 172 2555 νων.
185 2527 267 2553 Ὅθεν
284 2527 300 2562 ἡ
327 2527 375 2561 μία
399 2526 483 2562 Τριὰς
500 2523 539 2558 εἷς
558 2527 616 2552 ἐστι
639 2526 715 2558 Θεὸς,
733 2526 836 2561 Πατὴρ,
850 2526 898 2552 καὶ

109 2574 184 2606 Υιδς,
203 2574 248 2599 καὶ
263 2573 338 2607 ἆγιον
354 2572 475 2607 Πνεῦμα,
490 2573 539 2598 οὐκ
551 2572 691 2608 ἀλλότριον
712 2572 742 2598 τὸ
756 2573 855 2608 ἑαυτῆς
869 2574 899 2601 ὲν

108 2620 193 2654 ἑαυτῇ
212 2617 377 2653 κεκτημένη,
388 2618 523 2649 ἄκτιστος,
538 2617 693 2652 ἀγέννητος,
710 2618 892 2654 ἀδημιούργη-

106 2673 168 2696 τος·
182 2664 266 2698 Τριὰς
279 2663 340 2689 οὔτε
366 2663 545 2698 πεποιημένη,
565 2663 632 2690 ἀλλὰ
653 2664 776 2696 ποιοῦσα,
792 2665 823 2691 οὐ
839 2665 893 2691 κτί-

107 2719 211 2746 σματος
221 2705 305 2745 ὗνομα
320 2710 416 2744 ἔχουσα
439 2711 467 2736 ὲν
481 2710 577 2745 ἑαυτῇ,
607 2710 674 2737 ἀλλὰ
694 2710 832 2743 κτίζουσα,
849 2711 896 2746 μία

106 2754 183 2787 οὖσα,
198 2755 245 2782 καὶ
259 2755 289 2781 οὑ
302 2755 408 2781 πολλαί.
425 2755 464 2782 Τὰ
481 2755 510 2781 δὲ
530 2755 619 2782 πάντα
651 2756 679 2788 ἐξ
707 2757 791 2792 αὐτῆς
810 2756 895 2782 πολλὰ

108 2803 157 2836 μὲν
177 2801 252 2834 ὄντα,
265 2801 323 2827 ἀλλ’
336 2802 366 2827 οὐ
392 2801 440 2828 σὺν
456 2801 525 2836 αὑτῇ
553 2800 752 2837 ἀριθμούμενα.
770 2802 815 2828 Διὸ
831 2801 892 2828 οὔτε

147 2887 261 2915 ‘Mattlt.
275 2893 313 2920 ιι,
328 2886 372 2914 27.
411 2888 420 2902 ¹
435 2885 513 2914 Joan.
528 2893 583 2920 nt,
606 2886 648 2914 13.

953 2307 1081 2335 tanquam
1097 2301 1214 2328 alienum
1231 2301 1257 2327 in
1273 2301 1361 2335 seipsa
1379 2299 1509 2331 continet,
1523 2299 1569 2326 sed
1581 2306 1735 2333 congruen—

953 2352 993 2374 ter
1006 2346 1085 2374 Pater
1109 2346 1207 2373 Filium
1223 2353 1277 2373 non
1292 2346 1404 2375 creavit,
1422 2345 1469 2373 sed
1479 2345 1582 2380 genuit.
1600 2344 1648 2371 IIic
1661 2345 1736 2371 enim

951 2393 985 2418 ab
1010 2392 1070 2427 ipso
1093 2398 1200 2426 semper
1215 2391 1336 2426 genitore
1360 2391 1498 2425 procedit:
1516 2390 1588 2418 unde
1602 2389 1685 2416 Filius
1701 2389 1737 2416 ab

951 2437 1098 2464 cxsistente
1117 2441 1195 2464 ortus
1206 2440 1264 2464 est:
1283 2441 1312 2462 ut
1325 2440 1351 2463 et
1366 2436 1483 2471 Spiritus
1498 2439 1626 2469 sanctus,
1641 2435 1686 2470 qui
1702 2435 1738 2463 ab

950 2483 1009 2517 ipso
1025 2483 1168 2517 processit,
1184 2490 1246 2509 cum
1257 2482 1284 2509 in
1300 2490 1352 2508 una
1367 2487 1394 2508 et
1411 2483 1530 2508 increata
1549 2481 1738 2516 singularitate

949 2528 1070 2555 Trinitas
1085 2529 1142 2562 ipsa
1157 2528 1305 2560 consistat;
1324 2532 1421 2554 caetera
1442 2535 1506 2554 vero
1529 2527 1620 2554 omnia
1641 2527 1675 2553 ab
1689 2534 1755 2553 eat--

949 2575 1009 2601 dem
1027 2575 1070 2602 illa
1088 2574 1221 2601 'l‘rinitate
1237 2582 1251 2601 e
1272 2574 1357 2600 nihilo
1376 2577 1517 2608 procreata
1541 2574 1605 2600 sint.
1626 2573 1663 2599 Ex
1682 2580 1737 2607 quo

950 2622 988 2649 tit.
1004 2625 1033 2647 ut
1049 2621 1195 2656 singularis
1208 2621 1252 2647 illa
1267 2617 1388 2647 Trinitas
1405 2627 1475 2647 unus
1491 2620 1527 2646 sit
1542 2619 1624 2649 Deus,
1645 2618 1735 2651 Pater,

948 2671 975 2693 et
988 2665 1082 2698 Filius,
1097 2671 1123 2693 et
1148 2666 1265 2701 Spiritus
1282 2671 1413 2693 sanctus:
1431 2674 1491 2700 quae
1508 2673 1561 2692 non
1583 2664 1656 2691 velut
1670 2664 1736 2690 alie-

950 2720 1014 2738 num
1028 2712 1099 2746 qttod
1113 2720 1192 2739 suum
1208 2716 1249 2740 est
1265 2713 1291 2739 in
1305 2712 1449 2747 semetipsa
1464 2711 1579 2742 obtinet,
1602 2710 1733 2740 increata,

949 2757 1090 2792 ingenita,
1116 2765 1169 2784 non
1194 2758 1342 2786 fabricata:
1369 2757 1498 2788 Trinitas,
1525 2757 1656 2790 inquam,
1680 2762 1734 2782 non

948 2802 1017 2830 facta
1031 2823 1038 2835 ,
1056 2803 1103 2831 sed
1122 2803 1224 2832 faciens
1239 2824 1246 2837 ,
1274 2812 1327 2832 non
1347 2807 1478 2831 creaturae
1503 2810 1602 2830 nomen
1623 2801 1651 2829 in
1676 2808 1737 2828 sese
