1945 3043
199 197 252 224 ωδ

887 189 916 217 S.
935 187 1105 216 EPIPIIANII

1778 172 1828 198 62‘

199 252 398 288 cmnplcctens,
417 251 463 279 scil
485 256 652 286 procreans;
677 255 747 279 una,
771 254 825 274 non
847 246 949 281 plures.
966 246 986 272 Α

1060 241 1266 277 ποκεκλὴρωται
1291 238 1370 273 ἑτέρᾳ.
1392 235 1470 271 φύσει
1491 233 1644 267 κοινότητος
1664 230 1714 265 τῆς
1735 228 1831 258 οὐσίας

1225 285 1230 288 -
1315 285 1319 288 .
1344 284 1349 288 ι
1412 281 1425 286 -
1502 280 1509 288 ι
1556 278 1577 288 ,u
1598 276 1690 288 r__,____r_
1702 283 1745 288 ___
1764 271 1828 288 ηπ--

200 306 254 335 qua
271 298 390 334 profecta
406 301 470 325 sunt
484 296 574 323 omnia
590 316 597 327 ,
617 301 677 329 qua!
691 298 717 321 et
734 293 894 327 multiplicia
911 295 986 323 sunt,

201 353 290 381 neque
313 352 374 372 Clllll
389 351 421 371 ea
438 346 626 370 numerantur.
646 340 736 374 Quare
761 346 849 374 neque
863 345 987 365 commn-

202 401 262 422 nem
278 390 421 428 quamdam
442 393 566 416 naturam
581 395 642 415 cum
664 385 870 421 incomparabili
896 392 989 412 essen-

201 439 237 466 tia
253 436 415 472 participare
429 434 574 465 dicuntur;
587 439 675 467 neque
687 435 778 458 creata
791 429 923 464 quaepiam
942 436 989 455 na-

1040 289 1089 324 τῆς
1112 285 1289 322 ἀσυγκρίτου.
1307 284 1356 310 Διὰ
1379 281 1459 308 τοῦτο
1479 280 1533 314 γὰρ
1552 278 1582 305 οὐ
1597 276 1692 310 κτιστή
1702 283 1745 306 τις
1764 271 1831 301 οὖσα

1040 319 1117 369 ἐνγτῇ
1136 319 1184 359 τοί)
1200 319 1268 358 Θεοῦ
1283 329 1361 364 οὐσίᾳ.
1375 327 1455 362 φύσις
1465 346 1472 359 ,
1490 324 1557 352 ἀλλά
1578 320 1763 358 δημιουργικὴ
1778 319 1832 344 τῶν

1042 379 1150 406 πάντων
1178 377 1232 403 τῶν
1256 376 1286 402 οὐ
1307 374 1463 409 δυναμένων
1477 372 1510 406 τῇ
1532 368 1690 403 ἀσυγκρίτῳ
1707 367 1756 392 καὶ
1785 365 1834 400 μιᾷ

1042 424 1120 459 οὐσίᾳ
1130 422 1246 458 Πατρδς,
1255 421 1303 448 καὶ
1317 418 1456 452 Υἱοῦ,,καὶ
1474 416 1552 451 ἁγίου
1566 413 1724 448 Πνεὺματος
1737 412 1835 446 ὁμοθυ-

1044 472 1148 507 σιότητι
1157 468 1367 503 ὲπικοινωνῆσαι
1377 475 1383 482 ⁸
1401 467 1438 498 ὼς
1452 465 1541 499 σαφής
1555 464 1615 490 ἐστι
1625 460 1663 496 τῷ
1672 459 1722 495 τὴν
1733 457 1836 493 γνῶσιν

1043 519 1091 554 τῆς
1114 503 1246 553 ἀληθείας
1278 515 1401 551 εἰληφότι
1431 510 1672 540 ἀποκαλύπτουσα,
1704 507 1746 533 ὅτι
1766 503 1838 538 αὐτὴ

200 551 291 565 Ἴων..
320 551 380 560 νυ,
404 551 462 562 1M
658 551 666 558 ,
905 551 917 554 _

200 576 290 604 Patris
304 595 312 607 ,
330 573 391 601 Filii
421 573 596 608 Spiritusqne
612 570 697 598 sancti
712 572 810 596 natura
825 567 852 594 in
869 565 990 601 ejusdem

1057 566 1113 600 ιόνη
1132 565 1336 600 προσκυνεῖται,
1354 562 1399 588 καὶ
1420 560 1450 587 οὑ
1466 559 1500 586 τὰ
1514 557 1603 584 πάντα
1614 564 1622 571 ·
1639 555 1676 586 ὠς
1698 553 1746 580 καὶ
1768 551 1839 585 αὑτὴ

201 620 361 650 substantia:
375 619 595 648 comunmionem
617 616 710 644 venire
725 617 873 648 nequeunt.
891 611 991 645 Quem~

1057 612 1114 647 ιόνη
1134 611 1174 642 εἰς
1185 611 1270 645 ὄνομα
1287 609 1384 644 ἑαυτῆς
1397 605 1534 642 βαπτίζει,
1549 604 1596 631 καὶ
1605 603 1635 629 οὐ
1651 601 1684 628 τὰ
1698 600 1757 627 ὅλα.

201 669 347 697 admodum
361 667 385 695 ei
404 665 525 702 quidem,
542 665 585 692 cui
601 663 637 691 sit
651 647 777 690 veritatis
805 661 896 688 oblata
913 659 1044 695 cognitio,
1073 660 1214 694 perspicue
1241 659 1300 693 ipsa
1319 656 1456 684 declarat:
1478 653 1607 681 nimirum
1627 650 1712 678 solam
1747 647 1839 682 ipsam

201 715 369 743 adorandam
383 720 459 746 esse,
486 720 541 739 non
555 715 715 738 ceterarum
730 715 821 736 rerum
840 707 991 743 quidpiam,
1008 715 1069 734 cum
1083 711 1111 734 et
1121 707 1180 742 ipsa
1193 706 1250 734 sola
1267 712 1317 733 suo
1330 704 1357 731 in
1387 709 1498 730 nomine
1517 699 1647 735 baptizet,
1673 699 1840 723 caeterorum

200 489 260 511 tura
273 483 300 510 in
313 481 404 509 divina
417 479 462 507 illa
473 477 722 514 comprehenditur.
733 475 787 502 Sed
800 475 856 502 hac
866 473 988 500 omnium

199 530 291 565 opil‘ex
318 532 380 560 est,
402 534 463 562 quae
479 533 542 553 cum
565 522 773 558 incomparabili
805 528 836 548 ac
859 519 990 554 singulari

203 767 293 790 autem
308 762 335 789 id
352 760 457 789 nullmn
469 758 561 786 faciat.

415 826 506 855 AETll
526 825 641 854 CAPUT
656 823 778 852 XXXIV.

240 887 268 914 Si
289 885 440 914 substantia
451 884 541 912 omnis
555 883 674 918 ingenita
687 887 727 910 est
737 901 744 914 ,
766 881 834 909 nihil
848 888 863 907 a
877 887 907 908 se
926 879 995 906 invi-

1231 811 1429 841 ΚΕΦΔΛΑΙΟΝ
1449 807 1577 836 ΛΕΊΊΟΥ
1587 807 1646 834 AA’.

1084 873 1116 900 Et
1128 872 1203 899 πᾶσα
1221 869 1298 897 οὐσία
1311 868 1385 895 ἐστὶν
1396 865 1554 901 ἁγέννητος,
1568 860 1734 896 οὑδοποτέρα
1745 858 1843 886 διοίσει

240 904 268 914 υ.
289 904 440 914 “una...”
451 904 541 912 ν......ο
687 904 727 910 -..-
737 904 744 914 ,
848 904 863 907 _
877 904 906 908 __

205 940 264 960 ecm
285 932 336 959 hac
349 938 380 958 ex
406 935 482 966 parte
497 929 642 959 dill‘erent.
661 927 733 963 quod
760 931 855 955 neutra
875 925 998 953 domina-

1057 920 1098 954 τῆς
1124 918 1205 953 ἄλλης
1220 916 1291 943 κατὰ
1311 915 1342 941 τὸ
1354 913 1512 941 ἀδέσποτον.
1527 909 1590 941 Πῶς
1603 905 1650 935 οὖν
1666 906 1698 933 ἄν
1715 915 1758 938 τις
1773 904 1844 939 φαίη

1262 962 1316 966 ¹“”““
1358 961 1369 966 ¹“
1463 958 1469 966 “
1521 957 1544 966 δι
1580 953 1756 966 νν--μει-ΊΧ-...
1792 952 1843 966 ..ἦν

206 979 274 1006 tioei
294 977 416 1012 subjecta
431 976 467 1004 sit
489 975 613 1003 alterius.
632 973 724 1007 Quare
735 973 847 1008 quinam
872 970 999 998 allirmari

207 1028 312 1060 potest,
339 1023 439 1050 mutari
465 1029 548 1050 unam
561 1041 569 1054 ,
586 1020 697 1048 alteram
725 1022 845 1051 mutare,
865 1024 927 1044 cum
945 1016 1000 1044 Deo

208 1070 319 1097 minime
343 1068 513 1104 permittant,
533 1071 561 1094 ut
579 1073 612 1093 ex
632 1065 706 1092 nulla
724 1063 848 1098 subjecta
873 1062 1001 1104 substan-

207 1117 245 1143 tia
258 1100 445 1151 producatur?
965 1100 982 1109 Α

451 1168 606 1203 Confutatio
623 1165 719 1194 XXXI
729 1165 759 1193 V.

245 1227 377 1263 Quisquis
392 1227 533 1254 veritatem
554 1224 721 1260 oppugnavit
737 1221 883 1258 aliquando
894 1241 902 1254 ,
919 1227 1003 1248 vocu-

209 1274 243 1301 lis
257 1273 421 1308 quibusdam
440 1272 474 1299 ad
503 1270 677 1306 injiciendam
709 1267 915 1296 admirationem
946 1266 1004 1293 eol-

210 1319 303 1350 lectis,
319 1319 352 1345 ad
377 1316 524 1345 evertenda
551 1322 629 1344 sacra
643 1315 768 1350 dogmata
794 1312 1002 1348 impressionem

209 1365 301 1392 facere
321 1364 397 1392 visus
417 1367 476 1395 est,
489 1361 575 1398 983
590 1365 672 1396 atque
686 1368 702 1387 a
717 1360 780 1387 vita:
795 1358 904 1385 tramite
918 1357 1004 1384 dedu-

210 1419 282 1443 cere,
301 1418 333 1437 ac
347 1409 495 1445 perniciem
510 1407 616 1435 afferre.
629 1405 707 1439 Quod
725 1405 818 1433 Aetius
832 1403 914 1432 modo
927 1402 1003 1434 facit,

211 1457 257 1492 qui
272 1463 334 1483 cum
350 1455 401 1482 hoc
417 1454 445 1481 in
457 1454 548 1488 capite
562 1451 628 1479 nihil
647 1451 760 1478 omnino
774 1449 849 1476 dicat
863 1468 870 1481 ,
885 1447 1005 1475 rudiori-

211 1504 263 1530 bus
274 1506 364 1528 tamen
387 1499 478 1527 fucum
494 1498 584 1526 facere
610 1504 642 1524 ac
657 1501 760 1524 terrere
774 1494 891 1527 videtur,
910 1492 1004 1521 eadem

213 1547 246 1575 ad
259 1546 398 1575 fastidium
415 1552 502 1580 usque
521 1547 664 1578 repetens,
685 1549 717 1568 ae
742 1540 904 1568 vocabulum
925 1538 1003 1570 illud,

1049 952 1098 1001 την
1117 965 1166 1001 μὲν
1185 952 1413 999 μεταϐάλλεσθαι,
1443 958 1493 993 ’τὴν
1519 957 1548 983 δὲ
1578 953 1767 991 μεταϐάλλειν,
1792 952 1844 978 οὐκ

1049 998 1251 1046 ἐπιτρεπόντων
1266 1008 1303 1043 τῷ
1316 1006 1376 1041 Θεῷ
1392 1003 1536 1040 ὑφιστάναι
1553 1002 1585 1029 ὲκ
1602 1001 1639 1029 μὴ
1656 998 1845 1034 ὑποκειμένης

1050 1057 1143 1088 οὐσίας
1153 1067 1160 1090 ;

1321 1157 1486 1193 Ἀνατροπὴ
1511 1157 1572 1184 AA'.

1085 1221 1143 1251 Πᾶς
1161 1227 1202 1251 τις
1214 1218 1268 1245 τῶν
1288 1215 1542 1244 ἁντικαταστάντων
1561 1214 1594 1248 τῇ
1609 1210 1734 1246 ἀληθείᾳ,
1755 1218 1843 1236 κατα-

1050 1266 1208 1302 πληκτικῶς
1233 1263 1397 1295 ὲπισυνάξας
1426 1260 1516 1295 ἑαυτῷ
1536 1258 1651 1293 λογίδια,
1678 1256 1752 1289 ἔδοξέ
1769 1264 1845 1282 τισιν

1049 1311 1255 1349 ἀνατρεπτικῶς
1279 1310 1470 1345 ἐπισκήπτειν,
1498 1306 1546 1334 καὶ
1573 1304 1628 1332 ἀπὸ
1639 1304 1704 1349 -τῆς
1722 1302 1846 1336 ζωτικῆς

1050 1360 1110 1387 6δοῦ
1121 1345 1292 1395 μεταφέρειν
1314 1355 1362 1382 καὶ
1374 1353 1567 1390 λυμαίνεσθαι·
1580 1351 1617 1382 ὡς
1625 1345 1701 1380 οὗτος
1711 1349 1725 1374 ὁ
1740 1347 1846 1377 ’Δέτιος

1051 1405 1099 1433 νῦν
1112 1405 1160 1441 μὲν
1172 1403 1251 1439 φύσει
1271 1403 1299 1429 ὲν
1313 1401 1352 1437 τῷ
1371 1401 1445 1437 ρητῴ
1464 1398 1550 1433 τούτῳ
1564 1396 1645 1433 μηδὲν
1657 1395 1744 1428 λέγων
1758 1401 1847 1420 κατα-

1052 1451 1180 1486 πλήττειν
1203 1449 1276 1476 δοκεί
1293 1448 1356 1479 τοὺς
1372 1445 1529 1482 ἀκεραίους,
1550 1444 1583 1470 ὲκ
1598 1439 1725 1477 περιττοῦ
1746 1439 1782 1466 τὰ
1799 1438 1848 1464 ὑπ’

1052 1496 1134 1524 αὐτοῦ
1144 1495 1277 1530 λεγόμενα
1293 1493 1390 1527 λέγων,
1405 1491 1527 1526 ὀνόματι,
1543 1490 1580 1521 ὡς
1594 1487 1687 1514 εἴωθεν
1703 1486 1736 1512 ἐκ
1751 1492 1846 1520 περιτ-

1052 1545 1100 1573 τοῦ
1121 1543 1280 1580 προφέρειν,
1301 1542 1348 1569 καὶ
1364 1541 1394 1567 ὲν
1416 1539 1456 1575 τῷ
1471 1537 1586 1573 παρόντι
1599 1534 1687 1570 καιρῷ
1707 1531 1849 1568 κεχρημέ-

212 1592 286 1629 quod
301 1590 448 1619 identidem
458 1578 681 1617 commemorare
699 1587 767 1615 solet
778 1606 786 1618 ,
801 1587 853 1614 hoc
864 1586 924 1613 loco
942 1592 1004 1620 per-

1057 1600 1107 1624 νος.
1123 1578 1160 1617 Ου
1177 1578 1233 1624 γάρ
1250 1588 1325 1615 πᾶσα
1344 1586 1424 1613 οὐσία
1440 1583 1588 1618 ἀγέννητος
1602 1580 1667 1615 παρ’
1683 1579 1775 1609 αὐτοῖς
1789 1578 1849 1609 τοῖς

213 1645 306 1674 peram
323 1644 470 1672 usurpans.
496 1635 580 1671 Igitur
598 1641 652 1662 non
676 1632 829 1661 substantia
845 1631 934 1659 omnis
960 1637 1004 1657 sa.

215 1685 338 1720 pientum
365 1681 470 1718 judicio
488 1684 617 1709 censetur
645 1679 763 1714 ingenita
777 1698 785 1711 ,
812 1677 913 1712 alloqui
931 1675 1006 1703 nulla

214 1738 268 1758 non
281 1730 373 1758 divina
389 1732 565 1757 statueretur.
579 1727 648 1754 Cum
668 1733 733 1761 ergo
749 1733 801 1752 non
818 1723 946 1750 omnibus
962 1722 1006 1749 di~

213 1777 314 1804 vinitas
332 1775 479 1806 tribuatur,
498 1773 545 1801 sed
560 1772 607 1799 uni
621 1779 676 1806 pm
690 1770 807 1801 caeteris,
819 1776 880 1804 quae
895 1773 937 1795 est
953 1765 1006 1794 una

215 1823 242 1849 in
260 1821 395 1848 'l‘rinitate
414 1818 633 1853 divinitaszquid
650 1817 759 1844 tandem
774 1814 884 1851 egregio
905 1813 943 1840 illi
962 1819 1006 1840 rev

215 1868 354 1902 linquetur
365 1886 373 1898 ,
401 1873 456 1900 quo
471 1863 593 1892 veritatis
621 1863 684 1889 tiliis
702 1866 833 1889 terrorem
848 1859 1007 1887 admiratio-

216 1919 332 1946 nemque
358 1911 443 1946 possit
468 1908 611 1937 incutere?
636 1908 688 1935 Sed
709 1911 736 1934 et
753 1907 837 1934 altera
861 1905 896 1932 ab
924 1905 1007 1931 altera

216 1956 403 1991 discrepabit,
431 1962 464 1982 eo
486 1953 558 1988 quod
580 1952 702 1979 Trinitas
718 1955 809 1983 creat,
830 1953 927 1977 cmtera
946 1956 1009 1976 vero

217 2001 252 2028 ab
280 2001 337 2034 ipsa
369 2004 499 2027 creantur
520 1998 622 2024 onmia.
653 1997 698 2023 llla
729 1995 829 2023 nullius
858 1993 1008 2021 dominatui

219 2047 341 2082 subjecta
359 2049 411 2079 est;
433 2045 490 2072 hac
504 2043 577 2071 illius
593 2041 721 2078 potestati
740 2044 805 2068 sunt
831 2039 952 2067 subdita.
969 2038 1010 2065 Ad

219 2094 276 2121 lucc
302 2093 353 2120 ista
377 2090 575 2119 mutationibus
592 2088 711 2116 obnoxia
735 2091 819 2118 sunt,
848 2085 893 2113 illa
915 2090 1011 2120 suapte

219 2145 317 2168 natura
347 2135 524 2165 immutabilis
540 2139 600 2167 est,
625 2138 652 2161 et
675 2133 805 2160 inferiora
824 2131 916 2159 omnia
937 2139 1011 2158 com-

220 2188 318 2216 mutat,
334 2190 450 2218 quorum
463 2185 577 2208 naturas
590 2185 617 2207 ct
632 2179 802 2207 substantias
815 2185 831 2205 e
847 2176 934 2204 nihilo
948 2184 1012 2211 pro—

220 2234 320 2257 ducere
334 2231 433 2264 potest.
449 2226 506 2254 Hoc
519 2226 592 2253 enim
611 2225 667 2253 Deo
684 2224 821 2259 congruit,
846 2226 876 2249 ut
891 2231 923 2250 ex
938 2222 1011 2248 nulla

1054 1623 1368 1669 cuvatnigréitoko-(si-cat
1381 1639 1388 1646 ·
1413 1630 1475 1657 ἐπεὶ
1500 1629 1575 1655 πᾶσα
1607 1626 1640 1653 ἂν
1666 1623 1847 1658 ὲθεολογεῖτο.

1053 1683 1090 1709 Οὐ
1102 1680 1197 1708 πασῶν
1211 1680 1240 1706 δὲ
1257 1677 1473 1712 θεολογουμένων
1499 1673 1553 1700 τῶν
1568 1671 1676 1706 οὐσιῶν,
1689 1669 1758 1697 ἀλλὰ
1782 1669 1850 1703 μιᾶς

1054 1727 1130 1763 παρὰ
1154 1726 1254 1757 πάσας,
1285 1725 1346 1759 ἥτις
1361 1722 1420 1749 ἐστὶ
1433 1721 1529 1755 θεότης
1553 1719 1601 1754 μία
1620 1719 1648 1744 ὲν
1662 1715 1770 1752 Τριάδι,
1788 1714 1850 1745 πῶς

1055 1762 1102 1803 Eur
1123 1773 1351 1807 ὑπολειιρθήσεται
1373 1769 1413 1804 τῷ
1431 1767 1546 1802 γεννάδα
1559 1765 1646 1799 τούτῳ
1658 1763 1688 1790 τὸ
1705 1762 1850 1796 καταπλη-

1056 1823 1148 1849 κτικὸν
1175 1818 1256 1847 αὑτοῦ
1273 1817 1372 1853 χωρεῖν
1391 1815 1437 1841 ἐπὶ
1451 1814 1513 1844 τοὺς
1539 1812 1612 1842 υἱοὺς
1633 1809 1683 1844 τῆς
1702 1807 1849 1844 ἁληθείας;

1057 1868 1156 1894 Διοίσει
1169 1866 1197 1893 δὲ
1212 1864 1260 1892 καὶ
1273 1861 1447 1898 ὁποτέρατῆς
1455 1858 1587 1893 ποτέρας
1597 1865 1603 1871 ·
1619 1857 1660 1882 ὅτι
1675 1856 1692 1890 ἡ
1707 1852 1850 1890 μὲνΤριᾶς

1057 1914 1154 1944 κτῖζει.
1174 1912 1207 1938 τὰ
1223 1910 1252 1937 δὲ
1267 1909 1356 1936 πάντα
1369 1907 1417 1935 ἀπ’
1436 1905 1520 1939 αὐτῆς
1534 1903 1688 1930 κέκτισται.
1699 1900 1754 1926 Καὶ
1766 1901 1782 1933 ἡ
1801 1898 1852 1934 μὲν

1059 1959 1134 1986 ἐστιν
1157 1956 1311 1987 ἀδέσποτος,
1333 1954 1366 1981 τὰ
1389 1953 1419 1979 δὲ
1435 1951 1480 1978 ὑπ’
1498 1949 1584 1985 αὐτῆς
1604 1947 1737 1982 γενόμενα
1755 1944 1853 1972 δεσπό-

1059 2007 1143 2038 ζεται.
1162 2004 1216 2031 Καὶ
1238 2004 1255 2038 ὴ
1286 2002 1336 2037 μὲν
1361 1996 1567 2035 μεταϐάλλεται,
1588 1995 1605 2029 ἡ
1623 1993 1651 2020 δὲ
1674 1991 1853 2027 ἀπαράϐατον

1058 2037 1114 2086 ἔχει
1128 2049 1177 2085 τὴν
1186 2037 1277 2083 φύσιν,
1294 2043 1499 2082 μεταῦάλλουσα
1508 2041 1552 2069 ἀεὶ
1564 2040 1598 2067 τὰ
1614 2039 1659 2066 ὑπ’
1672 2037 1759 2072 αὐτῆς
1771 2044 1852 2071 μετα⁴

1059 2096 1220 2130 ϐαλλόμενα,
1231 2093 1277 2120 καὶ
1291 2091 1377 2124 ἐξοὺκ
1390 2089 1474 2116 ὅντων
1487 2086 1536 2118 τὰς
1551 2085 1644 2116 οὐσίας
1657 2084 1705 2111 καὶ
1718 2082 1769 2114 τὰς
1785 2082 1852 2108 ὑπο-

1060 2128 1169 2173 στάσεις
1188 2140 1302 2174 ὐιριστᾷν
1319 2136 1467 2171 δυναμένη.
1487 2133 1573 2160 Τοῦτο
1590 2131 1643 2166 γάρ
1657 2132 1716 2157 ἐστι
1730 2128 1854 2165 συμπρέ-

1061 2198 1111 2216 πον
1133 2187 1203 2222 Θεῷ,
1225 2187 1257 2212 ἐκ
1276 2185 1313 2220 μὴ
1335 2181 1524 2217 ὑποκειμένων
1537 2179 1584 2206 καὶ
1599 2178 1628 2212 ἐξ
1642 2178 1693 2204 οὐκ
1708 2176 1794 2203 ὄντων
1808 2175 1853 2202 ὑπ’

1064 2235 1146 2263 αὑτοῦ
1161 2232 1367 2269 γεγεννημένων
1389 2231 1436 2257 καὶ
1455 2227 1630 2255 ὑποστάντων
1647 2224 1719 2252 κατὰ
1730 2223 1780 2259 τὴν
1796 2223 1854 2249 δια-

221 2274 359 2302 substrata
372 2272 484 2300 materia
497 2292 504 2304 ,
530 2274 557 2298 et
574 2278 606 2298 ex
624 2270 709 2297 nihilo
732 2269 926 2303 produc-tarum
953 2275 968 2294 a
985 2275 1004 2294 δι

1065 2281 1198 2316 κόσμησιν
1215 2275 1427 2314 μετασκευάζειν
1446 2275 1484 2305 ὡς
1506 2272 1641 2308 βούλεται.

223 2327 313 2347 rerum
332 2327 364 2346 ac
387 2318 595 2346 subsistentium
610 2316 733 2343 ordinem
749 2314 1010 2349 dispositionemque

223 2374 272 2402 pro
289 2374 338 2394 sua
357 2365 495 2392 voluntate
508 2367 606 2390 mutet.

434 2431 526 2459 AETII
551 2429 666 2458 CAPUT
687 2428 798 2456 XXXV.

263 2489 291 2516 Si
303 2488 456 2517 substantia
472 2488 561 2515 onmis
572 2486 692 2522 ingenita
705 2490 748 2513 est
760 2505 767 2517 ,
781 2483 893 2520 perinde
904 2486 931 2510 et
943 2482 1016 2510 nulla

225 2534 364 2562 variabilis
388 2538 440 2562 est.
463 2533 542 2567 Quod
558 2533 581 2560 si
606 2532 706 2559 variari
726 2529 879 2559 substantia
896 2535 950 2556 non
965 2535 1015 2563 po-

225 2584 288 2613 test,
306 2587 386 2615 agere
405 2584 432 2606 et
457 2579 512 2614 pati
538 2578 572 2606 ad
585 2577 727 2605 fortuitum
743 2573 888 2610 quemdam
917 2580 1012 2600 casum

226 2626 368 2655 referenda
392 2631 464 2654 sunt.
494 2624 572 2658 Quod
595 2625 617 2652 si
646 2623 731 2650 multa
754 2624 820 2649 sunt
845 2619 965 2654 ingenita
989 2621 1017 2645 et

226 2673 397 2702 invariabilia
411 2693 417 2704 ,
436 2672 510 2699 nullo
528 2675 602 2698 certo
617 2677 631 2695 a
649 2677 678 2696 se
695 2667 810 2695 invicem
822 2673 938 2693 nutriere
953 2664 1017 2690 dis—

226 2719 386 2754 crepabunt.
408 2715 500 2750 Neque
517 2714 588 2741 enim
617 2710 811 2746 comprehendi
828 2714 942 2736 numero
970 2713 1017 2740 po-

228 2751 329 2795 terunt,
345 2771 405 2798 qua:
420 2762 461 2788 vel
485 2760 626 2790 absolute,
648 2757 689 2784 vel
706 2756 797 2791 aliqua
816 2763 850 2782 ex
870 2757 948 2790 parte
967 2751 1017 2778 dif-

231 2811 337 2840 lerunt.
360 2817 422 2836 cum
448 2805 602 2834 dillereiilia
616 2803 705 2831 omnis
724 2801 912 2829 determinata:
928 2804 1019 2825 causae

229 2858 257 2883 in
284 2856 402 2889 ingenita
431 2858 528 2882 natura
557 2851 630 2880 velut
657 2849 816 2877 attributam
845 2850 947 2875 sortem
979 2843 1019 2872 si-

231 2904 349 2936 gmucet.

1251 2410 1448 2440 ΚΕΦΑΛΑῙΟΝ
1463 2407 1590 2436 ΔΕΤῘΟΥ
1607 2407 1669 2434 AE’.

1104 2472 1136 2498 Εἰ
1150 2471 1222 2498 πᾶσα
1233 2469 1312 2497 οὐσία.
1333 2468 1407 2495 ἐστὶν
1424 2465 1580 2499 ἀγέννητος.
1605 2461 1681 2491 πᾶσά
1689 2463 1858 2497 ὲστινάπαρο

1073 2519 1214 2549 άλλακτος.
1248 2515 1304 2549 Τῆς
1321 2513 1414 2544 οὐσίας
1439 2511 1470 2538 τδ
1495 2508 1704 2545 ἀπαράλλακτον
1731 2506 1858 2541 ἐχούσης,

1067 2563 1097 2591 τὸ
1109 2563 1194 2590 ποιεῖν
1206 2570 1236 2588 τε
1251 2561 1298 2587 καὶ
1311 2560 1342 2587 τὸ
1354 2559 1469 2594 πάσχειν
1487 2552 1684 2590 αὐτοματισμῷ
1703 2551 1858 2579 ἀναθετέον.

1069 2608 1176 2636 Πολλῶν
1203 2607 1231 2633 δὲ
1251 2607 1336 2632 ὄντων
1367 2603 1524 2639 ἀγεννήτων
1551 2600 1598 2628 καὶ
1620 2598 1859 2633 ἀπαραλλάκτων,

1069 2653 1261 2690 ἀναριθμήτως
1287 2651 1431 2677 διοίσουσιν
1453 2647 1586 2683 ἀλλήλων.
1610 2646 1647 2672 Οὐ
1679 2644 1735 2678 γὰρ
1766 2643 1801 2670 ἂν
1820 2642 1860 2676 είη

1069 2687 1209 2736 ἀριθμητά
1229 2698 1263 2726 τὰ
1287 2695 1430 2727 διεστῶτα,
1454 2694 1472 2730 ἢ
1486 2692 1612 2724 καθόλου,
1628 2691 1644 2726 ἦ
1660 2689 1732 2717 κατά
1747 2698 1774 2716 τι
1785 2698 1791 2704 ·
1813 2687 1862 2714 πά-

1072 2734 1121 2782 σης
1133 2734 1298 2776 διαστάσεως
1308 2739 1499 2777 ἀποκλήρωσίν
1508 2747 1569 2766 τινα
1579 2736 1768 2773 ὲμφαινούσης
1778 2734 1862 2762 αἰτίου

1072 2790 1294 2826 ἀποτεταγμένης
1308 2788 1456 2823 ἁγεννήτου
1472 2785 1590 2821 φύσεως.
