1945 3043
123 151 178 178 625

161 264 199 290 οὐ
223 265 297 291 πᾶσα
316 264 395 292 οὐσία
416 267 582 302 ἀγέννητοςθ
608 267 710 301 ἠλίθιον
735 276 789 303 γαρ
807 270 853 294 καὶ
882 268 912 294 τὸ

127 307 298 341 διανοεῖσθαι,
319 310 365 337 καὶ
382 311 541 347 Ἑλληνικῆς
564 313 699 347 ἀγνωσίας
722 311 798 345 οὗτος
813 315 827 340 ὁ
838 313 911 347 λογι-

129 354 207 390 σμὸς,
223 355 270 381 καὶ
286 355 316 382 τὸ
332 355 508 391 ἀπόφθεγμα,
526 357 576 384 κᾶν
594 366 623 384 τε
645 358 845 392 ὰωφαντικῶς,
863 358 912 384 κᾶν

128 408 157 426 τε
172 401 343 436 ἑρωτητιχῶς
357 401 395 437 τῷ
412 403 505 438 ’Λετίῳ
518 403 634 439 εἴρηται.
648 404 731 439 Δῆλον
741 403 769 430 δὲ
791 404 831 431 ὄτι
844 405 913 439 ἐρω-

128 445 257 480 τητικῶς.
280 446 413 483 Ἑλλήνων
434 448 523 474 τοίνυν
546 449 644 481 παῖδας
668 449 746 476 τοῦτο
767 449 911 484 ἐρωτάτω·

129 493 249 519 κάκεῖνοι
258 492 286 520 δὲ
301 493 375 528 αὐτῷ
384 493 599 522 συντίθεσθωσαν
610 494 689 522 τοῦτο
697 495 768 531 ἔχειν
778 497 810 522 ὲκ
824 495 914 522 συλλο-

129 538 236 574 γισμῶν
259 538 290 565 τὸ
315 538 455 574 ἐρώτημα,
481 539 547 576 ὓλην
568 541 629 568 τινὰ
643 541 788 577 σύγχρονον
802 541 841 577 τῷ
855 541 914 576 Θεῷ

129 583 339 618 ἐπιφημίζοντες
352 592 359 600 ⁶
384 584 536 612 ἁλισκέσθω
553 585 581 612 δὲ
603 585 662 620 ἅμα
675 586 798 619 ἐκείνοις,
814 588 838 613 εί
851 595 914 613 συν·
930 609 932 611 .

130 629 238 661 τιθοῖτο,
258 629 371 665 ἐχούσης
385 630 435 664 τῆς
450 630 579 665 ἀληθείας
596 631 626 657 ἓν
641 630 710 658 εἶναι
725 632 755 658 τὸ
767 632 870 665 ποιοῦν,
886 634 915 659 ὲν

132 675 182 709 μιᾷ
204 674 283 710 οὐσίᾳ
297 675 411 710 Τριάδος
425 676 542 709 τελείας,
554 677 602 703 καὶ
617 677 648 703 οὐ
669 676 740 704 κατὰ
754 678 916 712 συναλοιφὴν

130 718 341 754 ἀριθμουμένης,
360 719 400 746 Τὰ
420 719 442 746 δ’
462 719 530 746 ἄλλα
547 720 634 747 πάντα
646 721 772 756 γεννητὰ,
795 723 842 748 καὶ
857 730 915 748 κτιο

132 764 192 795 στὰ,
210 765 258 791 καὶ
280 765 330 791 οὐκ
351 765 495 801 ἀγέννητα.
510 765 565 800 Τῆς
592 766 620 793 δὲ
640 766 766 801 θεότητος
788 767 916 793 ἀκτίστου

131 809 224 845 οὔσης,
253 810 360 846 Πατρὸς
385 811 435 846 μὲν
459 811 617 845 γεννῶντος,
645 812 709 838 Υἰοῧ
731 812 759 839 δὲ
776 812 915 847 γεννητοῦ,

132 855 288 891 Πνεύματος
301 856 328 883 δὲ
342 856 419 889 ἁγίου
431 856 460 888 ἐξ
481 856 564 882 αὑτοῦ
579 857 650 883 am
657 857 784 892 εαλμένου
795 857 841 883 τοῦ
860 858 916 884 Πα-

131 902 204 937 τρὸς,
218 902 264 928 καὶ
271 902 324 929 τῶν
330 901 376 929 τοῦ
386 901 450 928 Υίοῦ
459 901 652 937 λαμϐάνοντος,
667 891 774 929 πάντων
788 902 816 929 δὲ
833 902 917 929 ὄντων
932 891 954 918 Β

133 947 328 983 κεχτισμένων,
343 947 389 974 τοῦ
409 949 437 976 δὲ
453 949 662 984 ἀπαραλλάκτου
691 950 724 983 τῇ
739 948 852 984 δυνάμει
870 948 917 983 μέ-

134 1001 233 1025 νοντος,
249 994 454 1030 συμπρέποντος
470 996 498 1022 ἐν
513 996 547 1031 τῇ
565 994 670 1031 Τριὰδι,
688 994 778 1029 πάσης
793 994 918 1029 θεότητος

132 1040 179 1066 ἐπὶ
191 1039 236 1066 τὸν
261 1040 370 1075 Πατέρα
397 1041 612 1076 ἀναφερομένης,
627 1040 671 1067 διὰ
692 1040 723 1066 τὸ
741 1039 849 1074 εὔλογον
872 1040 919 1067 καὶ

133 1085 255 1111 ἄπτωτον
270 1085 320 1120 τῆς
341 1086 464 1120 μονάδος,
485 1086 573 1112 καὶτὸ
585 1086 758 1121 ἀναιρετικὸν
773 1086 821 1120 τῆς
838 1085 918 1112 πολυ-

133 1131 218 1162 ετεῖας,
239 1131 269 1157 τὸ
289 1131 338 1166 μὲν
353 1131 560 1167 ἀπαράλλακτον
582 1131 656 1167 μένει
668 1133 700 1166 τῇ
714 1132 839 1167 δυνάμει,
850 1131 880 1158 τὸ
890 1131 919 1157 δὲ

133 1177 243 1211 εὔλογον
261 1178 475 1212 συμπρεπόντως
496 1178 666 1212 ἀναλογεϊται
682 1177 749 1204 Υἱοῦ
770 1177 839 1213 πρὸς
856 1178 919 1203 Πα-

133 1225 210 1257 τέρα,
235 1222 282 1248 καὶ
305 1222 382 1256 ἁγίου
410 1223 578 1258 Πνεύματος.
601 1223 696 1250 Τοίνυν
718 1223 820 1250 τούτων
833 1222 919 1253 οὕτως

134 1268 259 1303 ἑχόντων,
287 1267 317 1300 ἐξ
337 1267 462 1302 ὑπαρχῆς
491 1269 612 1294 πεσεῖται
633 1267 685 1302 τῆς
703 1266 849 1302 ἐπιϐουλῆς
870 1265 918 1293 τοῦ

134 1314 310 1349 ἐρωτήματος
337 1313 353 1348 ἠ
378 1313 493 1340 ἐπίνοια.
514 1314 551 1340 οὺ
575 1313 629 1349 γὰρ
651 1313 735 1340 πολλά
751 1313 784 1339 τὰ
797 1312 920 1347 ἀπαράλ-

135 1359 231 1387 λακτα.
250 1358 317 1385 ἀλλὰ
333 1359 350 1394 ἡ
371 1359 420 1393 μία
436 1359 521 1394 Τριὰς
537 1359 565 1385 ὲν
582 1358 685 1394 μονάδι,
698 1360 745 1386 καὶ
761 1358 809 1394 μία
825 1358 920 1394 θεότης

134 1405 163 1431 ἐν
176 1404 280 1440 Τριάδι.
290 1403 330 1430 Τὰ
346 1404 367 1430 δ’
381 1404 450 1431 ἄλλα
477 1404 565 1430 πάντα
582 1403 746 1440 ἀφέστηκεν,
762 1404 824 1431 οὔτε
839 1405 919 1430 αὐτο-

137 1453 264 1485 ματισμῷ
275 1449 369 1484 ἔχοντα
379 1449 409 1475 τὸ
425 1450 549 1484 πάσχειν,
564 1450 580 1486 ἢ
592 1451 688 1481 ποιεῖν,
701 1450 763 1477 οὔτε
779 1451 827 1486 τῆς
841 1450 920 1485 ἁγίας

135 1496 260 1530 Τριὰδος,
275 1497 304 1522 ὲν
319 1495 358 1531 τῷ
384 1505 410 1523 τι
435 1497 530 1528 ποιεῖν,
546 1496 698 1531 δυναμένης
726 1496 850 1531 πάσχειν,
869 1496 920 1531 τῆς

445 163 626 192 ᾹῡνΕῐίευε
645 163 812 192 IIAERESES
831 163 895 190 LIB.
916 162 961 191 lli.
982 164 1063 192 T01“.
1085 165 1139 193 1,-
1162 165 1298 194 llASRES.
1318 165 1434 194 LXXV}.

396 219 425 247 ’Λ
429 221 560 255 νατροήὴ
588 222 647 248 A'E'.
926 225 947 251 Δ

1689 165 1741 193 6‘26

1208 224 1360 258 Confulnlio
1382 223 1460 251 XXX
1469 223 1497 252 ν.

998 267 1056 295 Νοη
1070 268 1157 295 omnis
1169 270 1321 296 substantia
1338 270 1455 304 ingenita
1483 269 1536 297 dici
1552 274 1653 305 potest,
1672 272 1743 305 quod

963 315 1003 342 vel
1017 315 1107 342 animo
1122 315 1265 350 concipere
1290 315 1417 343 stolidum
1436 320 1492 347 est,
1506 320 1588 350 atque
1610 317 1643 343 ab
1658 317 1744 352 genti-

963 362 1027 389 lium
1046 363 1197 398 ignorantia
1212 370 1242 390 ea
1258 363 1299 390 vel
1316 363 1445 398 cogitatio
1471 364 1512 390 vel
1535 365 1667 392 sententia
1683 373 1746 400 pro-

963 407 1103 439 ﬁciscitur,
1117 408 1175 436 sive
1188 408 1357 439 aliirmando,
1374 408 1431 436 sive
1451 409 1643 444 interrogando
1657 411 1745 438 solum

962 454 1056 481 Aetius
1089 454 1140 481 ista
1176 454 1330 488 protulerit.
1364 454 1524 489 Quanquam
1554 456 1746 491 interrogando

964 499 1036 526 istud
1057 500 1164 534 quidem
1181 507 1329 535 usurpasse
1350 501 1466 529 videtur.
1482 501 1572 534 Quare
1585 501 1618 529 de
1638 502 1745 537 gentili-

965 545 1015 572 bus
1031 546 1081 573 ista
1101 546 1264 578 sriscitetur,
1280 551 1361 581 atque
1383 547 1417 574 ab
1436 547 1489 574 illis
1502 547 1553 575 hoc
1569 547 1641 582 quod
1665 548 1692 574 in
1706 548 1745 575 im

965 591 1144 626 terrogatione
1165 597 1214 617 sua
1234 598 1266 618 ex
1292 591 1546 619 ratiocinationibus
1566 592 1678 620 collecta
1699 599 1747 627 po-

965 636 1029 667 suit,
1044 635 1209 663 concedatur
1224 636 1310 663 ultro:
1328 637 1468 663 materiam
1484 644 1544 664 esse
1555 636 1744 673 mquanb

965 681 1027 708 dam
1040 701 1048 713 ,
1065 689 1125 716 quze
1151 685 1271 716 tempore
1297 688 1358 708 cum
1376 681 1428 709 Deo
1447 682 1483 709 sit
1509 683 1640 717 aequalis,
1660 683 1706 710 sed
1722 687 1748 710 et

965 733 1018 752 una
1031 734 1092 754 cum
1107 727 1170 759 illis,
1184 727 1278 754 eadem
1291 727 1314 754 si
1328 727 1438 760 sentiat,
1455 728 1632 755 convincatur
1644 728 1746 756 Actius.

965 771 1032 798 Nam
1051 772 1150 800 veritas
1165 772 1275 807 quidem
1291 772 1350 807 ipsa
1364 780 1446 799 unam
1460 780 1521 801 csse
1531 776 1625 800 censet
1636 772 1754 801 elﬁcien-

967 821 1021 844 tem
1036 824 1156 848 causam,
1171 817 1243 852 quod
1267 817 1293 845 in
1309 826 1364 845 una
1378 822 1405 846 et
1417 818 1510 846 eadem
1522 818 1675 846 substantia
1690 826 1746 853 per-

969 862 1037 892 fecta
1060 861 1202 892 Trinitas,
1227 861 1286 889 sine
1312 862 1367 889 ulla
1396 862 1558 890 confusione
1582 866 1749 890 numeretur.

968 906 1081 942 Reliqua
1101 915 1165 934 vero
1190 908 1281 935 omnia
1297 908 1367 935 facta
1389 915 1421 935 ac
1436 911 1577 943 procreata
1598 913 1681 940 sunt,
1697 916 1750 936 non

968 952 1096 987 ingenita.
1115 951 1247 980 Divinitas
1265 960 1329 980 vero
1344 960 1359 980 a
1375 953 1449 980 nullo
1466 957 1574 980 creatur
1587 973 1595 985 ,
1608 953 1655 981 sed
1672 953 1753 981 Pater

968 998 1063 1034 gignit,
1082 997 1165 1025 Filius
1179 999 1286 1032 genilus
1299 1002 1357 1031 est;
1375 997 1493 1033 Spiritus
1511 1003 1624 1026 sanctus
1642 1006 1658 1026 a
1673 998 1753 1027 Patre

969 1044 1070 1071 missus
1086 1047 1138 1075 est,
1157 1049 1184 1072 et
1197 1051 1212 1071 a
1231 1043 1299 1071 Filio
1313 1044 1431 1079 accipit;
1453 1049 1551 1071 caetera
1575 1052 1640 1072 vero
1662 1050 1752 1072 creata

969 1093 1043 1121 sunt,
1059 1093 1140 1124 atque
1158 1089 1216 1124 ipse
1239 1088 1310 1116 Deus
1337 1089 1514 1117 immutabilis
1526 1090 1626 1117 virtute
1643 1098 1749 1124 perma-

969 1141 1037 1160 nens
1060 1137 1242 1168 congruenter
1265 1133 1292 1160 in
1309 1133 1444 1162 Trinitate
1469 1134 1605 1161 consistit.
1620 1134 1753 1162 Caeterum

969 1177 1097 1205 divinitas
1113 1177 1202 1205 omnis
1219 1177 1253 1204 ad
1267 1177 1374 1205 Patrem
1398 1177 1516 1204 refertur
1527 1197 1535 1207 .
1551 1177 1623 1212 quod
1638 1177 1675 1204 ita
1688 1185 1750 1204 con-

969 1227 1129 1250 sentaneum
1144 1222 1189 1255 sit,
1207 1222 1288 1257 idque
1309 1227 1335 1250 et
1361 1222 1394 1250 ad
1414 1223 1547 1251 unitatem
1572 1223 1754 1255 retinendam,

969 1273 996 1296 ct
1009 1268 1197 1303 multiplicium
1216 1268 1328 1297 deorum
1344 1268 1489 1296 vanitatem
1504 1268 1680 1296 refellendam
1693 1276 1752 1303 pcr-

970 1315 1064 1342 tineat.
1079 1308 1126 1342 Sic
1135 1314 1208 1342 enim
1220 1314 1398 1342 immutabilis
1410 1318 1453 1342 est
1471 1318 1576 1342 naturae
1590 1314 1688 1342 divinae
1699 1315 1755 1342 vir-

970 1363 1032 1391 tus,
1059 1364 1089 1386 ut
1111 1363 1294 1394 congruenter
1311 1357 1372 1386 Filii
1390 1358 1424 1386 ad
1439 1358 1545 1386 Patrem
1558 1377 1566 1391 ,
1584 1357 1757 1394 Spit-ilusque

971 1404 1058 1433 sancti
1073 1408 1258 1432 consentanea
1286 1404 1357 1432 ratio
1380 1405 1602 1439 comparatioque
1622 1408 1756 1432 servetur.

972 1451 1036 1485 Quae
1059 1458 1121 1479 cum
1136 1450 1173 1477 ita
1188 1457 1248 1477 sese
1261 1449 1388 1482 habeant,
1401 1449 1528 1484 captiosae
1549 1449 1623 1477 illius
1640 1449 1756 1477 interro-

971 1497 1088 1532 gationis
1118 1499 1301 1524 commentum
1335 1495 1443 1530 penitus
1471 1495 1619 1522 intercidit.
1650 1493 1758 1522 Etenim

135 1541 199 1577 ὅλης
215 1541 334 1573 ἀπαθοῦς
348 1541 431 1577 οὖα-ης
444 1542 490 1568 καὶ
509 1542 716 1578 προσκυνητῆς’
731 1542 802 1577 φημὶ
815 1541 846 1578 δὴ
863 1543 918 1568 [Iuv

974 1550 1027 1569 non
1043 1542 1128 1569 multa
1153 1545 1216 1569 sunt
1232 1540 1401 1568 invariabilia
1415 1549 1423 1574 ;
1447 1540 1493 1568 sed
1511 1547 1565 1568 una
1580 1539 1714 1568 duntaxat
1731 1540 1759 1568 in

135 1587 210 1622 τρὸς,
226 1587 271 1613 καὶ
286 1586 361 1619 Υίοῠ,
379 1587 427 1613 καὶ
449 1586 526 1620 ἁγίου
545 1586 712 1621 Πνεύματος.
731 1586 855 1621 Ἐποίησε
869 1585 922 1621 γὰρ

137 1632 226 1659 πάντα
251 1633 265 1659 ὁ
285 1631 349 1664 Θεὸς
373 1632 406 1659 δι’
426 1631 504 1663 Υἱοῦ,
524 1631 582 1658 ἀλλ’
601 1632 661 1667 οὐχὶ
675 1631 720 1658 τὸν
731 1631 794 1657 Υίόν
807 1639 813 1646 ’
827 1632 856 1658 οὐ
870 1632 924 1667 γάρ

137 1678 195 1705 ἐστι
225 1677 273 1704 σὺν
299 1678 384 1704 πᾶσι’
418 1677 600 1712 ωνυπουργεῖ
624 1676 679 1712 γὰρ
699 1676 739 1711 τῷ
767 1677 862 1712 Πατρὶ,
878 1677 925 1703 καὶ

138 1723 402 1757 συμπροσκυνεῖται·
434 1721 496 1749 οὔτε
521 1721 552 1748 τὸ
572 1721 649 1755 ἅγιον
671 1720 798 1756 Πνεῦμα-
813 1722 842 1747 οὺ
870 1722 924 1757 γὰρ

137 1767 292 1803 ἀριθμεῖται
308 1767 361 1794 ἀπὸ
376 1767 494 1799 πάντων,
518 1767 623 1804 στερεοῖ
636 1766 664 1793 δὲ
682 1765 731 1802 τὴν
747 1766 858 1802 δύναμιν
872 1767 925 1793 τῶν

138 1813 265 1840 ἁπάντων
282 1813 329 1839 καὶ
353 1814 613 1848 συμπροσκυνείται.
632 1812 693 1839 Τῶν
705 1812 733 1839 δὲ
750 1804 858 1839 πάντων
874 1812 926 1839 ὑπὸ

137 1859 187 1893 τὴν
216 1858 263 1884 τοῦ
291 1857 349 1890 ἑνὸς
374 1858 537 1893 προνοησίαν
558 1857 797 1892 ἐπιτεταγμένων,
823 1858 925 1884 ἕκαστα

138 1903 251 1939 φέρεται
268 1912 309 1934 τε,
329 1904 375 1931 καὶ
393 1903 518 1939 πράττει,
534 1903 634 1938 πάσχει
655 1904 684 1930 δὲ
703 1903 750 1929 καὶ
767 1904 818 1930 ὅσα.
833 1903 923 1938 ἕτερα.

139 1948 185 1975 Διὸ
201 1949 218 1983 ἡ
236 1949 285 1984 μία
307 1948 392 1982 Τριὰς
415 1948 482 1984 πρὸς
497 1948 594 1984 ἑαυτὴν
613 1948 832 1983 ἀπαράλλακτος,
852 1949 887 1975 τὰ
898 1949 926 1975 δὲ

139 1994 207 2021 ἄλλα
222 1994 252 2026 ἐξ
276 1994 361 2029 αὐτῆς
386 1994 614 2030 παρηλλαγμένα·
638 1993 699 2020 οὔτε
712 1993 766 2029 γάρ
783 1995 842 2021 ἐστι
862 1994 927 2028 σύγ-

140 2048 235 2076 χρονα,
248 2039 308 2066 οὔτε
325 2040 465 2072 Δουναῖδιιι.
480 2040 556 2074 Μόνη
574 2039 601 2065 δὲ
613 2037 709 2072 ἀΐδιος,
726 2039 774 2066 καὶ
790 2039 926 2072 ἅκτιστος,

141 2087 189 2114 καὶ
210 2086 365 2121 ἀγέννητος,
384 2086 450 2113 Υῑοῦ
466 2085 514 2121 μὲν
529 2086 727 2122 γεγεννημένου
739 2087 862 2122 ἀχρόνως
881 2088 928 2114 καὶ

139 2132 276 2167 ἀνάρχως,
297 2132 341 2158 ἀεὶ
364 2132 392 2158 δὲ
414 2132 499 2164 ὄντος,
513 2132 560 2159 καὶ
590 2131 723 2167 μηδέποτε
743 2131 927 2164 διαλείποντος

140 2178 187 2204 τοῦ
209 2176 286 2205 εἶναι,
306 2177 387 2204 ’ὈΘεν
401 2177 607 2212 ὴςφαλισμένως
621 2176 759 2211 κεφαλὴν
776 2178 796 2208 ¹,
814 2177 862 2204 καὶ
877 2177 926 2203 οὐκ

976 1587 1166 1622 singularitate
1176 1585 1306 1616 Trinitas.
1320 1590 1347 1613 et
1363 1593 1417 1613 una
1433 1586 1460 1613 in
1473 1586 1605 1614 Trinitate
1620 1586 1759 1619 divinitas.

976 1642 990 1662 a
1007 1642 1059 1669 qua
1076 1634 1180 1669 reliqua
1194 1634 1285 1661 omnia
1299 1634 1393 1668 procul
1406 1633 1519 1661 distant.
1533 1633 1627 1668 Neque
1651 1641 1716 1660 vero
1729 1636 1760 1660 ut

975 1680 1130 1716 patiantur,
1150 1683 1198 1707 aut
1225 1683 1324 1714 agant,
1341 1678 1452 1706 fortuito
1477 1679 1595 1714 quodam
1609 1686 1676 1707 casu
1695 1686 1760 1706 con—

975 1728 1068 1752 secuta
1085 1728 1159 1757 sunt;
1169 1719 1261 1758 neque
1276 1728 1451 1750 sacrosancta
1464 1723 1596 1756 Trinitas,
1612 1724 1676 1750 dum
1694 1723 1761 1758 agit,

975 1769 1030 1805 pati
1045 1769 1184 1804 quidpiam
1201 1772 1299 1803 potest,
1315 1775 1377 1795 eum
1400 1773 1454 1795 tota
1477 1768 1595 1803 patiendi
1621 1776 1719 1802 expers
1734 1771 1761 1795 ct

975 1815 1114 1842 adoranda
1130 1815 1180 1842 sit:
1201 1814 1252 1842 hoc
1265 1818 1318 1847 est,
1339 1814 1428 1845 Pater,
1446 1819 1472 1842 et
1487 1812 1583 1847 Filius,
1600 1819 1627 1842 et
1643 1813 1762 1849 Spiritus

976 1865 1098 1888 sanctus.
1114 1859 1219 1895 Quippe
1232 1859 1302 1887 Deus
1314 1868 1361 1895 per
1371 1859 1470 1886 Filium
1484 1859 1611 1887 universa
1627 1858 1760 1889 condidit.

977 1905 1073 1933 Filium
1088 1913 1153 1933 vero
1172 1913 1226 1932 non
1241 1905 1314 1938 fecit,
1331 1909 1360 1932 ut
1372 1905 1418 1940 qui
1430 1912 1492 1932 cum
1508 1905 1634 1932 onmibus
1649 1905 1762 1931 minime

977 1955 1152 1979 numeretur:
1170 1951 1303 1986 siquidem
1322 1951 1348 1978 in
1364 1951 1454 1986 operis
1467 1951 1761 1978 communioncmvcum

977 1996 1056 2023 Patre
1072 1997 1146 2023 venit
1157 2016 1163 2028 ,
1179 2001 1205 2022 et
1217 2003 1278 2022 cmn
1293 1994 1387 2022 eodem
1404 1994 1547 2028 adoratur;
1560 2001 1647 2030 neque
1661 1998 1763 2029 posuck

978 2050 1022 2069 mo
1045 2041 1174 2076 Spiritum
1197 2045 1321 2068 sanctum
1341 2040 1453 2072 creavit,
1471 2041 1517 2075 qui
1532 2048 1566 2067 ne
1583 2041 1640 2075 ipse
1653 2040 1762 2075 quidem

979 2086 1049 2113 inter
1076 2086 1166 2112 omnia
1185 2089 1352 2112 numeratur.
1370 2084 1458 2120 Hujus
1481 2085 1552 2111 enim
1570 2085 1706 2119 proprium
1722 2089 1764 2112 est

978 2132 1169 2158 universorum
1184 2131 1363 2158 corroborarc
1378 2132 1520 2158 virtutem:
1549 2131 1621 2158 unde
1638 2135 1665 2158 ct
1688 2138 1764 2157 eom-

978 2178 1095 2204 muniler
1132 2176 1269 2204 adorator.
1296 2177 1381 2203 Porro
1409 2184 1470 2203 cum
1492 2176 1583 2203 omnia
1612 2176 1663 2203 sub
1681 2176 1763 2204 unius

140 2223 240 2259 ἀρχὴν
256 2224 301 2250 τὸν
318 2224 428 2260 Πατέρα
442 2224 488 2250 τοῦ
506 2224 571 2250 Υίοῦ
589 2223 708 2256 ἐδίδαξεν
723 2225 738 2250 ὀ
751 2224 820 2256 θεῖος
834 2224 919 2258 λόγος,

980 2222 1174 2258 providentiam
1200 2222 1519 2257 administrationemque
1541 2222 1664 2256 subjecta
1696 2222 1762 2253 sint,

140 2270 185 2296 διὰ
201 2270 232 2296 τὸ
256 2269 407 2304 ὁμοοὺσιον,
429 2269 476 2296 καὶ
502 2269 594 2300 ἁῖδίως
616 2269 691 2301 ὄντος
703 2269 749 2296 τοῦ
767 2270 924 2305 “vadunt-to;

141 2316 188 2343 τοῦ
201 2317 290 2350 ἁγίου,
306 2315 353 2342 καὶ
367 2316 400 2343 ἐκ
421 2315 525 2350 Πατρὺς
540 2314 755 2350 ἀπεσταλμένου,
773 2316 816 2341 ἀεὶ
832 2315 861 2342 δὲ
877 2315 926 2342 σὺν

142 2361 230 2397 Πατρὶ
245 2361 421 2397 ὑπάρχοντος,
433 2361 479 2387 καὶ
491 2360 528 2395 μὴ
543 2360 700 2394 ἀπὸχρόνου
715 2360 883 2395 ἀρξαμένου.

980 2269 1104 2296 feruntur
1117 2287 1125 2299 ,
1146 2271 1283 2302 aguntque
1312 2268 1418 2303 singula
1432 2287 1440 2299 ,
1457 2273 1484 2295 et
1508 2275 1569 2302 qum
1589 2276 1603 2294 ξι
1628 2267 1683 2295 Deo
1701 2272 1765 2295 sunt

980 2315 1067 2342 aliena
1088 2313 1236 2348 patiuntur.
1262 2313 1395 2346 Quocirca
1423 2322 1475 2340 una
1503 2321 1517 2340 a
1541 2315 1630 2349 seipsa
1645 2314 1765 2342 Trinitas

981 2359 1149 2387 invariabilis
1162 2363 1215 2390 est,
1238 2358 1352 2393 reliqua,
1369 2366 1429 2392 qua:
1444 2358 1478 2385 ab
1491 2359 1548 2393 ipsa
1566 2359 1762 2394 producuntur,

142 2406 236 2434 omnia
248 2406 406 2439 variantur;
426 2414 486 2440 qua:
504 2412 553 2432 nec
568 2408 698 2440 tempore,
716 2413 764 2432 nec
774 2406 926 2434 aeternitate
944 2414 1007 2434 cum
1026 2405 1071 2431 illa
1093 2403 1173 2432 simul
1200 2403 1345 2430 exsistunt.
1377 2403 1440 2430 Sola
1465 2403 1557 2438 itaque
1587 2404 1763 2439 sempiterna,

143 2455 264 2482 incrcata
279 2459 306 2481 et
333 2453 451 2489 ingenita
465 2457 516 2480 est.
529 2453 568 2480 Ac
578 2451 662 2480 Filius
675 2453 782 2487 quidem
798 2453 858 2481 sine
871 2454 926 2481 ullo
947 2458 1068 2488 tempore
1099 2452 1213 2479 initiove
1239 2450 1346 2485 genitus
1371 2450 1441 2476 idem
1457 2450 1491 2477 ab
1516 2455 1617 2477 aeterno
1630 2455 1688 2483 est;
1715 2458 1764 2478 nec

142 2510 262 2538 unquam
277 2509 338 2530 esse
352 2501 462 2528 desinit.
479 2499 659 2533 Quamobrem
675 2504 754 2528 caute
775 2500 921 2528 admodum
941 2505 1034 2536 caput.
1052 2508 1108 2527 non
1125 2499 1232 2526 initium
1249 2497 1311 2524 Filii
1325 2497 1432 2524 Patrem
1446 2505 1507 2525 esse
1535 2505 1624 2524 sermo
1655 2497 1764 2524 divinus

134 2549 253 2579 ~edocuit
269 2550 299 2576 ἐ
328 2549 410 2583 idque
437 2551 548 2583 propter
565 2547 686 2575 eamdem
713 2549 855 2583 utriusque
887 2550 1078 2577 substantiam.
1108 2547 1226 2582 Spiritus
1259 2546 1342 2581 985
1369 2553 1433 2572 vero
1450 2550 1561 2573 sanctus
1586 2546 1767 2580 sempiternus

142 2601 196 2628 est,
220 2600 247 2624 et
267 2603 281 2622 a
295 2595 376 2623 Patre
395 2595 511 2627 missus,
533 2602 595 2622 cum
611 2602 665 2629 quo
681 2602 788 2629 semper
811 2596 928 2629 οχκὶδιίι,
948 2604 998 2624 nec
1013 2596 1048 2623 ab
1059 2595 1150 2629 aliquo
1167 2599 1287 2628 tempore
1303 2601 1362 2620 esse
1378 2592 1470 2626 cwpit.

320 2653 515 2679 ΚΕΦΑΛΛΙΟΝ
538 2652 663 2679 ΛΕΤΙΟΥ
682 2653 750 2684 ΛΤ.

1192 2650 1282 2678 AETlI
1302 2648 1416 2677 CAPUT
1435 2648 1554 2675 XXXVI.

180 2699 246 2726 Εἰτὸ
259 2696 405 2731 ἀγέννητος
416 2695 462 2723 καὶ
478 2696 510 2724 τὸ
522 2694 589 2727 Θεὸς
605 2700 636 2726 ὲκ
644 2699 815 2734 παραλλήλου
824 2699 854 2725 τὸ
864 2699 928 2725 αὐτὸ

143 2744 252 2778 ὓη)οἰ,ὸ
265 2742 409 2777 ἁγέννητος
426 2742 573 2777 ἀγέννητον
585 2743 739 2778 ἐγέννησεν.
749 2743 780 2770 Ei
793 2743 821 2770 δὲ
837 2744 928 2778 ἕτερόν

143 2788 251 2824 τιδηλοῖ
264 2791 293 2813 τὸ
301 2787 455 2822 ἀγέννητον,
463 2787 555 2823 ἕτερον
564 2787 592 2814 δὲ
602 2787 630 2814 τὸ
639 2788 721 2822 Θεὸς,
728 2789 777 2816 οὐχ
790 2789 887 2816 ἄτοπον
899 2788 927 2816 δὲ

185 2867 193 2883 ¹
205 2875 251 2902 γρ.
271 2867 424 2900 κεφάλαιον.
465 2868 473 2882 ²
491 2866 576 2893 lCor.
593 2873 632 2898 ιι,
646 2866 671 2893 3,

1018 2697 1046 2724 Si
1063 2696 1199 2732 ingenitus
1213 2700 1241 2723 et
1257 2695 1328 2722 Deus
1354 2703 1402 2730 pro
1418 2702 1471 2721 uno
1487 2693 1633 2726 eodemque
1657 2699 1764 2720 sumen.

983 2747 1036 2774 tur,
1049 2743 1186 2777 ingenitus
1200 2741 1349 2776 ingenitum
1359 2739 1462 2775 genuit.
1478 2738 1524 2765 Sin
1537 2738 1672 2765 diversum
1681 2737 1762 2771 quid-

983 2788 1044 2816 dam
1067 2787 1180 2823 ingeulti
1209 2794 1241 2815 ac
1264 2786 1311 2814 Dei
1346 2783 1475 2813 vocabula
1494 2783 1643 2816 declarant,
1663 2791 1762 2820 neque:
