1945 3043
107 176 160 205 629

404 175 589 204 ADVERSUS
608 175 778 205 ILERESES
798 177 862 205 LIB.
882 177 927 206 Ill.
944 176 1026 205 TOM.
1045 177 1064 205 Ι.
1082 190 1118 198 -
1140 177 1277 205 IIAERES.
1295 177 1413 205 LXXVI.

1684 181 1736 210 650

106 233 224 261 κτιστόν.
241 233 284 264 Ὧς
297 231 353 260 οἶόν
367 235 440 261 ἐστιν
453 235 550 267 εἰπεῖν,
559 235 698 270 ἄνθρωποι
710 236 840 270 γεννῶσιν
850 237 896 263 ἀν-

954 241 1070 264 treatum
1099 237 1180 264 etiam
1200 241 1261 269 est,
1285 241 1407 263 creatum
1437 236 1491 264 alio
1517 237 1597 264 modo
1623 237 1734 266 dicitur.

105 279 243 316 θρώπους,
255 279 312 306 ἀλλ’
321 280 352 306 οὐ
370 279 521 311 κτίζουσιν·
536 277 610 307 οὗτοι
625 281 654 308 δὲ
666 281 769 308 ἄνωθεν
783 282 815 308 ὲκ
828 282 896 308 Θεοῦ

105 326 158 352 τίσι
165 325 349 362 κεκτισμένοιε
359 325 400 352 διὸ
409 327 498 357 αὐτοῖς
506 326 539 353 τὰ
547 326 597 362 μὲν
608 327 765 363 γεννώμενα
772 328 898 364 γεγέννη-

105 379 148 398 ται
161 380 168 387 ι
185 371 260 407 παρὰ
271 371 338 398 Θεοῦ
348 371 376 398 δὲ
391 372 425 398 τὰ
439 372 527 399 πάντα
542 373 693 401 κέκτισται.
703 373 770 400 Θεοῦ
784 374 813 402 δὲ
821 374 895 407 ὄντος

104 417 167 444 ἀκτί
170 425 243 450 στου,
252 417 431 452 γεννήσαντος
441 417 468 444 δὲ
474 418 563 454 ἑαυτῴ
569 418 643 451 Υίὸν,
651 419 697 446 καὶ
704 419 734 446 οὐ
743 420 895 452 κτίσαντος,

104 463 154 497 οὐχ
161 462 254 498 ἕτερον
263 463 345 498 γεννᾷ
353 462 428 498 παρὰ
436 463 484 498 τὴν
492 463 574 490 αὐτοῦ
583 464 686 492 οὐσίαν.
697 465 759 497 Πῶς
766 463 812 492 οὖν
820 465 896 492 ἔσται

105 508 135 534 τὸ
155 508 186 541 ὲξ
209 508 290 535 αὑτοῦ
307 509 431 544 γέννημα
451 509 569 541 κτιστὺν,
588 509 634 536 τοῦ
652 510 759 546 Πατρδς
768 511 896 537 ἀκτίστου

105 553 289 588 ὗπάρχοντος;
299 552 329 579 Εἰ
338 553 366 581 δὲ
383 553 492 580 κτιστδν
505 562 559 590 παρ
572 555 647 591 αὑτῷ
654 555 684 582 τὸ
696 555 900 591 γέννημα,οὑκ-

105 601 147 628 έτι
184 599 303 634 γέννημα
319 598 447 625 καλεῖται.
459 599 515 626 Καὶ
529 599 613 635 πολλή
629 601 686 627 ἐστι
702 600 769 636 πρὸς
780 601 829 636 τὴν
839 610 896 628 τοι-

104 645 191 679 αύτην
203 645 252 680 τῆς
274 645 389 677 ἀτοπίας
407 646 534 672 ὑπόνοιαν
549 646 697 680 ἀντιλογία.
717 647 851 681 ’Δπρεπὲς
867 647 896 674 δὲ

105 690 154 716 καὶ
164 690 224 726 Θεῷ
236 691 267 717 τὸ
280 688 350 718 εἷναί
363 699 428 717 ποτε
439 691 503 718 ἄνευ
511 691 587 724 Υίοῦ,
597 691 709 727 ὓστερον
719 692 746 718 δὲ
757 692 896 719 καλεῖσθαι

106 737 216 773 Πατέρα
239 738 308 773 μετὰ
330 737 404 765 Υῐόν.
433 738 489 764 Καὶ
506 738 629 773 ἀπρεπὲς
644 737 684 773 τῷ
699 738 756 773 Υἱῷ
775 738 805 765 τὸ
827 736 897 765 εἶναι

106 784 161 819 πρὸ
183 783 265 810 αὐτοῦ
282 783 392 820 χρόνον·
407 784 483 811 ἔσται
503 783 558 819 γὰρ
578 784 592 810 ὁ
614 783 709 820 χρόνος
727 783 826 819 μείζων
847 783 897 818 τῆς

106 829 189 857 αὑτοῦ
219 830 445 865 μεγαλειότητος’
474 831 691 865 συμπρεπόντως
708 829 737 855 δὲ
756 828 843 864 Πατρὶ
867 830 898 856 to

105 877 151 903 ἀεὶ
168 876 240 911 ἔχειν
257 876 287 902 ἐν
310 875 456 911 ταυτότητι
475 875 530 902 τῶν
546 875 708 911 ἀξιωμάτων
724 874 756 901 τὺ
778 874 898 901 ἀνέκλει·

948 281 1017 310 Nam
1028 282 1146 317 exempli
1159 282 1254 317 gratia,
1262 282 1385 309 homines
1401 282 1516 317 gignunt
1530 283 1664 315 homines,
1681 291 1735 311 non

948 333 1061 361 creant;
1087 328 1135 356 sed
1164 327 1229 356 olim
1252 335 1268 354 a
1284 327 1339 355 Dco
1362 328 1447 355 creati
1468 332 1542 355 sunt.
1562 328 1654 361 Quare
1677 337 1737 364 qua:

948 375 1108 411 gignuntur,
1124 375 1159 402 ab
1178 374 1233 402 illis
1247 374 1407 410 gignuntur,
1426 381 1440 400 a
1455 373 1511 401 Deo
1526 382 1590 401 vero
1607 375 1736 402 universa

949 424 1042 448 creata
1059 425 1133 449 sunt.
1156 420 1208 448 Sed
1232 427 1293 448 cum
1317 419 1389 447 Deus
1403 419 1541 447 increatus
1565 421 1610 452 sit,
1634 427 1666 448 ac
1685 421 1736 448 silit

949 466 1050 494 Filium
1073 471 1195 502 generet.
1213 473 1268 493 non
1281 469 1418 500 procreet,
1441 473 1495 492 non
1517 473 1579 492 eum
1598 466 1686 501 gignit
1704 467 1738 493 ab

950 513 1106 541 substantia
1128 520 1178 540 sua
1199 511 1349 539 diversum.
1364 510 1506 544 Quocirca
1527 510 1623 538 ﬁerine
1638 515 1735 546 potest,

949 563 980 586 ut
998 559 1069 594 quod
1088 558 1122 586 ab
1136 558 1196 593 ipso
1216 557 1472 593 gignitur,creatum
1489 556 1535 588 sit,
1553 564 1615 584 cum
1630 556 1738 584 increa-

949 607 995 631 tus
1010 604 1046 631 sit
1064 603 1163 631 l’ater?
1174 603 1241 630 Nam
1265 603 1288 630 si
1305 606 1415 630 creatus
1429 607 1472 629 est
1489 602 1537 637 qui
1561 602 1633 636 apud
1648 603 1738 636 ipsum

949 652 992 676 est
1010 649 1131 684 genitus,
1147 655 1201 675 non
1219 653 1260 675 est
1276 647 1350 683 quod
1367 647 1486 682 amplius
1499 647 1608 682 genitus
1620 647 1737 674 dicatur.

950 695 1034 722 Multa
1049 699 1187 729 suntquae
1200 693 1331 721 adversus
1349 697 1405 720 tam
1421 693 1568 721 absurdam
1583 692 1739 728 opinionem

949 740 1082 775 disputari
1097 743 1222 774 possunt.
1240 739 1292 767 Sed
1307 739 1336 766 in
1347 739 1444 774 primis
1458 738 1600 773 indignum
1617 737 1673 766 Deo
1684 743 1738 771 est,

950 791 981 812 ut
997 785 1056 813 sine
1071 785 1140 813 Filio
1156 785 1294 813 exstiterit
1308 784 1468 819 aliquando.
1484 788 1543 811 tum
1567 788 1662 819 postea
1679 788 1741 819 past

950 830 1012 859 Filii
1029 836 1154 859 exortum
1173 831 1255 859 Pater
1267 830 1401 866 appellari
1423 830 1547 865 cmperit.
1565 829 1698 857 Similiter
1714 834 1741 857 et

951 876 1093 912 indignum
1107 875 1177 903 Filio
1194 881 1246 910 est,
1260 876 1299 903 uti
1312 881 1420 911 tempus
1436 875 1525 911 ipsius
1541 876 1675 911 originem
1691 882 1741 902 an-

111 930 175 948 πτον
191 921 239 948 καὶ
253 921 347 948 ἀΐδιον.
369 921 424 948 Καὶ
448 921 489 947 δτι
504 920 557 956 πρὸ
584 919 652 947 Θεοῦ
668 920 743 947 οὐδὲν
757 917 801 954 ἦν,
820 919 900 954 δῆλον

954 923 1112 955 tecesserit;
1133 930 1306 957 consequens
1323 922 1396 949 enim
1409 926 1452 950 est
1474 926 1581 956 tempus
1598 921 1741 956 majestate

108 966 198 994 τοῦτο.
215 967 251 994 Τὸ
265 967 332 999 Θεὸς
349 967 448 1000 τοίνυν,
463 967 501 998 ὡς
515 966 567 1002 ἔφη
587 966 700 998 Ἀέτιος,
713 965 761 992 καὶ
772 965 802 992 τὺ
818 965 897 999 ἀγέν-

109 1021 190 1048 νητον
205 1012 301 1040 ταυτόν
325 1013 383 1039 ἐστι
406 1012 512 1047 δηλοῦν.
534 1011 589 1038 Καί
612 1020 670 1043 πως
697 1011 794 1038 ἑαυτοῦ
810 1019 896 1038 κατα-

108 1059 216 1086 πλέκων
236 1060 391 1094 κατηγορεῖ,
412 1058 510 1094 μᾶλλον
525 1057 575 1093 [δὲ]
592 1058 664 1093 ἢπερ
681 1057 848 1085 συνίσταται.
867 1057 899 1083 Et

107 1104 163 1140 γὰρ
173 1104 221 1130 σὺν
228 1102 288 1139 Θεῷ
307 1103 335 1130 τὸ
344 1103 411 1135 Θεὸς
425 1124 432 1135 ,
447 1103 484 1134 ὡς
499 1103 546 1129 καὶ
565 1102 633 1134 ἔστι,
646 1102 694 1129 καὶ
712 1102 743 1128 τὸ
752 1102 898 1136 ἀγέννητον

108 1149 251 1184 προσίεται
275 1151 320 1175 τὸν
343 1148 473 1183 γεννητὸν
488 1147 551 1174 Υίόν
563 1156 569 1163 ·
595 1147 650 1182 ἔχει
666 1147 721 1182 γὰρ
740 1156 899 1183 συμπεριει-

108 1192 256 1228 λημμένως
272 1193 301 1219 τὸ
309 1191 377 1224 Θεός
391 1201 398 1207 ·
417 1194 629 1226 συνεκφωνεῖται
645 1192 673 1219 δὲ
693 1192 731 1227 τῷ
745 1192 831 1227 Πατρὶ
847 1192 902 1219 ἀπὸ

107 1238 154 1263 τοῦ
167 1238 233 1269 Θεὸς
250 1258 256 1270 ,
271 1238 319 1263 καὶ
333 1237 473 1269 ἇκτιστος,
489 1237 537 1264 καὶ
561 1238 609 1264 σὺν
634 1237 721 1272 Πατρὶ
747 1236 902 1272 τιμώμενος

108 1282 173 1314 Θεὸς
196 1283 292 1316 Λόγος,
308 1283 358 1309 κᾶν
369 1290 398 1308 τε
416 1282 455 1317 τῷ
472 1282 567 1317 ’Λετίῳ
582 1281 661 1308 τοῦτο
673 1281 710 1318 μὴ
724 1282 900 1317 παρίσταται,

107 1327 162 1354 τῶν
188 1328 297 1354 πάντων
323 1327 481 1363 κτισμάτων
502 1327 559 1363 Υίῷ
587 1327 825 1363 προσκυνούντων,
852 1329 902 1355 καὶ

108 1373 211 1406 πάσης
231 1374 374 1408 γλώσσης
395 1373 690 1408 ἐξομολογοινμέιης,
713 1373 758 1400 ὅτι
783 1374 902 1408 Ἰησοῦς

107 1419 239 1453 Χριστὸς
250 1420 294 1452 εὶς
312 1419 407 1451 δόξαν
423 1419 497 1446 Θευῦ
511 1419 636 1454 Πατρὺς,
653 1417 675 1453 ᾧ
698 1420 714 1454 ἡ
735 1419 797 1452 δόξα
814 1421 901 1456 Πατρὶ

110 1467 139 1492 ἐν
162 1465 229 1500 Υἱῴ,
254 1467 302 1492 σὺν
313 1466 384 1501 ἁγίῳ
406 1465 556 1500 ιινεύματι,
576 1467 616 1497 εἰς
637 1466 700 1497 τοὺς
723 1466 824 1498 αἰῶνας
846 1466 900 1493 τῶν

109 1511 226 1538 αἰώνων.
248 1512 343 1547 Ἀμήν.

948 968 1025 996 illius
1040 975 1103 996 esse
1118 968 1225 1002 majus;
1249 972 1276 995 et
1299 974 1363 995 vero
1380 966 1453 994 Patri
1472 974 1626 1002 congruens
1641 970 1694 998 est,
1712 971 1742 992 ut

950 1013 978 1040 in
993 1013 1116 1047 ejusdem
1133 1013 1328 1040 communione
1345 1011 1488 1047 dignitatis
1500 1011 1661 1046 participem
1678 1018 1740 1038 eum

951 1065 1059 1093 semper
1090 1058 1227 1090 habuerit,
1249 1057 1295 1093 qui
1320 1057 1446 1084 desinere
1473 1064 1613 1091 nunquam
1641 1061 1741 1092 potest,

951 1107 1050 1138 estque
1069 1103 1263 1138 sempiternus.
1290 1102 1370 1135 Quod
1390 1109 1457 1130 vero
1489 1102 1545 1129 Deo
1568 1101 1637 1129 nihil
1665 1102 1742 1137 prius

949 1148 1088 1176 exstiterit
1103 1148 1359 1176 manifestissimum
1376 1151 1428 1175 est.
1443 1147 1565 1178 Atenim,
1582 1147 1620 1174 ait
1633 1147 1741 1178 Aetius,

951 1193 1022 1222 Deus
1048 1197 1075 1221 et
1100 1193 1250 1228 ingenitum
1271 1193 1342 1220 idem
1360 1192 1474 1219 omnino
1498 1192 1668 1226 signiﬁcant.
1687 1190 1742 1219 Vc-

952 1247 1012 1266 t-um
1032 1247 1115 1274 quam
1140 1243 1234 1274 aperto
1258 1239 1436 1274 semetipsum
1458 1238 1601 1273 implicans
1630 1241 1743 1265 accusat

952 1285 1051 1319 potius,
1068 1284 1151 1320 987
1166 1291 1247 1319 quam
1274 1283 1372 1319 dogma
1394 1291 1474 1311 suum
1495 1284 1649 1311 conﬁrmet.
1674 1282 1741 1309 Nam

952 1331 974 1357 si
992 1338 1054 1358 cum
1073 1330 1127 1357 Deo
1151 1329 1222 1357 Deus
1236 1333 1288 1363 est,
1309 1333 1338 1356 ut
1353 1333 1396 1357 est
1410 1337 1516 1361 revera,
1535 1329 1617 1356 etiam
1638 1328 1743 1363 ingeni-

954 1379 1012 1402 tum
1035 1376 1154 1410 genitum
1170 1374 1269 1402 Filium
1293 1375 1424 1407 admittit,
1439 1375 1485 1410 qui
1512 1375 1558 1402 Del
1579 1375 1743 1401 vocabulum

955 1428 1008 1448 una
1027 1421 1228 1456 complectitur,
1242 1427 1306 1447 cum
1329 1419 1411 1448 Patre
1435 1428 1499 1448 vero
1523 1421 1604 1448 simul
1623 1419 1744 1455 apprlla-

954 1473 1008 1499 tur,
1024 1471 1051 1495 et
1063 1467 1251 1502 coniungitur,
1267 1470 1379 1494 exortus
1394 1474 1410 1493 a
1426 1466 1491 1498 Deo.
1505 1472 1532 1494 et
1550 1467 1699 1498 increatus,
1716 1469 1745 1493 et

953 1513 1106 1540 honoratus
1122 1520 1185 1540 cum
1205 1512 1286 1540 Patre
1301 1512 1383 1543 Deus.
1400 1511 1528 1547 idemque
1541 1511 1677 1543 Verbum;
1691 1510 1744 1538 etsi

109 1558 189 1583 aliter
207 1558 284 1584 Actio
303 1557 436 1589 videatur,
451 1565 512 1584 cum
525 1561 624 1584 creatae
648 1565 691 1584 res
711 1565 808 1585 omnes
823 1558 919 1585 Filium
941 1559 1067 1591 adorent,
1079 1564 1104 1586 et
1117 1559 1202 1586 omnis
1219 1558 1310 1593 lingua
1329 1559 1496 1593 conﬁteatur,
1518 1559 1643 1592 quoniam
1664 1556 1744 1584 Iesus

110 1602 233 1630 Christus
246 1604 272 1630 in
286 1603 371 1638 gloria
380 1607 418 1630 est
430 1603 477 1631 Dei
491 1603 583 1630 Patris
596 1604 606 1619 ⁸
623 1612 629 1630 ;
645 1604 689 1631 cui
707 1604 791 1639 gloria
805 1604 876 1631 Patri
895 1604 925 1632 in'
949 1605 1030 1638 Filio,
1043 1613 1106 1633 cum
1126 1605 1230 1640 Spiritu
1255 1608 1362 1637 sancto,
1387 1605 1415 1632 in
1442 1605 1542 1632 saecula
1570 1604 1745 1633 saeculorum.

109 1650 206 1677 Amen.

165 1704 220 1733 Τοῦ
243 1706 351 1733 Ἀετίου
371 1705 502 1732 ἐνταῦθα
511 1705 593 1732 τελεῖ
606 1705 614 1721 ‘
631 1705 664 1732 τὸ
683 1705 838 1740 ἐρῤὦσθαι.

153 1750 341 1787 Ἐῥρωμένους
361 1752 408 1778 καὶ
427 1752 586 1787 ὲρῤωμένας
601 1752 673 1787 ὑμᾶς
689 1751 703 1778 ὁ
719 1751 756 1778 ὣν
773 1752 902 1786 αὐτογέν-

110 1806 190 1832 vnto;
213 1798 289 1829 Θεὸς,
315 1799 330 1824 ὸ
350 1798 397 1824 καὶ
426 1798 506 1833 μόνος
528 1797 573 1824 διὰ
595 1798 674 1825 τοῦτο
698 1798 824 1833 ἀληθινὸς
839 1798 904 1830 Θεὸς

111 1843 345 1878 προσαγορευθεὶς
368 1843 420 1870 ὑπὸ
439 1843 487 1871 τοῦ
510 1844 708 1876 ἀποσταλέντος
730 1844 816 1880 Ἰησοῦ
835 1845 903 1880 Χρι-

111 1889 189 1918 στοῦ.
204 1889 369 1920 ὑποστάντος
388 1898 417 1915 τε
432 1889 540 1924 ἀληθῶς
558 1890 611 1924 πρὸ
631 1889 745 1921 αίὼνων,
761 1890 808 1916 καὶ
830 1890 903 1922 avre;

111 1935 248 1970 γεννητῆς
263 1935 448 1966 ὑποστάσεως,
462 1935 622 1971 διατηρήσει
645 1936 699 1962 ἀπὸ
711 1936 760 1970 τῆς
777 1936 904 1967 ἀσεϐείας

111 1980 142 2006 ἐν
165 1979 276 2015 Χριστῷ
303 1980 390 2014 Ἰησοῦ
413 1980 453 2016 τῷ
480 1981 587 2016 Σωτῆρι
615 1981 707 2017 ἡμῶν·
732 1981 764 2008 δι’
781 1977 812 2008 οὗ
830 1982 903 2008 πᾶσα

110 2026 176 2058 δόξα
186 2026 224 2061 τῷ
233 2026 293 2060 Θεῴ
303 2026 349 2053 καὶ
361 2027 457 2062 Haupt,
466 2027 512 2053 xui.
523 2027 580 2058 νῦν,
592 2027 648 2064 [καὶ
658 2027 725 2063 del“!
736 2028 783 2055 καὶ
793 2029 834 2060 εἰς
842 2028 904 2059 τοὺς

111 2072 213 2103 αίώνεις
229 2071 282 2098 τῶν
297 2071 411 2099 αἰώνων.
432 2072 528 2108 Ἀμήν.

427 2175 496 2202 Ἀνα
500 2183 571 2208 (pm
577 2177 592 2210 Ii
597 2193 603 2200 .

150 2220 206 2246 Καὶ
220 2220 267 2246 ἐπὶ
290 2219 329 2255 τῷ
344 2219 415 2246 τέλει
438 2220 452 2245 ὁ
476 2220 588 2251 ’Δέτιος,
604 2220 717 2254 γράψων
744 2220 783 2256 τῷ
807 2222 904 2248 ἑαυτοῦ

114 2266 213 2302 θιάσῳ,
229 2265 268 2299 οἷς
281 2267 332 2303 ἔφη
346 2267 475 2302 ἀθληταῖς
489 2276 518 2293 τε
536 2267 582 2293 καὶ
595 2267 763 2302 ἁθλητρίαις,
788 2268 838 2294 οὐκ
854 2269 906 2294 ἀπ-

115 2312 226 2338 ελίπετο
249 2313 299 2347 τῆς
319 2313 445 2347 τοιαύτης
461 2312 516 2338 τῶν
537 2312 624 2346 λόγων
650 2312 817 2348 μοκθηρῖας,
838 2312 905 2339 ἀλλὰ

115 2358 163 2384 καὶ
178 2358 206 2384 ἐν
219 2358 258 2393 τῷ
274 2358 410 2394 ἐρῤὦσθαι
422 2357 562 2390 ἀπέδειξεν
574 2357 654 2384 αὑτοῦ
671 2358 721 2393 τῆς
733 2358 906 2389 διδασκαλίας

115 2403 147 2430 τὸ
171 2392 321 2438 ἀλλότριον.
346 2404 448 2430 Φάσκει
472 2403 541 2439 γάρ·
571 2402 773 2437 Ἑέρωμένους
793 2402 871 2438 ὑμᾶς
888 2404 904 2430 ό
922 2392 944 2420 θ

115 2448 158 2474 ὢν
181 2448 400 2483 αὐτογέννητος
429 2449 511 2481 Θεός.
529 2448 566 2475 Οὐ
594 2448 718 2480 συνιδὼν,
746 2448 788 2474 ὅτι
812 2449 841 2474 ἐν
864 2448 906 2474 ἑνὶ

116 2494 190 2529 λόγῳ
203 2494 281 2520 ἔλυσε
300 2494 330 2520 τὸ
348 2495 402 2520 πᾶν
420 2494 470 2529 τῆς
486 2493 568 2521 αὑτοῦ
583 2494 741 2529 ὑποσπορὸκς
757 2493 803 2520 τοῦ
823 2494 906 2528 ζητὴ-

118 2549 213 2575 ματος.
228 2541 320 2575 Φὴσας
339 2540 392 2576 γὰρ
407 2541 436 2566 ὲν
450 2541 506 2571 τοῖς
526 2540 655 2566 ἀνωτάτω
670 2539 826 2573 κεφαλαίοις
841 2538 905 2574 περὶ

116 2587 265 2621 ἁγεννὴτου
277 2586 357 2615 Θεοῦ.
395 2586 425 2612 οὐ
439 2585 557 2621 πρόοιδε.
593 2586 639 2612 καὶ
649 2586 689 2612 ὅτι
703 2593 712 2611 ‹
727 2584 794 2611 Οὔτε
810 2584 906 2611 ἑαυτὸν

117 2632 214 2659 ἐποίει.
224 2630 356 2657 »ἐνταῦθα
368 2631 399 2656 αὖ
405 2630 637 2665 τογέννητονὴμῖν
649 2629 819 2664 παρεισάγει.
828 2628 907 2655 Πᾶσα

115 2677 144 2702 δὲ
162 2676 266 2703 διάνοια
283 2677 310 2702 ὲν
327 2675 397 2712 λήθῃ
412 2675 511 2710 ἑαυτῆς
527 2675 641 2709 γίνεται,
660 2674 734 2706 ὅπως
756 2673 905 2709 φωραθείη.

118 2719 186 2749 Εἶτά
201 2731 266 2757 φησι
279 2731 286 2737 ⁸
301 2730 310 2747 ι
332 2722 360 2748 '0
375 2721 421 2748 καὶ
440 2722 517 2756 μόνος
539 2721 583 2748 διὰ
606 2720 685 2746 τοῦτο
702 2719 826 2756 ἀληθινὸς
843 2719 908 2751 Θεὸς

119 2767 360 2804 προσαγορευθείς.
375 2777 384 2793 ι
402 2768 482 2795 Κατὰ
494 2767 522 2794 δὲ
536 2767 582 2793 τὸν
596 2766 679 2793 αὑτοῦ
694 2766 772 2800 λόγον
787 2765 834 2792 καὶ
848 2765 907 2791 διά-

118 2822 204 2846 νοιαν,
216 2813 232 2848 ἢ
249 2814 356 2848 ἀναιρεῖ
366 2813 396 2840 τὸ
407 2811 475 2840 εἶναι
487 2812 532 2840 τὸν
542 2812 606 2840 Υιὸν
617 2812 692 2844 Θεὸν,
703 2812 750 2838 καὶ¹
767 2811 855 2847 μάτην
864 2820 910 2837 συ-

157 2893 164 2908 ¹
182 2891 250 2926 ηδῧι
267 2892 295 2918 ὲν
309 2890 346 2926 τῷ
361 2890 440 2918 τέλιι,
484 2891 494 2906 ¹
511 2889 626 2924 i‘hitipp.
643 2896 674 2921 ιι,
692 2889 732 2915 II.

1129 1709 1200 1736 Aelii
1219 1708 1349 1736 salutatio
1364 1707 1390 1734 in
1405 1707 1456 1741 ﬁne
1471 1706 1567 1741 posita.

989 1752 1054 1781 Post
1069 1754 1126 1781 haec
1143 1753 1337 1781 salutationem
1354 1751 1477 1779 subtexit
1493 1750 1535 1777 his
1551 1750 1641 1777 verbis
1655 1759 1660 1776 :
1673 1749 1747 1778 Deus

955 1799 1010 1832 ille,
1026 1801 1074 1834 qui
1091 1806 1105 1826 a
1121 1797 1196 1826 nullo
1218 1799 1272 1826 alio
1291 1797 1398 1833 genitus
1414 1801 1467 1829 est,
1492 1796 1593 1831 quique
1608 1796 1684 1823 solus
1697 1804 1745 1823 ve-

955 1853 1002 1873 rus
1026 1845 1098 1872 Deus
1118 1845 1154 1872 ab
1165 1844 1230 1873 Jestt
1247 1844 1370 1875 Christo,
1395 1850 1476 1878 quem
1492 1842 1538 1869 ille
1553 1841 1675 1873 miserat,
1696 1849 1745 1876 ap-

955 1890 1072 1925 pellatus
1095 1895 1138 1917 est
1149 1890 1170 1922 ³,
1194 1889 1316 1921 Christo,
1337 1888 1461 1923 inquam,
1489 1887 1536 1922 qui
1563 1893 1659 1914 revera
1681 1890 1746 1914 ante

955 1937 1056 1964 satcula
1080 1936 1172 1963 omnia
1197 1934 1313 1967 exstitit,
1339 1938 1436 1968 estque
1461 1933 1520 1960 sine
1545 1931 1629 1959 dubio
1654 1931 1745 1966 genita

955 1981 1122 2013 substantia.
1148 1988 1231 2008 sanos
1255 1987 1315 2011 vos,
1333 1983 1360 2005 et
1381 1985 1476 2008 sanas,
1489 1982 1515 2005 ct
1536 1977 1689 2004 incolumes
1710 1977 1746 2003 ab

956 2027 1097 2062 impietate
1113 2025 1263 2057 custodiat,
1279 2024 1306 2051 in
1321 2023 1430 2051 Christo
1437 2021 1581 2050 Servalore
1589 2025 1691 2054 nostro,
1698 2028 1747 2056 per

956 2080 1036 2107 quem
1054 2071 1144 2099 omnis
1159 2070 1245 2105 gloria
1260 2069 1346 2101 Patri,
1362 2073 1390 2096 ct
1403 2075 1477 2095 nunc
1491 2071 1519 2094 et
1534 2073 1651 2101 semper,
1673 2070 1702 2094 et
1717 2065 1746 2093 in

956 2117 1056 2144 Saecula
1071 2115 1244 2144 saeculorum.
1261 2113 1359 2141 Amen.

1270 2168 1436 2203 Confutalio.

993 2217 1051 2245 Sub
1065 2215 1189 2252 opusculi
1210 2215 1291 2242 ﬁnem
1307 2214 1340 2241 ad
1355 2213 1462 2241 sodales
1476 2219 1541 2239 suos
1554 2210 1678 2239 scribens
1690 2210 1744 2238 Ae-

955 2264 1021 2295 tius.
1041 2270 1111 2298 quos
1134 2262 1261 2291 athletas.
1282 2264 1308 2287 et
1326 2259 1468 2287 athletrias
1485 2257 1618 2288 nominat,
1636 2264 1670 2283 ne
1687 2259 1744 2283 tum

957 2309 1066 2344 quidem
1082 2308 1117 2334 ab
1134 2307 1224 2341 impiis
1241 2306 1355 2333 vocibus
1374 2304 1517 2335 ahstinuit,
1537 2304 1584 2330 sed
1605 2303 1631 2330 in
1649 2302 1747 2330 valedi-

957 2348 1044 2381 cendo
1062 2359 1170 2388 quoque
1195 2351 1342 2378 abhorrere
1369 2356 1399 2377 se
1426 2349 1460 2376 ab
1483 2349 1591 2377 sincera
1620 2347 1746 2375 doctrina

958 2398 1131 2426 monstravit.
1147 2397 1192 2424 Sic
1208 2398 1281 2424 enim
1295 2396 1415 2431 loquitur
1429 2404 1435 2422 :
1450 2393 1535 2422 Sanos
1552 2402 1596 2422 vos
1613 2399 1638 2421 et
1655 2393 1746 2421 valen-

957 2451 994 2472 tes
1007 2444 1052 2479 qui
1071 2449 1109 2472 est
1137 2452 1153 2470 a
1168 2451 1195 2471 se
1214 2443 1314 2478 genitus
1336 2441 1406 2469 Deus
1433 2441 1576 2468 custodiat.
1600 2440 1656 2469 Nec
1679 2440 1745 2467 illud

958 2490 1162 2523 animadvertit,
1184 2493 1268 2517 totam
1289 2489 1362 2516 illam
1386 2495 1510 2523 sparsam
1535 2486 1553 2514 a‘
1569 2495 1599 2515 se
1618 2486 1748 2522 qutestio-

958 2544 1019 2564 nem
1036 2544 1089 2563 una
1105 2543 1172 2563 voce
1191 2535 1314 2565 dissolvi,
1332 2542 1395 2561 cum
1419 2534 1447 2560 in
1463 2533 1653 2568 superioribus
1673 2532 1748 2567 capi-

958 2581 1033 2609 tibus
1052 2581 1086 2609 de
1099 2581 1220 2617 ingenito
1236 2580 1291 2607 Deo
1305 2580 1420 2614 loquens
1435 2586 1606 2614 nequaquam
1625 2586 1641 2605 a
1656 2578 1750 2613 seipso

960 2627 1018 2654 ﬁeri
1040 2626 1177 2658 statuerit,
1196 2626 1248 2653 hoc
1263 2633 1328 2652 vero
1340 2625 1399 2652 loco
1419 2633 1434 2651 a
1458 2626 1550 2660 seipso
1567 2624 1688 2659 genitum
1705 2623 1748 2650 af-

962 2673 1059 2699 firmet.
1073 2671 1206 2705 Qumlihet
1221 2671 1294 2699 enim
1306 2671 1426 2698 hominis
1438 2678 1514 2698 mens
1523 2669 1565 2697 sui
1581 2669 1668 2703 ipsius
1682 2668 1749 2694 obli-

960 2718 1087 2750 viscitur,
1117 2723 1147 2745 ut
1173 2718 1200 2744 in
1226 2724 1321 2745 errore
1344 2716 1511 2751 deprehendi
1543 2714 1639 2750 possit.
1666 2713 1749 2740 Addit

961 2767 1092 2799 pneterea
1107 2773 1114 2790 :
1133 2762 1236 2796 «Quict
1252 2762 1328 2790 solus
1348 2767 1491 2797 propterea
1509 2767 1591 2787 verus
1608 2758 1676 2786 Deus
1704 2765 1749 2792 ap-

963 2810 1299 2846 pellatur.¢Quamobrem
1322 2814 1352 2836 ut
1375 2808 1448 2836 illius
1471 2807 1578 2833 animus
1602 2804 1753 2840 opinioque

772 2888 781 2904 '
793 2887 871 2916 Joan.
889 2896 955 2922 mi,
969 2888 995 2914 5.
