1945 3043
216 160 265 188 CM
925 164 953 191 S.
976 164 1147 193 EPlPliANll
1791 159 1846 188 6δῖ

216 220 279 251 fert,
296 223 343 246 aut
361 218 460 246 Filium
476 219 561 247 Deum
580 227 641 247 esse
663 224 755 255 negat,
775 225 803 248 et
827 222 930 249 nomini
953 223 984 258 ip:

1074 225 1188 258 οφαντεῖ
1199 224 1228 250 τὸ
1239 221 1376 257 δνομα,τῷ
1385 221 1543 256 Χριστιανὸς
1550 219 1671 254 τὸόνομα
1684 218 1826 246 καλεῖσθαι
1833 225 1842 234 ·

214 264 380 291 calumniam
401 264 476 299 facit,
491 265 555 292 dum
577 265 752 293 Christianus
773 267 902 301 appellari
917 268 979 303 cupi

1093 270 1133 296 ὃτι
1161 269 1226 295 Θεὸν
1244 268 1293 304 μὲν
1314 268 1370 303 ἔχει
1387 270 1432 294 τὸν
1451 267 1532 299 Υίὸν,
1550 265 1607 292 ἀλλ’
1625 265 1675 291 οὐκ
1696 263 1842 298 ἀληθινόν·

214 311 268 337 Aut
285 310 368 338 Deum
380 318 442 338 esse
459 311 568 345 quidem
595 310 694 339 Filium
713 316 801 347 putat,
821 314 868 341 sed
893 314 982 341 minin:

1075 316 1103 342 αἱ
1119 315 1196 342 ἔσται
1210 314 1286 350 αὐτῷ
1298 312 1338 346 εἷς
1355 313 1420 345 Θεὸς
1439 312 1573 348 ἀληθινὸς,
1591 312 1638 338 καὶ
1652 307 1692 342 εἷς
1711 310 1762 336 οὑκ
1776 309 1843 344 ἀλη-

214 363 321 387 verum,
337 360 366 383 ut
379 364 411 383 cx
427 356 488 391 ejus
504 358 652 390 sententia,
675 357 748 386 Deus
771 359 842 386 alius
862 361 899 387 sil.
911 365 982 387 veru:

1075 362 1138 394 ινός.
1156 361 1236 388 Κατὰ.
1249 361 1277 387 δὲ
1289 360 1423 386 ὑπόϐασιν
1436 359 1484 385 ἕνα
1502 358 1545 393 ὑφ’
1563 357 1620 389 ἐνὸς
1640 356 1786 391 εὑρίσκων,
1804 355 1843 382 ἑτι

213 401 284 427 alius
309 408 364 427 non
391 408 483 429 verus.
504 401 678 438 Quapropter
700 411 763 430 cum
784 404 898 432 alterum
926 405 980 432 alte

1077 408 1104 434 at
1120 407 1150 434 τὸ
1169 408 1246 441 ἆγιον
1264 405 1378 441 Πνεῦμα
1396 406 1425 431 ὲν
1450 403 1600 440 μικροτέρα
1624 403 1671 429 καὶ
1690 400 1845 436 ἀποδεούσῃ

214 446 352 480 subjiciat,
384 451 412 474 et
438 447 572 482 Spiritum
599 453 725 476 sanctum
750 449 777 476 in
801 450 901 478 minori
923 456 979 486 atqi

1076 453 1132 486 ἀξει
1152 453 1273 486 τάττων,
1290 451 1307 487 ἦ
1325 452 1365 478 ὅτι
1381 450 1542 486 μικρότερον
1565 448 1644 476 πάλιν
1663 447 1729 474 Θεὸν
1745 446 1813 478 ἔξει,
1828 447 1844 481 ἦ

213 491 434 527 988inl‘eriori
457 493 522 521 sede
548 494 675 528 collocet,
697 503 810 524 necesse
830 500 882 528 est,
911 501 941 524 ut
957 504 981 523 at

1077 502 1088 536 ᾗ
1107 500 1203 536 Τριάδι
1221 499 1258 534 μὴ
1273 497 1463 533 συναριθμῶν,
1480 495 1560 522 τοῦτο
1572 495 1649 521 ἔσται
1672 493 1845 520 παντάπασιν

213 538 349 566 minorem
374 539 456 566 alium
478 538 562 567 Deum
581 545 740 576 cognOscat,
763 545 822 574 aut,
837 542 860 568 si
876 541 981 568 Trinita

1079 544 1197 580 λλότριον
1209 543 1381 579 Χριστιανῶν
1397 542 1428 568 τὸ
1448 539 1564 567 ἐλεεινὸν
1580 538 1781 574 ἀνθρωπάριον,
1799 537 1847 564 καὶ

214 590 385 618 nequaquam
410 586 644 613 annumerandum
667 586 815 618 existimet,
837 594 951 622 prorsus
971 595 982 614 ε

1078 590 1147 618 Ἇιπὸν
1156 590 1256 625 Ἕλλην
1268 590 1357 625 ἁποκη
1363 588 1473 624 ρυχθείη
1485 586 1661 617 τελειότατος,
1673 585 1721 611 καὶ
1731 583 1846 610 Σαδδου-

213 630 433 658 Christianorum
449 639 564 660 numero
582 632 769 668 segregandus
785 633 822 660 sit
845 632 940 661 infelix
957 633 981 661 ιιι

1079 638 1132 669 ιίος
1147 636 1186 671 τῷ
1200 635 1319 671 ἀριθμῷ,
1339 635 1478 670 ἀλλότριος
1496 634 1544 669 μὲν
1560 632 1607 660 τοῦ
1623 633 1783 667 Πνεύματος
1799 631 1847 658 rei

214 677 335 710 inuncio,
354 682 435 713 atque
458 678 492 705 ad
507 679 649 714 gentilium
665 679 812 706 factionem
828 679 872 706 vel
897 678 982 706 Saddt

1079 683 1144 717 γίου,
1161 683 1198 714 ὡς
1215 682 1262 709 καὶ
1285 681 1371 714 ἔστιν,
1395 680 1510 715 Ἕλλησι
1526 679 1555 706 δὲ
1576 678 1789 714 συγκρινόμενος
1814 678 1847 712 τῇ

214 730 333 750 emorum
352 731 466 758 prorsus
489 725 668 759 ablegandus.
695 725 743 753 Est
764 725 837 753 enim
859 732 875 752 a
900 724 982 760 Spirit

1079 727 1158 764 ερίδι,
1173 727 1221 754 ἕνα
1238 727 1287 763 μὲν
1297 727 1363 754 Θεὸν
1375 726 1487 761 φάσκων
1503 725 1597 760 μέγαν,
1616 724 1662 750 καὶ
1674 723 1722 750 ἕνα
1739 722 1847 758 μικρὸν,

214 773 311 796 sancto
322 770 418 797 horum
431 770 517 798 instar
529 771 647 799 alienus.
659 771 701 798 Ah
713 771 856 806 gentilium
867 779 934 799 vero
946 779 979 807 pa

1080 782 1106 801 id.
1129 773 1264 809 ἀληθινὸν,
1280 773 1327 799 καὶ
1349 772 1397 799 ἕνα
1421 772 1471 798 οὐκ
1492 771 1633 806 ἀληθινὸν,
1659 770 1697 802 ὡς
1715 769 1848 804 Ἕλληνες

212 815 287 842 tzlms
305 819 419 843 eatenus
443 820 508 850 stat,
531 816 596 844 dum
617 825 702 843 unum
728 825 790 844 esse
811 821 906 844 censet
930 824 980 844 sun

1080 818 1244 855 μολογοῦσιν,
1255 819 1303 845 ἕνα
1316 818 1403 854 μέγαν
1416 817 1491 850 Θεὸν,
1504 817 1566 849 τοὺς
1581 816 1609 843 δὲ
1619 816 1715 847 ἄλλους
1732 815 1848 851 μικροὺς

214 867 288 886 nium
307 859 401 893 Deum,
421 861 536 888 alterum
557 861 708 894 minorem;
732 869 826 889 verum
848 869 945 894 unum,
965 868 979 888 a

1081 865 1234 901 νομάζοντες
1245 874 1252 880 ·
1273 865 1324 899 τῆς
1345 864 1421 895 θείας
1437 863 1548 899 Γραφῆς
1568 862 1647 890 αὑτὸν
1663 862 1756 896 σαφῶς
1772 862 1849 896 ἐλεγ-

213 910 304 933 terum
320 913 376 933 non
397 913 492 933 verum
505 916 512 934 :
525 905 552 935 id
569 907 642 942 quod
658 906 745 934 (ἰταιεί
766 907 941 939 confitentur,
957 916 981 943 qi

1081 910 1169 946 αύσης,
1186 910 1233 937 καὶ
1249 910 1313 946 περὶ
1328 909 1435 944 Πατρὸς
1451 909 1499 943 μὲν
1510 907 1640 942 λεγούσης
1651 927 1658 939 ,
1673 907 1712 938 ὡς
1728 906 1760 932 '0
1777 906 1849 939 Θεὸς

214 959 299 978 unum
321 951 453 986 majorem
473 951 570 985 Deum,
588 953 727 980 minorum
747 954 868 989 gentium
893 958 982 981 caetert

1082 957 1213 990 ληθινός”
1227 956 1275 982 καὶ
1288 954 1352 990 περὶ
1364 954 1429 981 Υίοῦ
1441 954 1472 981 τὸ
1485 954 1558 987 Θεὸς
1569 952 1712 984 ὡσαύτωςδ
1723 951 1772 979 καὶ
1785 952 1850 988 mp!

214 999 368 1034 appellant;
385 1000 433 1028 sed
448 1000 578 1028 nimirum
597 1000 742 1036 perspicue
763 1001 840 1028 illum
864 1008 982 1028 sacrarui

1084 1003 1174 1038 ατρὸς,
1191 1002 1225 1030 Τὸ
1237 1001 1300 1037 φῶς
1313 1003 1329 1029 ό
1347 1001 1428 1034 Θεός·
1448 1001 1512 1036 περὶ
1525 1000 1553 1027 δὲ
1568 999 1643 1032 Υἱοῦ,
1656 997 1718 1026 Ἦν
1730 999 1764 1026 τὸ
1786 997 1852 1033 φῶς

214 1044 380 1074 Litterarum
398 1047 537 1075 convincit
551 1048 712 1081 auctoritas,
727 1055 789 1083 quae
804 1055 868 1075 cum
880 1048 914 1075 de
926 1048 982 1074 Pati

1082 1050 1090 1076 5
1110 1049 1270 1083 ἀληθινόν·
1294 1047 1343 1074 καὶ
1366 1047 1430 1084 περὶ
1450 1045 1527 1080 ἁγίου
1551 1044 1726 1080 Πνεύματος,
1749 1044 1792 1070 ὄτι
1814 1044 1850 1070 Τὸ

213 1091 376 1126 loquuntur,
393 1091 474 1126 Deus,
490 1092 629 1128 inquiunt,
642 1102 718 1121 uerus
729 1099 769 1121 est
782 1093 791 1110 ¹
807 1103 814 1121 :
828 1092 927 1121 Filium
939 1102 981 1126 αυτ

1084 1094 1177 1130 νεῦμα
1195 1094 1250 1128 τῆς
1275 1093 1429 1127 ἀληθείας.
1456 1091 1602 1127 Ἀληθινῶς
1627 1091 1716 1118 τοίνυν
1742 1091 1809 1125 ἡμῖν
1833 1090 1852 1124 ἡ

210 1143 264 1170 que
278 1135 370 1163 itidem
384 1143 445 1164 eSse
457 1137 540 1165 Deum
552 1144 694 1172 asserunt;
711 1146 772 1174 quae
782 1138 892 1174 quidem
903 1137 938 1165 de
949 1137 978 1164 P:

1083 1138 1142 1174 ριὰς
1167 1136 1382 1172 καταγγέλλεται
1400 1137 1429 1164 ὲν
1452 1136 1534 1172 σοφίᾳ
1554 1135 1601 1163 καὶ
1625 1135 1702 1171 βάθει
1719 1135 1851 1162 πλούτου.

208 1185 269 1209 tre:
284 1181 344 1208 Lua:
359 1187 398 1209 est
414 1182 501 1216 Deus;
515 1183 549 1212 de
558 1183 628 1212 Filio
639 1190 728 1213 autem
744 1195 750 1212 ε
771 1185 831 1212 Lux
848 1189 905 1212 erat
918 1192 978 1211 cera
987 1191 998 1216 ;

210 1225 341 1262 Spiritum
355 1227 471 1263 denique
486 1233 610 1257 sanctum
625 1231 749 1265 spiritum
768 1231 888 1258 veritatis
902 1229 997 1264 appel-

209 1273 267 1300 lant
277 1276 298 1302 ¹.
311 1274 404 1310 Itaque
416 1275 535 1303 Trinitas
547 1283 610 1304 vere
622 1277 701 1305 nobis
716 1277 744 1305 in
757 1276 891 1312 sapientia
907 1280 934 1304 et
945 1272 1104 1302 divrtiarum
1125 1270 1268 1312 altitudine
1285 1271 1426 1312 nuntiatur
1436 1273 1457 1299 ³.

249 1316 282 1344 ll.
301 1316 393 1353 Pergit
406 1311 501 1346 Aetius
516 1328 523 1346 :
540 1318 576 1346 Et
594 1327 611 1346 α
626 1318 693 1346 Iesu
711 1310 828 1352 Christo,
847 1320 948 1356 inquit,
963 1321 1008 1355 qui

1092 1312 1129 1339 B’.
1142 1310 1208 1339 Εἶτα
1220 1312 1301 1339 πάλιν
1316 1311 1471 1343 ἀκολούθως
1483 1311 1560 1347 φησί·
1569 1311 1625 1338 Καὶ
1636 1311 1696 1339 ὑπὸ
1708 1311 1762 1341 τοῦ
1775 1311 1852 1338 ἀπο-

213 1363 311 1390 νηὶδειιε
322 1368 372 1391 est.
389 1363 445 1392 Nec
459 1364 558 1400 puduit
576 1365 668 1400 ipsum
687 1365 833 1401 Unigenito
845 1365 891 1394 Dei
907 1374 981 1394 nouit

1085 1358 1224 1392 ταλέντος
1241 1358 1344 1392 Ἰησοῦ
1363 1357 1503 1392 Χριστοῦ.
1537 1357 1592 1384 Καὶ
1608 1357 1658 1384 οὐκ
1675 1357 1777 1392 ᾐδέσθη
1797 1358 1853 1384 ἀπα

212 1409 369 1442 detrahere,
384 1417 465 1444 quem
478 1410 553 1438 nudo
581 1417 613 1438 ac
629 1411 748 1446 simplici
763 1411 896 1439 vocabulo
915 1406 980 1439 dect}

1084 1403 1176 1437 ξιὼσας
1197 1405 1243 1431 τὸν
1268 1404 1408 1439 Μονογενῆ
1420 1403 1488 1430 Θεοῦ
1508 1403 1649 1439 ὀνόματος,
1668 1403 1737 1430 ἀλλὰ
1760 1404 1852 1438 μόνως

212 1454 304 1480 ravit:
321 1453 348 1480 id
364 1454 479 1489 quodin
500 1455 690 1489 superioribus
711 1456 849 1490 capitibus
866 1456 980 1491 Professi

1084 1449 1122 1484 .λῇ
1144 1450 1177 1484 τῇ
1189 1447 1261 1481 λέξει
1278 1449 1421 1484 κέχρηται,
1438 1448 1477 1480 ὡς
1489 1450 1518 1475 ὲν
1533 1450 1589 1480 τοῖς
1604 1448 1734 1476 ἀνωτάτω
1745 1448 1852 1484 ὡμολό-

212 1503 266 1533 est,
294 1507 356 1526 cum
379 1499 452 1528 illius
476 1500 562 1528 decus
577 1507 610 1528 ac
622 1500 783 1536 dignitatem
800 1501 920 1529 nominis
936 1500 977 1528 Fil

1084 1504 1127 1530 νισε
1151 1494 1329 1529 κεφαλαίοις,
1355 1495 1408 1526 ἕως
1430 1494 1510 1530 ψιλῆς
1526 1494 1673 1530 ὀνομασίας
1695 1495 1787 1530 νόμων
1811 1495 1852 1530 τῷ

212 1545 398 1580 appellatione
421 1546 479 1574 sola
501 1546 651 1574 concessit.
674 1545 807 1574 Eutndetn
830 1551 921 1575 tamen
943 1555 977 1574 an

1085 1541 1116 1577 ιῷ
1131 1541 1162 1568 τὸ
1183 1540 1268 1577 γέρας
1283 1540 1330 1567 τοῦ
1353 1540 1494 1576 ὀνόματος.
1521 1541 1602 1575 Λέγει
1626 1540 1655 1567 δὲ
1674 1540 1727 1575 πρὸ
1742 1540 1851 1567 αἰώνων

212 1592 313 1619 szeeula
332 1593 528 1621 subsistentem
543 1592 630 1621 fuisse
657 1600 691 1620 ac
711 1593 810 1628 genita:
828 1601 923 1622 revera
939 1594 980 1621 sul

1082 1588 1214 1615 ηοστάντα
1232 1587 1351 1624 ἀληθῶς,
1367 1588 1414 1615 καὶ
1430 1587 1495 1615 ὄντα
1511 1587 1619 1624 ἀληθῶς
1633 1590 1766 1624 γεννητῆς
1781 1589 1850 1615 ὐπο-

212 1637 321 1664 stantiaa
334 1637 475 1665 exstitisse
490 1641 594 1665 narrat.
609 1637 692 1665 Addit
703 1638 803 1667 deinde
815 1648 822 1666 :
835 1638 980 1667 Consonat

1081 1635 1188 1666 τάσεως.
1201 1634 1377 1668 Διαττιρήσει
1390 1633 1429 1666 δὲ,
1446 1634 1539 1669 φησὶν,
1558 1633 1618 1661 ἀπὸ
1632 1633 1687 1668 τῆς
1697 1635 1849 1668 ἀσεϐείας.

212 1691 257 1710 vos
273 1682 306 1709 ab
320 1683 465 1718 impietate.
483 1683 559 1712 Solet
575 1684 648 1713 enim
666 1684 802 1720 ﬂagitiosa
816 1692 932 1720 quaeque
952 1694 976 1713 m

1083 1679 1144 1706 ῐωθε
1170 1679 1199 1706 δὲ
1222 1679 1298 1706 πᾶσα
1318 1678 1406 1714 φαύλη
1430 1678 1498 1713 γυνὴ
1521 1678 1585 1710 τοὺς
1611 1678 1693 1704 αὑτοῦ
1733 1678 1851 1712 τρόπους

212 1731 263 1759 lier
274 1732 430 1759 convicium
445 1736 621 1760 antevertens
638 1740 730 1760 mores
750 1740 815 1760 suos
832 1733 893 1760 aliis
909 1741 980 1768 expri

1082 1726 1148 1758 ιλοις
1170 1725 1373 1762 προλαμϐάνειν
1389 1733 1418 1751 τε
1438 1723 1486 1751 κα)⁸
1499 1723 1686 1759 ἐπιφημίζειν.
1703 1725 1760 1759 Ουχ
1777 1724 1850 1759 ὁρῶν

212 1779 304 1805 lirare.
320 1778 366 1806 Sic
378 1779 475 1811 Aetius
492 1778 640 1813 impietatis
655 1786 713 1806 sua:
724 1778 939 1814 magnitudinem
951 1787 980 1806 nt

1083 1773 1111 1808 to
1128 1773 1168 1804 εἰς
1187 1772 1238 1799 ὅσα
1258 1771 1411 1806 ἠσέϐησεν,
1427 1770 1523 1797 ἑαυτὸν
1543 1770 1642 1805 εὐσεϐῆ
1665 1770 1771 1804 νομίζει
1784 1779 1790 1784 ·
1812 1770 1851 1801 ὡς

213 1825 347 1857 sentiens,
367 1825 442 1859 pium
465 1832 528 1852 esse
549 1832 579 1852 se
595 1831 627 1851 ac
647 1824 806 1859 religiosum
833 1825 981 1852 arbitratur

1098 1819 1148 1854 τὴν
1169 1818 1362 1854 παραπληξίαν
1378 1818 1542 1853 κεκτημένοι
1561 1817 1700 1853 νομίζουσι
1722 1817 1771 1852 μὲν
1785 1817 1850 1842 εαυ-

213 1875 243 1896 ut
264 1870 312 1905 qui
328 1870 413 1896 animi
429 1869 528 1900 delirio
545 1869 672 1897 laborant
687 1870 742 1902 sui,
757 1878 786 1898 se
813 1875 956 1906 compotes
975 1879 981 1897 ί

1081 1865 1120 1896 ὼς
1144 1866 1173 1891 ὲν
1193 1865 1321 1900 φρονήσει
1345 1862 1425 1896 εἶναι,
1442 1864 1504 1896 τοὺς
1525 1863 1553 1890 δὲ
1568 1863 1664 1895 ἄλλους
1680 1863 1849 1898 φρενητιῶν-

213 1916 376 1950 prudentes.
392 1919 508 1942 caeteros
530 1919 623 1942 mente
636 1920 733 1950 captos
747 1915 916 1943 existimant.
933 1915 978 1943 lde

1083 1919 1118 1942 ις.
1139 1909 1271 1937 Ἐνταῦθα
1285 1910 1313 1937 δὲ
1328 1910 1362 1937 ἐν
1371 1909 1488 1945 Χριστῷ
1503 1909 1612 1944 Ἰησοῦ,
1626 1909 1686 1936 οὐδὲ
1699 1908 1739 1942 τῷ
1751 1909 1851 1944 Κυρίῳ

214 1965 299 1992 porro
313 1965 388 1990 culti,
403 1957 437 1984 In
453 1957 558 1985 Christo
572 1957 649 1990 Iesu,
666 1959 793 1992 dixisset,
804 1959 946 1986 Dominum
960 1969 982 1987 ni

1083 1956 1143 1989 μῶν
1168 1956 1317 1992 ἐτόλμησεν
1345 1956 1508 1984 ἀποδοῦναι·
1533 1955 1591 1983 ἀλλ’
1621 1955 1788 1992 εἰρωνικῶς,
1809 1954 1851 1988 τῷ

213 2007 300 2029 atrum
317 2002 439 2037 adjicere
451 2011 506 2030 non
529 2008 571 2031 est
587 2012 684 2038 ausus,
701 2004 747 2032 sed
764 2005 927 2038 cavillando,
949 2005 981 2034 Sa

1083 2002 1170 2036 ωτῆρι
1197 2003 1299 2037 ἡμῶν,
1325 2002 1434 2038 ἔφησεν.
1457 2003 1512 2030 Καί
1540 2011 1623 2038 φησι·
1641 2002 1680 2029 Δι’
1705 1999 1741 2030 οὗ
1766 2001 1851 2030 πᾶσα

213 2052 304 2075 ratore
320 2052 412 2075 nostra
422 2048 503 2076 dixit.
521 2048 573 2076 Per
588 2057 664 2084 quem
676 2050 763 2085 gloria
777 2051 864 2077 omnis
882 2050 969 2083 Patri,

1078 2048 1132 2080 όξα
1147 2047 1187 2081 τῷ
1201 2048 1304 2082 Πατρὶ,
1321 2049 1371 2075 καὶ
1383 2048 1451 2080 νῦν,
1470 2048 1519 2076 καί
1537 2048 1584 2076 ἀεὶ
1600 2048 1643 2080 εις
1655 2048 1727 2080 τοὺς
1737 2048 1846 2079 αἰῶνας

213 2102 293 2126 nunc,
308 2098 333 2121 et
351 2101 463 2129 mnper,
485 2095 513 2121 in
532 2096 634 2122 rwcuta
648 2095 820 2123 saeculorum.
840 2096 934 2124 Amen.
955 2096 981 2124 ιτ.

1082 2094 1117 2121 ὒν
1136 2094 1260 2122 αἰώνων.
1279 2095 1381 2130 Ἀμήν.
1404 2095 1460 2121 Kal.
1475 2094 1540 2121 αὐτὸ
1553 2095 1582 2122 δὲ
1600 2094 1631 2121 τὸ
1651 2095 1750 2126 εἰπεῖν,
1766 2093 1850 2121 πᾶσα

213 2139 298 2175 quod,
315 2140 402 2168 omnis
416 2140 514 2176 gloria,
529 2141 654 2176 scripsit,
668 2141 695 2168 id
709 2149 742 2169 eo
756 2141 874 2169 consilio
888 2142 962 2175 fecit,
978 2151 981 2168 l

1082 2141 1141 2174 ἐξα,
1157 2142 1231 2174 ὅπως
1247 2141 1374 2176 περιάροι
1390 2141 1435 2168 τὸν
1452 2141 1516 2168 Υἱὸν
1530 2141 1585 2168 ἀπὸ
1598 2141 1648 2175 τῆς
1661 2140 1747 2176 τιμῆς
1758 2149 1788 2166 τε
1803 2139 1850 2167 καὶ

213 2187 248 2214 ab
267 2194 300 2214 eo
319 2186 424 2214 honore
447 2193 480 2214 ac
505 2187 592 2223 gloria
614 2187 712 2215 Filium
737 2188 905 2216 excluderet.
927 2188 981 2222 Quc

1081 2180 1153 2222 Εξης·
1172 2183 1202 2213 οὗ
1221 2186 1308 2219 οὐδεὶς
1325 2185 1445 2219 ἀνέξοιτό
1461 2195 1527 2212 ποτε
1544 2185 1597 2212 τῶν
1615 2185 1737 2212 εὐσεϐῶν
1752 2186 1800 2212 καὶ
1818 2185 1849 2211 ἐκ

212 2233 323 2267 quidem
342 2240 423 2260 nemo
439 2233 501 2268 pius
516 2241 548 2261 ac
565 2241 656 2262 veram
681 2234 761 2262 ﬁdem
779 2235 868 2262 sancti
885 2233 980 2270 Spiritt

1085 2233 1219 2268 νεύματος
1235 2233 1313 2267 ἁγίου
1331 2232 1381 2268 τὴν
1399 2232 1504 2268 δωρεὰν
1519 2231 1569 2267 τῆς
1587 2231 1718 2267 ἀληθινῆς
1732 2231 1849 2262 πίστεως

213 2279 348 2306 beneﬁcio
359 2284 526 2307 consecutus
540 2280 677 2310 admittet.

448 2284 526 2307 cutus
540 2280 677 2310 admittet.
1058 2279 1216 2315 εἰληφότων.

250 2324 295 2351 lll.
316 2324 381 2352 llaec
393 2325 527 2353 adversus
543 2326 614 2353 Aetii
631 2326 759 2361 dogmata
774 2320 939 2361 disputanda
954 2334 1004 2362 pu-

1093 2326 1130 2353 I".
1156 2325 1249 2353 Ταῦτα
1268 2325 1297 2352 δὲ
1321 2325 1408 2352 πάντα
1433 2324 1604 2356 διαλαϐόντες
1623 2323 1657 2350 τὰ
1680 2323 1733 2350 ὑπὸ
1755 2323 1849 2351 τούτου

213 2370 333 2397 tavimus
348 2378 428 2405 :quaa
443 2370 489 2398 ille
502 2371 645 2399 dialectica
660 2372 801 2404 facultate,
815 2376 844 2399 et
859 2379 981 2407 argumei

1081 2371 1106 2398 )6
1125 2371 1228 2398 Ἀετίου
1252 2371 1387 2406 εἰρημένα
1407 2371 1436 2397 ἐν
1455 2370 1611 2406 διαλεκτικῇ
1631 2378 1683 2396 τινι
1705 2370 1790 2406 τέχνη
1804 2371 1849 2396 καὶ

214 2416 289 2443 tandi
301 2416 461 2450 subtilitate,
475 2417 658 2452 humanisque
672 2417 818 2452 praestigiis
840 2417 937 2450 fretus,
956 2414 982 2444 cii

1080 2417 1251 2452 υλλογιστικῇ
1273 2416 1386 2452 ὑπονοίᾳ
1411 2415 1583 2452 ἀνθρωπίνης
1605 2415 1793 2450 μαγγανείας,
1822 2416 1848 2441 ὲν

215 2463 319 2498 pitibus
334 2467 438 2498 septem
458 2470 490 2490 ac
509 2463 619 2498 triginta
646 2464 787 2492 disseruit.
806 2464 842 2490 Ea
861 2472 926 2491 vero
942 2471 983 2490 cui

1080 2463 1216 2498 εφαλαίοις
1229 2463 1266 2496 Λζ¹
1276 2472 1282 2478 -
1294 2460 1335 2496 οἷς
1354 2462 1486 2498 νουνεχῶς
1501 2463 1573 2498 ὑμᾶς
1588 2462 1708 2497 ἐντυχεῖν
1724 2469 1848 2497 παρακα-

214 2507 359 2542 prudentia
374 2512 404 2535 ut
419 2507 516 2543 legatis
528 2509 648 2543 postulo.
664 2508 704 2535 lta
718 2509 802 2540 enim,
815 2517 831 2536 0
843 2509 982 2536 Christian

1079 2509 1169 2544 οῦμεν,
1182 2509 1229 2535 καὶ
1241 2508 1323 2541 εὐθὺς
1337 2508 1386 2544 μὲν
1397 2505 1545 2541 εῐσεσθε,ὧ
1559 2507 1731 2542 Χριστιανῶν
1744 2507 1847 2538 παῖδες.

213 2561 246 2580 ac
259 2552 363 2581 Christi
377 2553 461 2586 servi,
476 2553 657 2588 veritatisque
674 2554 733 2586 ﬁlii,
749 2558 897 2587 terrenam,
916 2562 948 2580 ac
961 2563 981 2580 νς

1079 2555 1106 2582 at
1120 2554 1208 2581 δοῦλοι
1222 2554 1351 2590 Χριστοῦ,
1365 2555 1411 2581 καὶ
1430 2553 1482 2581 υἱοὶ
1497 2553 1545 2588 τῆς
1567 2553 1706 2589 ἀληθείας,
1724 2553 1774 2589 τὴν
1797 2554 1847 2578 πᾶ-

214 2601 357 2629 nissiinam
382 2599 730 2636 illiusQSQdoctrinam,
755 2605 838 2636 atque
858 2608 873 2627 a
901 2600 982 2636 Spirit

1079 2609 1111 2628 av
1126 2601 1209 2628 αὑτοῦ
1228 2601 1325 2636 γηῖνην
1346 2600 1522 2635 κενοφωνίαν,
1541 2599 1589 2626 καὶ
1604 2599 1748 2635 ἀλλοτρίαν
1762 2598 1847 2625 Ilvati—

213 2650 310 2674 saucto
327 2652 443 2680 prorsus
455 2645 650 2673 abhorrentem
670 2653 732 2674 esse
749 2647 931 2681 cognoscetis.
952 2646 981 2680 Q1

1079 2656 1143 2679 aro;
1174 2647 1251 2682 ἁγίου
1282 2646 1466 2674 διδασκαλίαν.
1490 2647 1538 2678 Ὃς
1560 2646 1609 2672 οὐκ
1632 2645 1767 2680 ἐτόλμησε
1798 2644 1847 2671 κᾶν

178 2723 187 2727 η
213 2692 297 2720 divini
314 2692 390 2720 verbi
404 2699 438 2720 ne
451 2699 506 2720 una
523 2692 634 2727 quidem
651 2693 741 2720 littera
760 2693 926 2721 mentionem
941 2702 946 2720 :

1079 2701 1089 2718 ν
1106 2693 1155 2728 μιᾷ
1171 2692 1243 2725 λέξει
1261 2692 1414 2728 μνησθῆναι
1433 2691 1505 2719 θείου
1527 2691 1618 2726 λόγου,
1636 2690 1653 2726 ῆ
1678 2690 1762 2726 ῥητοῦ
1778 2699 1847 2722 τινος

213 2738 261 2772 git,
279 2745 330 2765 nec
350 2737 435 2765 ullum
451 2736 560 2765 Veteris
574 2742 622 2765 aut
646 2737 714 2765 Novi
729 2737 897 2766 Tcstamenti
914 2739 981 2766 IOCUI

1077 2737 1202 2771 ῐαλαιᾶς,
1234 2738 1251 2773 ἢ
1279 2738 1384 2774 Καινῆς
1417 2737 1582 2773 Διαθήκηςμ
1594 2737 1644 2764 οὐκ
1669 2737 1723 2764 ἀπὸ
1750 2737 1845 2772 νόμου.

215 2783 337 2817 protulit,
361 2782 429 2810 nihil
451 2789 482 2810 ex
497 2782 567 2818 lege,
587 2782 686 2811 nihile
707 2784 860 2819 prophetis,
880 2783 947 2811 nihil
969 2792 983 2811 ρ

1079 2784 1109 2812 ἰοκ
1123 2784 1177 2812 ἀπὸ
1188 2785 1349 2821 προφητῶν,
1375 2785 1426 2812 οὐκ
1445 2783 1498 2811 ἀπὸ
1516 2783 1698 2824 Εὑαγγεὶλων,
1718 2783 1769 2810 οὐκ
1795 2781 1847 2809 ἀπὸ

252 2860 258 2873 ³
279 2858 383 2887 lJoan.
401 2859 483 2894 v,20.
525 2858 624 2886 'Joan.
646 2867 700 2893 ινι,
722 2860 763 2887 13.
804 2861 812 2875 ³
832 2860 910 2888 Rom.
929 2869 966 2894 τι,
983 2861 1027 2889 55.
