1945 3043
133 160 189 189 635

484 164 668 194 RDVERSUS
685 168 857 197 ll/EllESES
876 170 929 197 LIB

982 171 1002 200 I.
1024 171 1106 200 ΤΟΜ.
1127 172 1148 200 1.
1170 172 1306 201 ῐΙᾹΞῐὶΕδ.
1329 174 1446 202 LXXVI.

1718 174 1769 200 655

134 219 308 253 ἀποστόλων,
338 220 368 248 οὔ
383 230 454 254 τινος
486 223 540 250 τῶν
566 227 743 262 πατριαρχῶν
775 229 928 265 μαρτυρίαν

981 229 1146 266 Evangeliis,
1169 232 1238 259 nihil
1260 240 1292 259 ex
1318 233 1462 268 apostolis.
1483 233 1550 260 nillil
1571 241 1586 261 e
1607 233 1770 269 patriarcha-

134 266 322 302 παρενέγκαι,
340 267 397 294 οὔτ’
424 269 506 296 αὐτοῦ
524 271 572 297 τοῦ
600 272 740 308 Σωτῆρος,
768 275 799 301 οὑ
821 276 928 311 Πατρὸς

134 311 263 345 πώποτε,
283 313 332 348 οὐχ
362 314 441 348 ἁγίου
471 315 629 351 Πνεύματος
658 319 733 354 ῥῆμα
757 320 790 346 δι’
815 321 929 347 ἀποστό-

133 358 187 384 λων
216 359 379 394 εἰρημένον,
410 361 426 396 ἢ
453 361 497 388 διὰ
522 364 687 399 προφητῶν·
719 366 762 392 ἵνα
791 367 929 398 παντελῶς

134 404 329 439 αὑτοφώρατος
343 405 457 441 γένηται
477 408 533 439 τοῖς
555 409 642 443 φίλοις
663 411 712 446 τῆς
734 411 872 447 ἀληθείας,
889 412 929 439 ὅτι

134 449 310 475 παντάπασιν
322 450 461 486 ἀλλότριος
482 453 610 487 τυγχάνει
634 454 701 481 Θεοῦ
716 456 762 482 καὶ
777 456 826 491 τῆς
847 456 929 482 αὐτοῦ

135 494 264 526 πίστεως.
289 495 401 530 Νομίζω
422 497 452 523 δὲ
481 499 529 525 καὶ
558 499 657 532 ἱκανῶς
681 501 756 536 ἡμᾶς
781 501 850 537 πρὸς
880 502 930 534 τὰς

136 539 219 565 αὐτοῦ
243 542 389 575 προτάσεις
414 543 486 570 κατὰ
505 543 535 570 τὸ
562 544 672 572 δυνατὸν
695 547 821 582 ἰδιωτικῷ
847 547 929 582 λόγῳ,

137 585 266 611 συστάσει
283 585 311 611 δὲ
333 586 387 612 τῶν
402 587 456 614 ἀπὸ
468 587 523 614 τῶν
545 589 625 617 θείων
638 591 766 626 Γραφῶν,
779 592 827 619 καὶ
849 593 929 620 αὐτοῦ

134 630 182 657 τοῦ
194 631 322 664 εὐσεϐοῦς
335 632 467 669 λογισμοῦ
488 634 556 670 πρὸς
568 636 649 663 αὐτὸν
662 638 859 673 ἀπηντηκέναι.
876 639 931 665 Καὶ

134 677 229 713 ἐπειδὴ
247 678 346 711 ἱκανῶς
364 680 394 706 ὲν
409 682 470 713 ταῖς
487 682 555 717 πρὸς
573 683 654 710 αὑτὸν
674 685 841 721 ἀνατροπαῖς
866 686 931 722 περὶ

135 722 254 755 πίστεως
266 725 358 759 σαφῶς
371 726 557 763 διελέχθημεν,
571 729 695 765 ἀρκετῶς
711 732 852 768 ἡγούμεθα
862 742 868 750 ·
886 734 930 760 ἵνα

137 770 175 805 μὴ
199 770 365 805 προσθέντες
379 772 540 809 δυσχέρειάν
556 784 617 802 τινα
632 778 696 814 περὶ
712 778 762 813 τὴν
776 778 930 813 ἀνάγνωσιν

136 818 337 854 περισσοτέραν
364 820 556 857 ἐργασώμεθα.
584 823 676 859 Ὀλίγα
691 825 719 852 δὲ
738 826 818 853 πάλιν
843 827 872 859 ἐξ
892 825 930 854 ὧν

135 863 217 895 αὐτὸς
229 863 323 900 ἀρθεὶς
339 866 389 902 τὴν
402 866 520 895 διάνοιαν
535 869 603 904 μετά
619 870 667 906 τὴν
685 871 830 898 ἀλλόκοτον
845 872 927 899 αὐτοῦ

135 909 243 942 πίστιν,
270 911 318 938 καὶ
344 914 384 944 εἰς
409 913 546 948 Χριστὸν,
573 916 621 943 καὶ
635 918 675 948 εἰς
704 917 734 944 τὸ
755 918 832 952 ἅγιον
848 917 929 944 αὑτοῦ

135 953 249 990 Πνεῦμα
265 956 423 991 ἀπέχθειαν,
440 958 490 984 ὅσα
515 959 648 995 ἐτόλμησε
666 961 697 988 τὸ
725 962 808 989 αὑτοῦ
829 963 930 998 στόμα,

136 1000 184 1026 καὶ
204 1000 260 1028 τῶν
277 1001 322 1027 ὑπ’
338 1003 420 1029 αὑτοῦ
437 1004 704 1041 μεμαθητευμένων,
722 1009 770 1034 καὶ
789 1009 817 1034 ὲν
837 1008 931 1044 θράσει

135 1045 175 1076 είς
199 1045 265 1080 ὕψος
283 1045 348 1083 ἆραι
370 1048 420 1083 τὴν
434 1048 564 1081 διάνοιαν,
582 1051 628 1077 καὶ
650 1052 794 1089 ὑπέρογκα
810 1053 932 1089 βλασφη-

135 1091 231 1126 μῆσαι,
249 1090 329 1124 αὖθις
343 1093 540 1130 ἐπιλαϐόμενος
554 1096 694 1132 συντόμως
708 1098 785 1132 λέξω.

135 1137 214 1171 tulit;
228 1145 342 1174 quicque
360 1139 394 1167 ab
413 1141 565 1175 impudenti
582 1143 655 1171 illius
682 1151 713 1171 ac
730 1144 928 1180 discipulorum

134 1186 347 1220 arrogantiaque
380 1187 407 1214 in
435 1187 521 1216 Deum
550 1191 830 1220 contumeliosissime
864 1198 929 1221 sunt

170 1232 207 1258 A’.
233 1229 318 1264 Οὗτος
334 1233 389 1270 γὰρ
409 1232 575 1271 ὲφαντάσθη,
592 1237 639 1263 καὶ
651 1239 674 1264 οἱ
687 1238 734 1264 ἀπ’
748 1239 841 1271 αὑτοῦ,
858 1240 927 1277 ὑπὲρ

134 1277 223 1304 πάντα
238 1277 390 1314 ἄνθρωπον,
412 1280 461 1307 οὐκ
479 1281 525 1308 ἐπὶ
541 1282 581 1318 τῷ
596 1284 695 1310 εἰδέναι
710 1284 754 1310 τὺν
771 1285 838 1311 Θεὸν
859 1288 929 1313 κατά

134 1323 236 1357 πίστιν,
250 1324 318 1351 ἀλλὰ
337 1325 416 1360 φύσει
442 1327 512 1354 κατὰ
533 1329 645 1364 εἴδησιν.
680 1330 723 1362 Ὠς
740 1331 787 1358 καὶ
808 1331 864 1359 ἄνω
878 1341 928 1359 που

135 1368 280 1406 ὑπέμνησα
302 1373 462 1406 φασκόντων
477 1374 567 1402 αὐτῶν
588 1376 637 1411 οὑχ
653 1376 746 1409 ἀπλῶς
767 1377 866 1404 ειδέναι
884 1378 930 1404 τὸν

133 1414 201 1442 Θεὸν
223 1416 253 1442 ὲν
271 1416 371 1450 γνώσει
394 1419 523 1452 πίστεως,
548 1420 605 1448 ἀλλ’
629 1422 667 1453 ὡς
687 1422 734 1448 ἐὰν
750 1423 873 1460 γινώσκῃ
888 1433 929 1455 τις

136 1461 191 1487 ’πᾶν
205 1462 313 1497 ὁρατὸν,
337 1465 384 1490 καὶ
400 1466 494 1501 χερσὶν
509 1466 592 1493 αὐτοῦ
610 1466 810 1503 ψηλαφίῦμενον
823 1478 830 1485 ·
852 1470 889 1501 ὡς
904 1469 931 1496 εἰ

135 1515 178 1538 τις
191 1506 267 1540 λάϐοι
287 1510 356 1544 μετά
377 1512 472 1546 χεῖρας
489 1512 573 1546 λίθον,
592 1513 607 1547 ἦ
626 1513 713 1546 ξύλον,
730 1514 841 1550 ἢᾶλλης
856 1515 929 1547 τινος

136 1554 203 1590 ὕλης
215 1556 354 1591 ἐργαλεῖον
366 1565 373 1573 ·
388 1557 473 1590 οὕτως
486 1559 536 1596 ἔφη
570 1560 615 1587 καὶ
628 1556 705 1593 οὗτος
716 1562 730 1588 ὁ
739 1562 879 1595 γεννάδας,
888 1563 930 1589 ὅτι

135 1600 231 1634 οὕτως
242 1600 300 1629 οἶδα
310 1604 355 1629 τὸν
367 1604 443 1637 Θεὸν,
453 1603 547 1641 ὥσπερ
558 1606 687 1641 ἐμαυτὸν,
702 1607 750 1634 καὶ
761 1607 792 1634 οὐ
803 1607 931 1635 τοσοῦτον

137 1646 195 1674 οἶδα
207 1648 219 1673 ὲ
223 1648 334 1682 μαυτὸν,
340 1648 377 1680 ὡς
383 1649 429 1675 τὸν
435 1650 510 1677 Θεόν.
519 1651 618 1678 Λοιπὸν
624 1652 651 1678 δὲ
657 1652 691 1679 τὰ
701 1653 781 1689 μωρά
788 1653 849 1688 λέγε
854 1663 876 1681 ιν
884 1655 931 1681 καὶ

138 1692 248 1719 ἀκούειν
256 1693 361 1726 πολλοῖς
374 1695 424 1730 μὲν
437 1695 512 1722 ἔστιν
521 1698 561 1728 εις
571 1697 690 1732 ἀπάτην,
702 1700 758 1730 τοῖς
767 1699 796 1726 δὲ
811 1701 931 1732 ωνετοῖς

136 1740 177 1770 εἰς
184 1739 293 1775 χλεύην.
306 1740 354 1772 Τίς
364 1741 417 1776 γὰρ
427 1741 479 1768 τῶν
488 1743 698 1778 φρενοϐλάϐειαν
711 1745 816 1782 ἑαυτοῖς
829 1755 931 1782 κεκτη-

137 1785 226 1820 μένων
241 1786 287 1812 καὶ
302 1788 463 1822 μεμηνότων
480 1789 511 1815 οὐ
528 1789 639 1817 δύναται
654 1791 701 1818 καὶ
718 1791 816 1823 ἄλλους
831 1792 930 1828 ὲκμαί-

135 1839 203 1864 νειν,
219 1832 266 1859 καὶ
287 1833 403 1868 μάλιστα
418 1835 481 1867 τοὺς
496 1836 697 1872 συνεπομένους
720 1838 767 1864 καὶ
781 1837 930 1865 ὑπακούον-

135 1885 203 1911 τας;
214 1878 245 1904 El
258 1879 312 1914 γάρ
326 1888 368 1912 τις
382 1880 524 1916 ἠρώτησεν
536 1882 617 1909 αὐτὸν
631 1884 678 1910 καὶ
691 1884 756 1916 τοὺς
769 1884 816 1911 ἀπ’
830 1884 912 1911 αὐτοῦ
921 1893 928 1901 ’

136 1923 180 1959 Μή
204 1933 248 1959 μοι
268 1925 397 1961 διήγησαι
421 1927 488 1953 Θεὸν
509 1928 609 1955 εἰδέναι
630 1929 676 1956 τὸν
700 1930 864 1967 ἀσύγκριτον
883 1932 930 1958 καὶ

136 1969 339 2006 ἀκατάληπτον,
355 1971 401 1999 τὸν
417 1973 488 2000 κατὰ
501 1974 532 2000 τὺ
551 1972 620 2006 εἶδος
634 1975 684 2010 μὲν
702 1976 738 2012 μὴ
751 1977 930 2012 καταλαμϐα-

136 2015 259 2050 νόμενον,
271 2017 360 2044 πίστει
378 2017 406 2044 δὲ
421 2019 621 2054 γινωσκόμενον
639 2022 695 2053 τοῖς
711 2022 796 2048 αὑτοῦ
808 2022 910 2055 δούλοις
920 2031 928 2038 '

136 2059 205 2086 ἀλλά
223 2059 352 2097 διήγησαι
378 2071 423 2098 μοι
444 2063 508 2094 τοὺς
530 2064 670 2099 πυθμένας
689 2066 739 2101 τῆς
760 2067 821 2102 γῆς,
834 2067 867 2094 τά
882 2075 930 2093 τα-

137 2108 214 2141 μιεῖα
226 2107 276 2143 τῆς
294 2108 425 2142 ἀϐύσσου,
443 2110 492 2141 τὰς
513 2110 617 2145 φλέϐας
631 2113 680 2147 τῆς
698 2113 847 2149 θαλάσσης,
863 2113 928 2150 ᾷδου

135 2152 182 2178 τὸν
198 2153 291 2185 τόπον,
308 2154 388 2190 ἀέρος
404 2155 438 2181 τὰ
454 2156 555 2191 μέτρα,
565 2157 688 2193 οὐρανῶν
702 2158 734 2184 τὺ
747 2156 817 2190 εἶδος
831 2160 878 2185 καὶ
895 2159 929 2186 τὰ

136 2197 223 2233 πάχη,
246 2198 272 2224 τι
284 2199 315 2225 τὸ
329 2199 413 2235 ἀκρον
428 2200 483 2227 τῶν
499 2201 564 2231 ἄνω.
580 2202 607 2228 τί
624 2202 654 2228 τὸ
667 2202 758 2238 τέρμα
771 2204 825 2230 τῶν
841 2204 926 2237 κάτω,

134 2243 162 2269 τί
179 2245 209 2269 ἐν
224 2243 307 2279 δεξιᾷ.
319 2244 345 2271 τί
357 2245 386 2272 ὲν
401 2245 626 2282 εὐωνύμοις-τῆς
643 2247 928 2283 κτίσεως,τῆςέαυτοῦ

135 2289 262 2322 πλάσεως
277 2290 307 2317 τὸ
319 2291 452 2328 διήγημα,
467 2292 521 2319 τῶν
532 2294 578 2320 ἐπὶ
594 2293 644 2330 τῆς
656 2295 707 2329 γῆς
721 2294 870 2330 ἀμυθήτων
883 2295 930 2323 τὸν

133 2336 252 2372 ἀριθμὸν
269 2338 316 2364 καὶ
331 2338 365 2365 τὰ
383 2339 469 2374 μέτρα
481 2347 488 2355 ·
507 2339 601 2366 λοιπὸν
617 2340 704 2367 ταῦτα
717 2341 837 2375 ἤκουσαν
849 2342 868 2374 ¹,
892 2342 930 2374 ὡς

134 2381 293 2417 ἠκούσαμεν
309 2382 380 2418 παρὰ
391 2383 446 2410 τῶν
461 2383 507 2410 ὑπ’
523 2384 606 2411 αὑτοῦ
618 2385 816 2421 ἠπατημένων,
832 2387 872 2418 εἰς
886 2396 930 2414 σο-

135 2427 264 2460 φιστικὰς
272 2428 422 2463 προφάσεις
433 2429 667 2464 παρεκκλίναντες
681 2431 819 2467 εἰρωνείᾳ,
835 2432 929 2460 λοιπὸν

134 2472 260 2507 λέγουσιν
275 2474 322 2500 ἀπ’
335 2474 439 2501 ἐκείνου
461 2475 661 2511 μεμαθηκότες,
672 2477 712 2504 ὅτι
733 2478 825 2505 Πάντα
842 2479 929 2506 ταῦτα

134 2519 170 2546 cit
182 2520 326 2555 σωματικά
335 2521 404 2553 ἐστι,
419 2522 466 2548 καὶ
480 2521 510 2547 οὺ
521 2522 658 2557 δυνάμεθα
671 2523 781 2550 εἰδέναι.
797 2524 850 2551 Τὸν
861 2524 928 2552 Θεον

133 2564 164 2592 δὲ
193 2564 238 2592 τὸν
263 2565 332 2592 αὐτὰ
353 2567 522 2601 πεποιηκότα
551 2567 663 2603 οἴδαμεν
689 2568 782 2603 σαφῶς
806 2570 928 2602 ποταπός

133 2610 212 2643 ἐστι,
229 2611 277 2638 καὶ
300 2610 359 2643 πῶς
383 2612 457 2644 ἐστι,
479 2613 526 2639 καὶ
541 2610 597 2645 οἶός
614 2614 687 2645 ἐστι,
711 2615 758 2641 καὶ
782 2615 824 2648 τίς
858 2617 925 2643 ἐστι.

134 2657 184 2689 Τίς
198 2656 226 2683 δὲ
246 2657 366 2689 ἀκούσας
379 2657 466 2684 ταῦτα
480 2659 530 2685 οὐκ
552 2659 585 2686 ἂν
604 2660 815 2694 καταγελάσειεν
830 2661 924 2695 εὐθύς;

135 2702 239 2737 Εὕηθες
255 2702 309 2738 γάρ
323 2703 382 2729 ἐστι
395 2703 426 2730 τδ
441 2703 511 2736 ὅλον,
522 2705 563 2731 ὅτι
577 2705 621 2731 τὸν
638 2706 773 2741 τεχνίτην,
786 2707 832 2733 καὶ
846 2707 927 2741 ἀσύγ-

134 2755 238 2783 κριτον,
258 2749 305 2775 καὶ
321 2749 517 2784 ἀνεκδιήγητον
532 2749 606 2783 λέγει
620 2750 728 2783 εἰδέναι,
744 2752 791 2778 καὶ
805 2753 927 2788 ἠκριϐωξ

134 2793 223 2821 κέναιο
235 2796 299 2830 (καὶ
321 2795 376 2822 εἴθε
388 2795 465 2830 ἔλεγε
477 2796 511 2831 τῇ
525 2795 616 2822 πίστει
629 2796 728 2824 εἰδέναι
742 2797 789 2824 καὶ
804 2799 924 2835 ἠκριϐωο

183 2872 191 2888 ¹
206 2871 272 2907 Hea.
286 2873 412 2907 ηκουσας.
429 2873 509 2901 Forte
527 2873 655 2904 ὠςτιῦτα
671 2875 799 2911 ήκοασαν.

946 902 966 928 Β

981 284 1041 303 rum
1067 278 1234 305 testimoniis
1254 278 1280 304 in
1306 278 1425 306 medium
1455 279 1585 312 adduxit;
1608 287 1662 306 non
1685 279 1770 314 ipsius

982 321 1132 350 Salvatoris
1154 323 1317 349 sententiam
1336 324 1429 354 ullam.
1446 332 1502 351 non
1519 323 1619 356 Patris,
1637 324 1770 359 Spiritus-

980 374 1033 401 que
1051 367 1139 394 sant-ti
1159 367 1263 394 dictum
1291 367 1400 402 aliquod
1421 368 1455 395 ab
1479 369 1622 403 apostolis,
1645 369 1686 396 vel
1706 377 1770 404 pro-

981 411 1071 447 phelis
1091 417 1335 440 cormuemoratum
1357 414 1503 448 proposuit
1518 423 1524 441 :
1538 421 1592 448 quo
1609 414 1676 441 illud
1699 415 1771 445 veri-

981 458 1044 485 tatis
1069 462 1192 486 amantes
1213 459 1377 494 intelligant,
1395 460 1475 494 plane
1492 460 1567 486 illum
1592 467 1607 486 a
1634 460 1689 488 Deo
1709 469 1771 488 esse

980 510 1008 532 et
1026 512 1042 531 a
1059 504 1111 532 ﬁde
1127 505 1213 539 ipsius
1230 505 1361 532 alienum.
1376 505 1479 533 Contra
1496 506 1553 533 hzee
1575 506 1648 534 illius
1661 507 1770 534 decreta

980 551 1090 578 abunde
1112 558 1127 577 a
1146 551 1227 579 nobis
1248 552 1382 579 hactenus
1403 559 1454 586 pro
1477 552 1581 579 viribus
1602 553 1770 586 disputatum

981 597 1109 628 arbitror,
1122 605 1153 624 ac
1165 597 1225 624 rudi
1248 597 1358 632 quidem
1371 601 1398 624 et
1410 597 1528 632 simplici
1543 598 1677 625 orationis
1690 598 1770 633 stylo,

981 644 1028 671 sed
1044 643 1136 671 allatis
1157 651 1299 671 sacrarum
1318 643 1483 671 Litterarum
1504 645 1725 674 auctoritatibus.
1740 651 1772 671 ac

981 688 1149 723 depromptis
1169 696 1202 715 ex
1220 688 1346 723 religioso
1360 688 1444 715 animi
1468 696 1550 716 sensu
1571 689 1724 716 rationibus
1743 689 1772 716 il-

982 733 1034 760 lius
1057 734 1174 768 impetus
1190 742 1252 761 esse
1268 734 1422 762 discussos.
1445 735 1540 769 Itaque
1560 743 1621 762 cum
1647 736 1674 762 in
1698 735 1772 762 illius

980 778 1215 806 confutationibus
1229 780 1262 806 de
1278 780 1329 807 fide
1346 781 1414 808 satis
1433 785 1527 815 aperte
1546 781 1770 812 disseruerimus.

981 823 1105 852 sullicere
1117 824 1190 851 istud
1200 826 1378 856 arbitramur,
1392 833 1426 853 ne
1443 826 1465 852 si
1480 827 1598 861 amplius
1611 827 1713 861 aliquid
1725 826 1769 854 ad-

981 870 1090 902 damus,
1108 871 1290 897 molestiorem
1301 872 1393 907 operis
1413 872 1494 906 hujus
1513 873 1656 900 lectionem
1679 881 1774 908 super-

979 924 1101 944 vacanea
1124 917 1294 951 longitudine
1312 918 1455 945 faciamus.
1479 917 1531 946 Sed
1547 927 1632 954 pauca
1647 919 1771 954 quaedam

980 963 1161 990 nihilominus
1189 962 1361 990 retractanda
1397 971 1429 990 ac
1468 964 1589 991 breviter
1612 965 1772 999 exponenda

981 1013 1045 1036 sunt
1067 1016 1101 1035 ex
1123 1008 1157 1035 iis
1179 1016 1250 1043 qure,
1279 1013 1340 1043 post
1360 1010 1515 1043 importuna
1541 1010 1584 1036 illa
1600 1011 1774 1046 absurdaqle

980 1052 1107 1088 dogmata
1130 1053 1296 1080 insolentius
1317 1054 1406 1081 elatus
1432 1054 1458 1081 in
1491 1055 1633 1082 Christum
1656 1057 1772 1091 ejusque

982 1098 1113 1134 Spiritum
1129 1106 1267 1130 sanctum,
1285 1107 1340 1134 prae
1354 1100 1500 1134 utriusque
1514 1101 1577 1128 odio
1591 1103 1694 1129 nefarie
1706 1110 1773 1129 cou-

949 1146 1037 1181 ipsius
1051 1153 1098 1173 ore
1111 1145 1232 1180 profecta
1248 1150 1274 1173 et
1286 1146 1410 1173 inaudito
1435 1148 1553 1182 quodam
1584 1149 1667 1175 animi
1700 1149 1771 1176 fastu

946 1193 1081 1228 conjecta.

943 1552 965 1580 C

1016 1239 1060 1267 IV.
1081 1238 1131 1266 Hic
1150 1239 1222 1266 enim
1251 1238 1309 1273 ipse
1334 1247 1396 1266 cum
1424 1240 1482 1267 suis
1508 1240 1533 1267 in
1556 1248 1615 1267 eam
1636 1241 1764 1269 vanitatis

980 1284 1127 1311 amentiam
1155 1283 1261 1316 incidit,
1281 1288 1309 1310 ut
1329 1291 1410 1319 Supra
1434 1286 1563 1312 mortales
1578 1293 1673 1312 otnues
1689 1286 1771 1312 Dentri

981 1337 1010 1357 se
1026 1337 1079 1356 nou
1098 1329 1149 1356 fide
1163 1329 1233 1361 sola,
1248 1329 1295 1356 sed
1311 1330 1422 1364 propria
1431 1330 1548 1365 quadam
1563 1331 1677 1358 scientia
1695 1339 1772 1358 eom-

983 1376 1152 1412 prehendere
1174 1376 1301 1411 jartarct.
1337 1377 1573 1409 Quemadmodum
1601 1379 1682 1413 paulo
1709 1383 1774 1406 ante

975 1414 1093 1449 ’memiui
1121 1422 1172 1449 hoc
1198 1422 1233 1449 ab
1260 1423 1315 1450 illis
1337 1424 1464 1458 usurpari
1491 1425 1601 1452 solitum
1620 1431 1626 1450 :
1642 1424 1724 1452 Deum
1744 1433 1774 1453 se

981 1475 1036 1494 nou
1059 1468 1119 1495 fidei
1150 1469 1231 1495 modo
1257 1469 1456 1504 intelligentia,
1483 1470 1528 1497 sed
1555 1470 1666 1505 perinde
1682 1471 1773 1498 animo

981 1514 1124 1549 concipere
1147 1522 1179 1541 ac
1204 1514 1318 1549 quilibet
1361 1516 1537 1550 aspcetahilia
1566 1516 1617 1544 ista
1658 1525 1689 1544 ac
1714 1521 1773 1544 tra-

982 1561 1092 1587 ctahilia
1116 1562 1259 1596 cognoscit
1277 1572 1283 1590 :
1301 1567 1397 1598 ulputa
1431 1564 1453 1591 si
1483 1564 1544 1599 quis
1573 1564 1700 1599 lapidem.
1726 1569 1774 1592 aut

981 1606 1102 1641 lignum,
1133 1607 1175 1634 vel
1210 1608 1322 1635 alterius
1345 1609 1466 1636 materiai
1485 1609 1697 1637 instrumentum
1727 1619 1773 1638 ca—

981 1653 1035 1686 piat
1056 1653 1114 1679 :ita
1147 1653 1255 1688 quidem
1286 1655 1374 1682 audax
1401 1656 1446 1683 ille
1478 1663 1509 1682 ac
1543 1657 1705 1686 temerarius
1733 1658 1774 1686 l0-

981 1697 1179 1731 quiturzTam
1209 1698 1293 1726 Deum
1328 1701 1469 1735 intelligo,
1502 1710 1582 1736 quam
1608 1711 1650 1730 me
1666 1704 1771 1738 ipsum;

981 1742 1045 1774 imo,
1065 1746 1119 1768 tam
1135 1751 1176 1770 me
1192 1744 1281 1778 ipsum
1306 1752 1361 1771 non
1384 1746 1467 1778 novi,
1492 1754 1574 1780 quam
1603 1747 1696 1774 Dentri.
1723 1748 1773 1776 Ve-

981 1794 1041 1813 rum
1074 1795 1161 1822 nugas
1186 1789 1254 1816 istas
1293 1789 1363 1817 ultra
1401 1791 1533 1819 discendo
1565 1793 1710 1827 persequi,
1729 1794 1772 1821 vel

981 1833 1085 1865 audire,
1113 1834 1151 1860 uti
1185 1834 1312 1869 pluribus
1347 1835 1468 1864 fraudem
1492 1845 1523 1864 ac
1545 1838 1704 1872 perniciem,
1734 1839 1772 1866 ita

981 1879 1149 1914 sapientibus
1165 1880 1250 1907 risum
1272 1889 1303 1908 ae
1320 1881 1467 1909 ludibrium
1494 1884 1655 1911 consciseet.
1673 1885 1772 1920 Ecquis

980 1926 1052 1953 enim
1071 1927 1170 1954 mentis
1197 1928 1322 1955 vecordia
1359 1936 1391 1955 ac
1415 1928 1507 1957 furore
1524 1931 1645 1964 percitus
1659 1931 1727 1958 alios
1744 1932 1770 1959 in

980 1971 1104 1999 eamdetn
1123 1972 1258 2000 insaniam
1280 1974 1399 2006 trahere,
1420 1976 1571 2009 praesertim
1588 1977 1772 2012 obsequentes

980 2018 1032 2044 sibi
1046 2025 1078 2045 ac
1096 2018 1170 2046 dicto
1195 2019 1353 2052 audientes,
1371 2028 1425 2047 non
1445 2021 1552 2055 possit?
1572 2021 1648 2054 Quod
1667 2023 1688 2050 si
1709 2024 1771 2058 quis

981 2064 1068 2096 ililllll,
1092 2065 1133 2091 vel
1153 2064 1237 2100 990
1260 2065 1411 2101 discipulos
1438 2071 1566 2101 rogaret:
1586 2067 1625 2095 Ne
1647 2072 1675 2096 tu
1706 2069 1770 2096 mihi

981 2109 1202 2145 incomparabilis
1213 2115 1240 2137 et
1251 2111 1539 2146 incomprehensibilis
1566 2112 1611 2140 Dei
1628 2114 1770 2141 scientiam

977 2154 1098 2190 jactites.
1120 2156 1201 2190 cujus
1235 2156 1351 2184 fortnam
1375 2157 1485 2192 quidem
1504 2165 1535 2185 ac
1551 2163 1676 2185 naturam
1697 2167 1772 2186 asse-

980 2201 1025 2236 qui
1041 2209 1121 2228 nemo
1138 2205 1237 2236 potest,
1255 2202 1307 2230 fide
1323 2210 1387 2230 vero
1400 2203 1434 2230 ab
1456 2203 1545 2238 ipsius
1565 2205 1652 2232 servis
1677 2208 1772 2232 utcun-

980 2254 1032 2281 que
1040 2248 1167 2282 cognosci
1183 2249 1349 2283 potest;sed
1362 2249 1413 2277 hoc
1427 2250 1507 2277 velim
1520 2251 1599 2278 nobis
1615 2252 1768 2283 edisseras:

978 2292 1155 2320 fundamenta
1171 2298 1252 2322 terra:
1271 2302 1332 2329 quae
1358 2296 1424 2328 sint,
1449 2304 1565 2331 quaeque
1582 2297 1672 2333 abyssi
1692 2298 1770 2333 peni-

978 2339 1048 2366 tiora
1067 2340 1255 2375 receptacula;
1274 2341 1358 2370 maris
1371 2350 1469 2376 venas,
1487 2344 1639 2371 inferorum
1653 2345 1770 2372 domici-

977 2385 1043 2412 lium
1058 2405 1066 2418 ,
1090 2385 1162 2412 aeris
1179 2393 1336 2419 mensuras,
1357 2388 1510 2416 caelestium
1527 2389 1634 2417 orbium
1654 2390 1770 2418 fortnam

978 2438 1009 2458 ac
1024 2432 1236 2459 crassitudinem
1250 2442 1257 2466 ;
1274 2433 1412 2468 quodnam
1438 2443 1574 2463 summum
1592 2444 1673 2471 supra
1695 2437 1769 2472 quod

979 2477 1050 2505 infra
1066 2478 1102 2507 sit
1136 2479 1270 2511 inﬁmum.
1288 2480 1353 2514 quid
1371 2481 1404 2508 ad
1417 2481 1555 2509 dexteram
1579 2483 1624 2514 sit.
1642 2483 1708 2519 quid
1734 2483 1768 2510 ad

978 2523 1129 2552 sinistram.
1146 2525 1187 2553 Ad
1213 2526 1270 2553 hinc
1281 2530 1435 2554 creatarum
1453 2535 1544 2555 rerum
1562 2533 1699 2562 naturam,
1715 2531 1768 2556 tui-

978 2578 1031 2605 que
1050 2571 1118 2598 adeo
1134 2572 1304 2600 molitionem
1318 2573 1450 2608 explices,
1469 2578 1526 2601 tum
1537 2583 1633 2602 eorum
1643 2576 1765 2603 omnium

979 2624 1122 2644 numerum
1140 2617 1300 2653 modosque,
1321 2626 1382 2653 qua:
1406 2620 1487 2647 terris
1503 2620 1608 2647 iuliuita
1623 2621 1766 2648 contiueu-v

977 2666 1031 2689 tur.
1051 2661 1114 2690 llaec
1133 2670 1196 2690 cum
1219 2664 1273 2692 illis
1291 2664 1470 2699 objiciuntur,
1487 2670 1518 2693 ut
1532 2666 1566 2692 ab
1579 2666 1652 2693 illius
1679 2670 1767 2694 secta-

976 2708 1081 2736 toribus
1093 2708 1188 2736 audire
1203 2709 1324 2742 memini,
1342 2709 1376 2737 ad
1388 2711 1537 2746 sophistica
1553 2711 1676 2746 quadam
1694 2719 1766 2739 com-

976 2758 1067 2782 menta
1093 2754 1336 2791 cavillationesque
1364 2763 1425 2784 sese
1461 2760 1645 2789 convertunt,
1680 2761 1706 2783 et
1732 2765 1766 2786 ex

976 2799 1049 2828 illius
1065 2800 1224 2836 prmscripto
1245 2801 1282 2829 ita
1304 2802 1469 2837 respondent
1487 2811 1492 2829 :
1510 2801 1572 2829 ιιωε
1588 2803 1679 2829 omnia
1700 2810 1763 2830 cor-
