1945 3043
173 171 228 201 655

867 175 896 201 5.
918 173 1086 202 ΕΡΙΡΙΙᾹΝΙΙ

1749 173 1806 202 εδδ

174 236 258 265 porca
283 233 358 263 sunt,
374 238 424 258 nec
446 238 462 258 a
487 231 567 259 nobis
594 231 696 266 percipi
721 235 847 266 possunt.
874 230 957 259 Deum

1022 230 1086 257 ξέναι
1097 238 1102 244 ·
1115 229 1182 256 ἀλλᾶ
1193 229 1230 265 μὴ
1241 230 1310 257 κατὰ
1322 230 1376 265 εἴδη
1382 230 1422 257 σίν
1432 239 1493 257 τινα
1501 229 1682 272 ᾁηλαιρήσεως
1689 230 1804 265 ἐτόλμα,

177 285 253 309 vero,
267 278 314 312 qui
339 278 395 305 lucc
417 278 475 313 ipsa
495 278 627 309 comlidit,
644 277 787 305 manifeste
803 276 960 312 lmjusmodi

177 322 224 354 sit,
241 330 328 356 quove
344 322 433 354 modo,
446 331 477 350 ac
491 323 591 358 qualis,
610 323 705 358 quisve
725 323 761 350 sit
775 322 962 358 intelligimus.

178 367 245 399 Quis
261 367 316 393 luce
334 368 392 395 sine
420 369 476 395 risu
496 369 583 403 possit
594 369 706 395 audire?
726 368 770 395 Est
794 367 867 394 enim
884 367 964 401 longe

179 412 243 439 illud
265 420 330 439 sane
359 414 552 441 stultissimum
573 415 737 441 :Sunimum
764 415 840 441 illum
872 418 899 441 ct
919 414 960 441 in-

178 459 387 492 comparabilem
411 460 547 494 Opiﬁceiu,
571 461 616 495 qui
638 461 713 488 nullo
731 468 856 488 sermone
870 460 962 488 decla-

179 503 234 528 rari
261 507 358 537 potest,
392 504 463 531 scire
490 512 530 536 ac,
564 509 644 539 atque
661 509 787 532 accurate
810 506 963 540 perm-pisse

178 547 310 581 proﬁteri.
336 547 436 583 (Atque
464 550 566 576 utinam
593 551 643 576 lide
663 551 759 576 saltem
782 550 856 577 illum
873 550 962 584 ipsum

179 589 249 616 scire
266 598 306 622 se,
325 599 379 618 non
398 592 472 619 velut
497 597 668 621 contrectare
697 594 821 621 manibus
843 594 962 622 incredi-

179 635 226 661 bili
241 636 354 663 andacia
371 638 550 672 praedicarent
564 640 582 674 !)
606 639 714 666 Interim
729 647 793 666 vero
808 644 914 667 creatas
929 640 962 666 ab

1013 274 1059 300 καὶ
1079 274 1198 308 τολμῶσι
1214 273 1360 308 λέγεινῐ)τὰ
1373 275 1400 301 δὲ
1419 274 1464 300 ὑπ’
1487 274 1569 300 αὑτοῦ
1603 275 1734 309 γενόμενα
1755 275 1804 300 τοῦ

1016 320 1192 355 ἀσυγκρίτου,
1218 320 1262 346 διὰ
1282 320 1313 345 τὸ
1333 319 1404 346 κατὰ
1430 320 1459 345 τὸ
1479 317 1548 350 εἶδος
1568 319 1706 354 δυνάμενα
1727 323 1806 355 παρὰ

1015 367 1068 392 τῶν
1090 365 1212 401 ὁρώντων
1237 365 1507 401 ὑπερθαυμάςεσθαι,
1537 366 1651 400 φάσκειν
1673 366 1755 392 αὐτόν
1774 374 1806 391 τε

1015 412 1062 439 καὶ
1086 413 1149 443 τοὺς
1174 411 1257 438 αὑτοῦ
1281 412 1319 447 μὴ
1343 412 1461 437 εἰδέναι·
1491 411 1607 446 μάλιστα
1637 411 1723 447 πάντη
1749 411 1807 437 τῶν

1016 458 1094 484 θείων
1118 457 1233 492 Γριφῶν
1257 457 1349 492 σαφῶς
1380 458 1444 492 περὶ
1465 457 1532 484 Θεοῦ
1560 457 1751 493 κηρυττουσῶν
1775 457 1808 482 τὸ

1015 504 1130 539 ἀόρατον
1147 503 1226 529 αὑτὸν
1251 501 1337 535 εἶναι,
1359 503 1405 529 καὶ
1420 503 1624 537 ἀκατάληπτον,
1645 503 1692 529 καὶ
1705 503 1803 537 ἀπερι-

1015 549 1126 584 νόητον,
1155 548 1235 583 μόνον
1258 548 1286 574 δὲ
1307 549 1396 575 πίστει
1419 549 1447 575 ἐν
1462 549 1575 584 ἀληθείᾳ
1592 549 1806 583 γινωσκόμενον.

1014 595 1054 621 ὅτι
1077 594 1149 627 ἔστι,
1177 594 1224 620 καὶ
1247 595 1301 625 τοῖς
1325 594 1468 628 ἀγαπῶσιν
1496 594 1577 620 αὑτὸν
1604 593 1807 629 μισθαποδότης

1015 641 1128 674 γίνεται.

179 683 385 717 incomparabili
415 686 461 712 illo
487 694 530 712 res
544 694 649 716 omnes,
673 694 731 720 qua}
750 687 775 712 in
794 693 842 713 sua
858 693 966 720 quoque
985 687 1075 721 specie
1098 685 1278 714 considerata;
1301 689 1468 720 spectatores
1490 685 1563 720 ipsos
1583 686 1625 713 sui
1656 685 1682 712 in
1709 684 1798 710 admi-

180 728 313 754 rationem
334 730 442 757 trahere
472 735 596 765 possunt,
616 740 713 766 negare
730 732 805 758 illum
826 740 887 758 cum
908 732 967 759 suis
984 739 998 758 a
1018 739 1047 759 se
1061 730 1366 766 eognosci.Pr:esertim
1380 738 1441 758 cum
1454 730 1555 764 ubique
1578 738 1662 757 sacrae
1690 729 1804 756 Littene

180 773 213 800 de
229 773 281 800 Deo
299 777 443 806 testentur,
479 784 567 811 neque
590 778 676 803 oculis
695 777 783 811 ipsum
810 777 923 811 percipi,
951 785 1038 811 neque
1066 776 1271 810 comprehendi,
1298 783 1349 803 nec
1371 775 1461 801 animo
1478 774 1592 809 cogitari
1616 782 1717 808 posse;
1749 773 1799 801 scd

179 819 207 847 id
225 828 307 846 mium
321 820 354 847 de
370 821 414 847 illo
429 829 461 847 ex
478 822 516 848 rei
540 823 651 849 veritate
679 823 779 857 percipi
801 832 807 850 :
826 823 903 855 Quod
921 823 966 850 sit.
988 821 1117 857 quodque
1131 822 1277 857 diligentes
1291 829 1320 849 se
1336 824 1526 848 remuneretur
1537 820 1556 846 '.

216 863 248 890 ν.
261 863 320 890 Jam
339 872 404 892 vero
431 866 538 900 quoties
564 874 657 893 eorum
679 867 788 902 aliquis,
804 867 850 901 qui
868 867 901 893 de
917 866 962 893 Dei

1052 866 1089 893 E’.
1111 867 1193 894 Ὅταν
1207 867 1235 893 δέ
1246 875 1288 899 τις
1304 867 1395 897 αὐτοῖς
1415 866 1480 900 εἴπῃ
1493 865 1546 892 τῶν
1562 864 1649 900 ὀρθῶς
1661 865 1725 900 περὶ
1735 865 1806 892 Θεοῦ

180 908 279 942 gloria,
298 908 359 939 (ille.
375 909 508 936 charitate
526 914 553 936 et
575 911 843 946 incomprehensibili
866 915 963 937 natura

1022 910 1103 945 δόξης,
1118 910 1235 942 πίστεώς
1249 919 1290 942 τε,
1304 911 1351 937 καὶ
1365 910 1485 945 ἀγάπης,
1497 910 1543 936 καὶ
1556 909 1744 943 ἀκαταληψίας
1760 910 1807 936 δο⁶

181 957 256 980 recte
270 955 401 986 sentiunt,
417 955 468 981 hoc
479 955 531 982 illis
542 955 639 990 objicit
652 965 658 982 :
674 956 806 984 Novimus
816 958 965 991 incompre-

180 998 341 1026 lieiisibilem
361 999 455 1032 Deum,
474 1001 520 1035 qui
537 1009 586 1029 nec
603 1002 690 1029 oculis
707 1003 800 1034 rideri,
817 1010 867 1030 nec
879 1003 965 1037 expli-

181 1043 237 1069 cari
267 1051 392 1071 sermone
424 1049 530 1079 potest;
553 1054 614 1072 eum
646 1054 705 1076 nos.
727 1047 849 1082 inquam,
871 1054 963 1074 revera

181 1091 383 1125 cognoscimus,
411 1091 460 1119 sed
486 1101 534 1120 nec
555 1095 747 1128 aspectabilem
765 1099 791 1122 ct
807 1095 962 1129 incompre-

181 1134 342 1163 hensibilem
363 1145 423 1164 esse
449 1139 562 1165 scimus.
584 1139 622 1166 Ad
641 1140 696 1166 haec
714 1148 790 1167 novae
810 1141 860 1168 istc
880 1141 964 1167 diale—

181 1182 258 1208 ctica:
277 1182 441 1210 architectus
453 1183 601 1216 illudemlo,
616 1192 647 1212 ac
662 1185 811 1212 deridenda
831 1186 903 1212 velut
925 1185 964 1212 l‘a-

180 1225 271 1252 bulam
287 1227 434 1260 quamdam
465 1230 613 1256 contexuit.
633 1230 746 1256 Cuinam
768 1238 833 1265 ergo
851 1238 900 1257 vos
917 1238 962 1257 ve-

181 1274 320 1304 stramque
343 1271 421 1298 [idem
452 1273 578 1305 similem.
613 1274 711 1309 inquit,
735 1282 795 1302 esse
823 1275 965 1302 dixerint?

181 1313 315 1341 Nimirum
329 1316 437 1349 vitiatae,
455 1324 486 1344 ac
502 1325 589 1349 czecm,
599 1319 688 1345 surda:
704 1324 837 1354 mutatque
849 1319 962 1354 Virgilii:

182 1359 226 1385 cui
243 1359 350 1393 quidem
376 1360 455 1396 991
478 1362 598 1389 oblatum
612 1371 672 1390 esse
689 1367 811 1398 stuprqu
835 1365 881 1398 q-ui
904 1372 964 1391 eam

182 1409 284 1430 norunt
309 1411 404 1432 omnes
423 1406 586 1441 intelligunt.
608 1409 642 1433 At
670 1408 693 1434 si
711 1409 773 1442 quis
796 1408 840 1434 ille
857 1409 966 1434 vitiatur

183 1449 265 1475 fuerit
291 1448 453 1484 interroges,
479 1459 650 1485 nequaquam
672 1451 778 1482 audiat;
808 1460 896 1486 neque
919 1457 965 1478 aut

183 1493 259 1520 illum
277 1499 385 1528 propter
397 1496 545 1524 cmcitatcm
562 1497 652 1523 videre
663 1497 759 1531 potuit,
771 1502 818 1523 aut
834 1497 964 1530 iudicare,

185 1539 258 1572 quod
274 1544 346 1566 mula
358 1540 403 1571 sit,
416 1544 514 1576 potest.
528 1541 620 1568 Merito
634 1542 716 1576 igitur
731 1542 757 1568 in
769 1543 857 1577 ipsum
870 1543 967 1577 ipsius-

184 1593 238 1619 que
264 1592 415 1612 termonem
434 1586 498 1613 illud
515 1595 530 1614 e
547 1587 688 1622 Scriptura
710 1591 868 1623 retorquere
889 1589 966 1616 licet:
982 1579 1003 1607 (ἶ

185 1629 359 1657 εοηινσνιαιιιν
376 1631 451 1657 labor
462 1631 518 1666 ejus
540 1632 565 1658 in
589 1637 666 1666 caput
686 1633 779 1666 ipsius,
792 1638 816 1659 et
832 1633 926 1660 incidet
943 1635 969 1660 in

185 1675 287 1708 foveam
300 1683 380 1707 quam
399 1676 492 1710 fecit’,
519 1686 550 1704 :.e
567 1682 664 1704 raatera
681 1677 706 1704 id
722 1685 818 1713 genus.
831 1678 879 1705 llic
896 1679 968 1706 enim

185 1720 250 1746 (τωυί
274 1720 371 1748 similis
383 1726 435 1752 est.
457 1721 503 1756 qui
520 1729 582 1748 cum
609 1730 640 1749 ea
657 1723 811 1750 calamitate
833 1729 913 1750 natus
931 1724 971 1750 lo-

185 1771 286 1801 quatur
298 1768 444 1802 audiatquc
462 1775 542 1803 quam
570 1770 696 1803 plurima,
720 1777 752 1797 ac
772 1770 835 1797 licet
852 1771 917 1803 albi,
938 1779 970 1798 ac

186 1813 268 1848 nigri,
294 1814 414 1845 caerulei,
440 1815 553 1848 prasini,
588 1815 650 1846 ruti,
676 1823 707 1842 ac
733 1821 892 1843 czeterorum
912 1824 971 1845 asc

187 1857 401 1891 discrepantium
425 1858 560 1889 colorum,
577 1865 682 1885 necnon
697 1863 723 1885 ct
746 1859 815 1888 lucis
835 1860 874 1885 ‘ac
895 1864 970 1886 tene-

187 1902 195 1929 ]
207 1909 300 1928 rarum
314 1902 445 1928 vocabula
464 1907 630 1936 pronuntiet,
647 1911 706 1937 qua:
718 1904 856 1931 auditione
870 1905 972 1931 didice-

187 1948 244 1978 rit,
269 1947 365 1974 horum
396 1952 485 1974 tamen
511 1948 623 1983 ﬁguram
653 1956 685 1975 ac
708 1951 825 1984 speciem
862 1951 973 1978 minime

190 1993 340 2028 cognoscit,
360 2000 409 2019 nec
424 1994 576 2027 cujnsmodi
591 1994 626 2020 sit
637 1994 772 2028 explicare
789 1999 887 2029 potest,
901 1996 973 2030 quod

191 2038 226 2065 al)
243 2043 319 2064 utero
336 2038 431 2066 matris
452 2046 540 2065 cteeus
561 2039 703 2073 prodierit,
725 2047 757 2066 ac
777 2041 891 2074 proinde
917 2041 971 2068 sin-

191 2083 318 2118 gulorum
335 2084 503 2118 qualitatem,
526 2084 685 2112 discrimina
716 2085 850 2120 tigurasve
869 2086 974 2113 discer-

191 2135 255 2156 nere
270 2134 399 2164 nequeat.
433 2130 578 2162 Quodlibet
604 2132 674 2158 enim
697 2132 812 2159 istorum
832 2134 974 2160 nominum

192 2183 321 2203 sensuum
358 2177 523 2211 perceptioni
562 2178 789 2212 cxperientiwque
830 2184 976 2207 consenta-

192 2229 270 2249 neam
288 2223 406 2257 speciem
424 2224 561 2257 exprimit,
578 2224 624 2250 sed
648 2232 679 2250 ea
694 2233 820 2252 sermone
841 2226 974 2254 declarari

192 2267 215 2294 ei
234 2268 279 2301 qui
293 2276 345 2294 non
364 2269 436 2294 illam
452 2270 540 2296 oculis
553 2270 703 2304 usurparit,
722 2279 808 2306 neque
823 2276 895 2298 tactu
912 2281 975 2306 pro-

193 2313 250 2340 bari
279 2313 457 2347 dijudirarive
489 2320 587 2349 potest.
604 2316 693 2348 Quare
710 2325 771 2344 cum
798 2319 862 2345 creci
892 2319 929 2345 illi
942 2319 976 2347 de

192 2359 259 2386 iisce
278 2361 416 2387 coloribus
441 2361 618 2394 disserentes,
640 2363 686 2397 qui
710 2372 772 2390 cum
790 2365 866 2398 nigro
879 2365 975 2392 candi-

193 2405 268 2436 (Ῑιιιιιι
281 2407 394 2435 viridem
402 2416 464 2436 eum
474 2409 599 2442 cmruleo,
619 2413 674 2434 tum
697 2417 874 2444 purpureum,
887 2411 975 2437 cocci-

195 2458 287 2483 neum,
300 2459 332 2477 ac
349 2457 461 2478 c:cteros
491 2453 560 2479 inter
583 2461 612 2480 se
639 2455 724 2488 perite
747 2460 917 2490 comparant.
942 2457 976 2483 de

194 2497 327 2529 cujusque
339 2497 444 2531 generis
459 2505 489 2524 ac
504 2499 603 2526 coloris
618 2501 748 2533 qualitate.
765 2507 779 2526 a
797 2502 875 2528 nobis
893 2502 977 2529 inter-

195 2547 335 2576 rogantur,
362 2550 411 2569 nec
442 2543 513 2570 istud
539 2544 640 2578 eloqui,
665 2553 715 2572 tice
730 2552 744 2571 a
764 2546 843 2574 nobis
869 2546 977 2574 edoceri

195 2593 319 2622 possunt,
344 2590 389 2615 sed
416 2597 482 2616 voce
505 2594 585 2618 tenus
612 2591 733 2625 sibiipsis
753 2592 977 2626 persuadent;ct

197 2635 367 2661 auditoribus
383 2635 534 2669 imponunt,
548 2641 576 2662 ut
599 2636 704 2663 illorum
725 2637 873 2664 diserimen
890 2638 977 2672 perfe-

196 2680 318 2707 ctissime
350 2681 448 2707 callere
471 2681 625 2713 videantur,
655 2684 763 2710 tametsi
790 2683 858 2710 nihil
881 2688 978 2718 praeter

196 2726 266 2752 nuda
280 2727 361 2753 νεὼίι
385 2731 493 2754 teneant
518 2735 612 2754 earum
639 2736 740 2760 rerum,
757 2737 884 2764 quarum,
904 2730 976 2764 quod

195 2779 241 2799 ea:
268 2772 380 2800 minimc
407 2774 636 2808 comprehendere
666 2775 782 2809 possint,
813 2782 920 2802 summa
950 2775 977 2802 in

238 2849 247 2866 ί
267 2849 350 2878 Ilcbr.
371 2859 409 2880 χι.
425 2852 450 2879 6.
489 2853 498 2867 ¹
517 2851 589 2879 Psal.
606 2860 654 2886 νη,
674 2853 713 2885 l6,
729 2853 770 2878 t7.
809 2854 819 2868 ³
834 2852 862 2880 F.
880 2853 912 2880 δι’
927 2854 1004 2888 ὁρατ-

1017 956 1167 989 ξαζὸντων,
1202 956 1242 982 ὃτι
1261 956 1354 990 Ἡμεῖς
1378 955 1488 990 οἴδαμεν
1510 955 1576 982 θεὸν
1601 955 1806 990 ἀκατάληπτον,

1016 1001 1082 1028 Θεὸν
1093 1001 1217 1035 ἀόρατον,
1230 1001 1423 1036 ἁνεκδιήγητον
1433 1010 1439 1016 ·
1452 1001 1562 1036 οἴδαμεν
1574 1001 1602 1027 δὲ
1612 1001 1692 1027 αὑτὸν
1706 1001 1806 1034 ὅντως,

1016 1047 1080 1073 ὄντα
1094 1047 1121 1073 δὲ
1136 1047 1251 1082 ἀόρατον
1265 1047 1312 1073 καὶ
1325 1047 1519 1081 ἀκατάληπτον
1529 1055 1535 1061 ·
1551 1047 1806 1082 ἐπισκωμματικῶς

1017 1092 1063 1118 καὶ
1075 1092 1195 1124 κωτίλως
1209 1092 1301 1119 λοιπὸν
1314 1093 1352 1124 ὡς
1368 1093 1451 1127 μῦθόν
1468 1101 1528 1119 τινα
1540 1093 1717 1128 διηγούμενος
1732 1093 1806 1119 ἐτόλ-

1019 1146 1103 1172 μησεν
1124 1135 1200 1169 οὗτος
1216 1138 1230 1163 ὁ
1244 1137 1292 1173 τὴν
1315 1138 1410 1173 καινὴν
1427 1138 1596 1173 διαλεκτικὴν
1614 1139 1679 1173 ἡμῖν
1693 1138 1785 1172 φέρων
1795 1146 1803 1153 ο

1017 1183 1075 1209 Τίνι
1099 1181 1145 1209 οὗν
1172 1183 1287 1215 ἐοίκατε,
1319 1183 1366 1210 καὶ
1390 1184 1407 1218 ὴ
1435 1183 1512 1218 ὑμῶν
1540 1183 1648 1216 πίστις;
1675 1183 1804 1218 παρθένῳ

1017 1228 1166 1265 φθαρείσῃ,
1187 1228 1254 1265 οὔσῃ
1277 1229 1304 1255 δὲ
1325 1229 1420 1264 τυφλῇ,
1442 1229 1488 1255 καὶ
1505 1230 1600 1264 κωφῇ,
1624 1229 1670 1255 καὶ
1691 1228 1802 1263 ἀλὰλῳο

1017 1275 1094 1309 ἥτις,
1116 1275 1155 1300 ὅτι
1183 1274 1232 1309 μὲν
1251 1274 1402 1309 ἔφθαρται,
1427 1275 1492 1301 πᾶσι
1510 1274 1613 1309 πέφηνε
1637 1276 1692 1306 τοῖς
1717 1274 1804 1309 αὐτὴν

1017 1319 1214 1353 γινώσκουσιν·
1244 1319 1407 1355 ἐρωτωμένη
1433 1319 1461 1346 δὲ
1490 1319 1532 1351 τίς
1556 1321 1570 1346 ὁ
1593 1320 1726 1355 φθορεὺς,
1753 1321 1806 1346 οὐκ

1018 1365 1124 1396 ἀκούει,
1143 1366 1186 1391 ἵνα
1205 1365 1294 1400 μάθῃ’
1318 1366 1365 1391 καὶ
1384 1364 1445 1391 οὔτε
1465 1365 1570 1400 ἑώρακε
1582 1365 1626 1391 τὸν
1648 1365 1804 1400 τξθείροντα,

1018 1411 1061 1438 διὰ
1083 1411 1114 1437 τὸ
1125 1410 1323 1445 τετυφλῶσθαι,
1343 1411 1404 1437 οὔτε
1417 1411 1581 1446 ἀπαγγεῖλαι
1595 1411 1761 1446 δύναται,διὰ
1775 1412 1807 1438 τὸ

1018 1456 1124 1483 ἄλαλον.
1153 1456 1196 1487 Ὠς
1222 1453 1291 1482 εἶναι
1315 1457 1499 1492 ἀντιστρόφως
1521 1457 1588 1492 πρὸς
1604 1457 1685 1484 αὐτὸν
1701 1458 1749 1484 καὶ
1759 1458 1807 1484 τὸν

1023 1501 1102 1528 αὑτοῦ
1120 1502 1214 1537 μῦθον,
1232 1502 1302 1529 κατὰ
1318 1502 1348 1528 τὸ
1358 1503 1548 1538 γεγραμμένον
1561 1511 1567 1518 ·
1583 1504 1777 1537 Ἐπιστρέψαι
1792 1506 1808 1530 ό

1020 1549 1113 1581 πόνος
1124 1547 1217 1574 αὑτοῦ
1232 1549 1276 1580 εις
1291 1547 1430 1582 κεφαλὴν
1445 1548 1548 1575 αὐτοῦ.
1568 1548 1623 1575 Καὶ
1635 1549 1808 1583 ἐμπεσεῖται

1019 1594 1063 1626 εὶς
1074 1593 1189 1628 βόθρον
1208 1592 1244 1619 ὃν
1265 1593 1443 1628 εῙργάσαι-ο·
1469 1594 1516 1620 καὶ
1535 1594 1570 1621 τὰ
1591 1594 1694 1626 τούτοις
1715 1595 1807 1628 ὃμοια.

1019 1638 1108 1671 Αὐτὸς
1132 1639 1186 1674 γὰρ
1211 1639 1283 1665 ἔοικε
1297 1639 1389 1674 τυφλῷ
1410 1640 1440 1666 ὲκ
1466 1641 1578 1675 γενετῆς
1593 1639 1664 1667 οὕτω
1679 1649 1810 1676 γεγεννη-

1023 1685 1106 1721 μένῳ,
1121 1684 1246 1711 λαλοῦντι
1259 1685 1298 1717 δὲ,
1313 1685 1359 1712 καὶ
1375 1685 1460 1712 πολλὰ
1472 1686 1595 1712 λαλοῦντι
1610 1686 1657 1712 καὶ
1671 1686 1809 1720 ἀκούοντι,

1021 1731 1069 1757 καὶ
1081 1730 1162 1757 εἰδότι
1175 1731 1224 1765 μὲν
1240 1730 1335 1757 λευκοῦ
1349 1730 1379 1756 τὸ
1392 1730 1486 1765 ὄνομα,
1505 1731 1552 1758 καὶ
1569 1732 1692 1766 μέλανος,
1709 1732 1810 1759 κυανοῦ

1021 1784 1061 1807 τε,
1090 1774 1136 1802 καὶ
1154 1775 1301 1811 πρασίνου,
1319 1776 1367 1802 καὶ
1386 1776 1500 1811 πυρῤοὖ,
1520 1777 1567 1803 καὶ
1580 1777 1634 1803 τῶν
1650 1777 1737 1804 ἄλλων
1753 1779 1810 1805 δια-

1022 1819 1112 1855 φόρων
1128 1820 1277 1855 ὀνομάτων,
1302 1819 1390 1855 φωτός
1405 1830 1435 1847 τε
1452 1822 1499 1847 καὶ
1520 1821 1640 1853 σκότους,
1657 1819 1694 1848 ὧν
1711 1822 1760 1857 μὲν
1777 1822 1810 1848 τὰ

1022 1865 1141 1900 ὀνόματα
1156 1867 1303 1901 ὲνηχεῖται,
1326 1866 1356 1892 οὺ
1373 1867 1426 1902 μὴν
1444 1867 1472 1892 δὲ
1488 1866 1616 1901 γινώσκει
1636 1867 1662 1893 τί
1676 1868 1707 1893 τὸ
1723 1867 1809 1899 εἶδος·

1022 1911 1076 1938 οὐδ’
1087 1911 1155 1943 ὅλως
1168 1911 1278 1938 δύναται
1298 1911 1363 1938 αὐτὸ
1377 1912 1554 1947 ἑρμηνεῦσαι,
1574 1913 1619 1939 διὰ
1634 1913 1664 1939 τὸ
1683 1913 1811 1948 ἁπαρχῆς

1023 1957 1104 1983 αὑτὸν
1124 1957 1222 1991 τυφλὸν
1244 1957 1418 1992 γεννηθῆναι,
1436 1958 1484 1984 καὶ
1507 1959 1556 1993 τὴν
1578 1958 1728 1994 ἐναλλαγὴν
1748 1959 1811 1985 ἑκά.-

1025 2011 1089 2038 στης
1108 2003 1250 2039 ποιότητος
1272 2004 1426 2039 χρωμάτων
1452 2005 1574 2038 ἀγνοεῖν,
1602 2005 1649 2031 καὶ
1678 2005 1709 2031 τὸ
1732 2003 1811 2036 εἶδος.

1026 2048 1159 2075 Ἕκαστον
1178 2049 1232 2084 γὰρ
1254 2049 1343 2076 αὐτῶν
1362 2049 1417 2076 τῶν
1433 2050 1572 2085 ὀνομάτων
1596 2051 1626 2077 τὸ
1647 2051 1813 2086 κατάλληλον

1024 2094 1075 2129 τῆς
1087 2094 1248 2129 διακρίσεως
1262 2095 1423 2131 διορατικῶν
1434 2095 1444 2110 ³
1458 2096 1610 2131 αἰσθήσεων
1624 2096 1679 2131 ἔχει
1691 2096 1741 2131 τὴν
1755 2097 1813 2123 πεῖ-

1027 2149 1087 2175 ραν,
1095 2140 1124 2166 οὒ
1138 2141 1190 2176 μὴν
1199 2140 1227 2166 δὲ
1234 2141 1276 2167 διὰ
1288 2142 1414 2175 φράσεως
1422 2142 1459 2177 τῷ
1471 2142 1507 2177 μὴ
1518 2142 1676 2175 γινώσκοντι
1685 2142 1812 2178 ἁπαρχῆς

1026 2186 1056 2212 τὸ
1071 2183 1151 2217 εἶδος,
1164 2186 1224 2212 οὔτε
1249 2186 1292 2213 διὰ
1310 2187 1491 2222 ψηλαφήσεως
1518 2188 1566 2214 καὶ
1579 2188 1650 2223 ἁφῆς
1665 2188 1814 2222 δυνάμενον

1026 2231 1230 2267 δοκιμασθῆναι.
1245 2232 1329 2259 Ὅταν
1343 2233 1407 2266 γοῦν
1421 2234 1445 2259 οἱ
1456 2233 1508 2259 ἀπὸ
1521 2234 1633 2267 γενετῆς
1644 2234 1739 2268 τυφλοὶ
1751 2234 1814 2269 περὶ

1027 2276 1128 2303 τούτων
1137 2276 1330 2311 διαλεγόμενοι,
1341 2277 1386 2303 καὶ
1397 2277 1496 2309 εἰδότες
1504 2277 1814 2311 ἀντιπαρακατατιθέναι

1025 2322 1056 2347 τὸ
1068 2321 1150 2356 μέλαν
1164 2322 1231 2357 πρὸς
1246 2322 1275 2348 τὸ
1290 2322 1396 2354 λευκὸν,
1411 2323 1458 2348 καὶ
1472 2323 1502 2357 τὸ
1513 2322 1615 2357 χλωρὸν
1627 2323 1694 2357 πρὸς
1705 2323 1735 2348 τὸ
1749 2323 1815 2349 xui-

1026 2375 1096 2398 νεον,
1115 2367 1162 2393 καὶ
1180 2367 1332 2402 πορφύρεόν
1350 2366 1414 2402 [te],
1429 2367 1564 2402 κοκκηρόν
1582 2375 1622 2398 τε,
1638 2367 1730 2394 καὶτὰ
1747 2367 1815 2394 ἄλλα

1027 2412 1169 2448 χρώματα,
1183 2413 1339 2448 ἐρωτηθῶσι
1359 2413 1388 2439 δὲ
1409 2414 1455 2447 ἀφ’
1470 2412 1547 2448 ἡμῶν
1561 2412 1608 2448 τὴν
1623 2413 1754 2447 ποιότητα
1767 2413 1815 2440 τοῦ

1028 2459 1123 2489 εἴδους,
1136 2457 1182 2484 καὶ
1197 2458 1227 2484 τὸ
1241 2458 1337 2493 χρῶμα
1351 2457 1468 2493 ἑκάστης
1482 2459 1631 2493 ποιότητος,
1647 2459 1707 2485 οὔτε
1722 2459 1815 2486 δύναν-

1027 2512 1073 2529 ται
1090 2504 1185 2535 εἰπεῖν,
1209 2504 1269 2530 οὔτε
1288 2505 1334 2538 ἀφ’
1351 2504 1428 2539 ἡμῶν
1447 2505 1612 2540 διδαχθῆναι,
1629 2506 1710 2540 μόνον
1728 2505 1755 2531 δὲ
1773 2506 1816 2532 διὰ

1028 2548 1107 2582 λόγου
1127 2549 1256 2576 πείθωσιν
1272 2549 1282 2565 ⁸
1299 2549 1401 2576 ἑαυτῶν
1421 2550 1469 2585 τὴν
1489 2550 1616 2581 διάνοιαν,
1639 2550 1764 2577 ἀπατῶσι
1787 2551 1815 2576 δὲ

1028 2595 1091 2626 τοὺς
1110 2594 1258 2626 ἀκούοντας
1267 2614 1273 2626 ,
1296 2594 1333 2625 ὡς
1347 2595 1448 2626 εἰδότες
1460 2595 1560 2621 τέλειον
1573 2596 1637 2630 περὶ
1652 2595 1700 2630 τῆς
1712 2595 1816 2630 διακρί-

1031 2647 1108 2670 σεως,
1123 2639 1173 2665 κᾶν
1188 2648 1216 2665 τε
1233 2639 1270 2674 τῷ
1289 2639 1359 2674 λόγῳ
1372 2639 1481 2673 λέγωσι,
1495 2641 1545 2675 τὴν
1560 2640 1696 2673 ἀγνωσίαν
1711 2640 1754 2666 διὰ
1767 2641 1815 2674 τῆς

1030 2684 1219 2720 ἀκαταληψίας
1234 2682 1396 2720 κεκτημένοι
1409 2694 1414 2700 ·
1434 2685 1504 2711 οὕτω
1521 2687 1567 2712 καὶ
1581 2683 1657 2717 οὗτος
1669 2687 1732 2721 ἥκει
1751 2687 1815 2721 ἡμῖν

1031 2730 1116 2764 λέγων
1127 2731 1191 2765 περὶ
1202 2731 1268 2756 (ἢεοῦ
1277 2739 1283 2746 ·
1299 2732 1345 2757 καὶ
1355 2731 1514 2766 ἐπιφημίζει
1526 2732 1574 2766 μὲν
1588 2732 1753 2768 σκωπτηλῶς
1766 2731 1815 2765 τῆς

1030 2775 1139 2806 ἀλάλου,
1155 2777 1201 2803 καὶ
1212 2778 1314 2812 κωφῆς,
1327 2778 1373 2804 καὶ
1383 2779 1486 2813 τυφλῆς
1500 2778 1631 2814 παρθένου
1643 2779 1691 2814 τὴν
1702 2778 1815 2814 φθορὰν,

1044 2853 1054 2869 ⁸
1071 2853 1100 2881 F.
1123 2854 1269 2881 πείθουσιν.
