  <div class='ocr_page' id='page_1' title='image "/cluster/home/n/w/nwhite01/storage/ocr_20150623/42/njp.32101077772588/332.png"; bbox 0 0 1945 3043; ppageno 0'>
   <div class='ocr_carea' id='block_1_1' title="bbox 116 180 169 208">
    <p class='ocr_par' dir='ltr' id='par_1_1' title="bbox 116 180 169 208">
     <span class='ocr_line' id='line_1_1' title="bbox 116 180 169 208; baseline -0.019 0"><span class='ocrx_word' id='word_1_1' title='bbox 116 180 169 208; x_wconf 78' lang='lat'><strong>037</strong></span> 
     </span>
    </p>
   </div>
   <div class='ocr_carea' id='block_1_2' title="bbox 437 178 901 221">
    <p class='ocr_par' dir='ltr' id='par_1_2' title="bbox 437 179 900 221">
     <span class='ocr_line' id='line_1_2' title="bbox 437 179 900 221; baseline 0 -13"><span class='ocrx_word' id='word_1_2' title='bbox 437 180 620 208; x_wconf 72' lang='lat' dir='ltr'><strong>ADVERSUS</strong></span> <span class='ocrx_word' id='word_1_3' title='bbox 642 180 722 207; x_wconf 68' lang='grc' dir='ltr'><strong>ΙΙίΕΙῐ</strong></span> <span class='ocrx_word' id='word_1_4' title='bbox 729 180 818 221; x_wconf 47' lang='grc' dir='ltr'><strong>ΙΞΞΕΞ⁵</strong></span> <span class='ocrx_word' id='word_1_5' title='bbox 838 179 900 208; x_wconf 85' lang='lat' dir='ltr'><strong>LIB.</strong></span> 
     </span>
    </p>
   </div>
   <div class='ocr_carea' id='block_1_3' title="bbox 955 178 1445 221">
    <p class='ocr_par' dir='ltr' id='par_1_3' title="bbox 955 178 1445 208">
     <span class='ocr_line' id='line_1_3' title="bbox 955 178 1445 208; baseline 0.002 -2"><span class='ocrx_word' id='word_1_6' title='bbox 955 181 967 207; x_wconf 69' lang='lat' dir='ltr'><strong>i.</strong></span> <span class='ocrx_word' id='word_1_7' title='bbox 989 180 1069 208; x_wconf 77' lang='lat' dir='ltr'><strong>TOM.</strong></span> <span class='ocrx_word' id='word_1_8' title='bbox 1091 181 1157 208; x_wconf 90' lang='lat' dir='ltr'><strong>l.—</strong></span> <span class='ocrx_word' id='word_1_9' title='bbox 1175 178 1311 207; x_wconf 64' lang='lat' dir='ltr'><strong>IDERES.</strong></span> <span class='ocrx_word' id='word_1_10' title='bbox 1331 179 1445 207; x_wconf 66' lang='lat' dir='ltr'><strong>LXXVI.</strong></span> 
     </span>
    </p>
   </div>
   <div class='ocr_carea' id='block_1_4' title="bbox 1689 177 1740 206">
    <p class='ocr_par' dir='ltr' id='par_1_4' title="bbox 1689 177 1740 206">
     <span class='ocr_line' id='line_1_4' title="bbox 1689 177 1740 206; baseline -0.039 0"><span class='ocrx_word' id='word_1_11' title='bbox 1689 177 1740 206; x_wconf 71' lang='lat'><strong>658</strong></span> 
     </span>
    </p>
   </div>
   <div class='ocr_carea' id='block_1_5' title="bbox 115 233 901 273">
    <p class='ocr_par' dir='ltr' id='par_1_5' title="bbox 115 235 901 272">
     <span class='ocr_line' id='line_1_5' title="bbox 115 235 901 272; baseline 0 -9"><span class='ocrx_word' id='word_1_12' title='bbox 115 236 198 268; x_wconf 66' lang='grc' dir='ltr'>αὑτὸς</span> <span class='ocrx_word' id='word_1_13' title='bbox 215 236 285 263; x_wconf 79' lang='grc' dir='ltr'>κατὰ</span> <span class='ocrx_word' id='word_1_14' title='bbox 301 235 349 272; x_wconf 73' lang='grc' dir='ltr'>τὴν</span> <span class='ocrx_word' id='word_1_15' title='bbox 365 235 448 272; x_wconf 82' lang='grc' dir='ltr'>αὑτοῦ</span> <span class='ocrx_word' id='word_1_16' title='bbox 466 236 640 272; x_wconf 77' lang='grc' dir='ltr'><strong>βλασφημίαν</strong></span> <span class='ocrx_word' id='word_1_17' title='bbox 658 236 826 272; x_wconf 74' lang='grc' dir='ltr'><strong>ἐφθαρμένος</strong></span> <span class='ocrx_word' id='word_1_18' title='bbox 842 237 901 272; x_wconf 79' lang='grc' dir='ltr'>μᾶλ·</span> 
     </span>
    </p>
   </div>
   <div class='ocr_carea' id='block_1_6' title="bbox 955 233 1742 273">
    <p class='ocr_par' dir='ltr' id='par_1_6' title="bbox 963 233 1742 273">
     <span class='ocr_line' id='line_1_6' title="bbox 963 233 1742 273; baseline -0.003 -9"><span class='ocrx_word' id='word_1_19' title='bbox 963 237 1131 273; x_wconf 74' lang='lat' dir='ltr'><strong>ignoratioue</strong></span> <span class='ocrx_word' id='word_1_20' title='bbox 1146 240 1300 265; x_wconf 85' lang='lat' dir='ltr'><strong>versantur.</strong></span> <span class='ocrx_word' id='word_1_21' title='bbox 1320 235 1360 262; x_wconf 83' lang='lat' dir='ltr'><strong>Ad</strong></span> <span class='ocrx_word' id='word_1_22' title='bbox 1376 235 1448 262; x_wconf 91' lang='lat' dir='ltr'><strong>hunc</strong></span> <span class='ocrx_word' id='word_1_23' title='bbox 1463 235 1626 263; x_wconf 79' lang='lat' dir='ltr'><strong>modumille</strong></span> <span class='ocrx_word' id='word_1_24' title='bbox 1643 235 1676 261; x_wconf 87' lang='lat' dir='ltr'><strong>de</strong></span> <span class='ocrx_word' id='word_1_25' title='bbox 1689 233 1742 262; x_wconf 81' lang='lat' dir='ltr'><strong>Deo</strong></span> 
     </span>
    </p>
   </div>
   <div class='ocr_carea' id='block_1_7' title="bbox 115 282 908 318">
    <p class='ocr_par' dir='ltr' id='par_1_7' title="bbox 115 282 908 318">
     <span class='ocr_line' id='line_1_7' title="bbox 115 282 908 318; baseline 0.001 -9"><span class='ocrx_word' id='word_1_26' title='bbox 115 283 178 314; x_wconf 86' lang='grc' dir='ltr'><strong>λον,</strong></span> <span class='ocrx_word' id='word_1_27' title='bbox 200 282 248 310; x_wconf 82' lang='grc' dir='ltr'>καὶ</span> <span class='ocrx_word' id='word_1_28' title='bbox 266 282 314 318; x_wconf 86' lang='grc' dir='ltr'>τὴν</span> <span class='ocrx_word' id='word_1_29' title='bbox 334 283 488 317; x_wconf 68' lang='grc' dir='ltr'>ἀγνωσίαν,</span> <span class='ocrx_word' id='word_1_30' title='bbox 511 283 548 314; x_wconf 87' lang='grc' dir='ltr'>ὼς</span> <span class='ocrx_word' id='word_1_31' title='bbox 569 283 623 309; x_wconf 80' lang='grc' dir='ltr'><strong>ἀπὸ</strong></span> <span class='ocrx_word' id='word_1_32' title='bbox 642 283 754 318; x_wconf 79' lang='grc' dir='ltr'><strong>γενετῆς</strong></span> <span class='ocrx_word' id='word_1_33' title='bbox 772 282 908 317; x_wconf 80' lang='grc' dir='ltr'><strong>τύφλωσιν</strong></span> 
     </span>
    </p>
   </div>
   <div class='ocr_carea' id='block_1_8' title="bbox 115 328 905 364">
    <p class='ocr_par' dir='ltr' id='par_1_8' title="bbox 115 328 905 364">
     <span class='ocr_line' id='line_1_8' title="bbox 115 328 905 364; baseline 0 -9"><span class='ocrx_word' id='word_1_34' title='bbox 115 328 294 363; x_wconf 75' lang='grc' dir='ltr'>κεκτημένος,</span> <span class='ocrx_word' id='word_1_35' title='bbox 316 329 402 362; x_wconf 68' lang='grc' dir='ltr'>λέγων</span> <span class='ocrx_word' id='word_1_36' title='bbox 428 329 476 363; x_wconf 79' lang='grc' dir='ltr'>μὲν</span> <span class='ocrx_word' id='word_1_37' title='bbox 499 329 563 364; x_wconf 77' lang='grc' dir='ltr'>περὶ</span> <span class='ocrx_word' id='word_1_38' title='bbox 585 329 663 361; x_wconf 82' lang='grc' dir='ltr'><strong>Θεοῦ,</strong></span> <span class='ocrx_word' id='word_1_39' title='bbox 684 329 772 361; x_wconf 80' lang='grc' dir='ltr'>λόγοις</span> <span class='ocrx_word' id='word_1_40' title='bbox 787 329 814 355; x_wconf 76' lang='grc' dir='ltr'><strong>δὲ</strong></span> <span class='ocrx_word' id='word_1_41' title='bbox 827 329 905 356; x_wconf 84' lang='grc' dir='ltr'>ἀπει-</span> 
     </span>
    </p>
   </div>
   <div class='ocr_carea' id='block_1_9' title="bbox 114 382 217 404">
    <p class='ocr_par' dir='ltr' id='par_1_9' title="bbox 114 382 217 404">
     <span class='ocr_line' id='line_1_9' title="bbox 114 382 217 404; baseline -0.01 -4"><span class='ocrx_word' id='word_1_42' title='bbox 114 382 166 404; x_wconf 67' lang='grc' dir='ltr'>κα,</span> <span class='ocrx_word' id='word_1_43' title='bbox 170 382 217 400; x_wconf 88' lang='grc' dir='ltr'>ων.</span> 
     </span>
    </p>
   </div>
   <div class='ocr_carea' id='block_1_10' title="bbox 961 281 1742 316">
    <p class='ocr_par' dir='ltr' id='par_1_10' title="bbox 961 281 1742 316">
     <span class='ocr_line' id='line_1_10' title="bbox 961 281 1742 316; baseline -0.004 -7"><span class='ocrx_word' id='word_1_44' title='bbox 961 291 1114 310; x_wconf 73' lang='lat' dir='ltr'><strong>sermonem</strong></span> <span class='ocrx_word' id='word_1_45' title='bbox 1138 282 1266 315; x_wconf 87' lang='lat' dir='ltr'><strong>instituit,</strong></span> <span class='ocrx_word' id='word_1_46' title='bbox 1296 285 1324 309; x_wconf 91' lang='lat' dir='ltr'><strong>et</strong></span> <span class='ocrx_word' id='word_1_47' title='bbox 1348 285 1505 316; x_wconf 76' lang='lat' dir='ltr'><strong>corruptam</strong></span> <span class='ocrx_word' id='word_1_48' title='bbox 1536 281 1630 308; x_wconf 89' lang='lat' dir='ltr'><strong>nescio</strong></span> <span class='ocrx_word' id='word_1_49' title='bbox 1660 287 1742 314; x_wconf 85' lang='lat' dir='ltr'><strong>quam</strong></span> 
     </span>
    </p>
   </div>
   <div class='ocr_carea' id='block_1_11' title="bbox 961 326 1744 362">
    <p class='ocr_par' dir='ltr' id='par_1_11' title="bbox 961 326 1744 362">
     <span class='ocr_line' id='line_1_11' title="bbox 961 326 1744 362; baseline -0.005 -7"><span class='ocrx_word' id='word_1_50' title='bbox 961 329 1051 362; x_wconf 89' lang='lat' dir='ltr'><strong>nobis,</strong></span> <span class='ocrx_word' id='word_1_51' title='bbox 1069 333 1182 360; x_wconf 83' lang='lat' dir='ltr'><strong>mutam,</strong></span> <span class='ocrx_word' id='word_1_52' title='bbox 1199 336 1231 355; x_wconf 82' lang='lat' dir='ltr'><strong>ac</strong></span> <span class='ocrx_word' id='word_1_53' title='bbox 1255 328 1365 355; x_wconf 81' lang='lat' dir='ltr'><strong>surdam</strong></span> <span class='ocrx_word' id='word_1_54' title='bbox 1385 335 1540 362; x_wconf 75' lang='lat' dir='ltr'><strong>caecamque</strong></span> <span class='ocrx_word' id='word_1_55' title='bbox 1550 326 1681 362; x_wconf 75' lang='lat' dir='ltr'><strong>virginem</strong></span> <span class='ocrx_word' id='word_1_56' title='bbox 1695 331 1744 360; x_wconf 85' lang='lat' dir='ltr'><strong>per</strong></span> 
     </span>
    </p>
   </div>
   <div class='ocr_carea' id='block_1_12' title="bbox 960 373 1743 410">
    <p class='ocr_par' dir='ltr' id='par_1_12' title="bbox 960 373 1743 410">
     <span class='ocr_line' id='line_1_12' title="bbox 960 373 1743 410; baseline -0.009 -7"><span class='ocrx_word' id='word_1_57' title='bbox 960 376 1107 403; x_wconf 84' lang='lat' dir='ltr'><strong>ludibrium</strong></span> <span class='ocrx_word' id='word_1_58' title='bbox 1122 375 1224 410; x_wconf 74' lang='lat' dir='ltr'><strong>obiicit.</strong></span> <span class='ocrx_word' id='word_1_59' title='bbox 1244 383 1294 410; x_wconf 88' lang='lat' dir='ltr'><strong>pro</strong></span> <span class='ocrx_word' id='word_1_60' title='bbox 1304 382 1352 400; x_wconf 86' lang='lat' dir='ltr'><strong>sua</strong></span> <span class='ocrx_word' id='word_1_61' title='bbox 1366 374 1392 400; x_wconf 89' lang='lat' dir='ltr'><strong>in</strong></span> <span class='ocrx_word' id='word_1_62' title='bbox 1409 373 1530 400; x_wconf 84' lang='lat' dir='ltr'><strong>divinum</strong></span> <span class='ocrx_word' id='word_1_63' title='bbox 1549 380 1648 399; x_wconf 87' lang='lat' dir='ltr'><strong>numen</strong></span> <span class='ocrx_word' id='word_1_64' title='bbox 1665 376 1743 406; x_wconf 89' lang='lat' dir='ltr'><strong>petu-</strong></span> 
     </span>
    </p>
   </div>
   <div class='ocr_carea' id='block_1_13' title="bbox 114 417 1740 455">
    <p class='ocr_par' dir='ltr' id='par_1_13' title="bbox 114 417 1740 455">
     <span class='ocr_line' id='line_1_13' title="bbox 114 417 1740 455; baseline 0.001 -11"><span class='ocrx_word' id='word_1_65' title='bbox 114 419 200 445; x_wconf 82' lang='lat' dir='ltr'><strong>lantia</strong></span> <span class='ocrx_word' id='word_1_66' title='bbox 225 422 370 452; x_wconf 87' lang='lat' dir='ltr'><strong>corruptus</strong></span> <span class='ocrx_word' id='word_1_67' title='bbox 398 418 465 453; x_wconf 85' lang='lat' dir='ltr'><strong>ipse,</strong></span> <span class='ocrx_word' id='word_1_68' title='bbox 493 423 520 445; x_wconf 91' lang='lat' dir='ltr'><strong>et</strong></span> <span class='ocrx_word' id='word_1_69' title='bbox 545 419 699 454; x_wconf 83' lang='lat' dir='ltr'><strong>ignorantia</strong></span> <span class='ocrx_word' id='word_1_70' title='bbox 716 420 789 447; x_wconf 79' lang='lat' dir='ltr'><strong>velut</strong></span> <span class='ocrx_word' id='word_1_71' title='bbox 817 421 851 446; x_wconf 83' lang='lat' dir='ltr'><strong>al)</strong></span> <span class='ocrx_word' id='word_1_72' title='bbox 883 421 988 455; x_wconf 72' lang='lat' dir='ltr'><strong>origine</strong></span> <span class='ocrx_word' id='word_1_73' title='bbox 1012 426 1153 449; x_wconf 78' lang='lat' dir='ltr'><strong>contracta</strong></span> <span class='ocrx_word' id='word_1_74' title='bbox 1180 422 1301 447; x_wconf 66' lang='lat' dir='ltr'><strong>caecitate</strong></span> <span class='ocrx_word' id='word_1_75' title='bbox 1319 420 1457 446; x_wconf 69' lang='lat' dir='ltr'><strong>laborans.</strong></span> <span class='ocrx_word' id='word_1_76' title='bbox 1479 419 1530 452; x_wconf 78' lang='lat' dir='ltr'><strong>Qui</strong></span> <span class='ocrx_word' id='word_1_77' title='bbox 1565 418 1602 444; x_wconf 87' lang='lat' dir='ltr'><strong>ita</strong></span> <span class='ocrx_word' id='word_1_78' title='bbox 1628 418 1662 444; x_wconf 82' lang='lat' dir='ltr'><strong>de</strong></span> <span class='ocrx_word' id='word_1_79' title='bbox 1685 417 1740 443; x_wconf 79' lang='lat' dir='ltr'><strong>Deo</strong></span> 
     </span>
    </p>
   </div>
   <div class='ocr_carea' id='block_1_14' title="bbox 113 465 1243 501">
    <p class='ocr_par' dir='ltr' id='par_1_14' title="bbox 113 465 1243 501">
     <span class='ocr_line' id='line_1_14' title="bbox 113 465 1243 501; baseline 0.002 -9"><span class='ocrx_word' id='word_1_80' title='bbox 113 465 246 499; x_wconf 82' lang='lat' dir='ltr'><strong>disputat,</strong></span> <span class='ocrx_word' id='word_1_81' title='bbox 262 470 292 492; x_wconf 81' lang='lat' dir='ltr'><strong>ut</strong></span> <span class='ocrx_word' id='word_1_82' title='bbox 308 465 342 492; x_wconf 80' lang='lat' dir='ltr'><strong>de</strong></span> <span class='ocrx_word' id='word_1_83' title='bbox 356 465 415 498; x_wconf 82' lang='lat' dir='ltr'><strong>ejus</strong></span> <span class='ocrx_word' id='word_1_84' title='bbox 433 468 529 491; x_wconf 81' lang='lat' dir='ltr'><strong>natura</strong></span> <span class='ocrx_word' id='word_1_85' title='bbox 547 466 756 493; x_wconf 85' lang='lat' dir='ltr'><strong>serinoeinando</strong></span> <span class='ocrx_word' id='word_1_86' title='bbox 782 467 917 501; x_wconf 76' lang='lat' dir='ltr'><strong>conjicere</strong></span> <span class='ocrx_word' id='word_1_87' title='bbox 938 475 969 494; x_wconf 83' lang='lat' dir='ltr'><strong>ac.</strong></span> <span class='ocrx_word' id='word_1_88' title='bbox 987 469 1110 495; x_wconf 87' lang='lat' dir='ltr'><strong>divinare</strong></span> <span class='ocrx_word' id='word_1_89' title='bbox 1126 468 1243 495; x_wconf 85' lang='lat' dir='ltr'><strong>studeat.</strong></span> 
     </span>
    </p>
   </div>
   <div class='ocr_carea' id='block_1_15' title="bbox 150 509 904 544">
    <p class='ocr_par' dir='ltr' id='par_1_15' title="bbox 150 509 904 544">
     <span class='ocr_line' id='line_1_15' title="bbox 150 509 904 544; baseline 0.001 -7"><span class='ocrx_word' id='word_1_90' title='bbox 150 510 196 543; x_wconf 71' lang='lat' dir='ltr'><strong>Ci&quot;.</strong></span> <span class='ocrx_word' id='word_1_91' title='bbox 213 509 311 537; x_wconf 79' lang='grc' dir='ltr'>Λοιπὸν</span> <span class='ocrx_word' id='word_1_92' title='bbox 328 509 356 536; x_wconf 83' lang='grc' dir='ltr'><strong>δὲ</strong></span> <span class='ocrx_word' id='word_1_93' title='bbox 374 510 420 536; x_wconf 70' lang='grc' dir='ltr'>καὶ</span> <span class='ocrx_word' id='word_1_94' title='bbox 435 511 474 541; x_wconf 83' lang='grc' dir='ltr'>εἰς</span> <span class='ocrx_word' id='word_1_95' title='bbox 487 510 678 544; x_wconf 74' lang='grc' dir='ltr'><strong>ἀναισχυντίαν</strong></span> <span class='ocrx_word' id='word_1_96' title='bbox 691 511 753 541; x_wconf 68' lang='grc' dir='ltr'>τοὺς</span> <span class='ocrx_word' id='word_1_97' title='bbox 766 510 809 538; x_wconf 73' lang='grc' dir='ltr'><strong>ὑπ’</strong></span> <span class='ocrx_word' id='word_1_98' title='bbox 822 511 904 538; x_wconf 75' lang='grc' dir='ltr'>αὐτοῦ</span> 
     </span>
    </p>
   </div>
   <div class='ocr_carea' id='block_1_16' title="bbox 115 556 904 592">
    <p class='ocr_par' dir='ltr' id='par_1_16' title="bbox 115 556 904 592">
     <span class='ocr_line' id='line_1_16' title="bbox 115 556 904 592; baseline 0 -9"><span class='ocrx_word' id='word_1_99' title='bbox 115 556 375 592; x_wconf 78' lang='grc' dir='ltr'>μεμαθητευμένους</span> <span class='ocrx_word' id='word_1_100' title='bbox 399 556 623 591; x_wconf 74' lang='grc' dir='ltr'><strong>παρασκευάσας.</strong></span> <span class='ocrx_word' id='word_1_101' title='bbox 648 557 729 583; x_wconf 82' lang='grc' dir='ltr'>Οὐδὲν</span> <span class='ocrx_word' id='word_1_102' title='bbox 745 558 798 592; x_wconf 76' lang='grc' dir='ltr'><strong>γὰρ</strong></span> <span class='ocrx_word' id='word_1_103' title='bbox 813 558 904 590; x_wconf 72' lang='grc' dir='ltr'>αὐτοῖς</span> 
     </span>
    </p>
   </div>
   <div class='ocr_carea' id='block_1_17' title="bbox 112 601 903 638">
    <p class='ocr_par' dir='ltr' id='par_1_17' title="bbox 112 601 903 638">
     <span class='ocr_line' id='line_1_17' title="bbox 112 601 903 638; baseline 0 -9"><span class='ocrx_word' id='word_1_104' title='bbox 112 602 274 638; x_wconf 85' lang='grc' dir='ltr'>ἀτόλμητον.</span> <span class='ocrx_word' id='word_1_105' title='bbox 289 602 483 638; x_wconf 73' lang='grc' dir='ltr'>Βλασφημοῡσι</span> <span class='ocrx_word' id='word_1_106' title='bbox 497 604 545 638; x_wconf 81' lang='grc' dir='ltr'>μὲν</span> <span class='ocrx_word' id='word_1_107' title='bbox 559 601 605 629; x_wconf 78' lang='grc' dir='ltr'>οὖν</span> <span class='ocrx_word' id='word_1_108' title='bbox 616 603 763 638; x_wconf 81' lang='grc' dir='ltr'><strong>προφητῶν</strong></span> <span class='ocrx_word' id='word_1_109' title='bbox 773 603 903 638; x_wconf 81' lang='grc' dir='ltr'>ὀνόματα,</span> 
     </span>
    </p>
   </div>
   <div class='ocr_carea' id='block_1_18' title="bbox 112 648 905 684">
    <p class='ocr_par' dir='ltr' id='par_1_18' title="bbox 112 648 905 684">
     <span class='ocr_line' id='line_1_18' title="bbox 112 648 905 684; baseline 0 -9"><span class='ocrx_word' id='word_1_110' title='bbox 112 649 162 676; x_wconf 53' lang='grc' dir='ltr'><strong>καὶ¹</strong></span> <span class='ocrx_word' id='word_1_111' title='bbox 173 648 329 675; x_wconf 76' lang='grc' dir='ltr'><strong>ἀποστόλων</strong></span> <span class='ocrx_word' id='word_1_112' title='bbox 339 657 346 663; x_wconf 89' lang='grc'><strong>·</strong></span> <span class='ocrx_word' id='word_1_113' title='bbox 363 650 426 675; x_wconf 77' lang='grc' dir='ltr'>ὅταν</span> <span class='ocrx_word' id='word_1_114' title='bbox 437 649 611 684; x_wconf 76' lang='grc' dir='ltr'><strong>ἐλεγχόμενοι</strong></span> <span class='ocrx_word' id='word_1_115' title='bbox 624 649 676 675; x_wconf 85' lang='grc' dir='ltr'>ὑπό</span> <span class='ocrx_word' id='word_1_116' title='bbox 686 656 766 675; x_wconf 86' lang='grc' dir='ltr'>τινων</span> <span class='ocrx_word' id='word_1_117' title='bbox 781 649 905 676; x_wconf 86' lang='grc' dir='ltr'>ὑπωπιά-</span> 
     </span>
    </p>
   </div>
   <div class='ocr_carea' id='block_1_19' title="bbox 112 693 904 730">
    <p class='ocr_par' dir='ltr' id='par_1_19' title="bbox 112 693 904 730">
     <span class='ocr_line' id='line_1_19' title="bbox 112 693 904 730; baseline 0.001 -9"><span class='ocrx_word' id='word_1_118' title='bbox 112 693 214 727; x_wconf 81' lang='grc' dir='ltr'>ζωνται</span> <span class='ocrx_word' id='word_1_119' title='bbox 225 695 244 726; x_wconf 88' lang='grc'>¹,</span> <span class='ocrx_word' id='word_1_120' title='bbox 263 695 343 726; x_wconf 76' lang='grc' dir='ltr'>εὐθὺς</span> <span class='ocrx_word' id='word_1_121' title='bbox 353 695 557 730; x_wconf 79' lang='grc' dir='ltr'><strong>ὑποτρέχοντες,</strong></span> <span class='ocrx_word' id='word_1_122' title='bbox 576 695 623 721; x_wconf 61' lang='grc' dir='ltr'><strong>καὶ⁸</strong></span> <span class='ocrx_word' id='word_1_123' title='bbox 639 695 840 730; x_wconf 75' lang='grc' dir='ltr'>ἀποπηδῶντες,</span> <span class='ocrx_word' id='word_1_124' title='bbox 857 696 904 722; x_wconf 79' lang='grc' dir='ltr'><strong>καὶ</strong></span> 
     </span>
    </p>
   </div>
   <div class='ocr_carea' id='block_1_20' title="bbox 113 741 901 777">
    <p class='ocr_par' dir='ltr' id='par_1_20' title="bbox 113 741 901 777">
     <span class='ocr_line' id='line_1_20' title="bbox 113 741 901 777; baseline 0.003 -11"><span class='ocrx_word' id='word_1_125' title='bbox 113 741 260 774; x_wconf 79' lang='grc' dir='ltr'>λέγοντες·</span> <span class='ocrx_word' id='word_1_126' title='bbox 284 741 368 767; x_wconf 79' lang='grc' dir='ltr'>Τοῦτο</span> <span class='ocrx_word' id='word_1_127' title='bbox 387 742 402 767; x_wconf 81' lang='grc' dir='ltr'><strong><em>ὁ</em></strong></span> <span class='ocrx_word' id='word_1_128' title='bbox 420 741 580 772; x_wconf 80' lang='grc' dir='ltr'>Ἀπόστολος</span> <span class='ocrx_word' id='word_1_129' title='bbox 603 741 640 772; x_wconf 80' lang='grc' dir='ltr'>ὡς</span> <span class='ocrx_word' id='word_1_130' title='bbox 667 741 808 777; x_wconf 78' lang='grc' dir='ltr'>ἄνθρωπος</span> <span class='ocrx_word' id='word_1_131' title='bbox 833 741 901 777; x_wconf 74' lang='grc' dir='ltr'>ἔφη’</span> 
     </span>
    </p>
   </div>
   <div class='ocr_carea' id='block_1_21' title="bbox 111 786 901 822">
    <p class='ocr_par' dir='ltr' id='par_1_21' title="bbox 111 786 901 822">
     <span class='ocr_line' id='line_1_21' title="bbox 111 786 901 822; baseline 0 -9"><span class='ocrx_word' id='word_1_132' title='bbox 111 786 205 813; x_wconf 81' lang='grc' dir='ltr'>ἄλλοτε</span> <span class='ocrx_word' id='word_1_133' title='bbox 216 786 255 817; x_wconf 77' lang='grc' dir='ltr'><strong>δὲ,</strong></span> <span class='ocrx_word' id='word_1_134' title='bbox 268 786 300 812; x_wconf 85' lang='grc' dir='ltr'>Τί</span> <span class='ocrx_word' id='word_1_135' title='bbox 313 795 357 821; x_wconf 85' lang='grc' dir='ltr'><strong>μοι</strong></span> <span class='ocrx_word' id='word_1_136' title='bbox 380 786 472 821; x_wconf 77' lang='grc' dir='ltr'>φέρεις</span> <span class='ocrx_word' id='word_1_137' title='bbox 498 788 532 812; x_wconf 73' lang='grc' dir='ltr'>τὰ</span> <span class='ocrx_word' id='word_1_138' title='bbox 548 787 596 821; x_wconf 79' lang='grc' dir='ltr'>τῆς</span> <span class='ocrx_word' id='word_1_139' title='bbox 620 787 740 818; x_wconf 61' lang='lat' dir='ltr'><strong>“alata;</strong></span> <span class='ocrx_word' id='word_1_140' title='bbox 751 787 901 822; x_wconf 73' lang='grc' dir='ltr'>Διαθήκηςς</span> 
     </span>
    </p>
   </div>
   <div class='ocr_carea' id='block_1_22' title="bbox 111 831 903 868">
    <p class='ocr_par' dir='ltr' id='par_1_22' title="bbox 111 831 903 868">
     <span class='ocr_line' id='line_1_22' title="bbox 111 831 903 868; baseline 0.001 -10"><span class='ocrx_word' id='word_1_141' title='bbox 111 832 169 858; x_wconf 77' lang='grc' dir='ltr'>Οὐκ</span> <span class='ocrx_word' id='word_1_142' title='bbox 188 831 246 858; x_wconf 76' lang='grc' dir='ltr'>ἔστι</span> <span class='ocrx_word' id='word_1_143' title='bbox 265 831 293 858; x_wconf 80' lang='grc' dir='ltr'><strong>δὲ</strong></span> <span class='ocrx_word' id='word_1_144' title='bbox 308 831 461 866; x_wconf 73' lang='grc' dir='ltr'>θαυμαστὸν</span> <span class='ocrx_word' id='word_1_145' title='bbox 485 833 556 859; x_wconf 76' lang='grc' dir='ltr'>κατὰ</span> <span class='ocrx_word' id='word_1_146' title='bbox 579 833 612 859; x_wconf 76' lang='grc' dir='ltr'><strong>τὰ</strong></span> <span class='ocrx_word' id='word_1_147' title='bbox 636 833 688 859; x_wconf 69' lang='grc' dir='ltr'><strong>ὑπὸ</strong></span> <span class='ocrx_word' id='word_1_148' title='bbox 708 832 755 859; x_wconf 79' lang='grc' dir='ltr'>τοῦ</span> <span class='ocrx_word' id='word_1_149' title='bbox 779 834 903 868; x_wconf 75' lang='grc' dir='ltr'><strong>Σωτῆρος</strong></span> 
     </span>
    </p>
   </div>
   <div class='ocr_carea' id='block_1_23' title="bbox 111 878 903 912">
    <p class='ocr_par' dir='ltr' id='par_1_23' title="bbox 111 878 903 912">
     <span class='ocr_line' id='line_1_23' title="bbox 111 878 903 912; baseline 0.003 -9"><span class='ocrx_word' id='word_1_150' title='bbox 111 878 260 912; x_wconf 64' lang='grc' dir='ltr'>εἰρημένα,</span> <span class='ocrx_word' id='word_1_151' title='bbox 290 878 330 904; x_wconf 73' lang='grc' dir='ltr'>ὅτι</span> <span class='ocrx_word' id='word_1_152' title='bbox 359 879 393 904; x_wconf 75' lang='lat' dir='ltr'><strong>Et</strong></span> <span class='ocrx_word' id='word_1_153' title='bbox 416 878 469 904; x_wconf 80' lang='grc' dir='ltr'>τὸν</span> <span class='ocrx_word' id='word_1_154' title='bbox 487 878 706 912; x_wconf 66' lang='grc' dir='ltr'><strong>οἰκοδεσπότην</strong></span> <span class='ocrx_word' id='word_1_155' title='bbox 726 878 903 908; x_wconf 64' lang='grc' dir='ltr'>Βεελζέϐοὺλ</span> 
     </span>
    </p>
   </div>
   <div class='ocr_carea' id='block_1_24' title="bbox 109 923 901 959">
    <p class='ocr_par' dir='ltr' id='par_1_24' title="bbox 109 923 901 959">
     <span class='ocr_line' id='line_1_24' title="bbox 109 923 901 959; baseline 0.003 -9"><span class='ocrx_word' id='word_1_156' title='bbox 109 923 275 952; x_wconf 43' lang='grc' dir='ltr'>ἐλάμίεσαν.</span> <span class='ocrx_word' id='word_1_157' title='bbox 294 925 379 958; x_wconf 76' lang='grc' dir='ltr'>πόσῳ</span> <span class='ocrx_word' id='word_1_158' title='bbox 389 924 510 959; x_wconf 74' lang='grc' dir='ltr'><em>μᾶλλον</em></span> <span class='ocrx_word' id='word_1_159' title='bbox 524 925 595 958; x_wconf 69' lang='grc' dir='ltr'>τοὺς</span> <span class='ocrx_word' id='word_1_160' title='bbox 612 925 778 958; x_wconf 77' lang='grc' dir='ltr'>οἱκειακοὺς</span> <span class='ocrx_word' id='word_1_161' title='bbox 790 925 901 957; x_wconf 57' lang='lat' dir='ltr'><strong>aliter);</strong></span> 
     </span>
    </p>
   </div>
   <div class='ocr_carea' id='block_1_25' title="bbox 110 970 901 1006">
    <p class='ocr_par' dir='ltr' id='par_1_25' title="bbox 110 970 901 1006">
     <span class='ocr_line' id='line_1_25' title="bbox 110 970 901 1006; baseline 0.001 -10"><span class='ocrx_word' id='word_1_162' title='bbox 110 971 142 996; x_wconf 78' lang='lat' dir='ltr'><strong>Et</strong></span> <span class='ocrx_word' id='word_1_163' title='bbox 160 970 225 1005; x_wconf 71' lang='grc' dir='ltr'>γοῦν</span> <span class='ocrx_word' id='word_1_164' title='bbox 239 970 319 997; x_wconf 79' lang='grc' dir='ltr'>αὑτὸν</span> <span class='ocrx_word' id='word_1_165' title='bbox 340 971 385 997; x_wconf 74' lang='grc' dir='ltr'>τὸν</span> <span class='ocrx_word' id='word_1_166' title='bbox 403 970 515 1006; x_wconf 83' lang='grc' dir='ltr'>Κύριον,</span> <span class='ocrx_word' id='word_1_167' title='bbox 532 972 579 997; x_wconf 79' lang='grc' dir='ltr'><strong>καὶ</strong></span> <span class='ocrx_word' id='word_1_168' title='bbox 600 971 650 1006; x_wconf 82' lang='grc' dir='ltr'>τὴν</span> <span class='ocrx_word' id='word_1_169' title='bbox 670 971 798 1006; x_wconf 81' lang='grc' dir='ltr'>ἀληθινὴν</span> <span class='ocrx_word' id='word_1_170' title='bbox 820 971 901 998; x_wconf 82' lang='grc' dir='ltr'>αὐτοῦ</span> 
     </span>
    </p>
   </div>
   <div class='ocr_carea' id='block_1_26' title="bbox 110 1017 901 1053">
    <p class='ocr_par' dir='ltr' id='par_1_26' title="bbox 110 1017 901 1053">
     <span class='ocr_line' id='line_1_26' title="bbox 110 1017 901 1053; baseline -0.001 -9"><span class='ocrx_word' id='word_1_171' title='bbox 110 1017 190 1050; x_wconf 78' lang='grc' dir='ltr'>δόξαν</span> <span class='ocrx_word' id='word_1_172' title='bbox 211 1017 365 1053; x_wconf 75' lang='grc' dir='ltr'>ἀρνοῦνται,</span> <span class='ocrx_word' id='word_1_173' title='bbox 389 1018 464 1052; x_wconf 82' lang='grc' dir='ltr'>πόσῳ</span> <span class='ocrx_word' id='word_1_174' title='bbox 485 1026 515 1052; x_wconf 87' lang='grc' dir='ltr'><strong>γε</strong></span> <span class='ocrx_word' id='word_1_175' title='bbox 535 1017 633 1052; x_wconf 80' lang='grc' dir='ltr'>μᾶλλον</span> <span class='ocrx_word' id='word_1_176' title='bbox 654 1018 796 1053; x_wconf 77' lang='grc' dir='ltr'>προφήτας</span> <span class='ocrx_word' id='word_1_177' title='bbox 807 1017 901 1049; x_wconf 76' lang='grc' dir='ltr'>αὑτοῦ,</span> 
     </span>
    </p>
   </div>
   <div class='ocr_carea' id='block_1_27' title="bbox 110 1063 902 1099">
    <p class='ocr_par' dir='ltr' id='par_1_27' title="bbox 110 1063 902 1099">
     <span class='ocr_line' id='line_1_27' title="bbox 110 1063 902 1099; baseline -0.003 -8"><span class='ocrx_word' id='word_1_178' title='bbox 110 1065 158 1091; x_wconf 77' lang='grc' dir='ltr'>καὶ</span> <span class='ocrx_word' id='word_1_179' title='bbox 171 1064 336 1096; x_wconf 80' lang='grc' dir='ltr'>ἀποστόλους</span> <span class='ocrx_word' id='word_1_180' title='bbox 346 1063 454 1096; x_wconf 65' lang='grc' dir='ltr'>ςἜτιδὲ</span> <span class='ocrx_word' id='word_1_181' title='bbox 471 1063 511 1094; x_wconf 83' lang='grc' dir='ltr'><strong>είς</strong></span> <span class='ocrx_word' id='word_1_182' title='bbox 527 1063 724 1099; x_wconf 68' lang='grc' dir='ltr'>περισσοτέραν</span> <span class='ocrx_word' id='word_1_183' title='bbox 739 1064 837 1098; x_wconf 85' lang='grc' dir='ltr'>μανίαν</span> <span class='ocrx_word' id='word_1_184' title='bbox 852 1064 902 1098; x_wconf 86' lang='grc' dir='ltr'><strong>ἁρ-</strong></span> 
     </span>
    </p>
   </div>
   <div class='ocr_carea' id='block_1_28' title="bbox 111 1108 902 1143">
    <p class='ocr_par' dir='ltr' id='par_1_28' title="bbox 111 1108 902 1143">
     <span class='ocr_line' id='line_1_28' title="bbox 111 1108 902 1143; baseline 0 -9"><span class='ocrx_word' id='word_1_185' title='bbox 111 1108 203 1140; x_wconf 85' lang='grc' dir='ltr'>θέντες</span> <span class='ocrx_word' id='word_1_186' title='bbox 219 1109 244 1134; x_wconf 88' lang='grc' dir='ltr'>οἱ</span> <span class='ocrx_word' id='word_1_187' title='bbox 262 1109 310 1135; x_wconf 75' lang='grc' dir='ltr'><strong>ἀπ’</strong></span> <span class='ocrx_word' id='word_1_188' title='bbox 325 1108 406 1135; x_wconf 67' lang='grc' dir='ltr'>αὐτοῦ</span> <span class='ocrx_word' id='word_1_189' title='bbox 427 1108 674 1143; x_wconf 76' lang='grc' dir='ltr'>μεμαθητευμένοι,</span> <span class='ocrx_word' id='word_1_190' title='bbox 695 1109 741 1134; x_wconf 79' lang='grc' dir='ltr'>καὶ</span> <span class='ocrx_word' id='word_1_191' title='bbox 765 1109 779 1134; x_wconf 84' lang='grc' dir='ltr'>ὁ</span> <span class='ocrx_word' id='word_1_192' title='bbox 800 1108 902 1134; x_wconf 85' lang='grc' dir='ltr'>τούτων</span> 
     </span>
    </p>
   </div>
   <div class='ocr_carea' id='block_1_29' title="bbox 110 1153 902 1189">
    <p class='ocr_par' dir='ltr' id='par_1_29' title="bbox 110 1153 902 1189">
     <span class='ocr_line' id='line_1_29' title="bbox 110 1153 902 1189; baseline 0.001 -10"><span class='ocrx_word' id='word_1_193' title='bbox 110 1153 231 1188; x_wconf 80' lang='grc' dir='ltr'>διάδοχος</span> <span class='ocrx_word' id='word_1_194' title='bbox 245 1153 376 1189; x_wconf 79' lang='grc' dir='ltr'>Εὑνόμιός</span> <span class='ocrx_word' id='word_1_195' title='bbox 391 1162 432 1185; x_wconf 82' lang='grc' dir='ltr'><strong>τις</strong></span> <span class='ocrx_word' id='word_1_196' title='bbox 452 1153 636 1188; x_wconf 72' lang='grc' dir='ltr'>ψευδωνύμως</span> <span class='ocrx_word' id='word_1_197' title='bbox 657 1153 822 1189; x_wconf 80' lang='grc' dir='ltr'>καλούμενος</span> <span class='ocrx_word' id='word_1_198' title='bbox 835 1174 842 1186; x_wconf 89' lang='grc'><strong>,</strong></span> <span class='ocrx_word' id='word_1_199' title='bbox 862 1153 902 1180; x_wconf 73' lang='grc' dir='ltr'>ἔτι</span> 
     </span>
    </p>
   </div>
   <div class='ocr_carea' id='block_1_30' title="bbox 110 1199 900 1236">
    <p class='ocr_par' dir='ltr' id='par_1_30' title="bbox 110 1199 900 1236">
     <span class='ocr_line' id='line_1_30' title="bbox 110 1199 900 1236; baseline 0 -10"><span class='ocrx_word' id='word_1_200' title='bbox 110 1201 158 1227; x_wconf 78' lang='grc' dir='ltr'>καὶ</span> <span class='ocrx_word' id='word_1_201' title='bbox 171 1200 250 1236; x_wconf 83' lang='grc' dir='ltr'>δεῦρο</span> <span class='ocrx_word' id='word_1_202' title='bbox 266 1200 366 1236; x_wconf 70' lang='grc' dir='ltr'>πεμὼν</span> <span class='ocrx_word' id='word_1_203' title='bbox 387 1200 426 1235; x_wconf 82' lang='grc' dir='ltr'>τῷ</span> <span class='ocrx_word' id='word_1_204' title='bbox 448 1199 507 1235; x_wconf 85' lang='grc' dir='ltr'>βίῳ,</span> <span class='ocrx_word' id='word_1_205' title='bbox 535 1200 606 1235; x_wconf 82' lang='grc' dir='ltr'>μέγα</span> <span class='ocrx_word' id='word_1_206' title='bbox 628 1200 732 1227; x_wconf 72' lang='grc' dir='ltr'><strong>κακὸν1</strong></span> <span class='ocrx_word' id='word_1_207' title='bbox 753 1199 900 1236; x_wconf 79' lang='grc' dir='ltr'>τόλμημα·</span> 
     </span>
    </p>
   </div>
   <div class='ocr_carea' id='block_1_31' title="bbox 108 1245 902 1282">
    <p class='ocr_par' dir='ltr' id='par_1_31' title="bbox 108 1245 902 1282">
     <span class='ocr_line' id='line_1_31' title="bbox 108 1245 902 1282; baseline -0.001 -9"><span class='ocrx_word' id='word_1_208' title='bbox 108 1246 348 1282; x_wconf 74' lang='grc' dir='ltr'>ἁναὸαπτίζειγὰρ</span> <span class='ocrx_word' id='word_1_209' title='bbox 358 1247 421 1278; x_wconf 81' lang='grc' dir='ltr'>τοὺς</span> <span class='ocrx_word' id='word_1_210' title='bbox 431 1247 480 1282; x_wconf 81' lang='grc' dir='ltr'>ἤδη</span> <span class='ocrx_word' id='word_1_211' title='bbox 493 1245 699 1282; x_wconf 82' lang='grc' dir='ltr'>βαπτισθέντας,</span> <span class='ocrx_word' id='word_1_212' title='bbox 710 1246 739 1272; x_wconf 77' lang='grc' dir='ltr'>οὐ</span> <span class='ocrx_word' id='word_1_213' title='bbox 753 1247 832 1281; x_wconf 86' lang='grc' dir='ltr'>μόνον</span> <span class='ocrx_word' id='word_1_214' title='bbox 840 1246 902 1278; x_wconf 70' lang='grc' dir='ltr'>τοὺς</span> 
     </span>
    </p>
   </div>
   <div class='ocr_carea' id='block_1_32' title="bbox 108 1291 900 1328">
    <p class='ocr_par' dir='ltr' id='par_1_32' title="bbox 108 1291 900 1328">
     <span class='ocr_line' id='line_1_32' title="bbox 108 1291 900 1328; baseline -0.001 -10"><span class='ocrx_word' id='word_1_215' title='bbox 108 1292 163 1319; x_wconf 73' lang='grc' dir='ltr'>ἀπὸ</span> <span class='ocrx_word' id='word_1_216' title='bbox 176 1291 324 1328; x_wconf 75' lang='grc' dir='ltr'>ὀρθοδόξων</span> <span class='ocrx_word' id='word_1_217' title='bbox 338 1293 406 1326; x_wconf 79' lang='grc' dir='ltr'>πρὸς</span> <span class='ocrx_word' id='word_1_218' title='bbox 418 1292 497 1319; x_wconf 78' lang='grc' dir='ltr'>αὑτὸν</span> <span class='ocrx_word' id='word_1_219' title='bbox 518 1291 682 1327; x_wconf 81' lang='grc' dir='ltr'>ἐρχομένους</span> <span class='ocrx_word' id='word_1_220' title='bbox 696 1292 743 1318; x_wconf 74' lang='grc' dir='ltr'><strong>καὶ</strong></span> <span class='ocrx_word' id='word_1_221' title='bbox 759 1291 900 1326; x_wconf 78' lang='grc' dir='ltr'>αἱρέσεων,</span> 
     </span>
    </p>
   </div>
   <div class='ocr_carea' id='block_1_33' title="bbox 107 1337 900 1373">
    <p class='ocr_par' dir='ltr' id='par_1_33' title="bbox 107 1337 900 1373">
     <span class='ocr_line' id='line_1_33' title="bbox 107 1337 900 1373; baseline -0.004 -8"><span class='ocrx_word' id='word_1_222' title='bbox 107 1338 176 1366; x_wconf 72' lang='grc' dir='ltr'>ἀλλὰ</span> <span class='ocrx_word' id='word_1_223' title='bbox 187 1339 232 1365; x_wconf 60' lang='grc' dir='ltr'><strong>καὶ</strong></span> <span class='ocrx_word' id='word_1_224' title='bbox 246 1339 309 1370; x_wconf 80' lang='grc' dir='ltr'>τοὺς</span> <span class='ocrx_word' id='word_1_225' title='bbox 322 1338 368 1365; x_wconf 76' lang='grc' dir='ltr'><strong>ἀπ’</strong></span> <span class='ocrx_word' id='word_1_226' title='bbox 380 1338 469 1365; x_wconf 76' lang='grc' dir='ltr'>αὐτῶν</span> <span class='ocrx_word' id='word_1_227' title='bbox 481 1337 535 1364; x_wconf 84' lang='grc' dir='ltr'>τῶν</span> <span class='ocrx_word' id='word_1_228' title='bbox 544 1337 699 1373; x_wconf 79' lang='grc' dir='ltr'>’Δρειανῶν.</span> <span class='ocrx_word' id='word_1_229' title='bbox 710 1337 900 1370; x_wconf 77' lang='grc' dir='ltr'>Ἀναὸιιπτίζει</span> 
     </span>
    </p>
   </div>
   <div class='ocr_carea' id='block_1_34' title="bbox 107 1381 901 1419">
    <p class='ocr_par' dir='ltr' id='par_1_34' title="bbox 107 1381 901 1419">
     <span class='ocr_line' id='line_1_34' title="bbox 107 1381 901 1419; baseline -0.004 -8"><span class='ocrx_word' id='word_1_230' title='bbox 107 1384 136 1411; x_wconf 80' lang='grc' dir='ltr'><strong>δὲ</strong></span> <span class='ocrx_word' id='word_1_231' title='bbox 148 1384 246 1415; x_wconf 75' lang='grc' dir='ltr'>αὐτοὺς</span> <span class='ocrx_word' id='word_1_232' title='bbox 261 1386 299 1416; x_wconf 79' lang='grc' dir='ltr'>εἰς</span> <span class='ocrx_word' id='word_1_233' title='bbox 309 1384 394 1419; x_wconf 75' lang='grc' dir='ltr'>δνομα</span> <span class='ocrx_word' id='word_1_234' title='bbox 404 1383 471 1410; x_wconf 82' lang='grc' dir='ltr'><strong>Θεοῦ</strong></span> <span class='ocrx_word' id='word_1_235' title='bbox 484 1384 622 1414; x_wconf 79' lang='grc' dir='ltr'>ἀκτίστου,</span> <span class='ocrx_word' id='word_1_236' title='bbox 633 1383 679 1410; x_wconf 73' lang='grc' dir='ltr'><strong>καὶ</strong></span> <span class='ocrx_word' id='word_1_237' title='bbox 690 1383 729 1414; x_wconf 80' lang='grc' dir='ltr'><strong>εἰς</strong></span> <span class='ocrx_word' id='word_1_238' title='bbox 743 1382 828 1418; x_wconf 76' lang='grc' dir='ltr'>ὄνομα</span> <span class='ocrx_word' id='word_1_239' title='bbox 838 1381 901 1408; x_wconf 82' lang='grc' dir='ltr'><strong>Υἱοῦ</strong></span> 
     </span>
    </p>
   </div>
   <div class='ocr_carea' id='block_1_35' title="bbox 108 1428 900 1465">
    <p class='ocr_par' dir='ltr' id='par_1_35' title="bbox 108 1428 900 1465">
     <span class='ocr_line' id='line_1_35' title="bbox 108 1428 900 1465; baseline -0.004 -8"><span class='ocrx_word' id='word_1_240' title='bbox 108 1431 299 1465; x_wconf 66' lang='grc' dir='ltr'>κεκτημένου,</span> <span class='ocrx_word' id='word_1_241' title='bbox 319 1431 365 1457; x_wconf 73' lang='grc' dir='ltr'><strong>καὶ</strong></span> <span class='ocrx_word' id='word_1_242' title='bbox 389 1431 430 1462; x_wconf 77' lang='grc' dir='ltr'>εἰς</span> <span class='ocrx_word' id='word_1_243' title='bbox 449 1430 534 1465; x_wconf 78' lang='grc' dir='ltr'>ὄνομα</span> <span class='ocrx_word' id='word_1_244' title='bbox 553 1429 711 1465; x_wconf 85' lang='grc' dir='ltr'>Πνεύματος</span> <span class='ocrx_word' id='word_1_245' title='bbox 729 1428 900 1462; x_wconf 82' lang='grc' dir='ltr'>ἁγιαστικοῠ.</span> 
     </span>
    </p>
   </div>
   <div class='ocr_carea' id='block_1_36' title="bbox 108 1473 903 1510">
    <p class='ocr_par' dir='ltr' id='par_1_36' title="bbox 108 1473 903 1510">
     <span class='ocr_line' id='line_1_36' title="bbox 108 1473 903 1510; baseline -0.004 -8"><span class='ocrx_word' id='word_1_246' title='bbox 108 1476 156 1502; x_wconf 75' lang='grc' dir='ltr'>καὶ</span> <span class='ocrx_word' id='word_1_247' title='bbox 164 1475 216 1501; x_wconf 72' lang='grc' dir='ltr'><strong>ὑπὸ</strong></span> <span class='ocrx_word' id='word_1_248' title='bbox 236 1475 282 1502; x_wconf 79' lang='grc' dir='ltr'>τοῦ</span> <span class='ocrx_word' id='word_1_249' title='bbox 300 1475 477 1510; x_wconf 77' lang='grc' dir='ltr'>κεκτισμένου</span> <span class='ocrx_word' id='word_1_250' title='bbox 491 1473 555 1501; x_wconf 78' lang='grc' dir='ltr'>Υίοῢ</span> <span class='ocrx_word' id='word_1_251' title='bbox 576 1474 741 1505; x_wconf 75' lang='grc' dir='ltr'>κτισθέντος.</span> <span class='ocrx_word' id='word_1_252' title='bbox 760 1474 812 1500; x_wconf 81' lang='grc' dir='ltr'>’ῐνα</span> <span class='ocrx_word' id='word_1_253' title='bbox 829 1473 856 1499; x_wconf 78' lang='grc' dir='ltr'>δὲ</span> <span class='ocrx_word' id='word_1_254' title='bbox 872 1473 903 1500; x_wconf 75' lang='grc' dir='ltr'>τὸ</span> 
     </span>
    </p>
   </div>
   <div class='ocr_carea' id='block_1_37' title="bbox 108 1520 901 1556">
    <p class='ocr_par' dir='ltr' id='par_1_37' title="bbox 108 1520 901 1556">
     <span class='ocr_line' id='line_1_37' title="bbox 108 1520 901 1556; baseline -0.004 -8"><span class='ocrx_word' id='word_1_255' title='bbox 108 1522 164 1548; x_wconf 71' lang='grc' dir='ltr'><strong>πᾶν</strong></span> <span class='ocrx_word' id='word_1_256' title='bbox 183 1521 303 1552; x_wconf 80' lang='grc' dir='ltr'>κυϐείας,</span> <span class='ocrx_word' id='word_1_257' title='bbox 320 1522 366 1548; x_wconf 71' lang='grc' dir='ltr'>καὶ</span> <span class='ocrx_word' id='word_1_258' title='bbox 378 1521 561 1556; x_wconf 77' lang='grc' dir='ltr'>θυμέλης,καὶ</span> <span class='ocrx_word' id='word_1_259' title='bbox 569 1520 707 1556; x_wconf 76' lang='grc' dir='ltr'>σκηνῆςτὸ</span> <span class='ocrx_word' id='word_1_260' title='bbox 721 1520 901 1556; x_wconf 71' lang='grc' dir='ltr'>ἐργαστήριον</span> 
     </span>
    </p>
   </div>
   <div class='ocr_carea' id='block_1_38' title="bbox 108 1566 900 1602">
    <p class='ocr_par' dir='ltr' id='par_1_38' title="bbox 108 1566 900 1602">
     <span class='ocr_line' id='line_1_38' title="bbox 108 1566 900 1602; baseline -0.004 -8"><span class='ocrx_word' id='word_1_261' title='bbox 108 1567 310 1602; x_wconf 68' lang='grc' dir='ltr'>αὐτῶνὸφθείη,</span> <span class='ocrx_word' id='word_1_262' title='bbox 320 1568 360 1594; x_wconf 78' lang='grc' dir='ltr'>ὃτι</span> <span class='ocrx_word' id='word_1_263' title='bbox 366 1567 458 1594; x_wconf 80' lang='grc' dir='ltr'>οὐκέτι</span> <span class='ocrx_word' id='word_1_264' title='bbox 466 1567 579 1602; x_wconf 85' lang='grc' dir='ltr'>πίστιςὴ</span> <span class='ocrx_word' id='word_1_265' title='bbox 589 1567 635 1593; x_wconf 82' lang='grc' dir='ltr'><strong>ἀπ’</strong></span> <span class='ocrx_word' id='word_1_266' title='bbox 650 1566 740 1592; x_wconf 81' lang='grc' dir='ltr'>αὐτῶν</span> <span class='ocrx_word' id='word_1_267' title='bbox 748 1566 900 1600; x_wconf 75' lang='grc' dir='ltr'>καταγγελ-</span> 
     </span>
    </p>
   </div>
   <div class='ocr_carea' id='block_1_39' title="bbox 108 1611 902 1649">
    <p class='ocr_par' dir='ltr' id='par_1_39' title="bbox 108 1611 902 1649">
     <span class='ocr_line' id='line_1_39' title="bbox 108 1611 902 1649; baseline -0.003 -9"><span class='ocrx_word' id='word_1_268' title='bbox 108 1613 222 1649; x_wconf 81' lang='grc' dir='ltr'>λομένη,</span> <span class='ocrx_word' id='word_1_269' title='bbox 230 1613 403 1649; x_wconf 72' lang='grc' dir='ltr'>ὰλλὰ,σχεδὸν</span> <span class='ocrx_word' id='word_1_270' title='bbox 412 1614 507 1645; x_wconf 81' lang='grc' dir='ltr'>εἰπεῖν,</span> <span class='ocrx_word' id='word_1_271' title='bbox 519 1613 609 1648; x_wconf 86' lang='grc' dir='ltr'>μίμων</span> <span class='ocrx_word' id='word_1_272' title='bbox 620 1613 808 1648; x_wconf 75' lang='grc' dir='ltr'>ἐργαστήριον·</span> <span class='ocrx_word' id='word_1_273' title='bbox 817 1611 902 1638; x_wconf 81' lang='grc' dir='ltr'>διεϐε-</span> 
     </span>
    </p>
   </div>
   <div class='ocr_carea' id='block_1_40' title="bbox 109 1656 900 1694">
    <p class='ocr_par' dir='ltr' id='par_1_40' title="bbox 109 1656 900 1694">
     <span class='ocr_line' id='line_1_40' title="bbox 109 1656 900 1694; baseline -0.003 -9"><span class='ocrx_word' id='word_1_274' title='bbox 109 1658 263 1686; x_wconf 80' lang='grc' dir='ltr'>ϐαιώσαντό</span> <span class='ocrx_word' id='word_1_275' title='bbox 273 1667 355 1692; x_wconf 78' lang='grc' dir='ltr'>τινες,</span> <span class='ocrx_word' id='word_1_276' title='bbox 368 1660 408 1686; x_wconf 84' lang='grc' dir='ltr'>ὄτι</span> <span class='ocrx_word' id='word_1_277' title='bbox 424 1659 495 1686; x_wconf 77' lang='grc' dir='ltr'>κατὰ</span> <span class='ocrx_word' id='word_1_278' title='bbox 511 1658 630 1694; x_wconf 79' lang='grc' dir='ltr'>κεφαλῆς</span> <span class='ocrx_word' id='word_1_279' title='bbox 643 1659 706 1690; x_wconf 83' lang='grc' dir='ltr'>τοὺς</span> <span class='ocrx_word' id='word_1_280' title='bbox 717 1656 900 1689; x_wconf 77' lang='grc' dir='ltr'>ἀναϐαπτιζο-</span> 
     </span>
    </p>
   </div>
   <div class='ocr_carea' id='block_1_41' title="bbox 112 1704 900 1740">
    <p class='ocr_par' dir='ltr' id='par_1_41' title="bbox 112 1704 900 1740">
     <span class='ocr_line' id='line_1_41' title="bbox 112 1704 900 1740; baseline -0.003 -8"><span class='ocrx_word' id='word_1_281' title='bbox 112 1706 210 1740; x_wconf 80' lang='grc' dir='ltr'>μένους</span> <span class='ocrx_word' id='word_1_282' title='bbox 219 1705 354 1740; x_wconf 75' lang='grc' dir='ltr'>βαπτίζει,</span> <span class='ocrx_word' id='word_1_283' title='bbox 369 1707 416 1732; x_wconf 65' lang='grc' dir='ltr'><strong>καὶ</strong></span> <span class='ocrx_word' id='word_1_284' title='bbox 423 1707 485 1737; x_wconf 84' lang='grc' dir='ltr'>τοὺς</span> <span class='ocrx_word' id='word_1_285' title='bbox 498 1706 578 1737; x_wconf 76' lang='grc' dir='ltr'>πόδας</span> <span class='ocrx_word' id='word_1_286' title='bbox 592 1705 657 1735; x_wconf 82' lang='grc' dir='ltr'>ἄνω,</span> <span class='ocrx_word' id='word_1_287' title='bbox 666 1705 712 1732; x_wconf 75' lang='grc' dir='ltr'>καὶ</span> <span class='ocrx_word' id='word_1_288' title='bbox 722 1705 771 1740; x_wconf 81' lang='grc' dir='ltr'>τὴν</span> <span class='ocrx_word' id='word_1_289' title='bbox 781 1704 900 1739; x_wconf 76' lang='grc' dir='ltr'>κεφαλὴν</span> 
     </span>
    </p>
   </div>
   <div class='ocr_carea' id='block_1_42' title="bbox 109 1749 900 1785">
    <p class='ocr_par' dir='ltr' id='par_1_42' title="bbox 109 1749 900 1785">
     <span class='ocr_line' id='line_1_42' title="bbox 109 1749 900 1785; baseline -0.003 -8"><span class='ocrx_word' id='word_1_290' title='bbox 109 1751 194 1777; x_wconf 78' lang='grc' dir='ltr'>κάτω·</span> <span class='ocrx_word' id='word_1_291' title='bbox 205 1750 253 1777; x_wconf 78' lang='grc' dir='ltr'>καὶ</span> <span class='ocrx_word' id='word_1_292' title='bbox 260 1750 346 1782; x_wconf 77' lang='grc' dir='ltr'>οὕτως</span> <span class='ocrx_word' id='word_1_293' title='bbox 354 1751 496 1785; x_wconf 77' lang='grc' dir='ltr'>ἐνωμότως</span> <span class='ocrx_word' id='word_1_294' title='bbox 507 1750 628 1784; x_wconf 77' lang='grc' dir='ltr'>βιάζεται</span> <span class='ocrx_word' id='word_1_295' title='bbox 639 1750 738 1781; x_wconf 75' lang='grc' dir='ltr'>αὐτοὺς</span> <span class='ocrx_word' id='word_1_296' title='bbox 745 1749 853 1784; x_wconf 81' lang='grc' dir='ltr'>ὀμόσαι.</span> <span class='ocrx_word' id='word_1_297' title='bbox 863 1749 900 1783; x_wconf 85' lang='grc' dir='ltr'>μὴ</span> 
     </span>
    </p>
   </div>
   <div class='ocr_carea' id='block_1_43' title="bbox 109 1794 898 1831">
    <p class='ocr_par' dir='ltr' id='par_1_43' title="bbox 109 1794 898 1831">
     <span class='ocr_line' id='line_1_43' title="bbox 109 1794 898 1831; baseline -0.003 -9"><span class='ocrx_word' id='word_1_298' title='bbox 109 1795 286 1831; x_wconf 77' lang='grc' dir='ltr'>ὰποπηδῆσαι</span> <span class='ocrx_word' id='word_1_299' title='bbox 301 1796 351 1830; x_wconf 84' lang='grc' dir='ltr'>τῆς</span> <span class='ocrx_word' id='word_1_300' title='bbox 366 1796 416 1822; x_wconf 79' lang='grc' dir='ltr'><strong>ἀπ’</strong></span> <span class='ocrx_word' id='word_1_301' title='bbox 429 1795 511 1822; x_wconf 81' lang='grc' dir='ltr'>αὐτοῦ</span> <span class='ocrx_word' id='word_1_302' title='bbox 526 1795 756 1831; x_wconf 82' lang='grc' dir='ltr'>μεμηχανημένης</span> <span class='ocrx_word' id='word_1_303' title='bbox 771 1794 898 1829; x_wconf 79' lang='grc' dir='ltr'>τοιαύτης</span> 
     </span>
    </p>
   </div>
   <div class='ocr_carea' id='block_1_44' title="bbox 109 1840 899 1877">
    <p class='ocr_par' dir='ltr' id='par_1_44' title="bbox 109 1840 899 1877">
     <span class='ocr_line' id='line_1_44' title="bbox 109 1840 899 1877; baseline -0.003 -9"><span class='ocrx_word' id='word_1_304' title='bbox 109 1842 252 1877; x_wconf 65' lang='grc' dir='ltr'>αἱρέσεως.</span> <span class='ocrx_word' id='word_1_305' title='bbox 269 1842 337 1868; x_wconf 80' lang='grc' dir='ltr'>Φασὶ</span> <span class='ocrx_word' id='word_1_306' title='bbox 353 1842 382 1868; x_wconf 81' lang='grc' dir='ltr'><strong>δὲ</strong></span> <span class='ocrx_word' id='word_1_307' title='bbox 395 1842 440 1868; x_wconf 79' lang='grc' dir='ltr'>τὸν</span> <span class='ocrx_word' id='word_1_308' title='bbox 451 1841 532 1868; x_wconf 75' lang='grc' dir='ltr'>αὑτὸν</span> <span class='ocrx_word' id='word_1_309' title='bbox 550 1841 649 1867; x_wconf 85' lang='grc' dir='ltr'>Ἀέτιον</span> <span class='ocrx_word' id='word_1_310' title='bbox 664 1841 732 1876; x_wconf 72' lang='grc' dir='ltr'>μετὰ</span> <span class='ocrx_word' id='word_1_311' title='bbox 747 1841 795 1876; x_wconf 79' lang='grc' dir='ltr'>τὴν</span> <span class='ocrx_word' id='word_1_312' title='bbox 809 1840 899 1866; x_wconf 82' lang='grc' dir='ltr'>τελευ-</span> 
     </span>
    </p>
   </div>
   <div class='ocr_carea' id='block_1_45' title="bbox 109 1885 899 1921">
    <p class='ocr_par' dir='ltr' id='par_1_45' title="bbox 109 1885 899 1921">
     <span class='ocr_line' id='line_1_45' title="bbox 109 1885 899 1921; baseline -0.003 -8"><span class='ocrx_word' id='word_1_313' title='bbox 109 1887 158 1921; x_wconf 76' lang='grc' dir='ltr'>τὴν</span> <span class='ocrx_word' id='word_1_314' title='bbox 180 1887 369 1913; x_wconf 84' lang='grc' dir='ltr'>Κωνσταντίου</span> <span class='ocrx_word' id='word_1_315' title='bbox 388 1886 440 1913; x_wconf 81' lang='grc' dir='ltr'><strong>ὑπὸ</strong></span> <span class='ocrx_word' id='word_1_316' title='bbox 459 1885 600 1913; x_wconf 78' lang='grc' dir='ltr'>Ἰουλιανοῦ</span> <span class='ocrx_word' id='word_1_317' title='bbox 622 1886 669 1912; x_wconf 83' lang='grc' dir='ltr'>τοῦ</span> <span class='ocrx_word' id='word_1_318' title='bbox 692 1885 899 1920; x_wconf 81' lang='grc' dir='ltr'>βασιλεύσαντος</span> 
     </span>
    </p>
   </div>
   <div class='ocr_carea' id='block_1_46' title="bbox 109 1931 901 1969">
    <p class='ocr_par' dir='ltr' id='par_1_46' title="bbox 109 1931 901 1969">
     <span class='ocr_line' id='line_1_46' title="bbox 109 1931 901 1969; baseline -0.004 -9"><span class='ocrx_word' id='word_1_319' title='bbox 109 1932 299 1969; x_wconf 82' lang='grc' dir='ltr'>ἀνακληθέντα</span> <span class='ocrx_word' id='word_1_320' title='bbox 317 1933 367 1969; x_wconf 86' lang='grc' dir='ltr'><strong>τῆς</strong></span> <span class='ocrx_word' id='word_1_321' title='bbox 385 1932 503 1968; x_wconf 78' lang='grc' dir='ltr'>ἑξορίας,</span> <span class='ocrx_word' id='word_1_322' title='bbox 522 1932 562 1959; x_wconf 72' lang='grc' dir='ltr'>ἔτι</span> <span class='ocrx_word' id='word_1_323' title='bbox 577 1931 641 1958; x_wconf 72' lang='grc' dir='ltr'>ὄντα</span> <span class='ocrx_word' id='word_1_324' title='bbox 655 1932 778 1958; x_wconf 78' lang='grc' dir='ltr'>διάκονον</span> <span class='ocrx_word' id='word_1_325' title='bbox 790 1932 838 1965; x_wconf 74' lang='grc' dir='ltr'>τῆς</span> <span class='ocrx_word' id='word_1_326' title='bbox 853 1931 901 1957; x_wconf 80' lang='grc' dir='ltr'><strong>αὐ-</strong></span> 
     </span>
    </p>
   </div>
   <div class='ocr_carea' id='block_1_47' title="bbox 109 1977 899 2015">
    <p class='ocr_par' dir='ltr' id='par_1_47' title="bbox 109 1977 899 2015">
     <span class='ocr_line' id='line_1_47' title="bbox 109 1977 899 2015; baseline -0.003 -9"><span class='ocrx_word' id='word_1_327' title='bbox 109 1979 158 2006; x_wconf 78' lang='grc' dir='ltr'>τοῦ</span> <span class='ocrx_word' id='word_1_328' title='bbox 171 1979 313 2015; x_wconf 85' lang='grc' dir='ltr'>αἱρέσεως,</span> <span class='ocrx_word' id='word_1_329' title='bbox 329 1979 380 2005; x_wconf 79' lang='grc' dir='ltr'>ὑπὸ</span> <span class='ocrx_word' id='word_1_330' title='bbox 391 1978 441 2014; x_wconf 83' lang='grc' dir='ltr'><strong>τῆς</strong></span> <span class='ocrx_word' id='word_1_331' title='bbox 456 1978 538 2005; x_wconf 76' lang='grc' dir='ltr'>αὑτοῦ</span> <span class='ocrx_word' id='word_1_332' title='bbox 555 1978 688 2015; x_wconf 77' lang='grc' dir='ltr'>αἱρέσεως</span> <span class='ocrx_word' id='word_1_333' title='bbox 699 1977 847 2004; x_wconf 71' lang='grc' dir='ltr'>ἐπισκόπου</span> <span class='ocrx_word' id='word_1_334' title='bbox 859 1978 899 2009; x_wconf 88' lang='grc' dir='ltr'><strong>εἰς</strong></span> 
     </span>
    </p>
   </div>
   <div class='ocr_carea' id='block_1_48' title="bbox 110 2025 423 2061">
    <p class='ocr_par' dir='ltr' id='par_1_48' title="bbox 110 2025 423 2061">
     <span class='ocr_line' id='line_1_48' title="bbox 110 2025 423 2061; baseline 0.003 -10"><span class='ocrx_word' id='word_1_335' title='bbox 110 2025 264 2061; x_wconf 67' lang='grc' dir='ltr'>ἐπισκοπὴν</span> <span class='ocrx_word' id='word_1_336' title='bbox 278 2025 423 2061; x_wconf 80' lang='grc' dir='ltr'>προῆχθαι.</span> 
     </span>
    </p>
   </div>
   <div class='ocr_carea' id='block_1_49' title="bbox 997 509 1728 547">
    <p class='ocr_par' dir='ltr' id='par_1_49' title="bbox 997 509 1728 547">
     <span class='ocr_line' id='line_1_49' title="bbox 997 509 1728 547; baseline -0.008 -7"><span class='ocrx_word' id='word_1_337' title='bbox 997 511 1039 540; x_wconf 90' lang='lat' dir='ltr'><strong>Vl.</strong></span> <span class='ocrx_word' id='word_1_338' title='bbox 1056 512 1197 540; x_wconf 80' lang='lat' dir='ltr'><strong>Postremo</strong></span> <span class='ocrx_word' id='word_1_339' title='bbox 1215 512 1363 547; x_wconf 81' lang='lat' dir='ltr'><strong>discipulos</strong></span> <span class='ocrx_word' id='word_1_340' title='bbox 1379 519 1444 538; x_wconf 85' lang='lat' dir='ltr'><strong>suos</strong></span> <span class='ocrx_word' id='word_1_341' title='bbox 1468 510 1500 537; x_wconf 83' lang='lat' dir='ltr'><strong>ad</strong></span> <span class='ocrx_word' id='word_1_342' title='bbox 1515 513 1664 536; x_wconf 79' lang='lat' dir='ltr'><strong>extremam</strong></span> <span class='ocrx_word' id='word_1_343' title='bbox 1693 509 1728 535; x_wconf 92' lang='lat' dir='ltr'><strong>im</strong></span> 
     </span>
    </p>
   </div>
   <div class='ocr_carea' id='block_1_50' title="bbox 960 547 1737 593">
    <p class='ocr_par' dir='ltr' id='par_1_50' title="bbox 960 547 1737 593">
     <span class='ocr_line' id='line_1_50' title="bbox 960 547 1737 593; baseline -0.008 -9"><span class='ocrx_word' id='word_1_344' title='bbox 960 558 1114 593; x_wconf 88' lang='lat' dir='ltr'><strong>pudentiam</strong></span> <span class='ocrx_word' id='word_1_345' title='bbox 1133 559 1269 593; x_wconf 84' lang='lat' dir='ltr'><strong>perduxit.</strong></span> <span class='ocrx_word' id='word_1_346' title='bbox 1294 557 1365 584; x_wconf 82' lang='lat' dir='ltr'><strong>Nihil</strong></span> <span class='ocrx_word' id='word_1_347' title='bbox 1386 556 1457 583; x_wconf 91' lang='lat' dir='ltr'><strong>enim</strong></span> <span class='ocrx_word' id='word_1_348' title='bbox 1479 559 1521 582; x_wconf 89' lang='lat' dir='ltr'><strong>cst</strong></span> <span class='ocrx_word' id='word_1_349' title='bbox 1542 562 1595 589; x_wconf 83' lang='lat' dir='ltr'><strong>quo</strong></span> <span class='ocrx_word' id='word_1_350' title='bbox 1611 561 1663 580; x_wconf 87' lang='lat' dir='ltr'><strong>non</strong></span> <span class='ocrx_word' id='word_1_351' title='bbox 1677 547 1737 580; x_wconf 81' lang='lat' dir='ltr'><strong>illo-</strong></span> 
     </span>
    </p>
   </div>
   <div class='ocr_carea' id='block_1_51' title="bbox 959 600 1742 639">
    <p class='ocr_par' dir='ltr' id='par_1_51' title="bbox 959 600 1742 639">
     <span class='ocr_line' id='line_1_51' title="bbox 959 600 1742 639; baseline -0.01 -8"><span class='ocrx_word' id='word_1_352' title='bbox 959 612 1018 631; x_wconf 85' lang='lat' dir='ltr'><strong>rum</strong></span> <span class='ocrx_word' id='word_1_353' title='bbox 1034 605 1170 639; x_wconf 64' lang='lat' dir='ltr'><strong>pertingat</strong></span> <span class='ocrx_word' id='word_1_354' title='bbox 1192 603 1315 631; x_wconf 82' lang='lat' dir='ltr'><strong>audacia.</strong></span> <span class='ocrx_word' id='word_1_355' title='bbox 1333 603 1528 637; x_wconf 82' lang='lat' dir='ltr'><strong>Propln-tarum</strong></span> <span class='ocrx_word' id='word_1_356' title='bbox 1547 600 1742 634; x_wconf 84' lang='lat' dir='ltr'><strong>apostolorum-</strong></span> 
     </span>
    </p>
   </div>
   <div class='ocr_carea' id='block_1_52' title="bbox 957 644 1740 684">
    <p class='ocr_par' dir='ltr' id='par_1_52' title="bbox 957 644 1740 684">
     <span class='ocr_line' id='line_1_52' title="bbox 957 644 1740 684; baseline -0.01 -7"><span class='ocrx_word' id='word_1_357' title='bbox 957 657 1010 684; x_wconf 88' lang='lat' dir='ltr'><strong>que</strong></span> <span class='ocrx_word' id='word_1_358' title='bbox 1024 651 1131 677; x_wconf 74' lang='lat' dir='ltr'><strong>nomine</strong></span> <span class='ocrx_word' id='word_1_359' title='bbox 1150 649 1323 676; x_wconf 69' lang='lat' dir='ltr'><strong>contumeliis</strong></span> <span class='ocrx_word' id='word_1_360' title='bbox 1341 649 1495 675; x_wconf 88' lang='lat' dir='ltr'><strong>incessunt.</strong></span> <span class='ocrx_word' id='word_1_361' title='bbox 1510 646 1633 681; x_wconf 76' lang='lat' dir='ltr'><strong>Cumque</strong></span> <span class='ocrx_word' id='word_1_362' title='bbox 1650 644 1740 678; x_wconf 71' lang='lat' dir='ltr'><strong>urgeri</strong></span> 
     </span>
    </p>
   </div>
   <div class='ocr_carea' id='block_1_53' title="bbox 957 690 1741 729">
    <p class='ocr_par' dir='ltr' id='par_1_53' title="bbox 957 690 1741 729">
     <span class='ocr_line' id='line_1_53' title="bbox 957 690 1741 729; baseline -0.009 -6"><span class='ocrx_word' id='word_1_363' title='bbox 957 696 1093 723; x_wconf 87' lang='lat' dir='ltr'><strong>rationum</strong></span> <span class='ocrx_word' id='word_1_364' title='bbox 1109 696 1144 727; x_wconf 89' lang='lat' dir='ltr'><strong>vi,</strong></span> <span class='ocrx_word' id='word_1_365' title='bbox 1167 703 1199 722; x_wconf 80' lang='lat' dir='ltr'><strong>ac</strong></span> <span class='ocrx_word' id='word_1_366' title='bbox 1217 695 1289 722; x_wconf 86' lang='lat' dir='ltr'><strong>male</strong></span> <span class='ocrx_word' id='word_1_367' title='bbox 1299 694 1381 729; x_wconf 75' lang='lat'><strong>992</strong></span> <span class='ocrx_word' id='word_1_368' title='bbox 1402 692 1492 721; x_wconf 82' lang='lat' dir='ltr'><strong>haberi</strong></span> <span class='ocrx_word' id='word_1_369' title='bbox 1517 691 1660 725; x_wconf 62' lang='lat' dir='ltr'><strong>coaperint,</strong></span> <span class='ocrx_word' id='word_1_370' title='bbox 1675 690 1741 717; x_wconf 77' lang='lat' dir='ltr'><strong>emi-</strong></span> 
     </span>
    </p>
   </div>
   <div class='ocr_carea' id='block_1_54' title="bbox 957 737 1740 777">
    <p class='ocr_par' dir='ltr' id='par_1_54' title="bbox 957 737 1740 777">
     <span class='ocr_line' id='line_1_54' title="bbox 957 737 1740 777; baseline -0.009 -8"><span class='ocrx_word' id='word_1_371' title='bbox 957 742 1033 777; x_wconf 78' lang='lat' dir='ltr'><strong>giunt</strong></span> <span class='ocrx_word' id='word_1_372' title='bbox 1065 741 1180 769; x_wconf 86' lang='lat' dir='ltr'><strong>subinde</strong></span> <span class='ocrx_word' id='word_1_373' title='bbox 1205 748 1236 767; x_wconf 87' lang='lat' dir='ltr'><strong>ac</strong></span> <span class='ocrx_word' id='word_1_374' title='bbox 1268 741 1428 776; x_wconf 85' lang='lat' dir='ltr'><strong>prosiliunt;</strong></span> <span class='ocrx_word' id='word_1_375' title='bbox 1458 743 1495 772; x_wconf 84' lang='lat' dir='ltr'><strong>et,</strong></span> <span class='ocrx_word' id='word_1_376' title='bbox 1514 738 1576 769; x_wconf 85' lang='lat' dir='ltr'><strong>Ista,</strong></span> <span class='ocrx_word' id='word_1_377' title='bbox 1601 737 1740 772; x_wconf 80' lang='lat' dir='ltr'><strong>inquiunt,</strong></span> 
     </span>
    </p>
   </div>
   <div class='ocr_carea' id='block_1_55' title="bbox 956 782 1741 823">
    <p class='ocr_par' dir='ltr' id='par_1_55' title="bbox 956 782 1741 823">
     <span class='ocr_line' id='line_1_55' title="bbox 956 782 1741 823; baseline -0.008 -8"><span class='ocrx_word' id='word_1_378' title='bbox 956 788 1123 823; x_wconf 82' lang='lat' dir='ltr'><strong>Apostolus,</strong></span> <span class='ocrx_word' id='word_1_379' title='bbox 1157 792 1285 822; x_wconf 83' lang='lat' dir='ltr'><strong>tanquam</strong></span> <span class='ocrx_word' id='word_1_380' title='bbox 1317 786 1407 818; x_wconf 88' lang='lat' dir='ltr'><strong>homo,</strong></span> <span class='ocrx_word' id='word_1_381' title='bbox 1437 785 1514 812; x_wconf 77' lang='lat' dir='ltr'><strong>dixit.</strong></span> <span class='ocrx_word' id='word_1_382' title='bbox 1539 783 1612 810; x_wconf 78' lang='lat' dir='ltr'><strong>Alias</strong></span> <span class='ocrx_word' id='word_1_383' title='bbox 1643 782 1741 815; x_wconf 85' lang='lat' dir='ltr'><strong>:Quid</strong></span> 
     </span>
    </p>
   </div>
   <div class='ocr_carea' id='block_1_56' title="bbox 957 828 1740 871">
    <p class='ocr_par' dir='ltr' id='par_1_56' title="bbox 957 828 1740 871">
     <span class='ocr_line' id='line_1_56' title="bbox 957 828 1740 871; baseline -0.006 -11"><span class='ocrx_word' id='word_1_384' title='bbox 957 839 984 860; x_wconf 92' lang='lat' dir='ltr'><strong>tu</strong></span> <span class='ocrx_word' id='word_1_385' title='bbox 1005 833 1071 860; x_wconf 91' lang='lat' dir='ltr'><strong>mihi</strong></span> <span class='ocrx_word' id='word_1_386' title='bbox 1087 833 1180 864; x_wconf 83' lang='lat' dir='ltr'><strong>Vetus,</strong></span> <span class='ocrx_word' id='word_1_387' title='bbox 1198 833 1284 864; x_wconf 85' lang='lat' dir='ltr'><strong>aiunt,</strong></span> <span class='ocrx_word' id='word_1_388' title='bbox 1308 831 1511 859; x_wconf 78' lang='lat' dir='ltr'><strong>Testamentum</strong></span> <span class='ocrx_word' id='word_1_389' title='bbox 1531 829 1646 871; x_wconf 64' lang='lat' dir='ltr'><strong>objicisz</strong></span> <span class='ocrx_word' id='word_1_390' title='bbox 1661 828 1740 861; x_wconf 84' lang='lat' dir='ltr'><strong>Quod</strong></span> 
     </span>
    </p>
   </div>
   <div class='ocr_carea' id='block_1_57' title="bbox 921 874 1742 914">
    <p class='ocr_par' dir='ltr' id='par_1_57' title="bbox 921 874 1742 914">
     <span class='ocr_line' id='line_1_57' title="bbox 921 874 1742 914; baseline -0.007 -8"><span class='ocrx_word' id='word_1_391' title='bbox 921 880 940 906; x_wconf 85' lang='grc' dir='ltr'><strong>Β</strong></span> <span class='ocrx_word' id='word_1_392' title='bbox 955 879 1063 914; x_wconf 82' lang='lat' dir='ltr'><strong>quidem</strong></span> <span class='ocrx_word' id='word_1_393' title='bbox 1089 878 1201 905; x_wconf 89' lang='lat' dir='ltr'><strong>minime</strong></span> <span class='ocrx_word' id='word_1_394' title='bbox 1223 878 1321 904; x_wconf 89' lang='lat' dir='ltr'><strong>mirmn</strong></span> <span class='ocrx_word' id='word_1_395' title='bbox 1341 881 1393 909; x_wconf 85' lang='lat' dir='ltr'><strong>cst,</strong></span> <span class='ocrx_word' id='word_1_396' title='bbox 1411 876 1433 904; x_wconf 86' lang='lat' dir='ltr'><strong>si</strong></span> <span class='ocrx_word' id='word_1_397' title='bbox 1457 876 1560 903; x_wconf 90' lang='lat' dir='ltr'><strong>dictum</strong></span> <span class='ocrx_word' id='word_1_398' title='bbox 1579 874 1645 901; x_wconf 88' lang='lat' dir='ltr'><strong>illud</strong></span> <span class='ocrx_word' id='word_1_399' title='bbox 1681 874 1742 901; x_wconf 83' lang='lat' dir='ltr'><strong>Sal-</strong></span> 
     </span>
    </p>
   </div>
   <div class='ocr_carea' id='block_1_58' title="bbox 953 919 1738 956">
    <p class='ocr_par' dir='ltr' id='par_1_58' title="bbox 953 919 1738 956">
     <span class='ocr_line' id='line_1_58' title="bbox 953 919 1738 956; baseline -0.005 -7"><span class='ocrx_word' id='word_1_400' title='bbox 953 924 1053 952; x_wconf 86' lang='lat' dir='ltr'><strong>vatoris</strong></span> <span class='ocrx_word' id='word_1_401' title='bbox 1081 923 1271 952; x_wconf 82' lang='lat' dir='ltr'><strong>consideretur</strong></span> <span class='ocrx_word' id='word_1_402' title='bbox 1299 933 1305 950; x_wconf 87' lang='lat'><strong>:</strong></span> <span class='ocrx_word' id='word_1_403' title='bbox 1336 923 1365 950; x_wconf 77' lang='lat' dir='ltr'><strong>Si</strong></span> <span class='ocrx_word' id='word_1_404' title='bbox 1388 922 1495 948; x_wconf 77' lang='lat' dir='ltr'><strong>Patrem</strong></span> <span class='ocrx_word' id='word_1_405' title='bbox 1515 920 1633 956; x_wconf 68' lang='lat' dir='ltr'><strong>familias</strong></span> <span class='ocrx_word' id='word_1_406' title='bbox 1661 919 1738 946; x_wconf 75' lang='lat' dir='ltr'><strong>Beel-</strong></span> 
     </span>
    </p>
   </div>
   <div class='ocr_carea' id='block_1_59' title="bbox 953 965 1740 1004">
    <p class='ocr_par' dir='ltr' id='par_1_59' title="bbox 953 965 1740 1004">
     <span class='ocr_line' id='line_1_59' title="bbox 953 965 1740 1004; baseline -0.008 -7"><span class='ocrx_word' id='word_1_407' title='bbox 953 970 1033 997; x_wconf 72' lang='lat' dir='ltr'><strong>zebub</strong></span> <span class='ocrx_word' id='word_1_408' title='bbox 1051 975 1215 1002; x_wconf 78' lang='lat' dir='ltr'><strong>vocaverunt,</strong></span> <span class='ocrx_word' id='word_1_409' title='bbox 1232 973 1329 1004; x_wconf 82' lang='lat' dir='ltr'><strong>quanto</strong></span> <span class='ocrx_word' id='word_1_410' title='bbox 1343 968 1425 1003; x_wconf 78' lang='lat' dir='ltr'><strong>magis</strong></span> <span class='ocrx_word' id='word_1_411' title='bbox 1445 967 1601 994; x_wconf 77' lang='lat' dir='ltr'><strong>donieslicos</strong></span> <span class='ocrx_word' id='word_1_412' title='bbox 1616 965 1689 992; x_wconf 76' lang='lat' dir='ltr'><strong>illius</strong></span> <span class='ocrx_word' id='word_1_413' title='bbox 1704 965 1716 980; x_wconf 85' lang='grc'><strong><em>³</em></strong></span> <span class='ocrx_word' id='word_1_414' title='bbox 1727 965 1740 992; x_wconf 85' lang='lat'><strong>?</strong></span> 
     </span>
    </p>
   </div>
   <div class='ocr_carea' id='block_1_60' title="bbox 957 1009 1741 1050">
    <p class='ocr_par' dir='ltr' id='par_1_60' title="bbox 957 1009 1741 1050">
     <span class='ocr_line' id='line_1_60' title="bbox 957 1009 1741 1050; baseline -0.009 -7"><span class='ocrx_word' id='word_1_415' title='bbox 957 1016 985 1044; x_wconf 88' lang='lat' dir='ltr'><strong>Si</strong></span> <span class='ocrx_word' id='word_1_416' title='bbox 999 1016 1141 1043; x_wconf 87' lang='lat' dir='ltr'><strong>Dominum</strong></span> <span class='ocrx_word' id='word_1_417' title='bbox 1167 1015 1267 1050; x_wconf 89' lang='lat' dir='ltr'><strong>ipsum,</strong></span> <span class='ocrx_word' id='word_1_418' title='bbox 1282 1022 1313 1042; x_wconf 85' lang='lat' dir='ltr'><strong>ac</strong></span> <span class='ocrx_word' id='word_1_419' title='bbox 1339 1021 1433 1041; x_wconf 81' lang='lat' dir='ltr'><strong>verum</strong></span> <span class='ocrx_word' id='word_1_420' title='bbox 1449 1013 1508 1046; x_wconf 89' lang='lat' dir='ltr'><strong>ejus</strong></span> <span class='ocrx_word' id='word_1_421' title='bbox 1522 1012 1616 1042; x_wconf 73' lang='lat' dir='ltr'><strong>decus.</strong></span> <span class='ocrx_word' id='word_1_422' title='bbox 1641 1014 1668 1038; x_wconf 81' lang='lat' dir='ltr'><strong>et</strong></span> <span class='ocrx_word' id='word_1_423' title='bbox 1682 1009 1741 1045; x_wconf 76' lang='lat' dir='ltr'><strong>glo-</strong></span> 
     </span>
    </p>
   </div>
   <div class='ocr_carea' id='block_1_61' title="bbox 954 1056 1742 1097">
    <p class='ocr_par' dir='ltr' id='par_1_61' title="bbox 954 1056 1742 1097">
     <span class='ocr_line' id='line_1_61' title="bbox 954 1056 1742 1097; baseline -0.009 -8"><span class='ocrx_word' id='word_1_424' title='bbox 954 1063 1021 1089; x_wconf 82' lang='lat' dir='ltr'><strong>riam</strong></span> <span class='ocrx_word' id='word_1_425' title='bbox 1040 1062 1174 1097; x_wconf 79' lang='lat' dir='ltr'><strong>abnegare</strong></span> <span class='ocrx_word' id='word_1_426' title='bbox 1191 1069 1244 1088; x_wconf 90' lang='lat' dir='ltr'><strong>non</strong></span> <span class='ocrx_word' id='word_1_427' title='bbox 1257 1061 1394 1091; x_wconf 87' lang='lat' dir='ltr'><strong>dubitant,</strong></span> <span class='ocrx_word' id='word_1_428' title='bbox 1409 1063 1514 1094; x_wconf 86' lang='lat' dir='ltr'><strong>quanto</strong></span> <span class='ocrx_word' id='word_1_429' title='bbox 1526 1057 1611 1092; x_wconf 85' lang='lat' dir='ltr'><strong>magis</strong></span> <span class='ocrx_word' id='word_1_430' title='bbox 1624 1056 1742 1091; x_wconf 81' lang='lat' dir='ltr'><strong>prophe—</strong></span> 
     </span>
    </p>
   </div>
   <div class='ocr_carea' id='block_1_62' title="bbox 953 1105 1741 1143">
    <p class='ocr_par' dir='ltr' id='par_1_62' title="bbox 953 1105 1741 1143">
     <span class='ocr_line' id='line_1_62' title="bbox 953 1105 1741 1143; baseline -0.01 -6"><span class='ocrx_word' id='word_1_431' title='bbox 953 1115 995 1137; x_wconf 85' lang='lat' dir='ltr'><strong>tas</strong></span> <span class='ocrx_word' id='word_1_432' title='bbox 1025 1109 1109 1142; x_wconf 87' lang='lat' dir='ltr'><strong>illius,</strong></span> <span class='ocrx_word' id='word_1_433' title='bbox 1137 1113 1163 1136; x_wconf 87' lang='lat' dir='ltr'><strong>et</strong></span> <span class='ocrx_word' id='word_1_434' title='bbox 1178 1108 1316 1143; x_wconf 88' lang='lat' dir='ltr'><strong>apostolos</strong></span> <span class='ocrx_word' id='word_1_435' title='bbox 1341 1105 1498 1142; x_wconf 79' lang='lat' dir='ltr'><strong>negabunt?</strong></span> <span class='ocrx_word' id='word_1_436' title='bbox 1522 1105 1656 1131; x_wconf 52' lang='lat' dir='ltr'><strong>Praeterea</strong></span> <span class='ocrx_word' id='word_1_437' title='bbox 1675 1110 1741 1130; x_wconf 83' lang='lat' dir='ltr'><strong>vero</strong></span> 
     </span>
    </p>
   </div>
   <div class='ocr_carea' id='block_1_63' title="bbox 953 1149 1738 1190">
    <p class='ocr_par' dir='ltr' id='par_1_63' title="bbox 953 1149 1738 1190">
     <span class='ocr_line' id='line_1_63' title="bbox 953 1149 1738 1190; baseline -0.01 -7"><span class='ocrx_word' id='word_1_438' title='bbox 953 1157 1056 1190; x_wconf 70' lang='lat' dir='ltr'><strong>majore</strong></span> <span class='ocrx_word' id='word_1_439' title='bbox 1083 1155 1200 1190; x_wconf 85' lang='lat' dir='ltr'><strong>quadam</strong></span> <span class='ocrx_word' id='word_1_440' title='bbox 1230 1154 1335 1182; x_wconf 88' lang='lat' dir='ltr'><strong>insania</strong></span> <span class='ocrx_word' id='word_1_441' title='bbox 1356 1161 1387 1180; x_wconf 87' lang='lat' dir='ltr'><strong>ac</strong></span> <span class='ocrx_word' id='word_1_442' title='bbox 1410 1152 1502 1179; x_wconf 83' lang='lat' dir='ltr'><strong>furore</strong></span> <span class='ocrx_word' id='word_1_443' title='bbox 1523 1151 1640 1184; x_wconf 84' lang='lat' dir='ltr'><strong>correpti</strong></span> <span class='ocrx_word' id='word_1_444' title='bbox 1666 1149 1738 1176; x_wconf 89' lang='lat' dir='ltr'><strong>Aetii</strong></span> 
     </span>
    </p>
   </div>
   <div class='ocr_carea' id='block_1_64' title="bbox 953 1194 1741 1233">
    <p class='ocr_par' dir='ltr' id='par_1_64' title="bbox 953 1194 1741 1233">
     <span class='ocr_line' id='line_1_64' title="bbox 953 1194 1741 1233; baseline -0.009 -7"><span class='ocrx_word' id='word_1_445' title='bbox 953 1199 1089 1233; x_wconf 88' lang='lat' dir='ltr'><strong>discipuli,</strong></span> <span class='ocrx_word' id='word_1_446' title='bbox 1107 1207 1167 1226; x_wconf 85' lang='lat' dir='ltr'><strong>eum</strong></span> <span class='ocrx_word' id='word_1_447' title='bbox 1202 1198 1298 1225; x_wconf 89' lang='lat' dir='ltr'><strong>horum</strong></span> <span class='ocrx_word' id='word_1_448' title='bbox 1327 1203 1496 1227; x_wconf 83' lang='lat' dir='ltr'><strong>successore,</strong></span> <span class='ocrx_word' id='word_1_449' title='bbox 1517 1195 1562 1230; x_wconf 87' lang='lat' dir='ltr'><strong>qui</strong></span> <span class='ocrx_word' id='word_1_450' title='bbox 1589 1194 1741 1221; x_wconf 64' lang='lat' dir='ltr'><strong>Eunomiuo</strong></span> 
     </span>
    </p>
   </div>
   <div class='ocr_carea' id='block_1_65' title="bbox 956 1239 1740 1276">
    <p class='ocr_par' dir='ltr' id='par_1_65' title="bbox 956 1239 1740 1276">
     <span class='ocr_line' id='line_1_65' title="bbox 956 1239 1740 1276; baseline -0.009 -4"><span class='ocrx_word' id='word_1_451' title='bbox 956 1246 1025 1273; x_wconf 78' lang='lat' dir='ltr'><strong>falso</strong></span> <span class='ocrx_word' id='word_1_452' title='bbox 1040 1245 1243 1275; x_wconf 85' lang='lat' dir='ltr'><strong>uominatur.et</strong></span> <span class='ocrx_word' id='word_1_453' title='bbox 1257 1243 1289 1270; x_wconf 85' lang='lat' dir='ltr'><strong>ad</strong></span> <span class='ocrx_word' id='word_1_454' title='bbox 1306 1244 1362 1270; x_wconf 69' lang='lat' dir='ltr'><strong>haee</strong></span> <span class='ocrx_word' id='word_1_455' title='bbox 1376 1247 1496 1276; x_wconf 86' lang='lat' dir='ltr'><strong>tempora</strong></span> <span class='ocrx_word' id='word_1_456' title='bbox 1512 1244 1649 1276; x_wconf 81' lang='lat' dir='ltr'><strong>superest,</strong></span> <span class='ocrx_word' id='word_1_457' title='bbox 1665 1239 1740 1266; x_wconf 83' lang='lat' dir='ltr'><strong>aliud</strong></span> 
     </span>
    </p>
   </div>
   <div class='ocr_carea' id='block_1_66' title="bbox 953 1286 1737 1325">
    <p class='ocr_par' dir='ltr' id='par_1_66' title="bbox 953 1286 1737 1325">
     <span class='ocr_line' id='line_1_66' title="bbox 953 1286 1737 1325; baseline -0.008 -8"><span class='ocrx_word' id='word_1_458' title='bbox 953 1290 1082 1325; x_wconf 81' lang='lat' dir='ltr'><strong>quiddam</strong></span> <span class='ocrx_word' id='word_1_459' title='bbox 1118 1290 1280 1317; x_wconf 84' lang='lat' dir='ltr'><strong>sceleratum</strong></span> <span class='ocrx_word' id='word_1_460' title='bbox 1313 1296 1345 1316; x_wconf 82' lang='lat' dir='ltr'><strong>ac</strong></span> <span class='ocrx_word' id='word_1_461' title='bbox 1372 1287 1506 1315; x_wconf 78' lang='lat' dir='ltr'><strong>nefarium</strong></span> <span class='ocrx_word' id='word_1_462' title='bbox 1531 1286 1703 1313; x_wconf 88' lang='lat' dir='ltr'><strong>counnitlnnt</strong></span> <span class='ocrx_word' id='word_1_463' title='bbox 1730 1294 1737 1312; x_wconf 89' lang='lat'><strong>:</strong></span> 
     </span>
    </p>
   </div>
   <div class='ocr_carea' id='block_1_67' title="bbox 954 1331 1739 1371">
    <p class='ocr_par' dir='ltr' id='par_1_67' title="bbox 954 1331 1739 1371">
     <span class='ocr_line' id='line_1_67' title="bbox 954 1331 1739 1371; baseline -0.009 -8"><span class='ocrx_word' id='word_1_464' title='bbox 954 1337 1086 1371; x_wconf 79' lang='lat' dir='ltr'><strong>siquidem</strong></span> <span class='ocrx_word' id='word_1_465' title='bbox 1117 1344 1165 1364; x_wconf 90' lang='lat' dir='ltr'><strong>eos</strong></span> <span class='ocrx_word' id='word_1_466' title='bbox 1193 1335 1238 1370; x_wconf 93' lang='lat' dir='ltr'><strong>qui</strong></span> <span class='ocrx_word' id='word_1_467' title='bbox 1267 1334 1397 1369; x_wconf 84' lang='lat' dir='ltr'><strong>baptilati</strong></span> <span class='ocrx_word' id='word_1_468' title='bbox 1424 1333 1479 1367; x_wconf 81' lang='lat' dir='ltr'><strong>jam</strong></span> <span class='ocrx_word' id='word_1_469' title='bbox 1508 1332 1618 1363; x_wconf 83' lang='lat' dir='ltr'><strong>fuerint,</strong></span> <span class='ocrx_word' id='word_1_470' title='bbox 1643 1331 1739 1357; x_wconf 87' lang='lat' dir='ltr'><strong>iterum</strong></span> 
     </span>
    </p>
   </div>
   <div class='ocr_carea' id='block_1_68' title="bbox 955 1376 1740 1417">
    <p class='ocr_par' dir='ltr' id='par_1_68' title="bbox 955 1376 1740 1417">
     <span class='ocr_line' id='line_1_68' title="bbox 955 1376 1740 1417; baseline -0.009 -8"><span class='ocrx_word' id='word_1_471' title='bbox 955 1382 1073 1417; x_wconf 82' lang='lat' dir='ltr'><strong>baptizut</strong></span> <span class='ocrx_word' id='word_1_472' title='bbox 1092 1381 1252 1412; x_wconf 81' lang='lat' dir='ltr'><strong>Eunomius,</strong></span> <span class='ocrx_word' id='word_1_473' title='bbox 1282 1388 1337 1407; x_wconf 90' lang='lat' dir='ltr'><strong>non</strong></span> <span class='ocrx_word' id='word_1_474' title='bbox 1368 1380 1448 1406; x_wconf 90' lang='lat' dir='ltr'><strong>modo</strong></span> <span class='ocrx_word' id='word_1_475' title='bbox 1474 1379 1519 1413; x_wconf 91' lang='lat' dir='ltr'><strong>qui</strong></span> <span class='ocrx_word' id='word_1_476' title='bbox 1546 1385 1561 1404; x_wconf 87' lang='lat' dir='ltr'><strong>a</strong></span> <span class='ocrx_word' id='word_1_477' title='bbox 1580 1376 1740 1410; x_wconf 81' lang='lat' dir='ltr'><strong>Catholieis,</strong></span> 
     </span>
    </p>
   </div>
   <div class='ocr_carea' id='block_1_69' title="bbox 954 1422 1740 1460">
    <p class='ocr_par' dir='ltr' id='par_1_69' title="bbox 954 1422 1740 1460">
     <span class='ocr_line' id='line_1_69' title="bbox 954 1422 1740 1460; baseline -0.01 -5"><span class='ocrx_word' id='word_1_478' title='bbox 954 1433 999 1456; x_wconf 87' lang='lat' dir='ltr'><strong>aut</strong></span> <span class='ocrx_word' id='word_1_479' title='bbox 1013 1429 1046 1455; x_wconf 88' lang='lat' dir='ltr'><strong>ab</strong></span> <span class='ocrx_word' id='word_1_480' title='bbox 1060 1428 1121 1455; x_wconf 84' lang='lat' dir='ltr'><strong>aliis</strong></span> <span class='ocrx_word' id='word_1_481' title='bbox 1137 1427 1289 1454; x_wconf 65' lang='lat' dir='ltr'><strong>hatrcsibns</strong></span> <span class='ocrx_word' id='word_1_482' title='bbox 1302 1447 1309 1460; x_wconf 91' lang='lat'><strong>,</strong></span> <span class='ocrx_word' id='word_1_483' title='bbox 1327 1426 1374 1453; x_wconf 88' lang='lat' dir='ltr'><strong>sed</strong></span> <span class='ocrx_word' id='word_1_484' title='bbox 1393 1433 1438 1453; x_wconf 83' lang='lat' dir='ltr'><strong>eos</strong></span> <span class='ocrx_word' id='word_1_485' title='bbox 1453 1425 1534 1452; x_wconf 82' lang='lat' dir='ltr'><strong>etiam</strong></span> <span class='ocrx_word' id='word_1_486' title='bbox 1552 1424 1597 1458; x_wconf 84' lang='lat' dir='ltr'><strong>qui</strong></span> <span class='ocrx_word' id='word_1_487' title='bbox 1613 1423 1647 1449; x_wconf 85' lang='lat' dir='ltr'><strong>ab</strong></span> <span class='ocrx_word' id='word_1_488' title='bbox 1658 1422 1740 1457; x_wconf 81' lang='lat' dir='ltr'><strong>ipsis—</strong></span> 
     </span>
    </p>
   </div>
   <div class='ocr_carea' id='block_1_70' title="bbox 954 1468 1740 1506">
    <p class='ocr_par' dir='ltr' id='par_1_70' title="bbox 954 1468 1740 1506">
     <span class='ocr_line' id='line_1_70' title="bbox 954 1468 1740 1506; baseline -0.008 -5"><span class='ocrx_word' id='word_1_489' title='bbox 954 1479 1009 1501; x_wconf 86' lang='lat' dir='ltr'><strong>met</strong></span> <span class='ocrx_word' id='word_1_490' title='bbox 1023 1473 1132 1500; x_wconf 84' lang='lat' dir='ltr'><strong>Arianis</strong></span> <span class='ocrx_word' id='word_1_491' title='bbox 1143 1473 1284 1500; x_wconf 86' lang='lat' dir='ltr'><strong>deliciuut.</strong></span> <span class='ocrx_word' id='word_1_492' title='bbox 1300 1471 1415 1506; x_wconf 64' lang='lat' dir='ltr'><strong>Repetiti</strong></span> <span class='ocrx_word' id='word_1_493' title='bbox 1429 1477 1510 1506; x_wconf 89' lang='lat' dir='ltr'><strong>porro</strong></span> <span class='ocrx_word' id='word_1_494' title='bbox 1525 1470 1598 1496; x_wconf 91' lang='lat' dir='ltr'><strong>illius</strong></span> <span class='ocrx_word' id='word_1_495' title='bbox 1611 1468 1740 1502; x_wconf 72' lang='lat' dir='ltr'><strong>baptismi</strong></span> 
     </span>
    </p>
   </div>
   <div class='ocr_carea' id='block_1_71' title="bbox 953 1514 1737 1556">
    <p class='ocr_par' dir='ltr' id='par_1_71' title="bbox 953 1514 1737 1556">
     <span class='ocr_line' id='line_1_71' title="bbox 953 1514 1737 1556; baseline -0.011 -8"><span class='ocrx_word' id='word_1_496' title='bbox 953 1528 984 1548; x_wconf 88' lang='lat' dir='ltr'><strong>ea</strong></span> <span class='ocrx_word' id='word_1_497' title='bbox 1000 1520 1115 1547; x_wconf 80' lang='lat' dir='ltr'><strong>formula</strong></span> <span class='ocrx_word' id='word_1_498' title='bbox 1131 1523 1172 1548; x_wconf 87' lang='lat' dir='ltr'><strong>est</strong></span> <span class='ocrx_word' id='word_1_499' title='bbox 1187 1528 1194 1545; x_wconf 87' lang='lat'><strong>:</strong></span> <span class='ocrx_word' id='word_1_500' title='bbox 1209 1519 1236 1546; x_wconf 92' lang='lat' dir='ltr'><strong>lu</strong></span> <span class='ocrx_word' id='word_1_501' title='bbox 1255 1519 1364 1545; x_wconf 90' lang='lat' dir='ltr'><strong>nomine</strong></span> <span class='ocrx_word' id='word_1_502' title='bbox 1383 1517 1430 1556; x_wconf 85' lang='lat' dir='ltr'><strong>Dei</strong></span> <span class='ocrx_word' id='word_1_503' title='bbox 1447 1516 1570 1547; x_wconf 84' lang='lat' dir='ltr'><strong>increati,</strong></span> <span class='ocrx_word' id='word_1_504' title='bbox 1589 1518 1615 1542; x_wconf 90' lang='lat' dir='ltr'><strong>et</strong></span> <span class='ocrx_word' id='word_1_505' title='bbox 1635 1514 1662 1540; x_wconf 93' lang='lat' dir='ltr'><strong>in</strong></span> <span class='ocrx_word' id='word_1_506' title='bbox 1687 1521 1737 1540; x_wconf 84' lang='lat' dir='ltr'><strong>no-</strong></span> 
     </span>
    </p>
   </div>
   <div class='ocr_carea' id='block_1_72' title="bbox 954 1559 1733 1596">
    <p class='ocr_par' dir='ltr' id='par_1_72' title="bbox 954 1559 1733 1596">
     <span class='ocr_line' id='line_1_72' title="bbox 954 1559 1733 1596; baseline -0.01 -2"><span class='ocrx_word' id='word_1_507' title='bbox 954 1568 1028 1594; x_wconf 86' lang='lat' dir='ltr'><strong>mine</strong></span> <span class='ocrx_word' id='word_1_508' title='bbox 1058 1566 1118 1593; x_wconf 83' lang='lat' dir='ltr'><strong>Filii</strong></span> <span class='ocrx_word' id='word_1_509' title='bbox 1141 1565 1237 1596; x_wconf 82' lang='lat' dir='ltr'><strong>creati,</strong></span> <span class='ocrx_word' id='word_1_510' title='bbox 1257 1565 1326 1592; x_wconf 89' lang='lat' dir='ltr'><strong>et-in</strong></span> <span class='ocrx_word' id='word_1_511' title='bbox 1351 1563 1459 1590; x_wconf 85' lang='lat' dir='ltr'><strong>nomine</strong></span> <span class='ocrx_word' id='word_1_512' title='bbox 1477 1561 1594 1596; x_wconf 83' lang='lat' dir='ltr'><strong>Spiritus</strong></span> <span class='ocrx_word' id='word_1_513' title='bbox 1610 1559 1733 1588; x_wconf 82' lang='lat' dir='ltr'><strong>sanctili-</strong></span> 
     </span>
    </p>
   </div>
   <div class='ocr_carea' id='block_1_73' title="bbox 954 1607 1730 1643">
    <p class='ocr_par' dir='ltr' id='par_1_73' title="bbox 954 1607 1730 1643">
     <span class='ocr_line' id='line_1_73' title="bbox 954 1607 1730 1643; baseline -0.012 -3"><span class='ocrx_word' id='word_1_514' title='bbox 954 1613 1042 1640; x_wconf 86' lang='lat' dir='ltr'><strong>cantis</strong></span> <span class='ocrx_word' id='word_1_515' title='bbox 1063 1616 1090 1639; x_wconf 87' lang='lat' dir='ltr'><strong>et</strong></span> <span class='ocrx_word' id='word_1_516' title='bbox 1113 1619 1128 1638; x_wconf 74' lang='grc' dir='ltr'><strong>ει</strong></span> <span class='ocrx_word' id='word_1_517' title='bbox 1150 1615 1242 1638; x_wconf 88' lang='lat' dir='ltr'><strong>creato</strong></span> <span class='ocrx_word' id='word_1_518' title='bbox 1263 1609 1330 1636; x_wconf 86' lang='lat' dir='ltr'><strong>Filio</strong></span> <span class='ocrx_word' id='word_1_519' title='bbox 1348 1607 1493 1643; x_wconf 84' lang='lat' dir='ltr'><strong>procreati.</strong></span> <span class='ocrx_word' id='word_1_520' title='bbox 1517 1607 1604 1641; x_wconf 85' lang='lat' dir='ltr'><strong>Atque</strong></span> <span class='ocrx_word' id='word_1_521' title='bbox 1624 1610 1652 1632; x_wconf 87' lang='lat' dir='ltr'><strong>ut</strong></span> <span class='ocrx_word' id='word_1_522' title='bbox 1672 1608 1730 1632; x_wconf 89' lang='lat' dir='ltr'><strong>tota</strong></span> 
     </span>
    </p>
   </div>
   <div class='ocr_carea' id='block_1_74' title="bbox 954 1649 1736 1687">
    <p class='ocr_par' dir='ltr' id='par_1_74' title="bbox 954 1649 1736 1687">
     <span class='ocr_line' id='line_1_74' title="bbox 954 1649 1736 1687; baseline -0.012 -3"><span class='ocrx_word' id='word_1_523' title='bbox 954 1658 1061 1684; x_wconf 90' lang='lat' dir='ltr'><strong>illorum</strong></span> <span class='ocrx_word' id='word_1_524' title='bbox 1087 1656 1172 1687; x_wconf 79' lang='lat' dir='ltr'><strong>fraus,</strong></span> <span class='ocrx_word' id='word_1_525' title='bbox 1190 1663 1222 1682; x_wconf 79' lang='lat' dir='ltr'><strong>ac</strong></span> <span class='ocrx_word' id='word_1_526' title='bbox 1246 1653 1360 1682; x_wconf 74' lang='lat' dir='ltr'><strong>scenica:</strong></span> <span class='ocrx_word' id='word_1_527' title='bbox 1372 1653 1444 1680; x_wconf 79' lang='lat' dir='ltr'><strong>velut</strong></span> <span class='ocrx_word' id='word_1_528' title='bbox 1463 1656 1546 1683; x_wconf 83' lang='lat' dir='ltr'><strong>artes,</strong></span> <span class='ocrx_word' id='word_1_529' title='bbox 1571 1654 1598 1678; x_wconf 85' lang='lat' dir='ltr'><strong>et</strong></span> <span class='ocrx_word' id='word_1_530' title='bbox 1621 1649 1736 1676; x_wconf 81' lang='lat' dir='ltr'><strong>fallacia:</strong></span> 
     </span>
    </p>
   </div>
   <div class='ocr_carea' id='block_1_75' title="bbox 955 1697 1739 1738">
    <p class='ocr_par' dir='ltr' id='par_1_75' title="bbox 955 1697 1739 1738">
     <span class='ocr_line' id='line_1_75' title="bbox 955 1697 1739 1738; baseline -0.014 -8"><span class='ocrx_word' id='word_1_531' title='bbox 955 1703 1063 1738; x_wconf 86' lang='lat' dir='ltr'><strong>penitus</strong></span> <span class='ocrx_word' id='word_1_532' title='bbox 1088 1703 1256 1736; x_wconf 83' lang='lat' dir='ltr'><strong>appareant;</strong></span> <span class='ocrx_word' id='word_1_533' title='bbox 1282 1703 1309 1726; x_wconf 88' lang='lat' dir='ltr'><strong>et</strong></span> <span class='ocrx_word' id='word_1_534' title='bbox 1333 1698 1360 1724; x_wconf 87' lang='lat' dir='ltr'><strong>id</strong></span> <span class='ocrx_word' id='word_1_535' title='bbox 1392 1697 1505 1724; x_wconf 90' lang='lat' dir='ltr'><strong>omnino</strong></span> <span class='ocrx_word' id='word_1_536' title='bbox 1531 1698 1651 1725; x_wconf 84' lang='lat' dir='ltr'><strong>constet,</strong></span> <span class='ocrx_word' id='word_1_537' title='bbox 1686 1701 1739 1720; x_wconf 89' lang='lat' dir='ltr'><strong>nou</strong></span> 
     </span>
    </p>
   </div>
   <div class='ocr_carea' id='block_1_76' title="bbox 954 1739 1738 1781">
    <p class='ocr_par' dir='ltr' id='par_1_76' title="bbox 954 1739 1738 1781">
     <span class='ocr_line' id='line_1_76' title="bbox 954 1739 1738 1781; baseline -0.015 -6"><span class='ocrx_word' id='word_1_538' title='bbox 954 1748 1034 1774; x_wconf 82' lang='lat' dir='ltr'><strong>iidem</strong></span> <span class='ocrx_word' id='word_1_539' title='bbox 1052 1755 1112 1774; x_wconf 83' lang='lat' dir='ltr'><strong>esse</strong></span> <span class='ocrx_word' id='word_1_540' title='bbox 1136 1745 1208 1781; x_wconf 86' lang='lat' dir='ltr'><strong>quod</strong></span> <span class='ocrx_word' id='word_1_541' title='bbox 1233 1744 1277 1771; x_wconf 90' lang='lat' dir='ltr'><strong>isti</strong></span> <span class='ocrx_word' id='word_1_542' title='bbox 1307 1742 1466 1778; x_wconf 69' lang='lat' dir='ltr'><strong>praedicanti,</strong></span> <span class='ocrx_word' id='word_1_543' title='bbox 1498 1740 1545 1768; x_wconf 83' lang='lat' dir='ltr'><strong>sed</strong></span> <span class='ocrx_word' id='word_1_544' title='bbox 1573 1739 1738 1766; x_wconf 88' lang='lat' dir='ltr'><strong>histrionum</strong></span> 
     </span>
    </p>
   </div>
   <div class='ocr_carea' id='block_1_77' title="bbox 951 1783 1740 1826">
    <p class='ocr_par' dir='ltr' id='par_1_77' title="bbox 951 1783 1740 1826">
     <span class='ocr_line' id='line_1_77' title="bbox 951 1783 1740 1826; baseline -0.013 -7"><span class='ocrx_word' id='word_1_545' title='bbox 951 1793 1086 1820; x_wconf 81' lang='lat' dir='ltr'><strong>omeiuam</strong></span> <span class='ocrx_word' id='word_1_546' title='bbox 1105 1801 1111 1825; x_wconf 90' lang='lat'>;</span> <span class='ocrx_word' id='word_1_547' title='bbox 1131 1797 1195 1819; x_wconf 89' lang='lat' dir='ltr'><strong>sunt</strong></span> <span class='ocrx_word' id='word_1_548' title='bbox 1213 1789 1260 1826; x_wconf 88' lang='lat' dir='ltr'><strong>qui</strong></span> <span class='ocrx_word' id='word_1_549' title='bbox 1277 1791 1399 1820; x_wconf 84' lang='lat' dir='ltr'><strong>narrent,</strong></span> <span class='ocrx_word' id='word_1_550' title='bbox 1419 1790 1554 1822; x_wconf 87' lang='lat' dir='ltr'><strong>quotquot</strong></span> <span class='ocrx_word' id='word_1_551' title='bbox 1582 1785 1615 1812; x_wconf 87' lang='lat' dir='ltr'><strong>ab</strong></span> <span class='ocrx_word' id='word_1_552' title='bbox 1640 1784 1674 1811; x_wconf 90' lang='lat' dir='ltr'><strong>iis</strong></span> <span class='ocrx_word' id='word_1_553' title='bbox 1693 1783 1740 1810; x_wconf 88' lang='lat' dir='ltr'><strong>de-</strong></span> 
     </span>
    </p>
   </div>
   <div class='ocr_carea' id='block_1_78' title="bbox 951 1829 1739 1873">
    <p class='ocr_par' dir='ltr' id='par_1_78' title="bbox 951 1829 1739 1873">
     <span class='ocr_line' id='line_1_78' title="bbox 951 1829 1739 1873; baseline -0.013 -7"><span class='ocrx_word' id='word_1_554' title='bbox 951 1848 1005 1866; x_wconf 83' lang='lat' dir='ltr'><strong>nuo</strong></span> <span class='ocrx_word' id='word_1_555' title='bbox 1035 1839 1224 1873; x_wconf 83' lang='lat' dir='ltr'><strong>baptizantur,</strong></span> <span class='ocrx_word' id='word_1_556' title='bbox 1249 1836 1275 1863; x_wconf 91' lang='lat' dir='ltr'><strong>in</strong></span> <span class='ocrx_word' id='word_1_557' title='bbox 1308 1838 1390 1870; x_wconf 83' lang='lat' dir='ltr'><strong>caput</strong></span> <span class='ocrx_word' id='word_1_558' title='bbox 1413 1833 1544 1868; x_wconf 80' lang='lat' dir='ltr'><strong>demergi,</strong></span> <span class='ocrx_word' id='word_1_559' title='bbox 1567 1831 1681 1867; x_wconf 80' lang='lat' dir='ltr'><strong>pedibus</strong></span> <span class='ocrx_word' id='word_1_560' title='bbox 1712 1829 1739 1856; x_wconf 91' lang='lat' dir='ltr'><strong>in</strong></span> 
     </span>
    </p>
   </div>
   <div class='ocr_carea' id='block_1_79' title="bbox 951 1875 1740 1920">
    <p class='ocr_par' dir='ltr' id='par_1_79' title="bbox 951 1875 1740 1920">
     <span class='ocr_line' id='line_1_79' title="bbox 951 1875 1740 1920; baseline -0.015 -7"><span class='ocrx_word' id='word_1_561' title='bbox 951 1885 1067 1913; x_wconf 87' lang='lat' dir='ltr'><strong>sublime</strong></span> <span class='ocrx_word' id='word_1_562' title='bbox 1082 1883 1232 1920; x_wconf 80' lang='lat' dir='ltr'><strong>porrectis;</strong></span> <span class='ocrx_word' id='word_1_563' title='bbox 1249 1882 1341 1916; x_wconf 84' lang='lat' dir='ltr'><strong>itaque</strong></span> <span class='ocrx_word' id='word_1_564' title='bbox 1351 1878 1545 1915; x_wconf 82' lang='lat' dir='ltr'><strong>jusjurandum</strong></span> <span class='ocrx_word' id='word_1_565' title='bbox 1561 1877 1632 1912; x_wconf 77' lang='lat' dir='ltr'><strong>adigi</strong></span> <span class='ocrx_word' id='word_1_566' title='bbox 1650 1875 1740 1904; x_wconf 81' lang='lat' dir='ltr'><strong>:Nun-</strong></span> 
     </span>
    </p>
   </div>
   <div class='ocr_carea' id='block_1_80' title="bbox 951 1923 1739 1965">
    <p class='ocr_par' dir='ltr' id='par_1_80' title="bbox 951 1923 1739 1965">
     <span class='ocr_line' id='line_1_80' title="bbox 951 1923 1739 1965; baseline -0.011 -8"><span class='ocrx_word' id='word_1_567' title='bbox 951 1938 1032 1965; x_wconf 86' lang='lat' dir='ltr'><strong>quam</strong></span> <span class='ocrx_word' id='word_1_568' title='bbox 1056 1937 1086 1957; x_wconf 84' lang='lat' dir='ltr'><strong>se</strong></span> <span class='ocrx_word' id='word_1_569' title='bbox 1113 1929 1148 1956; x_wconf 88' lang='lat' dir='ltr'><strong>ab</strong></span> <span class='ocrx_word' id='word_1_570' title='bbox 1170 1928 1244 1955; x_wconf 90' lang='lat' dir='ltr'><strong>illius</strong></span> <span class='ocrx_word' id='word_1_571' title='bbox 1264 1934 1358 1954; x_wconf 87' lang='lat' dir='ltr'><strong>errore</strong></span> <span class='ocrx_word' id='word_1_572' title='bbox 1381 1931 1463 1960; x_wconf 80' lang='lat' dir='ltr'><strong>atque</strong></span> <span class='ocrx_word' id='word_1_573' title='bbox 1486 1924 1582 1951; x_wconf 71' lang='lat' dir='ltr'><strong>haeresi</strong></span> <span class='ocrx_word' id='word_1_574' title='bbox 1601 1923 1739 1950; x_wconf 77' lang='lat' dir='ltr'><strong>discessu—</strong></span> 
     </span>
    </p>
   </div>
   <div class='ocr_carea' id='block_1_81' title="bbox 952 1966 1740 2008">
    <p class='ocr_par' dir='ltr' id='par_1_81' title="bbox 952 1966 1740 2008">
     <span class='ocr_line' id='line_1_81' title="bbox 952 1966 1740 2008; baseline -0.011 -5"><span class='ocrx_word' id='word_1_575' title='bbox 952 1983 1009 2003; x_wconf 88' lang='lat' dir='ltr'><strong>ros.</strong></span> <span class='ocrx_word' id='word_1_576' title='bbox 1033 1975 1136 2002; x_wconf 82' lang='lat' dir='ltr'><strong>Ferunt</strong></span> <span class='ocrx_word' id='word_1_577' title='bbox 1149 1973 1379 2008; x_wconf 78' lang='lat' dir='ltr'><strong>insaperAetium</strong></span> <span class='ocrx_word' id='word_1_578' title='bbox 1395 1972 1484 2006; x_wconf 83' lang='lat' dir='ltr'><strong>ipsum</strong></span> <span class='ocrx_word' id='word_1_579' title='bbox 1503 1975 1565 2005; x_wconf 91' lang='lat' dir='ltr'><strong>post</strong></span> <span class='ocrx_word' id='word_1_580' title='bbox 1587 1966 1740 1997; x_wconf 77' lang='lat' dir='ltr'><strong>Constantii</strong></span> 
     </span>
    </p>
   </div>
   <div class='ocr_carea' id='block_1_82' title="bbox 952 2014 1740 2053">
    <p class='ocr_par' dir='ltr' id='par_1_82' title="bbox 952 2014 1740 2053">
     <span class='ocr_line' id='line_1_82' title="bbox 952 2014 1740 2053; baseline -0.011 -4"><span class='ocrx_word' id='word_1_581' title='bbox 952 2022 1055 2049; x_wconf 87' lang='lat' dir='ltr'><strong>obitum</strong></span> <span class='ocrx_word' id='word_1_582' title='bbox 1084 2028 1098 2047; x_wconf 84' lang='lat' dir='ltr'><strong>a</strong></span> <span class='ocrx_word' id='word_1_583' title='bbox 1130 2019 1239 2047; x_wconf 87' lang='lat' dir='ltr'><strong>Juliano</strong></span> <span class='ocrx_word' id='word_1_584' title='bbox 1256 2019 1419 2053; x_wconf 83' lang='lat' dir='ltr'><strong>imperatore</strong></span> <span class='ocrx_word' id='word_1_585' title='bbox 1451 2020 1608 2044; x_wconf 83' lang='lat' dir='ltr'><strong>revocatum</strong></span> <span class='ocrx_word' id='word_1_586' title='bbox 1630 2014 1665 2041; x_wconf 89' lang='lat' dir='ltr'><strong>ab</strong></span> <span class='ocrx_word' id='word_1_587' title='bbox 1689 2022 1740 2042; x_wconf 79' lang='lat' dir='ltr'><strong>ex-</strong></span> 
     </span>
    </p>
   </div>
   <div class='ocr_carea' id='block_1_83' title="bbox 110 2062 1740 2103">
    <p class='ocr_par' dir='ltr' id='par_1_83' title="bbox 110 2062 1740 2103">
     <span class='ocr_line' id='line_1_83' title="bbox 110 2062 1740 2103; baseline -0.007 -4"><span class='ocrx_word' id='word_1_588' title='bbox 110 2072 195 2103; x_wconf 82' lang='lat' dir='ltr'><strong>silio,</strong></span> <span class='ocrx_word' id='word_1_589' title='bbox 224 2079 286 2098; x_wconf 90' lang='lat' dir='ltr'><strong>cum</strong></span> <span class='ocrx_word' id='word_1_590' title='bbox 317 2075 398 2098; x_wconf 78' lang='lat' dir='ltr'><strong>sectae</strong></span> <span class='ocrx_word' id='word_1_591' title='bbox 437 2078 494 2098; x_wconf 73' lang='lat' dir='ltr'><strong>suae</strong></span> <span class='ocrx_word' id='word_1_592' title='bbox 516 2070 648 2098; x_wconf 86' lang='lat' dir='ltr'><strong>diaconus</strong></span> <span class='ocrx_word' id='word_1_593' title='bbox 674 2073 762 2102; x_wconf 84' lang='lat' dir='ltr'><strong>esset,</strong></span> <span class='ocrx_word' id='word_1_594' title='bbox 791 2068 825 2096; x_wconf 90' lang='lat' dir='ltr'><strong>ab</strong></span> <span class='ocrx_word' id='word_1_595' title='bbox 859 2067 980 2103; x_wconf 78' lang='lat' dir='ltr'><strong>ejusdem</strong></span> <span class='ocrx_word' id='word_1_596' title='bbox 1012 2071 1093 2095; x_wconf 70' lang='lat' dir='ltr'><strong>secta:</strong></span> <span class='ocrx_word' id='word_1_597' title='bbox 1120 2067 1249 2101; x_wconf 84' lang='lat' dir='ltr'><strong>episeopo</strong></span> <span class='ocrx_word' id='word_1_598' title='bbox 1274 2065 1306 2091; x_wconf 86' lang='lat' dir='ltr'><strong>ad</strong></span> <span class='ocrx_word' id='word_1_599' title='bbox 1333 2062 1454 2098; x_wconf 84' lang='lat' dir='ltr'><strong>episcopi</strong></span> <span class='ocrx_word' id='word_1_600' title='bbox 1489 2062 1647 2097; x_wconf 74' lang='lat' dir='ltr'><strong>dignitatem</strong></span> <span class='ocrx_word' id='word_1_601' title='bbox 1676 2068 1740 2088; x_wconf 73' lang='lat' dir='ltr'><strong>esse</strong></span> 
     </span>
    </p>
   </div>
   <div class='ocr_carea' id='block_1_84' title="bbox 110 2121 279 2152">
    <p class='ocr_par' dir='ltr' id='par_1_84' title="bbox 110 2121 279 2152">
     <span class='ocr_line' id='line_1_84' title="bbox 110 2121 279 2152; baseline 0 -8"><span class='ocrx_word' id='word_1_602' title='bbox 110 2121 279 2152; x_wconf 84' lang='lat' dir='ltr'><strong>provectum.</strong></span> 
     </span>
    </p>
   </div>
   <div class='ocr_carea' id='block_1_85' title="bbox 145 2158 938 2196">
    <p class='ocr_par' dir='ltr' id='par_1_85' title="bbox 145 2158 938 2196">
     <span class='ocr_line' id='line_1_85' title="bbox 145 2158 938 2196; baseline -0.003 -9"><span class='ocrx_word' id='word_1_603' title='bbox 145 2161 239 2188; x_wconf 72' lang='grc' dir='ltr'>Ταῦτα</span> <span class='ocrx_word' id='word_1_604' title='bbox 253 2161 281 2187; x_wconf 79' lang='grc' dir='ltr'><strong>δὲ</strong></span> <span class='ocrx_word' id='word_1_605' title='bbox 298 2161 338 2192; x_wconf 74' lang='grc' dir='ltr'><strong>εἰς</strong></span> <span class='ocrx_word' id='word_1_606' title='bbox 349 2161 422 2196; x_wconf 78' lang='grc' dir='ltr'>ἡμᾶς</span> <span class='ocrx_word' id='word_1_607' title='bbox 436 2160 546 2187; x_wconf 79' lang='grc' dir='ltr'>ἐλθόντα</span> <span class='ocrx_word' id='word_1_608' title='bbox 560 2160 675 2191; x_wconf 79' lang='grc' dir='ltr'>Ἀετίου,</span> <span class='ocrx_word' id='word_1_609' title='bbox 691 2159 739 2186; x_wconf 80' lang='grc' dir='ltr'><strong>καὶ</strong></span> <span class='ocrx_word' id='word_1_610' title='bbox 750 2159 805 2186; x_wconf 84' lang='grc' dir='ltr'>τῶν</span> <span class='ocrx_word' id='word_1_611' title='bbox 818 2158 900 2186; x_wconf 78' lang='grc' dir='ltr'>αὐτοῦ</span> <span class='ocrx_word' id='word_1_612' title='bbox 916 2161 938 2188; x_wconf 90' lang='lat' dir='ltr'><strong>D</strong></span> 
     </span>
    </p>
   </div>
   <div class='ocr_carea' id='block_1_86' title="bbox 111 2203 897 2241">
    <p class='ocr_par' dir='ltr' id='par_1_86' title="bbox 111 2203 897 2241">
     <span class='ocr_line' id='line_1_86' title="bbox 111 2203 897 2241; baseline -0.003 -9"><span class='ocrx_word' id='word_1_613' title='bbox 111 2205 246 2241; x_wconf 80' lang='grc' dir='ltr'>μαθητῶν.</span> <span class='ocrx_word' id='word_1_614' title='bbox 276 2203 381 2232; x_wconf 75' lang='grc' dir='ltr'>Οἴστισί</span> <span class='ocrx_word' id='word_1_615' title='bbox 401 2213 474 2237; x_wconf 83' lang='grc' dir='ltr'>τινες</span> <span class='ocrx_word' id='word_1_616' title='bbox 498 2205 652 2240; x_wconf 82' lang='grc' dir='ltr'>Ἀνομοίους</span> <span class='ocrx_word' id='word_1_617' title='bbox 665 2204 792 2231; x_wconf 73' lang='grc' dir='ltr'>ἐπέθεντο</span> <span class='ocrx_word' id='word_1_618' title='bbox 802 2205 897 2238; x_wconf 73' lang='grc' dir='ltr'>ὄνομα,</span> 
     </span>
    </p>
   </div>
   <div class='ocr_carea' id='block_1_87' title="bbox 107 2250 899 2287">
    <p class='ocr_par' dir='ltr' id='par_1_87' title="bbox 107 2250 899 2287">
     <span class='ocr_line' id='line_1_87' title="bbox 107 2250 899 2287; baseline -0.003 -9"><span class='ocrx_word' id='word_1_619' title='bbox 107 2252 154 2278; x_wconf 74' lang='grc' dir='ltr'>διὰ</span> <span class='ocrx_word' id='word_1_620' title='bbox 173 2252 204 2278; x_wconf 74' lang='grc' dir='ltr'><strong>τὺ</strong></span> <span class='ocrx_word' id='word_1_621' title='bbox 220 2252 259 2278; x_wconf 79' lang='grc' dir='ltr'>ἔτι</span> <span class='ocrx_word' id='word_1_622' title='bbox 275 2251 469 2287; x_wconf 76' lang='grc' dir='ltr'>περισσότερον</span> <span class='ocrx_word' id='word_1_623' title='bbox 488 2252 537 2286; x_wconf 81' lang='grc' dir='ltr'>τῆς</span> <span class='ocrx_word' id='word_1_624' title='bbox 551 2251 597 2278; x_wconf 86' lang='grc' dir='ltr'>τοῦ</span> <span class='ocrx_word' id='word_1_625' title='bbox 614 2251 717 2286; x_wconf 79' lang='grc' dir='ltr'>Ἀρείου</span> <span class='ocrx_word' id='word_1_626' title='bbox 732 2250 899 2286; x_wconf 77' lang='grc' dir='ltr'>πεφρονηκέ-</span> 
     </span>
    </p>
   </div>
   <div class='ocr_carea' id='block_1_88' title="bbox 107 2295 899 2334">
    <p class='ocr_par' dir='ltr' id='par_1_88' title="bbox 107 2295 899 2334">
     <span class='ocr_line' id='line_1_88' title="bbox 107 2295 899 2334; baseline -0.004 -9"><span class='ocrx_word' id='word_1_627' title='bbox 107 2307 154 2325; x_wconf 81' lang='grc' dir='ltr'><strong>ναι</strong></span> <span class='ocrx_word' id='word_1_628' title='bbox 167 2298 247 2325; x_wconf 63' lang='grc' dir='ltr'>αὐτὸν</span> <span class='ocrx_word' id='word_1_629' title='bbox 261 2298 393 2334; x_wconf 79' lang='grc' dir='ltr'>αἱρέσεως</span> <span class='ocrx_word' id='word_1_630' title='bbox 406 2297 564 2332; x_wconf 82' lang='grc' dir='ltr'>δεινοτέρως</span> <span class='ocrx_word' id='word_1_631' title='bbox 574 2305 581 2312; x_wconf 89' lang='grc'><strong>·</strong></span> <span class='ocrx_word' id='word_1_632' title='bbox 601 2297 679 2324; x_wconf 83' lang='grc' dir='ltr'>ἆτινα</span> <span class='ocrx_word' id='word_1_633' title='bbox 694 2296 765 2323; x_wconf 79' lang='grc' dir='ltr'>κατὰ</span> <span class='ocrx_word' id='word_1_634' title='bbox 779 2295 808 2323; x_wconf 84' lang='grc' dir='ltr'><strong>τὺ</strong></span> <span class='ocrx_word' id='word_1_635' title='bbox 821 2296 899 2322; x_wconf 81' lang='grc' dir='ltr'>δυνα-</span> 
     </span>
    </p>
   </div>
   <div class='ocr_carea' id='block_1_89' title="bbox 107 2342 898 2380">
    <p class='ocr_par' dir='ltr' id='par_1_89' title="bbox 107 2342 898 2380">
     <span class='ocr_line' id='line_1_89' title="bbox 107 2342 898 2380; baseline -0.004 -9"><span class='ocrx_word' id='word_1_636' title='bbox 107 2345 155 2371; x_wconf 71' lang='grc' dir='ltr'>τὸν</span> <span class='ocrx_word' id='word_1_637' title='bbox 171 2344 346 2380; x_wconf 73' lang='grc' dir='ltr'>λεπτομερῶς</span> <span class='ocrx_word' id='word_1_638' title='bbox 367 2346 395 2370; x_wconf 72' lang='grc' dir='ltr'>ἐν</span> <span class='ocrx_word' id='word_1_639' title='bbox 411 2343 471 2379; x_wconf 80' lang='grc' dir='ltr'>Θεῷ</span> <span class='ocrx_word' id='word_1_640' title='bbox 490 2342 678 2376; x_wconf 75' lang='grc' dir='ltr'>διεξελθόντες,</span> <span class='ocrx_word' id='word_1_641' title='bbox 700 2342 794 2378; x_wconf 81' lang='grc' dir='ltr'>ὥσπερ</span> <span class='ocrx_word' id='word_1_642' title='bbox 815 2342 898 2369; x_wconf 87' lang='grc' dir='ltr'>πολύ-</span> 
     </span>
    </p>
   </div>
   <div class='ocr_carea' id='block_1_90' title="bbox 108 2387 899 2425">
    <p class='ocr_par' dir='ltr' id='par_1_90' title="bbox 108 2387 899 2425">
     <span class='ocr_line' id='line_1_90' title="bbox 108 2387 899 2425; baseline -0.003 -9"><span class='ocrx_word' id='word_1_643' title='bbox 108 2399 177 2416; x_wconf 86' lang='grc' dir='ltr'>πουν</span> <span class='ocrx_word' id='word_1_644' title='bbox 193 2389 402 2425; x_wconf 76' lang='grc' dir='ltr'>σκολόπενδραν,</span> <span class='ocrx_word' id='word_1_645' title='bbox 418 2389 465 2416; x_wconf 79' lang='grc' dir='ltr'>καὶ</span> <span class='ocrx_word' id='word_1_646' title='bbox 483 2388 568 2415; x_wconf 74' lang='grc' dir='ltr'>τουλον</span> <span class='ocrx_word' id='word_1_647' title='bbox 584 2387 616 2415; x_wconf 85' lang='grc' dir='ltr'>τὸ</span> <span class='ocrx_word' id='word_1_648' title='bbox 632 2388 799 2424; x_wconf 84' lang='grc' dir='ltr'>καλούμενον</span> <span class='ocrx_word' id='word_1_649' title='bbox 815 2389 899 2424; x_wconf 73' lang='grc' dir='ltr'>ἑρπευ</span> 
     </span>
    </p>
   </div>
   <div class='ocr_carea' id='block_1_91' title="bbox 107 2435 897 2471">
    <p class='ocr_par' dir='ltr' id='par_1_91' title="bbox 107 2435 897 2471">
     <span class='ocr_line' id='line_1_91' title="bbox 107 2435 897 2471; baseline -0.001 -8"><span class='ocrx_word' id='word_1_650' title='bbox 107 2436 154 2463; x_wconf 82' lang='grc' dir='ltr'>τδν</span> <span class='ocrx_word' id='word_1_651' title='bbox 165 2436 205 2471; x_wconf 86' lang='grc' dir='ltr'>τῷ</span> <span class='ocrx_word' id='word_1_652' title='bbox 223 2436 272 2471; x_wconf 83' lang='grc' dir='ltr'>τῆς</span> <span class='ocrx_word' id='word_1_653' title='bbox 291 2436 421 2471; x_wconf 79' lang='grc' dir='ltr'>ἀληθείας</span> <span class='ocrx_word' id='word_1_654' title='bbox 444 2435 505 2462; x_wconf 74' lang='grc' dir='ltr'>ποδὶ</span> <span class='ocrx_word' id='word_1_655' title='bbox 523 2435 777 2470; x_wconf 82' lang='grc' dir='ltr'>χαταπατήσαντες,</span> <span class='ocrx_word' id='word_1_656' title='bbox 799 2436 845 2462; x_wconf 76' lang='grc' dir='ltr'>καὶ</span> <span class='ocrx_word' id='word_1_657' title='bbox 865 2436 897 2470; x_wconf 78' lang='grc' dir='ltr'>τῇ</span> 
     </span>
    </p>
   </div>
   <div class='ocr_carea' id='block_1_92' title="bbox 107 2479 897 2515">
    <p class='ocr_par' dir='ltr' id='par_1_92' title="bbox 107 2479 897 2515">
     <span class='ocr_line' id='line_1_92' title="bbox 107 2479 897 2515; baseline 0 -9"><span class='ocrx_word' id='word_1_658' title='bbox 107 2480 156 2507; x_wconf 78' lang='grc' dir='ltr'>τοῦ</span> <span class='ocrx_word' id='word_1_659' title='bbox 187 2480 356 2514; x_wconf 83' lang='grc' dir='ltr'>Μονογενοῦς</span> <span class='ocrx_word' id='word_1_660' title='bbox 385 2479 500 2515; x_wconf 80' lang='grc' dir='ltr'>ἀληθινῇ</span> <span class='ocrx_word' id='word_1_661' title='bbox 531 2479 662 2515; x_wconf 75' lang='grc' dir='ltr'>ὁμολογία</span> <span class='ocrx_word' id='word_1_662' title='bbox 689 2479 897 2515; x_wconf 80' lang='grc' dir='ltr'>συντρίψαντες,</span> 
     </span>
    </p>
   </div>
   <div class='ocr_carea' id='block_1_93' title="bbox 109 2523 898 2561">
    <p class='ocr_par' dir='ltr' id='par_1_93' title="bbox 109 2523 898 2561">
     <span class='ocr_line' id='line_1_93' title="bbox 109 2523 898 2561; baseline -0.003 -9"><span class='ocrx_word' id='word_1_663' title='bbox 109 2525 233 2561; x_wconf 73' lang='grc' dir='ltr'>συνήθως</span> <span class='ocrx_word' id='word_1_664' title='bbox 253 2524 314 2560; x_wconf 85' lang='grc' dir='ltr'><strong>Θεῷ</strong></span> <span class='ocrx_word' id='word_1_665' title='bbox 342 2523 580 2559; x_wconf 78' lang='grc' dir='ltr'>εὐχαριστοῦντες,</span> <span class='ocrx_word' id='word_1_666' title='bbox 606 2524 656 2558; x_wconf 82' lang='grc' dir='ltr'>τὴν</span> <span class='ocrx_word' id='word_1_667' title='bbox 677 2525 759 2551; x_wconf 80' lang='grc' dir='ltr'>αὐτοῦ</span> <span class='ocrx_word' id='word_1_668' title='bbox 786 2524 898 2559; x_wconf 80' lang='grc' dir='ltr'>δύναμιν</span> 
     </span>
    </p>
   </div>
   <div class='ocr_carea' id='block_1_94' title="bbox 108 2570 896 2606">
    <p class='ocr_par' dir='ltr' id='par_1_94' title="bbox 108 2570 896 2606">
     <span class='ocr_line' id='line_1_94' title="bbox 108 2570 896 2606; baseline -0.003 -8"><span class='ocrx_word' id='word_1_669' title='bbox 108 2571 276 2606; x_wconf 81' lang='grc' dir='ltr'>ἐπαγόμενοι</span> <span class='ocrx_word' id='word_1_670' title='bbox 296 2571 334 2602; x_wconf 85' lang='grc' dir='ltr'><strong>εἰς</strong></span> <span class='ocrx_word' id='word_1_671' title='bbox 358 2570 483 2606; x_wconf 77' lang='grc' dir='ltr'>βοήθειαν</span> <span class='ocrx_word' id='word_1_672' title='bbox 504 2570 554 2604; x_wconf 77' lang='grc' dir='ltr'>τῆς</span> <span class='ocrx_word' id='word_1_673' title='bbox 581 2570 716 2606; x_wconf 79' lang='grc' dir='ltr'>ἡμετέρας</span> <span class='ocrx_word' id='word_1_674' title='bbox 745 2570 896 2603; x_wconf 76' lang='grc' dir='ltr'>ἀσθενείας,</span> 
     </span>
    </p>
   </div>
   <div class='ocr_carea' id='block_1_95' title="bbox 108 2615 898 2651">
    <p class='ocr_par' dir='ltr' id='par_1_95' title="bbox 108 2615 898 2651">
     <span class='ocr_line' id='line_1_95' title="bbox 108 2615 898 2651; baseline -0.001 -8"><span class='ocrx_word' id='word_1_675' title='bbox 108 2617 156 2644; x_wconf 72' lang='grc' dir='ltr'><strong>ἐπὶ</strong></span> <span class='ocrx_word' id='word_1_676' title='bbox 170 2617 219 2648; x_wconf 77' lang='grc' dir='ltr'><strong>τὰς</strong></span> <span class='ocrx_word' id='word_1_677' title='bbox 235 2617 299 2651; x_wconf 78' lang='grc' dir='ltr'><strong>ἑξῆς</strong></span> <span class='ocrx_word' id='word_1_678' title='bbox 318 2615 524 2649; x_wconf 72' lang='grc' dir='ltr'>ὑπολειφθείσας</span> <span class='ocrx_word' id='word_1_679' title='bbox 544 2615 614 2642; x_wconf 74' lang='grc' dir='ltr'>κατὰ</span> <span class='ocrx_word' id='word_1_680' title='bbox 631 2615 679 2650; x_wconf 85' lang='grc' dir='ltr'>τὴν</span> <span class='ocrx_word' id='word_1_681' title='bbox 694 2615 808 2650; x_wconf 81' lang='grc' dir='ltr'>δύναμιν</span> <span class='ocrx_word' id='word_1_682' title='bbox 819 2616 898 2651; x_wconf 82' lang='grc' dir='ltr'>ἡμῶν</span> 
     </span>
    </p>
   </div>
   <div class='ocr_carea' id='block_1_96' title="bbox 109 2658 898 2698">
    <p class='ocr_par' dir='ltr' id='par_1_96' title="bbox 109 2658 898 2698">
     <span class='ocr_line' id='line_1_96' title="bbox 109 2658 898 2698; baseline -0.001 -10"><span class='ocrx_word' id='word_1_683' title='bbox 109 2663 157 2689; x_wconf 77' lang='grc' dir='ltr'>καὶ</span> <span class='ocrx_word' id='word_1_684' title='bbox 176 2662 326 2696; x_wconf 67' lang='grc' dir='ltr'>κατάληψιν</span> <span class='ocrx_word' id='word_1_685' title='bbox 351 2661 430 2697; x_wconf 76' lang='grc' dir='ltr'>ἡμῶν</span> <span class='ocrx_word' id='word_1_686' title='bbox 445 2663 544 2698; x_wconf 81' lang='grc' dir='ltr'>ἴωμεν,</span> <span class='ocrx_word' id='word_1_687' title='bbox 570 2658 792 2697; x_wconf 80' lang='grc' dir='ltr'>ὣ,ὲπιπόθητοι,</span> <span class='ocrx_word' id='word_1_688' title='bbox 816 2661 898 2688; x_wconf 80' lang='grc' dir='ltr'>αὑτὸν</span> 
     </span>
    </p>
   </div>
   <div class='ocr_carea' id='block_1_97' title="bbox 108 2708 898 2745">
    <p class='ocr_par' dir='ltr' id='par_1_97' title="bbox 108 2708 898 2745">
     <span class='ocr_line' id='line_1_97' title="bbox 108 2708 898 2745; baseline -0.001 -11"><span class='ocrx_word' id='word_1_689' title='bbox 108 2708 334 2744; x_wconf 74' lang='grc' dir='ltr'>ἐπικαλούμενοι,</span> <span class='ocrx_word' id='word_1_690' title='bbox 351 2709 389 2741; x_wconf 84' lang='grc' dir='ltr'>ὡς</span> <span class='ocrx_word' id='word_1_691' title='bbox 400 2709 483 2745; x_wconf 78' lang='grc' dir='ltr'>ἔφην,</span> <span class='ocrx_word' id='word_1_692' title='bbox 505 2709 549 2736; x_wconf 81' lang='grc' dir='ltr'>τὸν</span> <span class='ocrx_word' id='word_1_693' title='bbox 563 2709 700 2744; x_wconf 80' lang='grc' dir='ltr'>Δεσπότην</span> <span class='ocrx_word' id='word_1_694' title='bbox 715 2709 898 2743; x_wconf 81' lang='grc' dir='ltr'>συμπαρεῖναι</span> 
     </span>
    </p>
   </div>
   <div class='ocr_carea' id='block_1_98' title="bbox 107 2754 897 2790">
    <p class='ocr_par' dir='ltr' id='par_1_98' title="bbox 107 2754 897 2790">
     <span class='ocr_line' id='line_1_98' title="bbox 107 2754 897 2790; baseline 0 -10"><span class='ocrx_word' id='word_1_695' title='bbox 107 2754 176 2789; x_wconf 72' lang='grc' dir='ltr'>ἡμῖν</span> <span class='ocrx_word' id='word_1_696' title='bbox 189 2754 258 2790; x_wconf 71' lang='grc' dir='ltr'>πρὸς</span> <span class='ocrx_word' id='word_1_697' title='bbox 270 2754 318 2790; x_wconf 86' lang='grc' dir='ltr'>τὴν</span> <span class='ocrx_word' id='word_1_698' title='bbox 332 2755 444 2782; x_wconf 76' lang='grc' dir='ltr'>ἐκείνων</span> <span class='ocrx_word' id='word_1_699' title='bbox 455 2754 589 2787; x_wconf 67' lang='grc' dir='ltr'>ύπόδειξιν</span> <span class='ocrx_word' id='word_1_700' title='bbox 601 2755 647 2782; x_wconf 79' lang='grc' dir='ltr'>καὶ</span> <span class='ocrx_word' id='word_1_701' title='bbox 658 2754 707 2790; x_wconf 82' lang='grc' dir='ltr'>τὴν</span> <span class='ocrx_word' id='word_1_702' title='bbox 719 2754 786 2788; x_wconf 77' lang='grc' dir='ltr'>πρὸς</span> <span class='ocrx_word' id='word_1_703' title='bbox 800 2754 897 2785; x_wconf 70' lang='grc' dir='ltr'>αὐτοὺς</span> 
     </span>
    </p>
   </div>
   <div class='ocr_carea' id='block_1_99' title="bbox 108 2799 897 2836">
    <p class='ocr_par' dir='ltr' id='par_1_99' title="bbox 108 2799 897 2836">
     <span class='ocr_line' id='line_1_99' title="bbox 108 2799 897 2836; baseline 0 -10"><span class='ocrx_word' id='word_1_704' title='bbox 108 2800 277 2835; x_wconf 81' lang='grc' dir='ltr'>ἁνατροπήν·</span> <span class='ocrx_word' id='word_1_705' title='bbox 286 2801 328 2827; x_wconf 88' lang='grc' dir='ltr'>ῖνα</span> <span class='ocrx_word' id='word_1_706' title='bbox 339 2801 368 2827; x_wconf 81' lang='grc' dir='ltr'>ὲν</span> <span class='ocrx_word' id='word_1_707' title='bbox 381 2802 414 2836; x_wconf 81' lang='grc' dir='ltr'>τῇ</span> <span class='ocrx_word' id='word_1_708' title='bbox 425 2800 507 2828; x_wconf 74' lang='grc' dir='ltr'>αὑτοῦ</span> <span class='ocrx_word' id='word_1_709' title='bbox 517 2801 630 2836; x_wconf 72' lang='grc' dir='ltr'>δυνάμει</span> <span class='ocrx_word' id='word_1_710' title='bbox 642 2800 822 2835; x_wconf 80' lang='grc' dir='ltr'>δυνηθείημεν</span> <span class='ocrx_word' id='word_1_711' title='bbox 830 2799 897 2835; x_wconf 87' lang='grc' dir='ltr'>πλη-</span> 
     </span>
    </p>
   </div>
   <div class='ocr_carea' id='block_1_100' title="bbox 148 2877 633 2910">
    <p class='ocr_par' dir='ltr' id='par_1_100' title="bbox 148 2877 633 2910">
     <span class='ocr_line' id='line_1_100' title="bbox 148 2877 633 2910; baseline 0 -5"><span class='ocrx_word' id='word_1_712' title='bbox 148 2879 157 2895; x_wconf 84' lang='grc'>¹</span> <span class='ocrx_word' id='word_1_713' title='bbox 177 2877 207 2906; x_wconf 77' lang='lat' dir='ltr'><strong>l&quot;.</strong></span> <span class='ocrx_word' id='word_1_714' title='bbox 223 2878 423 2910; x_wconf 77' lang='grc' dir='ltr'>ὺποπιὲζονται.</span> <span class='ocrx_word' id='word_1_715' title='bbox 463 2881 472 2894; x_wconf 80' lang='grc'>³</span> <span class='ocrx_word' id='word_1_716' title='bbox 487 2879 514 2905; x_wconf 84' lang='grc' dir='ltr'><strong>Ι·”,</strong></span> <span class='ocrx_word' id='word_1_717' title='bbox 533 2878 633 2905; x_wconf 67' lang='grc' dir='ltr'>κακῶν.</span> 
     </span>
    </p>
   </div>
   <div class='ocr_carea' id='block_1_101' title="bbox 672 2877 908 2910">
    <p class='ocr_par' dir='ltr' id='par_1_101' title="bbox 672 2877 908 2910">
     <span class='ocr_line' id='line_1_101' title="bbox 672 2877 908 2910; baseline -0.004 -6"><span class='ocrx_word' id='word_1_718' title='bbox 672 2879 682 2893; x_wconf 81' lang='grc'><strong>³</strong></span> <span class='ocrx_word' id='word_1_719' title='bbox 697 2878 780 2904; x_wconf 77' lang='lat' dir='ltr'><strong>Matth</strong></span> <span class='ocrx_word' id='word_1_720' title='bbox 806 2885 850 2910; x_wconf 81' lang='lat' dir='ltr'><strong>xx,</strong></span> <span class='ocrx_word' id='word_1_721' title='bbox 863 2877 908 2904; x_wconf 67' lang='lat'><strong>25.</strong></span> 
     </span>
    </p>
   </div>
   <div class='ocr_carea' id='block_1_102' title="bbox 989 2147 1738 2186">
    <p class='ocr_par' dir='ltr' id='par_1_102' title="bbox 989 2147 1738 2186">
     <span class='ocr_line' id='line_1_102' title="bbox 989 2147 1738 2186; baseline -0.007 -5"><span class='ocrx_word' id='word_1_722' title='bbox 989 2154 1052 2181; x_wconf 56' lang='lat' dir='ltr'><strong>llaec</strong></span> <span class='ocrx_word' id='word_1_723' title='bbox 1069 2156 1144 2184; x_wconf 79' lang='lat' dir='ltr'><strong>sunt,</strong></span> <span class='ocrx_word' id='word_1_724' title='bbox 1156 2159 1216 2186; x_wconf 70' lang='lat' dir='ltr'><strong>quae</strong></span> <span class='ocrx_word' id='word_1_725' title='bbox 1231 2151 1263 2178; x_wconf 85' lang='lat' dir='ltr'><strong>de</strong></span> <span class='ocrx_word' id='word_1_726' title='bbox 1276 2150 1355 2178; x_wconf 78' lang='lat' dir='ltr'><strong>Aetio</strong></span> <span class='ocrx_word' id='word_1_727' title='bbox 1363 2148 1489 2183; x_wconf 83' lang='lat' dir='ltr'><strong>Aetiique</strong></span> <span class='ocrx_word' id='word_1_728' title='bbox 1503 2147 1644 2182; x_wconf 87' lang='lat' dir='ltr'><strong>discipulis</strong></span> <span class='ocrx_word' id='word_1_729' title='bbox 1657 2148 1738 2176; x_wconf 79' lang='lat' dir='ltr'><strong>inve-</strong></span> 
     </span>
    </p>
   </div>
   <div class='ocr_carea' id='block_1_103' title="bbox 950 2193 1737 2236">
    <p class='ocr_par' dir='ltr' id='par_1_103' title="bbox 950 2193 1737 2236">
     <span class='ocr_line' id='line_1_103' title="bbox 950 2193 1737 2236; baseline -0.009 -8"><span class='ocrx_word' id='word_1_730' title='bbox 950 2200 1051 2236; x_wconf 77' lang='lat' dir='ltr'><strong>stigare</strong></span> <span class='ocrx_word' id='word_1_731' title='bbox 1077 2198 1225 2233; x_wconf 87' lang='lat' dir='ltr'><strong>potuimus.</strong></span> <span class='ocrx_word' id='word_1_732' title='bbox 1250 2197 1325 2229; x_wconf 80' lang='lat' dir='ltr'><strong>Quos</strong></span> <span class='ocrx_word' id='word_1_733' title='bbox 1358 2193 1481 2222; x_wconf 88' lang='lat' dir='ltr'><strong>nonnulli</strong></span> <span class='ocrx_word' id='word_1_734' title='bbox 1506 2193 1665 2225; x_wconf 71' lang='lat' dir='ltr'><strong>Anomceos,</strong></span> <span class='ocrx_word' id='word_1_735' title='bbox 1688 2193 1737 2223; x_wconf 85' lang='lat' dir='ltr'><strong>hoe</strong></span> 
     </span>
    </p>
   </div>
   <div class='ocr_carea' id='block_1_104' title="bbox 951 2239 1739 2275">
    <p class='ocr_par' dir='ltr' id='par_1_104' title="bbox 951 2239 1739 2275">
     <span class='ocr_line' id='line_1_104' title="bbox 951 2239 1739 2275; baseline -0.008 -2"><span class='ocrx_word' id='word_1_736' title='bbox 951 2251 993 2274; x_wconf 90' lang='lat' dir='ltr'><strong>est</strong></span> <span class='ocrx_word' id='word_1_737' title='bbox 1015 2244 1171 2274; x_wconf 73' lang='lat' dir='ltr'><strong>dissimiles,</strong></span> <span class='ocrx_word' id='word_1_738' title='bbox 1196 2243 1339 2269; x_wconf 84' lang='lat' dir='ltr'><strong>nominant</strong></span> <span class='ocrx_word' id='word_1_739' title='bbox 1357 2239 1447 2275; x_wconf 89' lang='lat' dir='ltr'><strong>:quod</strong></span> <span class='ocrx_word' id='word_1_740' title='bbox 1472 2239 1601 2265; x_wconf 83' lang='lat' dir='ltr'><strong>Arianam</strong></span> <span class='ocrx_word' id='word_1_741' title='bbox 1622 2239 1739 2267; x_wconf 76' lang='lat' dir='ltr'><strong>luercsiu</strong></span> 
     </span>
    </p>
   </div>
   <div class='ocr_carea' id='block_1_105' title="bbox 955 2283 1738 2324">
    <p class='ocr_par' dir='ltr' id='par_1_105' title="bbox 955 2283 1738 2324">
     <span class='ocr_line' id='line_1_105' title="bbox 955 2283 1738 2324; baseline -0.009 -5"><span class='ocrx_word' id='word_1_742' title='bbox 955 2291 1081 2319; x_wconf 89' lang='lat' dir='ltr'><strong>uberiore</strong></span> <span class='ocrx_word' id='word_1_743' title='bbox 1098 2289 1215 2324; x_wconf 83' lang='lat' dir='ltr'><strong>quadam</strong></span> <span class='ocrx_word' id='word_1_744' title='bbox 1242 2295 1274 2314; x_wconf 82' lang='lat' dir='ltr'><strong>ac</strong></span> <span class='ocrx_word' id='word_1_745' title='bbox 1294 2287 1379 2322; x_wconf 77' lang='lat' dir='ltr'><strong>magis</strong></span> <span class='ocrx_word' id='word_1_746' title='bbox 1395 2283 1563 2313; x_wconf 83' lang='lat' dir='ltr'><strong>exsecranda</strong></span> <span class='ocrx_word' id='word_1_747' title='bbox 1580 2283 1738 2320; x_wconf 74' lang='lat' dir='ltr'><strong>dogmatum</strong></span> 
     </span>
    </p>
   </div>
   <div class='ocr_carea' id='block_1_106' title="bbox 953 2330 1738 2371">
    <p class='ocr_par' dir='ltr' id='par_1_106' title="bbox 953 2330 1738 2371">
     <span class='ocr_line' id='line_1_106' title="bbox 953 2330 1738 2371; baseline -0.009 -7"><span class='ocrx_word' id='word_1_748' title='bbox 953 2337 1092 2371; x_wconf 84' lang='lat' dir='ltr'><strong>impietate</strong></span> <span class='ocrx_word' id='word_1_749' title='bbox 1110 2337 1285 2368; x_wconf 87' lang='lat' dir='ltr'><strong>superarunt.</strong></span> <span class='ocrx_word' id='word_1_750' title='bbox 1312 2331 1348 2359; x_wconf 88' lang='lat' dir='ltr'><strong>De</strong></span> <span class='ocrx_word' id='word_1_751' title='bbox 1364 2331 1462 2366; x_wconf 89' lang='lat' dir='ltr'><strong>quibus</strong></span> <span class='ocrx_word' id='word_1_752' title='bbox 1479 2334 1653 2364; x_wconf 85' lang='lat' dir='ltr'><strong>posteaquam</strong></span> <span class='ocrx_word' id='word_1_753' title='bbox 1680 2330 1738 2357; x_wconf 90' lang='lat' dir='ltr'><strong>sin-</strong></span> 
     </span>
    </p>
   </div>
   <div class='ocr_carea' id='block_1_107' title="bbox 952 2377 1736 2420">
    <p class='ocr_par' dir='ltr' id='par_1_107' title="bbox 952 2377 1736 2420">
     <span class='ocr_line' id='line_1_107' title="bbox 952 2377 1736 2420; baseline -0.008 -9"><span class='ocrx_word' id='word_1_754' title='bbox 952 2383 1066 2420; x_wconf 68' lang='lat' dir='ltr'><strong>gillatim</strong></span> <span class='ocrx_word' id='word_1_755' title='bbox 1079 2390 1130 2418; x_wconf 88' lang='lat' dir='ltr'><strong>pro</strong></span> <span class='ocrx_word' id='word_1_756' title='bbox 1147 2381 1262 2412; x_wconf 82' lang='lat' dir='ltr'><strong>viribus,</strong></span> <span class='ocrx_word' id='word_1_757' title='bbox 1288 2379 1378 2407; x_wconf 85' lang='lat' dir='ltr'><strong>divina</strong></span> <span class='ocrx_word' id='word_1_758' title='bbox 1397 2378 1547 2413; x_wconf 87' lang='lat' dir='ltr'><strong>opitulante</strong></span> <span class='ocrx_word' id='word_1_759' title='bbox 1566 2378 1663 2413; x_wconf 79' lang='lat' dir='ltr'><strong>gratia,</strong></span> <span class='ocrx_word' id='word_1_760' title='bbox 1678 2377 1736 2405; x_wconf 77' lang='lat' dir='ltr'><strong>dis-</strong></span> 
     </span>
    </p>
   </div>
   <div class='ocr_carea' id='block_1_108' title="bbox 953 2424 1729 2466">
    <p class='ocr_par' dir='ltr' id='par_1_108' title="bbox 953 2424 1729 2466">
     <span class='ocr_line' id='line_1_108' title="bbox 953 2424 1729 2466; baseline -0.01 -9"><span class='ocrx_word' id='word_1_761' title='bbox 953 2431 1109 2466; x_wconf 85' lang='lat' dir='ltr'><strong>putavimus</strong></span> <span class='ocrx_word' id='word_1_762' title='bbox 1122 2447 1129 2460; x_wconf 90' lang='lat'><strong>,</strong></span> <span class='ocrx_word' id='word_1_763' title='bbox 1149 2435 1181 2455; x_wconf 87' lang='lat' dir='ltr'><strong>ac</strong></span> <span class='ocrx_word' id='word_1_764' title='bbox 1202 2428 1276 2454; x_wconf 88' lang='lat' dir='ltr'><strong>velut</strong></span> <span class='ocrx_word' id='word_1_765' title='bbox 1302 2425 1475 2459; x_wconf 87' lang='lat' dir='ltr'><strong>multipedem</strong></span> <span class='ocrx_word' id='word_1_766' title='bbox 1500 2424 1708 2458; x_wconf 80' lang='lat' dir='ltr'><strong>scolopendram</strong></span> <span class='ocrx_word' id='word_1_767' title='bbox 1721 2443 1729 2455; x_wconf 94' lang='lat'><strong>,</strong></span> 
     </span>
    </p>
   </div>
   <div class='ocr_carea' id='block_1_109' title="bbox 950 2470 1735 2512">
    <p class='ocr_par' dir='ltr' id='par_1_109' title="bbox 950 2470 1735 2512">
     <span class='ocr_line' id='line_1_109' title="bbox 950 2470 1735 2512; baseline -0.01 -8"><span class='ocrx_word' id='word_1_768' title='bbox 950 2476 1022 2512; x_wconf 92' lang='lat' dir='ltr'><strong>quod</strong></span> <span class='ocrx_word' id='word_1_769' title='bbox 1050 2474 1147 2503; x_wconf 89' lang='lat' dir='ltr'><strong>insecti</strong></span> <span class='ocrx_word' id='word_1_770' title='bbox 1164 2472 1355 2510; x_wconf 75' lang='lat' dir='ltr'><strong>genusjiulum</strong></span> <span class='ocrx_word' id='word_1_771' title='bbox 1378 2475 1486 2503; x_wconf 78' lang='lat' dir='ltr'><strong>vocant,</strong></span> <span class='ocrx_word' id='word_1_772' title='bbox 1514 2470 1637 2497; x_wconf 87' lang='lat' dir='ltr'><strong>veritatis</strong></span> <span class='ocrx_word' id='word_1_773' title='bbox 1668 2470 1735 2505; x_wconf 89' lang='lat' dir='ltr'><strong>pede</strong></span> 
     </span>
    </p>
   </div>
   <div class='ocr_carea' id='block_1_110' title="bbox 949 2515 1738 2559">
    <p class='ocr_par' dir='ltr' id='par_1_110' title="bbox 949 2515 1738 2559">
     <span class='ocr_line' id='line_1_110' title="bbox 949 2515 1738 2559; baseline -0.011 -9"><span class='ocrx_word' id='word_1_774' title='bbox 949 2522 1179 2559; x_wconf 80' lang='lat' dir='ltr'><strong>proculcavimus,</strong></span> <span class='ocrx_word' id='word_1_775' title='bbox 1192 2526 1220 2547; x_wconf 87' lang='lat' dir='ltr'><strong>et</strong></span> <span class='ocrx_word' id='word_1_776' title='bbox 1235 2519 1307 2546; x_wconf 88' lang='lat' dir='ltr'><strong>unici</strong></span> <span class='ocrx_word' id='word_1_777' title='bbox 1333 2517 1379 2545; x_wconf 91' lang='lat' dir='ltr'><strong>Dei</strong></span> <span class='ocrx_word' id='word_1_778' title='bbox 1403 2517 1464 2544; x_wconf 86' lang='lat' dir='ltr'><strong>Filii</strong></span> <span class='ocrx_word' id='word_1_779' title='bbox 1482 2524 1544 2544; x_wconf 89' lang='lat' dir='ltr'><strong>vera</strong></span> <span class='ocrx_word' id='word_1_780' title='bbox 1562 2515 1738 2543; x_wconf 76' lang='lat' dir='ltr'><strong>confessione</strong></span> 
     </span>
    </p>
   </div>
   <div class='ocr_carea' id='block_1_111' title="bbox 950 2562 1732 2602">
    <p class='ocr_par' dir='ltr' id='par_1_111' title="bbox 950 2562 1732 2602">
     <span class='ocr_line' id='line_1_111' title="bbox 950 2562 1732 2602; baseline -0.01 -5"><span class='ocrx_word' id='word_1_781' title='bbox 950 2569 1139 2600; x_wconf 85' lang='lat' dir='ltr'><strong>contrivimus,</strong></span> <span class='ocrx_word' id='word_1_782' title='bbox 1157 2567 1254 2602; x_wconf 81' lang='lat' dir='ltr'><strong>gratiis</strong></span> <span class='ocrx_word' id='word_1_783' title='bbox 1276 2565 1329 2592; x_wconf 90' lang='lat' dir='ltr'><strong>Deo</strong></span> <span class='ocrx_word' id='word_1_784' title='bbox 1357 2571 1433 2591; x_wconf 85' lang='lat' dir='ltr'><strong>more</strong></span> <span class='ocrx_word' id='word_1_785' title='bbox 1456 2567 1550 2590; x_wconf 91' lang='lat' dir='ltr'><strong>nostro</strong></span> <span class='ocrx_word' id='word_1_786' title='bbox 1574 2562 1732 2597; x_wconf 86' lang='lat' dir='ltr'><strong>persolutis,</strong></span> 
     </span>
    </p>
   </div>
   <div class='ocr_carea' id='block_1_112' title="bbox 950 2607 1734 2650">
    <p class='ocr_par' dir='ltr' id='par_1_112' title="bbox 950 2607 1734 2650">
     <span class='ocr_line' id='line_1_112' title="bbox 950 2607 1734 2650; baseline -0.014 -7"><span class='ocrx_word' id='word_1_787' title='bbox 950 2614 1031 2650; x_wconf 80' lang='lat'><strong>993</strong></span> <span class='ocrx_word' id='word_1_788' title='bbox 1050 2614 1165 2648; x_wconf 78' lang='lat' dir='ltr'><strong>ejusque</strong></span> <span class='ocrx_word' id='word_1_789' title='bbox 1180 2612 1213 2639; x_wconf 88' lang='lat' dir='ltr'><strong>ad</strong></span> <span class='ocrx_word' id='word_1_790' title='bbox 1237 2610 1431 2638; x_wconf 85' lang='lat' dir='ltr'><strong>imbecillitatis</strong></span> <span class='ocrx_word' id='word_1_791' title='bbox 1458 2613 1560 2636; x_wconf 75' lang='lat' dir='ltr'><strong>nostra:</strong></span> <span class='ocrx_word' id='word_1_792' title='bbox 1578 2607 1734 2642; x_wconf 56' lang='lat' dir='ltr'><strong>prasidiqu</strong></span> 
     </span>
    </p>
   </div>
   <div class='ocr_carea' id='block_1_113' title="bbox 950 2654 1736 2696">
    <p class='ocr_par' dir='ltr' id='par_1_113' title="bbox 950 2654 1736 2696">
     <span class='ocr_line' id='line_1_113' title="bbox 950 2654 1736 2696; baseline -0.014 -8"><span class='ocrx_word' id='word_1_793' title='bbox 950 2661 1092 2696; x_wconf 83' lang='lat' dir='ltr'><strong>implorata</strong></span> <span class='ocrx_word' id='word_1_794' title='bbox 1117 2660 1226 2690; x_wconf 88' lang='lat' dir='ltr'><strong>virtute,</strong></span> <span class='ocrx_word' id='word_1_795' title='bbox 1256 2657 1289 2684; x_wconf 89' lang='lat' dir='ltr'><strong>ad</strong></span> <span class='ocrx_word' id='word_1_796' title='bbox 1314 2655 1433 2690; x_wconf 84' lang='lat' dir='ltr'><strong>reliquas</strong></span> <span class='ocrx_word' id='word_1_797' title='bbox 1460 2654 1576 2681; x_wconf 66' lang='lat' dir='ltr'><strong>llmrescs</strong></span> <span class='ocrx_word' id='word_1_798' title='bbox 1592 2660 1640 2687; x_wconf 91' lang='lat' dir='ltr'><strong>pro</strong></span> <span class='ocrx_word' id='word_1_799' title='bbox 1654 2656 1736 2686; x_wconf 85' lang='lat' dir='ltr'><strong>captu</strong></span> 
     </span>
    </p>
   </div>
   <div class='ocr_carea' id='block_1_114' title="bbox 947 2697 1728 2740">
    <p class='ocr_par' dir='ltr' id='par_1_114' title="bbox 947 2697 1728 2740">
     <span class='ocr_line' id='line_1_114' title="bbox 947 2697 1728 2740; baseline -0.017 -6"><span class='ocrx_word' id='word_1_800' title='bbox 947 2707 1046 2733; x_wconf 89' lang='lat' dir='ltr'><strong>virium</strong></span> <span class='ocrx_word' id='word_1_801' title='bbox 1063 2701 1472 2740; x_wconf 66' lang='lat' dir='ltr'><strong>nostrarumintelligentiaaque</strong></span> <span class='ocrx_word' id='word_1_802' title='bbox 1495 2703 1675 2726; x_wconf 85' lang='lat' dir='ltr'><strong>transeamus.</strong></span> <span class='ocrx_word' id='word_1_803' title='bbox 1691 2697 1728 2722; x_wconf 85' lang='lat' dir='ltr'><strong>Ae</strong></span> 
     </span>
    </p>
   </div>
   <div class='ocr_carea' id='block_1_115' title="bbox 949 2743 1728 2784">
    <p class='ocr_par' dir='ltr' id='par_1_115' title="bbox 949 2743 1728 2784">
     <span class='ocr_line' id='line_1_115' title="bbox 949 2743 1728 2784; baseline -0.015 -6"><span class='ocrx_word' id='word_1_804' title='bbox 949 2750 1056 2778; x_wconf 86' lang='lat' dir='ltr'><strong>Domini</strong></span> <span class='ocrx_word' id='word_1_805' title='bbox 1073 2750 1098 2776; x_wconf 94' lang='lat' dir='ltr'><strong>in</strong></span> <span class='ocrx_word' id='word_1_806' title='bbox 1112 2749 1207 2784; x_wconf 88' lang='lat' dir='ltr'><strong>primis</strong></span> <span class='ocrx_word' id='word_1_807' title='bbox 1220 2755 1309 2783; x_wconf 89' lang='lat' dir='ltr'><strong>opem,</strong></span> <span class='ocrx_word' id='word_1_808' title='bbox 1321 2752 1350 2773; x_wconf 90' lang='lat' dir='ltr'><strong>ut</strong></span> <span class='ocrx_word' id='word_1_809' title='bbox 1360 2743 1684 2778; x_wconf 84' lang='lat' dir='ltr'><strong>diximus,ilnploremus,</strong></span> <span class='ocrx_word' id='word_1_810' title='bbox 1699 2745 1728 2767; x_wconf 90' lang='lat' dir='ltr'><strong>ut</strong></span> 
     </span>
    </p>
   </div>
   <div class='ocr_carea' id='block_1_116' title="bbox 949 2786 1731 2830">
    <p class='ocr_par' dir='ltr' id='par_1_116' title="bbox 949 2786 1731 2830">
     <span class='ocr_line' id='line_1_116' title="bbox 949 2786 1731 2830; baseline -0.017 -5"><span class='ocrx_word' id='word_1_811' title='bbox 949 2799 972 2826; x_wconf 85' lang='lat' dir='ltr'><strong>is</strong></span> <span class='ocrx_word' id='word_1_812' title='bbox 989 2797 1022 2824; x_wconf 88' lang='lat' dir='ltr'><strong>ad</strong></span> <span class='ocrx_word' id='word_1_813' title='bbox 1040 2797 1100 2824; x_wconf 86' lang='lat' dir='ltr'><strong>illas</strong></span> <span class='ocrx_word' id='word_1_814' title='bbox 1123 2794 1297 2830; x_wconf 76' lang='lat' dir='ltr'><strong>explicandas</strong></span> <span class='ocrx_word' id='word_1_815' title='bbox 1313 2800 1344 2820; x_wconf 83' lang='lat' dir='ltr'><strong>ac</strong></span> <span class='ocrx_word' id='word_1_816' title='bbox 1365 2790 1521 2820; x_wconf 73' lang='lat' dir='ltr'><strong>refutandus</strong></span> <span class='ocrx_word' id='word_1_817' title='bbox 1538 2791 1637 2824; x_wconf 70' lang='lat' dir='ltr'><strong>praesto</strong></span> <span class='ocrx_word' id='word_1_818' title='bbox 1649 2786 1731 2814; x_wconf 79' lang='lat' dir='ltr'><strong>nobis</strong></span> 
     </span>
    </p>
   </div>
  </div>
