1945 3043
419 164 604 193 ADVERSUS
621 162 791 192 HA‘ZRESES
812 162 874 190 LIB.
897 162 939 191 ΙΙΙ.
957 162 1040 189 ΤΟΜ.
1056 162 1087 189 ll.
1109 176 1142 183 -
1160 161 1298 190 IIIEBES.
1319 161 1449 190 LXXVII.

1685 160 1738 188 (3H

374 357 568 402 ΤΟΜΟΣ
589 357 870 403 ΔΕΥΤΕΡΟΣ
889 357 1003 401 ΤΟΥ
1020 357 1222 400 ΤΡΙΤΟΥ
1241 354 1477 399 ΒΙΒΛΙΟΥ.

531 525 788 581 θθ⁵ιιΒιιι
829 535 900 579 111
939 531 1141 580 TOMUS
1176 530 1244 575 II.

339 702 432 729 ΚΑΤΑ
452 701 652 728 ΔΙΜΟΙΡΙΤΩΝ
660 721 667 732 ,

107 759 169 787 Τῶν
183 759 246 787 {md
258 766 347 785 τινων
366 758 546 792 κληθέντων,
567 757 610 793 μὴ
630 757 749 784 τελείαν
762 757 820 790 τὴν
836 758 900 790 Χρι-

140 794 219 821 στοῦ
237 793 468 828 ὲνανθρώπησιν
486 793 730 828 ὁμολογούντων.
752 800 898 826 πεντηκο-

140 829 201 863 στὴ
223 829 345 864 ἑϐδόμη,
361 829 381 863 ὴ
403 829 452 856 καί
466 828 638 862 ἐπτακοστὴ
659 827 779 862 ἑϐδόμη.

141 887 181 913 A’.
203 885 328 921 Καθεξῆς
354 885 382 912 δὲ
405 885 511 916 τούτοις
532 884 612 911 πάλιν
636 884 765 916 ἐπίπονος
789 884 854 919 ἡμῖν
872 885 900 911 ὲν

106 930 244 966 προλήψει
259 929 299 965 τῷ
326 930 374 965 βίῳ
395 929 481 966 ὲρῤύη
498 938 540 961 τις
564 929 694 965 ἀλλοτρία
714 929 764 964 τῆς
784 929 901 961 πίστεως

105 976 178 1009 λέξις
188 985 195 992 ·
211 978 242 1003 ὲκ
265 976 346 1007 ποίας
362 975 452 1007 αἰτίας
467 976 516 1002 οὐκ
537 975 591 1010 ἔχω
605 975 695 1009 λέγειν
708 983 715 990 ·
730 975 788 1001 ἀλλ’
805 975 848 1002 ἴνα
864 974 900 1010 μὴ

105 1023 177 1058 ἐάσῃ
202 1023 217 1049 ὁ
239 1022 283 1049 ἀεὶ
309 1021 453 1057 ταράσσων
474 1021 524 1057 τὴν
549 1021 722 1056 ἀνθρωπείαν
747 1021 837 1056 φύσιν,
856 1021 902 1047 καὶ

106 1068 245 1104 πολεμῶν,
272 1068 310 1099 ὡς
336 1068 435 1099 εἰπεῖν,
461 1067 596 1100 διάόολος,
617 1066 758 1102 ὲμὸάλλων
773 1067 854 1093 αὑτοῦ
868 1066 902 1093 τὰ

105 1115 194 1150 πικρὰ
211 1114 362 1150 δηλητήρια
385 1114 413 1140 ὲν
435 1115 492 1145 τοῖς
516 1113 676 1148 θαυμασίοις
694 1113 833 1148 ἐδέσμασι,
855 1113 902 1140 καὶ

107 1159 145 1191 ὡς
161 1159 191 1185 ὲν
215 1157 302 1193 μέλιτι
319 1157 499 1193 παραϐάλλων
512 1157 561 1193 τὴν
576 1157 700 1192 πικρίαν,
719 1157 789 1183 οὓτω
804 1157 849 1184 διά
863 1167 902 1184 τι·

107 1213 162 1231 νων
190 1203 244 1230 τῶν
275 1204 318 1229 ἐπ’
347 1203 431 1238 ἄκρον
457 1202 514 1238 βίου
541 1202 772 1238 θαυμαζομένων,
799 1203 847 1229 καὶ
873 1203 902 1230 ἐν

107 1250 232 1281 ἐπαίνοις
258 1248 411 1284 ὸρθοδοξίας
434 1249 476 1275 ἀεὶ
491 1248 761 1283 καταγγελλομένων.
779 1249 834 1275 Καὶ
848 1249 902 1284 γὰρ

106 1295 187 1322 τοῦτό
203 1296 261 1321 ἐστι
277 1295 307 1321 τὸ
323 1294 403 1329 ἔργον
424 1293 518 1326 αὑτοῦ,
540 1293 587 1320 τοῦ
604 1294 786 1329 φθονήσαντος
812 1294 902 1329 ἀπαρ-

107 1340 159 1375 χῆς
180 1339 220 1374 τῷ
250 1339 331 1374 πατρὶ
347 1337 425 1373 ἡμῶν
446 1337 542 1372 ’Λδὰμ,
570 1337 617 1364 καὶ
642 1338 725 1364 πᾶσιν
749 1336 903 1372 ἀνθρώποις

1154 692 1295 721 CONTRA
1315 690 1532 721 DIMGSRITAS.

955 753 988 780 Ut
1006 751 1128 780 nonnulli
1136 755 1239 780 vocant,
1256 750 1300 784 qui
1310 747 1569 784 perfectqmitlrliristi
1580 747 1739 784 incarnatio-

970 797 1028 815 nem
1037 787 1176 822 abnegavit,
1185 793 1243 820 qua:
1251 782 1289 812 est
1297 782 1404 811 [Heresis
1412 782 1433 810 L
1442 782 1505 814 VII,
1515 783 1567 810 sive
1576 782 1649 809 LXX
1658 783 1721 810 VII.

988 877 1008 904 l.
1023 876 1088 904 Post
1109 875 1266 910 superiores
1281 873 1343 901 illos
1359 880 1429 900 nova
1445 871 1568 908 quaedam
1589 879 1621 898 ac
1645 869 1741 898 didici-

953 924 986 951 lis
1013 927 1040 950 et
1061 929 1076 949 ιι
1092 925 1166 949 recta
1182 919 1234 947 ﬁde
1247 918 1397 946 abhorrens
1412 916 1524 944 haeresis
1543 923 1575 943 ex
1594 915 1741 949 anticipata

952 969 1132 1004 quorumdam
1154 965 1282 1002 opinione
1301 965 1328 991 in
1344 964 1493 991 humanum
1512 969 1598 997 genus
1615 960 1716 996 prodiit
1733 968 1741 986 :

953 1021 1041 1049 neque
1057 1019 1169 1039 causam
1186 1018 1236 1038 cur
1248 1010 1285 1037 ita
1299 1008 1446 1044 contigerit
1459 1006 1528 1035 satis
1541 1005 1672 1040 intelligo,
1686 1005 1739 1031 nisi

953 1059 1024 1095 quod
1038 1059 1063 1085 id
1080 1064 1163 1084 unum
1175 1056 1302 1083 humana:
1309 1059 1413 1082 natura:
1421 1053 1595 1089 perturbator
1608 1056 1635 1079 et
1655 1051 1742 1079 hostis

952 1105 1078 1132 diabolus
1086 1103 1188 1135 studet,
1204 1109 1345 1136 nunquam
1361 1104 1392 1127 ut
1402 1099 1436 1127 ab
1449 1097 1613 1126 infestandis
1625 1097 1728 1124 homini
1737 1111 1744 1116 -

953 1150 1004 1178 bus
1022 1152 1127 1180 cesset;
1142 1147 1188 1182 qui
1205 1145 1377 1173 amarissimo
1398 1150 1448 1171 suo
1466 1149 1571 1169 veneno
1592 1140 1743 1176 exquisitos

954 1196 1029 1224 cibos
1054 1193 1151 1225 inﬁcit,
1167 1199 1200 1219 ac
1223 1191 1295 1218 melli
1312 1190 1348 1217 fel
1371 1188 1518 1220 admiscet;
1536 1186 1617 1221 idque
1632 1186 1743 1221 potissi-

954 1250 1026 1269 mum
1038 1241 1146 1268 illorum
1159 1246 1245 1274 opera
1261 1237 1382 1268 molitur,
1397 1236 1443 1271 qui
1459 1234 1613 1262 admirabili
1627 1234 1688 1261 vita:
1703 1234 1744 1260 in-

953 1289 1051 1316 stituto
1061 1286 1247 1317 celebrantur,
1255 1287 1282 1311 et
1296 1286 1406 1318 propter
1417 1281 1532 1309 sincerae
1541 1279 1603 1308 ﬁdei
1623 1279 1743 1307 studium

954 1335 1134 1368 ardoremque
1149 1329 1386 1359 commendantur.
1406 1327 1463 1355 Hoc
1480 1327 1552 1354 enim
1574 1327 1684 1353 unicum
1709 1325 1745 1352 il-

108 1386 313 1422 ὲχθραίνοντος·
336 1385 374 1416 ὠς
400 1383 447 1411 καί
469 1392 519 1410 που
543 1384 623 1410 τινῶν
643 1383 755 1418 ¹σοφῶν
784 1383 900 1418 εἴρηται,

957 1379 1006 1407 lius
1025 1387 1094 1414 opus
1113 1382 1166 1412 est,
1187 1378 1234 1413 qui
1252 1380 1279 1405 et
1298 1377 1430 1404 adversus
1453 1380 1593 1412 parentem
1618 1380 1745 1402 nostrum

108 1433 149 1458 ὅτι
167 1432 281 1464 (Mida-oc
301 1430 347 1458 ἀεὶ
374 1430 440 1464 ταῖς
457 1429 602 1464 μεγάλαις
627 1430 801 1464 εὐπραγίαις
822 1429 903 1456 ἀντι-

109 1479 218 1510 παλος.
252 1476 330 1503 υῦτω
360 1477 408 1503 καὶ
436 1476 479 1503 διὰ
508 1476 562 1503 τῶν
593 1475 723 1511 μειζόνων
750 1475 903 1512 προσώπων

110 1522 192 1549 ἔϐαλέ
207 1531 282 1554 τινας
296 1522 457 1558 προφάσεις,
474 1522 518 1549 ἵνα
531 1522 605 1557 ἡμᾶς
627 1521 674 1548 κα)⁸
689 1521 738 1557 τὴν
756 1521 835 1556 ἁγίαν
857 1521 902 1548 τοῦ

110 1569 179 1596 Θεοῦ
201 1568 363 1604 Ἐκκλησίαν
385 1567 488 1595 ἄλυπον
504 1567 540 1603 μὴ
567 1567 647 1603 ἐάσῃ,
665 1567 734 1594 ἀλλά
754 1567 797 1594 ἀεὶ
822 1568 902 1603 Θορυ-

111 1614 247 1650 6ουμένην
270 1623 299 1641 τε
330 1614 378 1640 καὶ
411 1613 627 1648 πολεμουμένην.
647 1613 740 1646 Ἔδοξε
767 1613 819 1649 γάρ
849 1621 904 1640 τισι

112 1662 159 1689 καὶ
173 1662 229 1693 τοῖς
243 1660 273 1693 ἐξ
293 1659 372 1696 ἡμῶν
390 1659 571 1695 ὁρμωμένοις,
595 1659 642 1686 καὶ
669 1660 698 1685 ὲν
723 1659 828 1696 μεγάλῃ
847 1659 905 1685 δια-

112 1706 186 1733 θέσει
198 1706 375 1741 ὐπάρχουσιν,
390 1705 421 1731 ὲν
435 1704 557 1736 ἐπαίνοις
583 1704 612 1730 δὲ
625 1703 668 1730 ἀεὶ
687 1704 752 1738 παρ’
772 1705 836 1739 ἡμῖν
858 1704 905 1730 καὶ

114 1752 190 1788 παρὰ
206 1752 288 1778 πᾶσιν
300 1750 451 1786 ὀρθοδόξοις
465 1750 692 1785 ὲκθειαζομένοις,
705 1750 905 1785 παρεκὸάλλειν

112 1799 158 1824 τὸν
176 1797 238 1824 νοῦν
254 1797 308 1824 ἀπὸ
324 1797 375 1832 τῆς
389 1796 438 1824 τοῦ
458 1795 576 1832 Χριστοῦ
594 1796 727 1832 ὲνσάρκου
742 1797 904 1831 παρουσίας,

114 1845 162 1870 καὶ
187 1843 289 1877 λέγειν,
316 1843 357 1869 ὅτι
383 1843 472 1878 σάρκα
495 1842 591 1869 ἔλαϐεν
613 1843 627 1868 ὁ
652 1842 768 1878 Χριστὸς
784 1841 868 1868 ἐλθὼν
892 1843 906 1869 ό

115 1889 217 1924 Κύριος
229 1889 318 1924 ἡμῶν,
336 1889 383 1914 καὶ
400 1887 501 1923 ψυχὴν,
521 1887 583 1914 νοῦν
607 1887 635 1913 δὲ
648 1887 698 1914 οὐκ
718 1887 807 1920 ἔλαϐε,
827 1895 906 1913 τουτ-

114 1934 172 1961 έστι
194 1933 295 1960 τέλειον
310 1933 469 1968 ἄνθρωπον·
497 1933 522 1959 τί
540 1933 572 1959 ὲκ
596 1931 692 1958 τούτου
711 1931 750 1966 τῷ
772 1931 822 1967 βίῳ
842 1941 906 1958 συν-

115 1979 336 2014 εισενεγκάμενοι
350 1978 442 2013 ἀγνοῶ
458 1977 557 2012 λέγειν,
573 1977 589 2013 ἦ
606 1978 679 2014 παρὰ
693 1978 773 2004 τίνων
786 1978 839 2004 τῶν
854 1978 907 2014 πρὸ

953 1425 1088 1452 Adamum
1114 1424 1215 1452 invidia
1240 1423 1371 1458 primum,
1399 1425 1426 1450 et
1445 1421 1577 1449 adversus
1595 1421 1745 1448 humanum

956 1479 1036 1499 omne
1053 1478 1140 1506 genus
1165 1469 1236 1497 odiis
1258 1468 1394 1496 ell‘erbuit.
1420 1467 1506 1500 Quam
1525 1467 1558 1494 ad
1581 1466 1744 1494 sententiam

955 1515 1085 1550 praclare
1095 1514 1204 1549 sapiens
1215 1513 1325 1548 quidam
1340 1511 1418 1545 dixit,
1431 1511 1563 1539 Invidiam
1574 1511 1674 1547 magnis
1687 1519 1746 1546 pcr-

954 1566 1030 1595 peluo
1040 1559 1292 1596 9965uccessibus
1311 1559 1456 1586 adversari.
1473 1557 1519 1585 Sic
1530 1557 1613 1593 igitur
1627 1565 1676 1592 per
1687 1565 1731 1583 ma

955 1615 1024 1643 gnos
1037 1614 1161 1642 quosque
1168 1607 1243 1634 viros
1251 1613 1360 1633 errores
1372 1604 1534 1637 introduxit,
1542 1605 1580 1631 uti
1593 1611 1643 1631 nos
1659 1607 1742 1638 atque

955 1653 1078 1681 Ecclesia
1093 1653 1141 1680 Dei
1151 1652 1290 1687 perpetuis
1310 1650 1444 1679 molestiis
1474 1658 1505 1677 ac
1518 1650 1679 1677 tumultibus
1690 1651 1746 1676 bel-

955 1701 1044 1736 lisque
1072 1699 1272 1727 conﬂictentur.
1290 1697 1398 1725 Etenim
1427 1697 1568 1724 nonnullis
1589 1698 1745 1723 nostrorum

957 1746 1069 1782 placuit,
1083 1749 1110 1772 et
1125 1744 1234 1779 quidem
1252 1742 1401 1778 primariis,
1428 1745 1510 1776 atque
1533 1748 1548 1768 a
1572 1740 1651 1768 nobis
1672 1744 1699 1767 et
1711 1741 1747 1767 ab

956 1791 1084 1819 omnibus
1101 1789 1263 1818 orthodoxis
1285 1787 1386 1815 divinis
1413 1786 1611 1822 propemodum
1634 1785 1746 1813 honori-

957 1838 1008 1866 bus
1021 1836 1136 1868 a’ﬂ'eclis,
1155 1839 1273 1863 mentem
1293 1835 1327 1861 ab
1341 1833 1444 1861 Christi
1457 1832 1647 1860 incarnatione
1658 1830 1747 1857 dimo—

956 1891 1029 1917 vere,
1043 1882 1224 1916 eumdemque
1241 1888 1351 1908 carnem
1365 1887 1427 1906 cum
1444 1879 1534 1906 anima
1542 1877 1674 1905 duntaxat
1685 1883 1748 1904 sus-

957 1929 1071 1963 cepisse,
1089 1929 1206 1954 mentem
1226 1932 1291 1952 vero
1325 1931 1510 1959 nequaquam,
1529 1929 1652 1950 asserere
1669 1928 1676 1947 :
1696 1920 1748 1948 hoc

958 1977 999 2001 est
1014 1980 1069 2000 non
1084 1971 1237 2007 perfectum
1254 1969 1391 1996 hominem
1407 1967 1542 1995 induisse.
1560 1965 1654 2001 Neque
1667 1965 1748 1992 video

114 2010 423 2061 aﬁzmv'pspquzd-ieg,
446 2024 463 2059 ἢ
479 2010 505 2050 τί
525 2010 661 2060 ὠφέλιμον
677 2025 710 2051 ἐκ
732 2024 826 2051 τούτου
843 2010 903 2059 κερ-

958 2017 1023 2053 quid
1037 2016 1089 2044 hac
1107 2016 1237 2051 opinione
1258 2014 1379 2041 humano
1391 2010 1482 2049 géneri
1503 2011 1680 2044 contulerint,
1700 2016 1748 2037 aut

1025 2061 1041 2066 ..
1170 2059 1213 2066 ...
1304 2057 1324 2066 ,.
1629 2064 1634 2066 ,
1653 2056 1745 2066 ξλεμ

113 2072 254 2107 δήσαντες,
272 2071 288 2106 ἣ
310 2069 491 2106 χαρισάμενοι
508 2069 576 2104 ἡμῖν
587 2078 616 2096 τε
637 2070 683 2096 καὶ
698 2070 754 2101 τοϊς
767 2069 905 2101 ἀκούουσι,

114 2117 162 2143 καὶ
176 2118 209 2152 τῇ
226 2117 290 2151 ἁγίᾳ
305 2116 351 2142 τοῦ
373 2115 440 2142 Θεοῦ
464 2115 630 2150 Ἐκκλησίᾳ’
647 2115 723 2142 οὐδὲν
739 2115 808 2151 πλὴν
822 2115 838 2150 ἦ
859 2123 908 2141 τα-

115 2163 200 2199 ραχὴν
217 2163 263 2189 καὶ
278 2162 409 2197 διαίρεσιν
431 2162 471 2193 εἰς
492 2162 566 2196 ἡμᾶς
585 2161 778 2196 ἐργασάμενοι,
793 2161 840 2187 καὶ
860 2161 907 2187 λύ-

116 2217 182 2243 πην,
199 2208 246 2235 καὶ
270 2205 370 2242 ζημίαν
395 2207 444 2242 τῆς
459 2207 507 2234 ἀπ’
533 2206 655 2242 ἀλλήλων
672 2206 838 2241 γλυκύτητος
860 2206 906 2233 καὶ

115 2254 237 2289 ἀγάπης.
262 2250 318 2288 Τὴν
340 2253 395 2288 γὰρ
418 2253 473 2279 τῶν
497 2252 576 2280 θείων
599 2253 716 2289 Γραφῶν
735 2252 904 2286 ἀκολουθίαν,

115 2300 162 2327 καὶ
184 2299 329 2335 εὐθύτητα,
354 2299 402 2326 καὶ
420 2299 537 2330 ἀκακίας
553 2299 710 2334 ὁμολογίαν,
733 2299 905 2334 προφητικήν

115 2354 145 2372 τε
163 2345 211 2372 καὶ
224 2344 414 2380 εὑαγγελικὴν,
435 2345 482 2371 καὶ
502 2343 685 2379 ἀποστολικὴν
697 2343 789 2370 πίστιν
804 2343 905 2378 παρέν-

115 2398 172 2421 τες,
194 2388 352 2423 σοφιστικὴν
367 2389 433 2423 ἡμῖν
455 2388 526 2422 λέξιν
539 2389 585 2415 καὶ
602 2388 710 2424 μυθώδη
736 2388 905 2423 παρεισήγα-

116 2443 174 2469 γον,
194 2435 251 2469 μεθ’
268 2431 302 2468 ἧς
318 2434 365 2461 καὶ
393 2434 496 2461 πολλῶν
519 2435 613 2462 δεινῶν
639 2434 809 2467 ἀκολουθίαν,
833 2434 906 2470 πλη-

118 2480 228 2515 ροῦντες
244 2481 272 2506 ἐν
288 2480 393 2511 ἑαυτοῖς
417 2479 446 2505 τὸ
463 2480 616 2515 εἰρημένον,
635 2480 675 2506 ὅτι
701 2479 907 2513 Ἀποστήσον-

116 2526 165 2552 ται
182 2534 261 2558 τινες
284 2525 338 2560 τῆς
363 2527 556 2561 ὑγηκινούσης
580 2525 790 2559 διδασκαῑίας,
812 2533 905 2560 προσ-

114 2571 238 2606 έχοντες
252 2573 358 2606 μύθοις
373 2572 423 2598 καί
437 2572 644 2607 κενοφωνίαις.

958 2069 973 2088 a
986 2061 1152 2096 quibusnam
1169 2057 1325 2087 istiusmodi
1342 2058 1440 2092 dogma
1463 2056 1611 2084 didicerint
1627 2064 1635 2083 :
1649 2056 1748 2091 quidve

958 2112 1005 2134 aut
1026 2114 1059 2134 ex
1075 2113 1107 2134 ea
1124 2113 1154 2133 re
1173 2104 1349 2132 emolumenti
1366 2103 1418 2138 ipsi
1442 2102 1575 2138 ceperint.
1600 2106 1648 2129 aut
1668 2102 1722 2129 nob
1735 2110 1748 2129 s

958 2153 1040 2188 ipsis,
1056 2157 1137 2187 atque
1151 2150 1325 2178 auditoribus
1339 2149 1480 2180 omnibus,
1502 2149 1626 2182 adeoque
1644 2152 1748 2175 sant-ta:

958 2198 1005 2226 Dei
1020 2197 1150 2225 Ecclesiae
1164 2196 1272 2224 fructus
1283 2195 1433 2226 attulerint,
1449 2194 1502 2221 nisi
1515 2197 1544 2220 ut
1556 2192 1690 2220 tumultus
1715 2201 1748 2220 ac

958 2244 1111 2271 simultates
1127 2247 1155 2270 et
1184 2242 1294 2270 dolores
1310 2241 1382 2268 inter
1396 2248 1447 2268 nos
1461 2239 1618 2270 excitarint.
1634 2242 1749 2266 mutua:-

958 2298 1010 2324 que
1025 2288 1179 2317 concordia
1187 2287 1386 2322 charitatisque
1398 2286 1560 2314 suavitatem
1572 2285 1748 2312 extorserint.

958 2334 1063 2369 Quippe
1085 2333 1240 2362 divinarum
1255 2330 1688 2367 Scripturarumconsentientem
1717 2337 1748 2357 ac

958 2384 1064 2408 rectum
1086 2379 1222 2411 ordinem,
1243 2383 1269 2407 et
1297 2378 1461 2406 innocentizc
1484 2376 1695 2412 professionem.
1717 2384 1748 2404 ac

958 2426 1161 2461 propheticam,
1184 2424 1369 2460 evangelicam
1401 2427 1429 2452 et
1451 2422 1629 2459 apostolicam
1668 2421 1748 2449 ﬁdem

958 2472 1135 2507 negligentes,
1151 2470 1317 2506 sopliisticas
1334 2469 1415 2497 nobis
1443 2468 1567 2504 argutias
1587 2475 1620 2495 ac
1641 2467 1748 2495 fabulas

958 2518 1150 2549 obtruserunt;
1181 2516 1281 2552 quibus
1315 2515 1436 2543 infinitas
1466 2514 1546 2542 nobis
1579 2514 1748 2541 calamitates

957 2565 1117 2596 attulerunt,
1135 2567 1217 2598 atque
1239 2562 1266 2589 in
1291 2562 1390 2597 seipsis
1410 2560 1533 2596 Apostoli
1557 2559 1660 2587 dictum
1682 2559 1748 2586 illud

957 2610 1142 2645 impleverunt
1160 2618 1166 2636 :
1182 2608 1310 2643 Deﬁcienl
1323 2609 1431 2642 quidam
1445 2617 1461 2634 a
1481 2615 1548 2634 sana
1560 2606 1691 2638 doctrina.
1707 2610 1748 2632 at-

958 2653 1088 2680 tendentes
1101 2652 1200 2687 fabulis
1219 2657 1243 2679 et
1260 2652 1381 2679 inanibus
1397 2653 1473 2687 nugis
1489 2652 1510 2679 ¹,

153 2700 190 2728 B’.
205 2700 233 2727 '0
242 2700 397 2736 πρεσϐύτης
407 2701 454 2727 καὶ
471 2700 673 2736 σεμνοπρεπὴς,
682 2702 695 2727 ὁ
704 2701 746 2727 ἀεὶ
759 2701 825 2736 ἡμῖν
839 2702 903 2735 ἀγα-

998 2698 1028 2725 11.
1042 2698 1173 2733 Egregius
1199 2698 1243 2725 ille
1260 2705 1291 2724 ac
1304 2697 1468 2725 venerabilis
1479 2705 1572 2727 senex,
1589 2703 1670 2731 quem
1687 2702 1747 2725 nos.

117 2747 212 2782 πητὺς,
230 2747 276 2772 καὶ
290 2745 331 2780 τῷ
349 2746 487 2782 μακαρίτῃ
505 2746 584 2781 πάπᾳ
607 2746 767 2782 Ἀθανασίῳ,
790 2747 837 2774 καὶ
854 2748 907 2773 πᾶ-

117 2800 159 2819 σιν
188 2789 353 2825 ὀρθοδόξοις,
384 2789 586 2826 ’Δπολλινάριος
610 2791 624 2816 ὁ
653 2791 704 2819 ἀπὸ
735 2791 906 2822 Λαοδικείας,

157 2867 207 2895 'F.
228 2868 280 2895 ὑπό
290 2877 380 2896 τινων,
419 2868 429 2883 ¹
446 2867 466 2893 11
483 2866 551 2893 Tim.
575 2874 611 2894 Iv.
633 2866 658 2894 5.

960 2749 985 2772 et
1002 2745 1086 2771 beata:
1105 2743 1242 2771 memoria:
1259 2751 1326 2778 papa
1349 2743 1527 2772 Athanasius,
1544 2741 1599 2767 imo
1614 2747 1678 2767 vero
1694 2739 1747 2766 Ca-

962 2789 1055 2818 tholici
1075 2797 1169 2818 oman
1189 2789 1268 2817 unice
1283 2789 1438 2821 dileximus,
1459 2786 1624 2822 Apollinaris
1648 2785 1748 2812 Laodi-
