1945 3043
191 135 245 162 645

905 132 932 160 S.
956 129 1126 158 El’IPHANII

1777 120 1830 148 σει

192 199 287 223 cenus,
300 191 382 225 hujus
392 190 526 226 dogmatis
539 194 636 217 auctor
650 197 681 216 ac
693 193 857 225 propagator
866 189 980 216 exstitit.

1041 185 1110 220 ὦτος
1125 185 1159 223 ἦν
1176 188 1190 214 ὁ
1204 188 1233 214 ἐν
1253 187 1324 223 ἀρχῇ
1341 186 1419 214 τοῦτο
1432 186 1463 213 τὺ
1478 186 1555 222 ῥῆμα
1567 187 1715 223 ἐπινοήσας
1734 195 1766 213 τε
1783 191 1832 213 και

193 237 231 264 Ae
244 237 377 272 principio
391 237 499 272 quidem
516 244 578 263 cum
596 236 622 264 id
637 237 717 263 nobis
734 235 858 263 nonnulli
876 243 909 263 ex
922 235 983 269 ejus

192 283 336 317 discipulis
349 286 501 314 narrarent,
525 282 604 310 fidem
625 290 678 309 non
693 282 872 314 habebamus,
895 289 983 316 neque

192 329 340 356 verisimile
353 329 515 364 putabamus
523 336 538 355 a
554 332 630 355 tanto
639 328 698 356 viro
709 336 830 356 errorem
847 327 983 363 ejusmodi

194 374 352 408 profectum.
373 373 464 409 Itaque
474 374 605 401 nonnulla
618 374 707 401 adhuc
726 374 868 401 meliorum
883 381 931 408 spe
940 380 983 408 pa-

196 419 294 446 tienter
308 420 539 454 exspectavimus,
556 419 642 446 donec
659 427 715 446 rem
731 426 838 446 omnem
855 423 984 447 accurate

195 465 383 499 cognovimus.
396 464 452 491 lloe
463 465 535 492 enim
546 465 704 492 dicebamus
715 473 721 491 :
732 465 886 500 Discipulos
899 465 983 498 illius,

195 512 241 546 qui
260 511 292 538 ad
308 519 357 538 nos
371 511 551 541 ventitabaut,
575 518 635 538 cum
655 519 685 538 ea
707 511 820 538 minime
843 515 984 545 caperent,

195 563 256 590 qua:
279 556 312 582 ab
343 556 451 582 erudito
477 556 523 583 illo
544 563 575 583 ac
598 555 713 590 sapienti
734 556 793 582 viro
816 560 985 590 przeeeptore

195 609 245 627 suo
264 601 403 633 abstrusa,
418 608 450 627 ac
472 600 612 627 recondita
631 599 829 634 proferrentur,
850 599 985 633 ejusmodi

195 647 318 682 quaedam
338 647 448 674 liuxisse
464 647 527 675 sibi.
543 654 604 682 qua)
624 647 657 673 ab
683 647 729 673 illo
752 653 891 680 nunquam
913 646 985 672 didi-

195 698 300 724 cerant.
319 694 469 728 praesertim
494 700 556 720 cum
581 695 663 719 multa
684 693 756 719 inter
778 693 849 725 illus,
866 692 911 726 qui
936 700 986 719 nos

196 739 318 771 adibant,
333 739 492 774 opinionum
508 738 628 766 varietas
641 743 724 766 esset.
739 737 844 772 Quippe
859 737 986 764 nonnulli

195 792 227 812 eo
240 785 376 819 progressi
389 788 463 817 sunt,
482 788 511 811 ut
524 783 663 812 Christum
678 790 779 817 corpus
796 790 811 810 e
825 782 896 810 ccelo
907 782 988 810 detu-

196 830 262 857 lisse
272 830 395 857 dicereut
414 838 420 856 :
437 837 497 865 qua:
513 828 632 857 absurda
657 827 856 863 peregrinaque
871 827 988 854 commi-

1034 231 1232 268 προαγόμενος.
1259 231 1314 258 Καὶ
1330 231 1364 258 τὰ
1386 231 1483 266 πρῶτα
1506 231 1555 266 μὲν
1574 232 1750 267 ὲνηχούμενοι
1776 232 1832 258 ἀπό

1033 287 1114 304 τινων
1130 277 1185 304 τῶν
1202 278 1247 303 ὑπ’
1264 277 1346 304 αὐτοῦ
1366 277 1629 313 μεμαθητειιμένων,
1644 277 1831 312 ὴπιστοῦμεν,

1033 324 1058 349 et
1075 323 1128 359 ἄρα
1142 324 1156 350 ὸ
1172 323 1241 359 ἀνὴρ
1254 322 1374 356 τοιοῦτος
1390 323 1532 359 τυγχάνων
1547 323 1624 350 τοῦτο
1639 325 1832 358 παρεισήγαγε

1033 370 1072 406 τῷ
1098 370 1148 406 βίῳ
1169 370 1200 397 τὺ
1225 370 1310 406 ῥῆμα,
1327 369 1367 396 ἔτι
1383 370 1413 396 ὲν
1436 370 1585 406 aposioqu
1604 370 1711 401 ἐλπίδος
1727 378 1834 405 μακρο-

1034 416 1193 452 θυμοῦντες,
1206 416 1259 447 ἕως
1275 416 1403 451 τάκριϐὲς
1417 415 1583 451 ὲπιγνῶμεν.
1611 415 1757 451 Ἐλέγομεν
1776 416 1833 452 γὰρ

1034 462 1096 494 τοὺς
1114 462 1212 493 παῖδας
1233 462 1296 493 τοὺς
1318 461 1363 489 ὑπ’
1387 461 1481 493 αὑτοῦ,
1505 462 1574 497 πρὸς
1596 462 1670 497 ἡμᾶς
1695 462 1834 497 ἀφικομέ-

1034 517 1106 540 νους,
1132 508 1169 543 μὴ
1187 508 1314 540 νοοῦντας
1335 508 1370 534 τὰ
1392 507 1496 542 βαθέως
1509 508 1562 534 ὑπὸ
1581 508 1628 534 τοῦ
1642 508 1765 534 τοιούτου
1788 508 1835 535 λο-

1035 554 1094 588 γίου
1113 553 1220 589 ἀνδρὸς,
1238 554 1285 580 καὶ
1302 553 1425 586 συνετοῦ,
1449 553 1496 580 καὶ
1517 553 1688 586 διδασκάλω,
1704 555 1751 588 ἀφ’
1768 555 1835 582 Em»

1035 600 1089 626 τῶν
1112 599 1199 626 ταῦτα
1222 599 1361 631 πλάττειν,
1381 600 1418 635 μὴ
1445 600 1493 626 ἀπ’
1515 600 1597 627 αὑτοῦ
1622 601 1833 636 μεμαθηκότας.

1035 646 1125 672 Πολλὰ
1141 646 1195 682 γὰρ
1219 644 1264 682 ἦν,
1282 646 1299 673 ἃ
1316 647 1345 672 ἐν
1370 647 1462 678 αὐτοῖς
1490 646 1558 682 πρὸς
1575 647 1648 682 ἡμᾶς
1671 647 1835 682 ἐρχομένοις

1036 693 1233 728 ἡμερισάλλετο.
1259 693 1338 725 Τινὲς
1365 693 1485 729 μὲνγὰρ
1502 693 1591 720 αὐτῶν
1615 694 1768 729 ἐτόλμησαν
1791 694 1836 720 λέ-

1037 747 1095 772 γειν
1110 737 1212 765 ἄνωθεν
1237 738 1282 766 τὸν
1308 739 1425 774 Χριστὸν
1448 739 1478 766 τὸ
1495 739 1574 775 σῶμα
1599 741 1833 776 κατενηνοχέναι·

1037 783 1204 818 ἐπιμένουσα
1221 784 1248 811 δὲ
1265 785 1294 811 ἐν
1318 787 1351 820 τῇ
1377 786 1432 813 τῶν
1453 785 1603 822 ἀνθρώπων
1623 786 1712 822 ἐννοίᾳ
1726 788 1743 821 ή
1759 787 1836 819 ξενο-

1038 829 1115 864 λογία
1129 830 1176 857 ἐπὶ
1192 831 1239 866 τὴν
1254 831 1395 868 δεινότητα
1409 832 1550 868 προκοπὴν
1567 831 1720 868 εἰργάζετο.
1740 833 1836 860 Ἀλλοι

196 874 320 902 niscendi
338 874 457 906 licentia,
473 873 614 901 hominum
635 872 718 900 semel
729 872 828 900 animis
849 871 981 903 incidens,

1041 875 1064 902 se
1079 876 1108 908 ἐξ
1125 876 1215 903 αὐτῶν
1239 876 1286 903 καὶ
1310 877 1340 904 τὸ
1364 876 1454 913 ψυχὴν
1475 877 1615 912 εἰληφέναι
1641 877 1686 904 τὸν
1713 878 1836 914 Χριστὸν

197 919 230 946 ad
246 920 370 954 graviora
385 919 583 955 acerbioraque
596 917 677 953 997
691 917 836 952 processit.
854 917 906 944 Alii
921 924 985 944 vero

196 965 337 992 Christum
349 965 468 992 animam
479 965 664 999 assumpsisse
677 967 856 999 negaverunt.
871 963 987 997 Quidam

196 1011 319 1047 ejusdem
343 1011 446 1038 Christi
463 1018 565 1046 corpus
588 1010 724 1037 divinitati
751 1009 988 1037 consubstantiale

196 1066 250 1085 non
269 1058 429 1084 dubitarunt
452 1064 586 1084 asserere.
606 1056 712 1090 Quibus
733 1056 892 1092 opinionum
918 1063 982 1091 por-

198 1105 280 1132 tentis
297 1104 435 1131 Orientem
456 1111 621 1139 magnopere
642 1103 854 1138 perturbarunt:
877 1106 989 1137 propter

196 1159 265 1186 quos
283 1151 395 1179 conflari
422 1151 557 1186 synodum
583 1157 697 1178 necesse
721 1149 783 1180 fuit,
809 1149 989 1184 ejusdemque

195 1197 307 1224 decreto
324 1196 510 1224 condemnari.
528 1195 599 1229 Quin
616 1195 697 1223 etiam
716 1194 907 1222 commentarii
928 1194 990 1228 qui-

196 1243 258 1270 dea:
281 1242 433 1277 praescripti
452 1246 527 1273 sunt,
551 1248 669 1276 quorum
695 1241 820 1276 exempla
846 1240 879 1267 ad
902 1239 932 1266 B.
950 1239 987 1267 Μ.

196 1297 293 1323 papam
315 1288 495 1316 Athanasium
519 1287 601 1315 missa
624 1291 705 1314 sunt:
730 1287 828 1321 quibus
852 1286 896 1313 ille
916 1294 989 1313 com-

197 1334 339 1362 mentariis
355 1334 489 1361 adductus
502 1338 554 1365 est,
573 1336 602 1360 ut
618 1333 749 1360 adversus
761 1332 919 1368 dogmatum
932 1332 990 1359 illo-

197 1389 258 1408 rum
284 1385 436 1408 assertores
462 1387 584 1407 minaces
611 1378 716 1406 litteras
741 1379 774 1406 ad
804 1378 989 1406 venerabilem

198 1427 356 1461 episcopum
372 1425 524 1460 Epictetum
543 1425 687 1456 scriberet,
707 1432 721 1450 a
740 1432 795 1459 quo
809 1429 920 1459 rogatus
935 1424 990 1451 fue-

198 1477 252 1504 rat,
280 1476 310 1498 ut
328 1471 498 1506 tempestatis
523 1471 596 1498 illius
619 1478 651 1497 ac
677 1470 812 1497 tumultus
830 1469 989 1498 auctoribus

198 1517 385 1552 responderet.
406 1516 588 1549 Quamobrem
607 1516 634 1544 in
651 1515 745 1543 eadem
761 1515 877 1550 epistola
890 1514 924 1542 de
938 1514 990 1542 ﬁde

1039 921 1200 957 ἠρνήσαντο.
1221 923 1300 955 Τινὲς
1326 923 1355 950 δὲ
1383 924 1432 952 καὶ
1457 924 1600 960 ὀμοούσιον
1627 924 1657 951 τὸ
1681 924 1764 960 σῶμα
1787 924 1836 952 τοῦ

1040 966 1158 1002 Χριστοῦ
1175 969 1206 1003 τῇ
1226 967 1333 1004 θεότητι
1349 969 1440 1004 λέγειν
1455 970 1618 1006 ἐτόλμησαν.
1638 971 1687 998 καὶ
1707 971 1743 997 τὰ
1765 972 1830 998 ἀνω

1039 1012 1135 1047 τερικὰ
1160 1013 1229 1049 μέρη
1252 1014 1294 1045 εἰς
1320 1014 1420 1050 πολλὴν
1438 1017 1560 1052 ταραχὴν
1584 1017 1775 1052 κατέστησανο
1802 1017 1837 1043 δι’

1040 1057 1086 1088 οὓς
1106 1058 1213 1094 ἀνάγκη
1229 1059 1325 1094 γέγονε
1339 1060 1394 1096 (92)
1411 1061 1519 1088 σύνοδον
1535 1062 1763 1098 συγκροτηθῆναι,
1788 1063 1838 1089 καὶ

1040 1103 1239 1138 ἀναθεματίσαι
1265 1105 1329 1137 τοὺς
1357 1106 1504 1139 τοιούτους.
1536 1108 1617 1135 Ἀλλὰ
1639 1108 1686 1135 καὶ
1711 1109 1838 1144 ὑπομνή-

1042 1157 1115 1184 ματα
1131 1149 1300 1186 πέπρακται,
1317 1148 1353 1179 ὧν
1375 1153 1529 1189 ἀντίγραφα
1542 1154 1581 1189 τῷ
1597 1154 1736 1190 μακαρίτῃ
1755 1155 1838 1191 ﬁdae;

1047 1195 1198 1231 Ἀθανασίῳ
1215 1197 1354 1234 ἀπεστάλη
1364 1207 1371 1214 ⁸
1395 1199 1429 1227 δι’
1445 1201 1478 1235 ἦν
1501 1201 1588 1227 αἰτίαν
1601 1201 1655 1227 τῶν
1670 1202 1839 1237 ὑπομνημά-

1040 1251 1094 1269 των
1123 1243 1171 1269 καὶ
1201 1243 1282 1276 αὐτὸς
1310 1246 1324 1271 ὁ
1353 1246 1508 1281 μακαρίτης
1539 1247 1699 1282 ἠναγκάσθη
1730 1248 1839 1282 γράψαι

1040 1287 1185 1324 ἐπιστολὴν
1209 1290 1279 1317 κατὰ
1306 1291 1359 1317 τῶν
1387 1292 1421 1319 τὰ
1446 1292 1559 1319 τοιαῦτα.
1584 1292 1735 1327 λεγόντων,
1769 1295 1841 1330 μετὰ

1040 1333 1225 1369 ἀπειλητικῶν
1237 1336 1324 1370 λόγων
1337 1338 1563 1373 ἐπιπεμψάμενος
1575 1340 1613 1375 τῷ
1627 1341 1840 1376 αἱδεσιμωτάτῳ

1043 1380 1186 1416 ὲπισκόπῳ
1220 1381 1386 1418 Ἐπικτήτῳ,
1413 1384 1452 1410 ὅτι
1477 1385 1629 1420 κατηξίωσε
1650 1388 1713 1422 περὶ
1739 1388 1840 1414 τούτου

1040 1424 1092 1452 κᾶν
1106 1426 1253 1462 ἀπόκρισιν
1266 1428 1322 1459 τοῖς
1341 1429 1475 1464 ταράξασι
1489 1430 1592 1458 δοῦναι.
1617 1432 1714 1465 Σαφῶς
1729 1432 1758 1459 δὲ
1774 1433 1840 1468 περὶ

1040 1471 1089 1506 τῆς
1106 1471 1223 1504 πίστεως
1244 1473 1352 1508 γράψας
1368 1475 1382 1500 ὁ
1407 1475 1487 1507 αὐτὸς
1506 1477 1661 1513 μακαρίτης
1680 1479 1708 1505 ἐν
1733 1479 1838 1513 ταυτῷ,

1041 1518 1088 1544 καὶ
1111 1518 1175 1561 τους
1196 1519 1267 1546 αὐτὰ
1291 1520 1445 1554 φάσκοντας
1461 1522 1508 1549 καὶ
1527 1524 1709 1558 ταράττοντας
1732 1525 1840 1561 ἀπεκή-

199 1564 342 1599 perspicue
356 1567 540 1597 accurateque
555 1562 652 1589 beatus
668 1561 712 1589 ille
727 1561 870 1592 disseruit,
884 1564 911 1589 et
927 1560 988 1588 illos

1042 1562 1132 1599 ρυξεν.
1155 1560 1209 1596 Ἦς
1225 1565 1370 1601 ἐπιστολῆς
1383 1566 1414 1594 τὺ
1431 1555 1598 1604 ἀντιγραίέον
1614 1569 1731 1596 ἐνταῦθα
1749 1555 1840 1606 παρα-

199 1616 330 1635 nuvorum
346 1607 503 1642 dogmalum
520 1612 715 1643 propagatores
730 1606 989 1641 pet‘turbatoresque

1041 1608 1135 1636 θέσθαι
1156 1609 1243 1637 διόλου
1258 1612 1407 1646 ἀναγκαῖον
1430 1614 1588 1650 ἡγησάμην.
1610 1616 1664 1642 Καὶ
1684 1616 1742 1644 ἔστι
1766 1616 1838 1643 τόδε·

200 1654 368 1689 proscripsit.
383 1653 470 1689 Cujus
486 1653 610 1689 epistola:
623 1653 760 1688 integrum
785 1652 937 1687 exemplum
956 1652 1000 1680 hic
1021 1655 1160 1684 ascribere
1190 1659 1377 1687 necessarium
1398 1668 1460 1688 esse
1479 1662 1554 1689 duxi.
1576 1661 1624 1689 Est
1640 1668 1731 1691 autem
1762 1663 1840 1698 ejus-

199 1702 271 1728 modi
293 1710 300 1728 :

199 1760 362 1788 Athanasius
374 1761 509 1795 episcopus
523 1758 696 1801 Alexandria:
710 1758 828 1793 Epicteto
840 1758 992 1787 Corinthio-

491 1803 549 1821 runt
565 1802 695 1829 episcopo.

236 1850 279 1877 Ill.
306 1850 437 1885 Equidem
460 1850 616 1877 arbitrabar
635 1850 838 1882 hazreticorum,
857 1855 992 1886 quotquot

200 1904 320 1931 unquam
337 1896 456 1927 fuerunt,
469 1896 593 1922 omnium
612 1903 708 1922 vanam
729 1895 934 1931 absurdamque
951 1895 993 1923 lo-

201 1943 367 1978 quacitatem
386 1941 421 1969 ab
441 1940 550 1968 Nicmna
574 1941 680 1977 synodo
703 1941 812 1976 penitus
832 1949 894 1969 esse
917 1949 993 1968 com—

200 1995 333 2023 pressam.
354 1986 420 2020 Qum
443 1978 597 2027 enim'illic
617 1993 633 2013 a
653 1985 782 2014 Patribus
801 1994 835 2014 ex
852 1994 994 2014 sacrarum

201 2035 366 2062 auctoritate
386 2033 549 2061 Litterarum
569 2033 711 2069 proposita
727 2033 788 2061 ﬁdei
806 2033 924 2061 formula
938 2038 992 2066 est,

201 2089 264 2109 cum
281 2080 315 2108 ad
328 2089 409 2108 omne
421 2088 507 2116 genus
522 2080 668 2115 impietatis
681 2080 868 2113 evertendum,
886 2085 942 2108 tum
957 2080 992 2108 ad

200 2128 354 2163 religiosam
371 2127 398 2154 in
420 2127 531 2154 Christo
556 2126 635 2154 ﬁdem
658 2126 845 2153 allirmandam
868 2126 993 2154 suﬂicere

200 2175 319 2202 videtur.
335 2174 517 2207 Quamobrem
533 2181 594 2201 eum
607 2181 655 2208 per
670 2173 797 2205 Galliam,
816 2173 991 2208 Hispaniam,

1050 1761 1222 1796 Ἀθανάσιος
1237 1763 1406 1802 ἐπίσκοπος
1431 1766 1653 1801 Ἀλεξανδρείας
1666 1768 1742 1802 πρὸς
1760 1769 1839 1797 Ἐπί-

1194 1807 1305 1832 mmor
1323 1800 1493 1827 ἐπίσκοπον
1511 1803 1684 1836 Κορινθίων.

1081 1854 1118 1881 Γν.
1146 1854 1217 1889 Ἐγὼ
1235 1855 1284 1890 μὲν
1305 1856 1431 1892 ἐνόμιζον
1447 1858 1539 1884 πᾶσαν
1559 1859 1754 1894 ματαιολογίαν
1771 1862 1838 1888 πάψ

1042 1907 1107 1931 των,
1120 1900 1176 1926 ὅσοι
1190 1900 1322 1936 δηποτοῦν
1334 1903 1403 1929 εἰσιν
1414 1903 1558 1938 αἰρετικοὶ.
1574 1904 1732 1932 πεπαῦσθαι
1743 1907 1776 1933 ὲκ
1787 1907 1837 1943 τῆς

1042 1945 1192 1981 γενομένης
1213 1947 1242 1973 ἐν
1258 1947 1360 1984 Νικαίᾳ
1376 1948 1497 1976 συνόδου.
1520 1949 1552 1976 Ἦ
1567 1950 1621 1986 γὰρ
1635 1951 1664 1977 ἐν
1678 1951 1747 1987 αὐτῇ
1763 1953 1837 1988 παρὰ

1042 1990 1097 2017 τῶν
1110 1991 1241 2027 Πατέρων
1254 1993 1326 2020 κατὰ
1341 1993 1391 2026 τὰς
1414 1994 1495 2027 ἁγίας
1514 1995 1626 2031 Γραφὰς
1641 1997 1837 2033 ὁμολογηθεῖσα

1043 2035 1135 2067 πίστις
1158 2037 1299 2073 αὐτάρκης
1323 2038 1381 2065 ἐστὶ
1403 2039 1472 2074 πρὸς
1496 2040 1652 2076 ἀνατροπὴν
1678 2042 1728 2077 μὲν
1748 2043 1837 2079 πάσης

1045 2081 1184 2116 ἀσεϐείας,
1202 2082 1332 2111 σύστασιν
1349 2084 1378 2111 δὲ
1398 2085 1448 2120 τῆς
1470 2085 1500 2112 ὲν
1518 2086 1629 2122 Χριστῷ
1649 2087 1779 2120 εὐσεϐοῦς
1796 2089 1837 2115 πί-

1047 2131 1140 2159 στεως.
1161 2128 1210 2155 Διὰ
1225 2129 1303 2155 τοῦτο
1320 2129 1386 2163 γοῦν
1400 2130 1447 2157 καὶ
1467 2130 1515 2157 νῦν
1528 2130 1665 2167 διαφόρων
1684 2133 1836 2168 γενομένων

1047 2172 1174 2206 συνόδων,
1188 2174 1217 2201 ἐν
1229 2183 1259 2201 τε
1271 2176 1305 2210 τῇ
1318 2175 1419 2211 Γαλλίᾳ
1429 2176 1477 2203 καὶ
1491 2177 1607 2213 Σπανίᾳ,
1624 2179 1670 2204 καὶ
1684 2180 1717 2214 τῇ
1734 2179 1837 2214 μεγάλῃ

201 2221 349 2256 Romaeque
363 2220 431 2247 adeo
449 2219 601 2254 frequentia
615 2219 667 2246 hoc
679 2223 801 2255 tempore
812 2221 927 2248 concilia
946 2228 989 2248 ce-

1049 2219 1153 2256 Ῥώμῃ,
1170 2221 1270 2253 πάντες
1287 2223 1312 2249 οἱ
1336 2222 1509 2255 συνελθόντες
1521 2212 1589 2255 τοὺς
1603 2224 1655 2260 μὲν

202 2268 304 2295 lebrata
321 2267 385 2298 sint,
402 2270 537 2303 quotquot
558 2267 585 2293 in
602 2266 656 2294 illis
671 2267 831 2302 congregati
850 2271 925 2303 sunt,
943 2275 993 2294 oc-

201 2314 291 2340 cultus
305 2313 362 2340 Arii
379 2312 510 2344 fautores,
531 2312 697 2339 Auxentium
721 2312 784 2340 dico
806 2312 994 2340 Mediolanen-

202 2367 271 2389 sem,
292 2364 318 2386 et
343 2357 495 2390 Ursatium,
526 2365 558 2384 ac
586 2357 740 2390 Valentem,
761 2357 857 2385 Caium
883 2366 993 2394 quoque

188 2405 384 2437 'Panuouium,
407 2404 480 2431 velut
501 2404 583 2432 unius
598 2404 688 2431 aillatu
708 2404 833 2439 spiritus,
855 2406 994 2432 communi

203 2451 333 2486 suffragio
345 2450 575 2481 condemnarunt,
591 2454 618 2478 et
631 2450 785 2486 encyclicas
802 2450 908 2478 litteras
926 2451 996 2478 scri-

204 2502 317 2532 pserunt
333 2507 339 2524 :
352 2496 462 2531 quibus,
474 2496 545 2531 quod
559 2497 603 2524 isti
617 2496 785 2532 synodorum
797 2495 865 2524 falsa
881 2498 993 2524 nomina

201 2546 346 2578 jactarent,
359 2544 441 2570 ullam
455 2543 482 2571 in
495 2543 615 2571 Ecclesia
630 2543 765 2570 catholica
777 2543 912 2579 synodum
925 2551 995 2578 pne-

202 2596 245 2619 ter
260 2590 395 2617 Niczenam
411 2589 546 2617 nominari
558 2592 721 2616 vetuerunt:
736 2597 796 2624 qua:
812 2596 874 2616 cum
890 2589 923 2616 de
939 2597 993 2616 cre-

203 2636 269 2664 teris
289 2635 428 2668 omnibus,
448 2638 504 2662 tum
524 2634 559 2661 de
577 2633 678 2660 Ariana
698 2633 874 2669 potissimum
896 2633 992 2662 hrcrcsi

239 2714 294 2749 (9'2)
311 2714 350 2741 Δι’
371 2713 425 2746 οὓς
441 2712 556 2747 ἀνάγκη
572 2711 688 2749 γέγονε.
705 2711 809 2747 Duplex
823 2711 879 2749 illis
887 2715 992 2749 tempe;

204 2747 279 2778 ribus
295 2749 387 2776 habita
408 2748 528 2784 synodus
543 2752 601 2784 est,
618 2748 644 2774 in
658 2755 714 2784 qua
729 2754 807 2784 error
825 2747 991 2784 Apollinarii

204 2785 350 2812 damnatus
365 2782 430 2811 est!
445 2783 530 2818 prima
544 2782 716 2818 Alexandria;
732 2783 766 2809 ab
787 2782 948 2818 Athanasio,
965 2787 992 2809 et

209 2819 324 2846 Eusebio
339 2816 505 2846 Vercellensi
519 2837 526 2848 .
542 2822 686 2852 postquam
698 2816 808 2844 Juliano
827 2817 990 2851 imperante,

209 2854 325 2889 Georgio
341 2854 374 2880 ab
393 2852 584 2881 Alexandrinis
601 2853 711 2886 occiso,
730 2852 787 2880 sedi
805 2859 861 2881 sua:
880 2853 992 2880 restitu-

1047 2264 1153 2300 μένους,
1175 2265 1223 2292 καὶ
1246 2267 1413 2301 φρονοῦντας
1433 2267 1469 2294 τὰ
1494 2269 1612 2304 'Apsfou,
1639 2269 1785 2302 Αὑξέντιον
1807 2271 1836 2306 δὴ

1044 2309 1118 2345 λέγω
1138 2310 1184 2337 τὺν
1203 2311 1233 2337 ὲν
1256 2312 1424 2348 Μεδιολάνῳ,
1447 2313 1495 2340 καὶ
1516 2314 1679 2350 οὑρσάκιον,
1703 2316 1751 2343 καὶ
1771 2317 1837 2344 Οὐά-

1045 2355 1137 2388 λεντα,
1153 2356 1232 2383 Γάϊον
1248 2358 1302 2385 ἀπὸ
1323 2359 1373 2394 τῆς
1394 2360 1551 2393 Παννονίας,
1575 2360 1719 2396 παμψηφὶ,
1734 2362 1773 2393 ὠς
1787 2363 1837 2389 ἀπὸ

1046 2401 1106 2433 ἑνὸς
1123 2402 1281 2438 πνεύματος
1301 2404 1466 2440 κινούμενοι,
1490 2405 1699 2441 ἀνεθεμάτισαν*
1715 2407 1836 2442 ἔγραψαν

1047 2447 1076 2474 δὲ
1089 2449 1238 2484 πανταχοῦ,
1256 2449 1301 2476 διὰ
1321 2450 1351 2476 τὸ
1367 2451 1431 2482 τοὺς
1447 2451 1584 2484 τοιούτους
1600 2453 1718 2479 ἐπινοεῖν
1733 2454 1836 2486 ἑαυτοῖς

1046 2493 1166 2528 ὀνόματα
1185 2495 1312 2527 συνόδων,
1332 2496 1467 2532 μηδεμίαν
1484 2498 1513 2524 ὲν
1526 2499 1558 2533 τῇ
1571 2499 1703 2534 καθολικῇ
1725 2500 1836 2535 Ἐκκλη-

1048 2539 1093 2575 σία
1109 2540 1216 2568 σύνοδον
1227 2542 1420 2577 ὀνομάζεσθαι,
1437 2544 1462 2570 εἰ
1481 2543 1519 2579 μὴ
1535 2544 1615 2579 μόνον
1629 2545 1677 2580 τὴν
1692 2545 1722 2571 ὲν
1737 2546 1835 2582 Νικαιᾳ

1046 2588 1206 2623 γενομένην,
1223 2588 1353 2623 τρόπαιον
1369 2589 1420 2623 μὲν
1433 2587 1516 2616 οὖσαν
1535 2590 1626 2626 πάσης
1637 2591 1782 2626 αἱρέσεως.
1797 2593 1836 2624 ἐξ-

1045 2634 1161 2670 αιρέτως
1173 2634 1201 2661 δὲ
1210 2634 1261 2670 τῆς
1279 2635 1433 2671 Ἀρειανῆς,
1449 2635 1483 2661 δι’
1497 2636 1530 2671 ἣν
1547 2637 1664 2672 μάλιστα
1679 2638 1727 2665 καὶ
1743 2639 1760 2674 ἡ
1775 2639 1834 2665 σύν-

1045 2716 1090 2740 tus
1104 2717 1146 2739 est
1160 2713 1330 2748 Athanasius
1344 2733 1351 2744 ,
1379 2721 1452 2741 anno
1471 2714 1574 2741 Christi
1590 2714 1663 2748 56%;
1681 2715 1767 2742 altera
1785 2715 1835 2742 Ro-

1046 2755 1096 2775 mae
1111 2748 1163 2775 sub
1179 2747 1296 2776 Damaso
1311 2768 1318 2780 .
1335 2756 1408 2776 anno
1427 2749 1530 2776 Christi
1551 2750 1615 2777 573.
1636 2749 1703 2777 Vide
1720 2751 1834 2778 Annam

1045 2783 1137 2820 ecclés.
1157 2782 1193 2810 De
1220 2784 1271 2820 hoc
1298 2785 1445 2820 posteriori
1465 2786 1600 2817 concilio,
1628 2786 1709 2820 cujus
1744 2794 1834 2814 recens

1045 2825 1107 2854 eum
1124 2818 1180 2845 haec
1199 2819 1332 2846 scriberet
1347 2818 1515 2854 Epiphanius
1532 2818 1743 2854 memoriaerat,
1762 2829 1836 2849 eum.

1046 2853 1106 2880 dem
1121 2853 1326 2888 intelligendum
1343 2853 1480 2882 existimo.
