1945 3043
120 155 173 181 Ml";

422 153 604 181 ADVERSUS
628 153 797 181 llAil’tESl-jS
813 154 877 181 LIB.
898 154 940 182 Ill.
964 154 1045 182 ΤΟΜ.
1063 155 1097 183 'Il.
1120 172 1151 176 —-
1170 155 1306 183 IIIERES.
1321 156 1448 184 LXXVII.

1704 159 1754 185 Uti

119 211 179 242 οδος
198 210 259 236 τότε
284 210 413 246 συνήχθη,
442 210 503 241 Πῶς
525 210 614 236 τοίνυν
638 210 678 236 ἐτι
703 210 770 245 μετὰ
798 210 908 237 τοσαῦτε

968 211 1154 247 triumphavit,
1169 212 1251 247 cujus
1265 212 1347 239 unius
1360 213 1449 247 gratia
1464 213 1635 248 potissimum
1645 220 1686 242 est
1698 217 1755 242 col-

121 257 305 294 ἀμφισϐητεῖν
317 265 390 288 τινες
404 257 420 292 ἢ
437 257 529 292 ζητεῖν
544 255 747 291 ὲπιχειροῦσιν;
766 256 798 282 Ei
812 256 860 291 μὲν
870 254 916 283 οὖν

120 305 154 330 ὲκ
167 303 222 330 τῶν
243 303 270 328 Ἀ
277 302 390 338 ρειανῶν
404 303 483 334 εἰσιν,
497 302 572 328 οὐδὲν
585 301 751 336 θαυμαστὸν,
765 302 790 327 εί
803 301 838 328 τὰ
850 301 910 328 καθ’

119 349 224 375 ἑαυτῶν
239 349 378 384 γραφέντα
394 348 594 375 διαϐάλλουσιν·
614 347 709 383 ὥσπερ
723 348 770 376 καὶ
786 348 916 383 Ἕλληνες

119 394 261 421 ἁκούουσι-
278 395 315 421 Td
328 394 438 421 εἴδωλα
448 394 508 420 τῶν
520 393 616 421 ἐθνῶν
626 394 779 428 ἀργύριον,
789 393 837 420 καὶ
848 402 917 428 χρυ-

119 441 202 474 σίον,
223 441 312 475 ἔργον
333 439 440 475 χειρῶν
460 439 633 474 ἀνθρώπων,
658 439 763 474 μωρίαν
785 439 914 474 ἡγοῦνται

119 486 168 522 τὴν
182 487 246 522 περ)⁵
260 487 307 513 τοῦ
320 486 398 520 ἁγίου
410 485 569 521 Πνεύματος
580 485 764 512 διδασκαλίαν.
778 486 809 512 El
821 485 849 512 δὲ
860 485 914 512 τῶν

119 532 271 559 δοκούντων
291 531 378 567 ὀρθῶς
400 531 552 564 πιστεύειν,
578 531 625 559 καὶ
651 532 761 566 ἀγαπᾷν
777 531 811 558 τὰ
828 531 914 566 δηλω-

120 579 202 606 Θέντα
217 579 291 614 παρὰ
307 579 360 605 τῶν
371 578 499 614 Πατέρών
513 577 582 605 εἰσιν
593 578 616 604 οἱ
627 577 671 604 διὰ
682 577 729 604 τοῦ
746 578 836 612 ζητεῖν
849 579 914 604 ἁνα-

121 624 266 656 σκευάζειν
274 623 421 655 ἐθέλοντες.
432 623 508 650 οὐδὲν
522 623 615 658 ἕτερον
630 623 764 654 ποιοῦσιν,
776 624 792 659 ἥ
804 623 872 650 κατὰ
883 623 913 649 τὸ

119 670 321 706 γεγραμμένον·
333 669 385 696 Τὸν
401 670 449 706 μὲν
464 669 577 704 πλησίον
590 669 747 708 ποτίζουσιν
758 669 914 704 ἀνατροπὴν

120 716 245 750 θαλερὰν,
269 715 452 752 λογομαχοῦσι
476 715 505 742 δὲ
528 716 557 742 ὲν
580 715 669 743 οὐδενὶ
690 715 817 751 χρησίμῳ
836 714 852 750 ἢ
868 715 914 741 ἐπὶ

119 764 295 798 καταστροφῇ
315 762 369 789 τῶν
386 761 533 797 ἀκεραίων.

967 258 1047 285 lecta.
1062 257 1129 285 Post
1140 265 1172 285 ea
1189 265 1252 285 vero
1264 262 1303 285 tot
1317 262 1457 292 tantaque.
1470 259 1535 293 quid
1548 263 1590 286 est
1603 260 1673 294 quod
1685 267 1754 287 non-

967 303 1033 331 nulli
1051 303 1266 330 contromrsiam
1293 303 1383 331 facere
1406 311 1437 330 ac
1457 306 1624 339 qumtiones
1651 305 1755 341 agitare

967 348 1121 375 conanlur?
1142 347 1193 380 Qui
1219 349 1242 375 si
1263 356 1294 375 ex
1315 349 1416 375 Ariana
1439 348 1556 376 factione
1579 353 1654 382 sunt,
1671 350 1756 385 998

966 392 1034 420 nihil
1055 393 1154 419 mirum
1176 396 1217 420 est
1242 392 1303 420 illos
1326 401 1386 428 quae
1408 398 1504 420 contra
1521 402 1551 421 se
1564 399 1628 423 sunt
1642 395 1755 429 scripta.

966 438 1117 466 criminari.
1139 437 1374 471 Quemadmodum
1392 444 1419 466 et
1438 440 1552 475 gentiles
1571 448 1633 467 cum
1649 449 1665 468 ο
1679 441 1757 469 Psal-

966 483 1019 510 mis
1035 483 1107 510 istud
1130 483 1244 510 audiunt
1258 493 1264 510 :
1277 482 1429 511 Simulacm
1439 485 1553 519 gentium
1569 489 1715 520 argentum,
1731 490 1756 512 et

966 537 1073 560 aurum,
1101 537 1166 563 opus
1190 537 1317 556 manuum
1346 529 1509 561 hominum’,
1535 531 1607 557 illam
1636 529 1756 565 Spit-ilus

966 577 1053 603 sancti
1069 576 1222 603 doctrinam
1247 584 1350 603 meram
1374 584 1436 604 esse
1458 577 1601 605 stultitiam
1620 578 1757 604 arbitran-
1788 584 1797 588 '

966 625 1020 648 tur.
1038 621 1084 648 Sin
1099 629 1131 649 ex
1148 629 1243 649 eorum
1262 629 1379 649 numero
1394 626 1468 655 sunt,
1487 623 1533 658 qui
1556 631 1622 650 sana
1645 631 1676 650 ac
1698 623 1756 650 sin-

966 675 1029 695 cera
1043 667 1093 694 ﬁde
1109 667 1214 702 praediti
1230 668 1368 699 videntur.
1380 673 1406 696 et
1422 669 1448 695 in
1465 669 1510 700 iis,
1523 677 1582 704 qua:
1600 676 1614 695 a
1629 668 1755 696 Pati-ibus

966 713 1076 740 decreta
1091 716 1165 745 sunt,
1182 713 1368 748 acquiescere,
1388 721 1419 740 ac
1436 713 1617 741 nihilominus
1634 714 1692 741 suis
1703 714 1756 741 illis

967 759 1164 793 quaestionibus
1181 762 1303 786 evertere
1323 759 1414 786 omn-ia
1435 763 1580 792 conantur,
1598 759 1664 786 nihil
1681 759 1756 786 aliud

118 809 250 843 cilicium,
272 810 324 837 nisi
337 810 409 844 quod
428 811 561 845 scriptum
578 814 641 838 est:
657 809 786 836 Proximo
801 807 910 843 quidem
946 807 1082 834 turbidam
1120 806 1292 834 eversionem
1316 807 1501 842 propinant';
1524 811 1551 834 et
1569 807 1672 834 otiosas
1691 813 1755 832 vcr-

119 857 217 884 borum
237 857 429 884 contentiones
447 862 557 885 tnovent
568 857 589 889 δ,
604 864 666 892 quae
687 856 721 884 ad
739 855 814 883 aliud
833 854 911 888 nihil,
931 862 1013 889 quam
1029 853 1063 880 ad
1077 853 1218 880 rudiorum
1233 853 1382 887 perniciem
1410 857 1493 888 atque
1527 852 1640 881 exitium
1670 851 1755 888 perti-

119 909 196 931 nent.

155 952 193 977 Δ¹.
211 950 303 976 Ταῦτα
313 950 341 976 δὲ
355 949 440 982 οὕτως
450 950 560 985 γράφω,
574 949 695 986 ἐντυχὼν
704 951 761 982 τοῖς
771 949 846 986 παρᾶ
862 949 908 981 τῆς

997 943 1042 972 IV.
1059 943 1121 971 [huc
1141 943 1246 971 idcirco
1262 943 1365 973 scribo.
1385 943 1456 978 quod
1473 943 1668 970 commentaria
1681 951 1757 978 qua:-

121 997 172 1032 σῆς
185 996 338 1028 θεοσεϐείας
360 997 573 1032 προσαχθεῖσινί
591 996 794 1032 ὑπομνήμασιν·
810 995 827 1022 ἃ
844 996 912 1030 μηδὲ

118 1042 258 1078 γραφῆναι
265 1041 379 1076 ὤφελον,
391 1042 433 1068 ἵνα
442 1042 508 1077 μηδὲ
519 1042 612 1077 μνήμη
622 1051 662 1073 τις
670 1041 772 1068 τούτων
779 1042 835 1072 τοῖς
844 1040 912 1076 μετὰ

117 1088 204 1116 ταῦτα
220 1088 343 1123 γένηται.
360 1088 409 1119 Τίς
421 1087 476 1124 γὰρ
492 1088 592 1123 ἢκουσε
610 1087 724 1114 τοιαῦτά
735 1095 814 1119 ποτε;
833 1087 874 1118 τίς
884 1086 912 1113 δὲ

117 1134 132 1160 ὁ
150 1133 270 1166 διδάξας,
291 1133 307 1168 ἦ
324 1132 435 1168 μαθὼν;
456 1133 503 1159 Ἐκ
524 1133 573 1168 μὲν
586 1132 641 1168 γὰρ
657 1131 726 1158 Σιὼν
741 1131 912 1164 ἐξελεύσεται

123 1178 205 1214 λόγος
222 1180 333 1214 Κυρίου,
351 1180 398 1206 καὶ
412 1179 492 1214 νόμος
503 1179 571 1205 Θεοῦ
587 1179 616 1210 ἐξ
635 1178 824 1214 Ἰερουσαλήμ..
838 1176 911 1204 Ταΰ-

119 1235 153 1253 τα
166 1226 194 1252 δὲ
205 1225 286 1252 πόθεν
297 1225 408 1260 ὲξῆλθε;
421 1225 500 1255 Ποῖος
510 1224 576 1259 ᾅδης
588 1223 757 1264 ὲξηρεύξατο,
770 1221 911 1258 ὁμοοὺσιον

119 1273 207 1298 εἰπεῖν
221 1272 252 1298 ὲκ
264 1271 374 1307 Μαρίας
387 1271 468 1306 σῶμα
481 1272 515 1305 τῇ
530 1270 577 1297 τοῦ
592 1271 680 1304 Λσγου
697 1269 821 1304 θεότητι;
838 1268 854 1303 ἢ
869 1268 911 1294 ὅτι

118 1320 132 1345 ὁ
149 1318 234 1352 Λόγος
254 1319 293 1349 είς
310 1317 408 1351 σάρκα,
432 1317 479 1343 καὶ
494 1317 570 1347 ὀστᾶ,
595 1317 642 1342 καὶ
658 1315 763 1350 τρίχας,
784 1315 831 1341 καὶ
851 1314 911 1341 ὅλον

120 1364 200 1399 σῶμα
221 1363 432 1397 μεταϐέὸληται.
455 1362 501 1388 καὶ
520 1361 625 1397 ηλλάγη
640 1362 688 1396 τῆς
703 1361 770 1392 Ξδίας
785 1360 909 1396 φύσεωςς

119 1409 168 1440 Τίς
180 1408 248 1440 ὅλως
261 1409 361 1444 ἤκουσε
376 1407 451 1443 παρὰ
467 1407 648 1443 Χριστιανῶν,
663 1407 704 1433 ὅτι
717 1406 802 1438 θέσει,
820 1407 867 1433 καὶ
879 1406 910 1432 οὐ

119 1455 200 1489 φύσει
216 1454 295 1490 σῶμα
312 1454 466 1489 πεφόρηκεν
482 1454 496 1479 ὁ
509 1453 588 1484 Υἰός;
600 1453 634 1478 Ἢ
651 1453 692 1484 τίς
708 1452 834 1479 τοσοῦτον
847 1451 911 1486 ἠσέ-

119 1500 291 1536 ϐησεν,ὦστε
308 1501 393 1527 εἰπεῖν
418 1499 475 1535 ἅμα
491 1500 538 1526 καὶ
557 1501 676 1534 φρονεῖν,
695 1499 736 1525 ὅτι
756 1498 851 1532 θεότης
863 1497 910 1524 αὑ-

118 1547 167 1574 τοῦ
181 1548 198 1582 ἡ
209 1546 349 1582 ὁμοούσιος
363 1546 402 1582 τῷ
415 1547 502 1581 Πατρι
516 1546 584 1582 αὑτὴ
598 1546 778 1581 περιετμήθη,
790 1544 837 1570 καὶ
848 1544 910 1571 ἁτε-

964 991 1026 1018 dam
1043 990 1094 1025 legi
1117 998 1131 1017 a
1152 990 1251 1025 pietate
1267 993 1312 1016 tua
1336 990 1415 1017 nobis
1440 989 1542 1016 oblata.
1565 989 1631 1023 Qua:
1652 990 1756 1017 utinam

963 1038 1064 1072 scripta
1088 1043 1228 1071 nunquam
1254 1035 1381 1067 fuissent,
1407 1043 1441 1063 ne
1466 1036 1509 1062 vel
1532 1037 1694 1063 tenuissima
1720 1035 1756 1063 ad

963 1088 1088 1118 posteros
1114 1083 1221 1109 illorum
1250 1082 1379 1109 memoria
1397 1082 1567 1116 perveniret!
1592 1081 1660 1114 Quis
1680 1082 1754 1108 enim

963 1129 1020 1157 haec
1040 1136 1159 1164 unquam
1173 1127 1277 1155 audiit?
1297 1127 1359 1162 quis
1373 1127 1467 1155 docuit
1485 1127 1632 1154 didicitve?
1658 1127 1755 1156 Name

964 1174 1030 1201 Sion
1045 1174 1183 1210 egreditur
1199 1173 1312 1201 verbum
1329 1173 1448 1205 Domini,
1467 1178 1494 1200 et
1516 1173 1558 1199 lex
1578 1172 1623 1199 Dei
1639 1180 1671 1199 ex
1688 1172 1753 1200 llic-

962 1220 1079 1247 t'usalem
1090 1220 1112 1247 '.
1128 1221 1163 1247 At
1178 1220 1237 1246 INBC
1253 1219 1326 1246 unde
1346 1219 1528 1254 prodierunt?
1542 1219 1658 1253 Quinam
1674 1219 1753 1248 inferi

962 1266 1029 1294 illud
1052 1269 1226 1298 eruetarunt,
1251 1266 1488 1293 eonsubstantiale
1512 1266 1650 1293 divinitati
1671 1266 1754 1294 Verbi

964 1320 1068 1347 corpus
1090 1312 1156 1339 illud
1177 1321 1248 1344 esse,
1273 1313 1345 1347 quod
1363 1319 1378 1339 a
1397 1312 1479 1339 Maria
1498 1313 1619 1348 genitum
1634 1314 1695 1341 est?
1707 1317 1754 1342 aut

966 1357 1087 1385 Verbum
1106 1359 1195 1392 ipsum
1213 1358 1239 1385 in
1255 1365 1377 1392 carnem,
1393 1366 1467 1390 ossa,
1481 1359 1606 1394 capillos,
1623 1366 1655 1386 ac
1666 1363 1753 1387 totum

961 1403 1079 1439 denique
1098 1411 1199 1439 corpus
1221 1412 1284 1432 esse
1300 1411 1476 1437 conversum,
1498 1410 1525 1431 et
1552 1412 1567 1431 a
1587 1409 1682 1440 suapte
1703 1413 1753 1432 na-

961 1451 1023 1474 tura
1040 1447 1195 1474 inutatum?
1208 1447 1276 1480 Quis
1298 1449 1410 1475 omnino
1431 1448 1465 1476 de
1483 1449 1651 1477 Christianis
1666 1450 1754 1478 audiit

961 1492 1059 1520 Filium
1074 1493 1120 1520 Dei
1141 1493 1234 1528 specie
1249 1500 1282 1520 ac
1296 1494 1405 1521 ﬁctione
1420 1494 1478 1521 sola
1495 1502 1606 1530 corpus,
1628 1503 1682 1522 non
1699 1503 1753 1522 na-

965 1541 1026 1564 tura
1042 1539 1180 1573 gessisse?
1195 1539 1262 1571 Quis
1287 1543 1341 1566 tam
1365 1540 1466 1575 impius
1487 1539 1547 1571 l‘uit,
1566 1545 1595 1567 ut
1609 1541 1754 1576 ipsammet

119 1592 169 1628 λὴς
185 1593 216 1618 ὲκ
238 1591 341 1618 τελείου
362 1591 472 1625 γέγονε;
487 1591 533 1618 καὶ
546 1591 576 1617 τὸ
591 1592 619 1617 ὲν
638 1590 677 1626 τῷ
695 1590 765 1626 ξύλῳ
776 1589 908 1624 καθηλού-

960 1584 1082 1619 ejusdem
1091 1584 1261 1612 divinitatem
1270 1585 1462 1613 circumcisam
1475 1594 1547 1619 esse,
1560 1591 1641 1623 atque
1654 1588 1754 1622 imper.

120 1646 202 1673 μενον
220 1637 270 1664 οὐκ
287 1635 321 1672 ἦν
335 1636 365 1663 τὸ
382 1636 471 1671 σῶμα,
490 1635 557 1663 ἀλλὰ
571 1636 639 1671 αὑτὴ
653 1637 668 1671 ἡ
684 1635 848 1670 δημιουργὸς
860 1635 906 1661 οὺ-

960 1629 1059 1657 fectam
1075 1637 1091 1657 e
1107 1630 1229 1665 perfecta
1250 1630 1385 1658 redditam
1405 1631 1491 1660 fuisse
1506 1633 1622 1661 sentiret
1634 1641 1665 1660 ac
1681 1634 1754 1661 dicc-
1776 1648 1784 1654 ν

119 1684 164 1710 σία
181 1683 230 1719 τῆς
244 1683 365 1718 φύσεως;
385 1683 426 1715 τίς
444 1683 471 1709 δὲ
491 1682 606 1713 ἀκούων,
624 1683 664 1708 ὅτι
679 1682 728 1708 οὐκ
747 1682 779 1707 ὲκ
788 1681 905 1715 Μαρίας,

117 1728 176 1756 ἀλλ’
194 1730 227 1755 ὲκ
239 1728 290 1763 τῆς
309 1727 392 1754 αὑτοῦ
413 1728 506 1759 οὐσίας
530 1727 707 1762 μετεποίησεν
725 1726 813 1760 ἐαυτῷ
828 1725 906 1760 σῶμα

120 1773 239 1809 παθητὸν
254 1774 268 1800 ό
283 1773 380 1807 Λόγος,
402 1772 473 1799 εἴποι
497 1773 529 1799 ἂν
544 1772 706 1808 Χριστιανὸν
726 1772 770 1799 τὸν
794 1772 907 1806 λέγοντα

117 1820 219 1853 ταῦτα;
237 1819 285 1851 Τίς
305 1820 333 1846 δὲ
352 1819 400 1854 τὴν
421 1819 549 1854 ἀθέμιτον
568 1819 668 1854 ταύτην
683 1818 827 1854 ἐπενόησεν
844 1817 907 1844 ἀσέ-

119 1865 205 1897 ϐειαν,
221 1864 291 1891 ὥστε
305 1864 356 1891 κᾶν
369 1865 409 1896 είς
424 1864 573 1900 ἐνθύμησιν
585 1864 682 1894 ἐλθεῖν.
696 1864 745 1890 καὶ
755 1864 853 1894 εἰπεῖν,
865 1863 906 1889 ὅτι

118 1912 132 1936 ὁ
145 1910 231 1944 λέγων
245 1911 277 1936 ὲκ
298 1910 409 1945 Μαρίας
431 1907 500 1936 εἶναι
513 1910 544 1936 τὺ
559 1909 696 1945 Κυριακὺν
716 1908 906 1944 σῶμα,οὖκέτι

119 1954 233 1989 Τριῶα,
251 1953 319 1982 ἀλλὰ
333 1954 450 1989 τετράδα
464 1955 493 1981 ὲν
508 1954 664 1990 τῇ,θεότητι
682 1955 790 1990 φρονεῖ;
808 1953 846 1985 ὡς
862 1953 907 1980 διὰ

117 2000 199 2026 τοῦτο
213 1999 275 2031 τοὺς
285 1999 356 2026 οὕτω
369 1999 556 2036 διακειμένους
569 2000 619 2035 τῆς
630 2000 723 2031 οὐσίας
732 2000 781 2034 τῆς
792 1999 906 2035 Τριάδος

118 2046 207 2078 λέγειν
221 2045 270 2080 τὴν
285 2045 386 2081 σάρκα,
398 2045 432 2081 ἢν
445 2046 588 2073 ἐνεδύσατο
602 2046 634 2072 ὲκ
649 2046 783 2081 Μαρίαςὸ
799 2046 905 2081 Σωτήρ.

119 2091 203 2118 Πόθεν
223 2090 252 2118 δὲ
272 2091 353 2118 πάλιν
372 2091 521 2127 ὴρεύξαντό
542 2100 613 2124 τινες
633 2092 693 2126 τσην
712 2091 838 2119 ἀσέϐειαν
850 2092 906 2123 τοῖς

117 2136 339 2172 προειρημένοις,
363 2136 433 2164 ὥστε
455 2138 541 2164 είπεῖν
565 2137 604 2173 μὴ
628 2137 758 2172 νεώτερον
783 2135 853 2164 εἶναι
876 2137 907 2164 τὸ

118 2181 198 2216 σῶμα
211 2182 261 2217 τῆς
276 2181 323 2208 τοῦ
338 2182 424 2217 Λόγου
440 2182 577 2218 θεότητος,
599 2183 667 2210 ἀλλὰ
685 2182 818 2210 συναῖδιον
832 2182 906 2218 αὐτῷ

116 2225 262 2258 διαπαντὸς
272 2226 445 2261 γεγενῆσθαι,
460 2227 552 2262 ἐπειδὴ
567 2228 598 2253 ὲκ
608 2227 657 2262 τῆς
669 2226 763 2261 σοφίας
776 2226 905 2261 συνέστη;

117 2273 180 2304 Πῶς
192 2272 219 2299 δὲ
230 2273 278 2300 καὶ
289 2273 470 2308 ἀμφιϐάλλειν
484 2273 636 2309 ἐτόλμησαν
646 2273 670 2299 οἱ
684 2273 825 2308 λεγόμενοι
838 2273 904 2308 Χρι-

118 2317 231 2348 στιανοὶ,
249 2318 272 2344 εἰ
285 2318 300 2344 ὁ
313 2318 345 2344 ἐκ
362 2318 470 2353 Μαρίας
486 2317 623 2353 προελθὼν
637 2318 749 2353 Κύριος,
772 2317 836 2349 Υἱὸς
854 2318 905 2352 μὲν

116 2363 149 2396 τῇ
174 2361 252 2397 οὐσία
275 2362 321 2389 καὶ
347 2363 379 2397 τῇ
402 2362 482 2395 φύσει
500 2362 547 2389 τοῦ
569 2362 636 2389 Θεοῦ
651 2363 721 2393 ἐστι,
738 2361 768 2388 τὸ
787 2362 815 2388 δὲ
833 2361 904 2389 κατὰ

117 2406 207 2440 σάρκα
219 2407 250 2432 ἐκ
266 2406 421 2442 σπέρματος
437 2407 518 2434 Δαὸίδ
527 2408 596 2441 ἐστι,
610 2407 711 2442 σαρκὸς
721 2408 749 2434 δὲ
761 2407 811 2442 τῆς
822 2407 902 2441 ἁγίας

115 2451 241 2486 Μαρίαςς
256 2451 333 2484 Τίνες
354 2452 408 2487 ἄρα
430 2452 500 2479 οὕτω
515 2453 645 2488 τολμηροὶ
660 2453 813 2487 γεγόνασιν,
832 2452 903 2480 ὥστε

115 2498 201 2523 είτητν
214 2497 259 2523 τὸν
271 2498 386 2533 Χριστὸν
401 2498 446 2525 τὸν
462 2499 542 2535 σαρκὶ
557 2499 687 2531 παθόντα,
705 2499 753 2526 καὶ
766 2501 902 2534 ἐσταυρω-

116 2542 208 2578 μένον,
229 2542 266 2577 μὴ
281 2540 350 2569 εἶναι
367 2544 479 2578 Κύριον,
498 2544 544 2571 καὶ
557 2545 681 2580 Σωτῆρα,
700 2545 747 2571 καὶ
761 2545 837 2576 Θεὸν,
854 2545 901 2571 καὶ

115 2588 180 2614 Υἰδν
193 2588 240 2614 τοῦ
253 2589 373 2624 Πατρός;
389 2590 422 2616 Ἤ
434 2590 491 2621 πῶς
502 2591 660 2626 Χριστιανοὶ
672 2590 792 2618 θέλουσιν
802 2591 902 2625 ὀνομά-

114 2632 209 2664 ζεσθαι
224 2633 248 2659 οἱ
266 2633 390 2667 λέγοντες
412 2635 451 2666 εἰς
472 2635 614 2671 ἄνθρωπον
635 2636 720 2671 ἆγιον,
737 2637 774 2669 ὡς
792 2637 838 2663 ἐπὶ
853 2636 901 2663 ἕνα

112 2678 167 2704 τῶν
182 2679 340 2714 προφητῶν,
359 2680 514 2716 ἐληλυθέναι
528 2681 572 2708 τὸν
588 2682 684 2716 Λόγον,
704 2683 750 2709 καὶ
767 2682 803 2718 μὴ
820 2682 900 2709 αὑτὸν

112 2723 256 2758 ἄνθρωπον
270 2725 420 2759 γεγονέναι,
444 2726 559 2754 λαθόντα
584 2727 615 2753 ὲκ
636 2727 743 2763 Μαρίας
760 2727 790 2754 τὸ
810 2726 900 2762 σῶμα,

112 2769 169 2795 αλλ’
182 2769 275 2805 ἓτερον
288 2767 357 2797 εἶναι
368 2771 413 2797 τὸν
424 2771 550 2806 Χριστὸν,
566 2773 612 2798 καὶ
625 2773 702 2799 ἄλλον
715 2774 760 2800 τὸν
773 2773 820 2800 τοῦ
832 2772 900 2799 Θεοῦ

959 1676 1021 1702 ret?
1037 1676 1102 1703 ltem
1118 1676 1184 1703 illud
1199 1677 1299 1711 ipsum,
1319 1677 1392 1712 quod
1417 1677 1444 1704 in
1465 1679 1539 1713 ligno
1556 1680 1682 1707 sullixum
1698 1686 1750 1715 est,

957 1727 1012 1746 non
1031 1727 1131 1754 corpus
1149 1721 1301 1753 exstitisse,
1323 1721 1372 1749 sed
1393 1721 1575 1750 substantiam
1601 1724 1687 1758 ipsam
1703 1734 1750 1752 na-

958 1771 1025 1794 tura:
1040 1767 1123 1795 totius
1138 1767 1281 1802 opiﬁcem?
1295 1767 1363 1801 Quis
1378 1776 1440 1796 cum
1457 1769 1530 1796 istud
1547 1769 1651 1802 audiat,
1668 1778 1722 1798 non
1735 1779 1752 1799 θ

958 1813 1053 1846 Maria,
1079 1813 1127 1841 sed
1149 1822 1182 1841 ex
1202 1814 1313 1850 propria
1326 1815 1479 1842 substantia
1496 1815 1542 1844 Dei
1564 1815 1681 1844 Verbum
1701 1818 1751 1845 ob-

958 1859 1067 1887 noxium
1086 1860 1206 1894 passioni
1222 1860 1275 1888 sibi
1287 1868 1388 1896 corpus
1398 1861 1546 1894 ellinxisse,
1561 1862 1750 1891 Christianum

956 1905 1003 1940 qui
1019 1905 1077 1933 haec
1088 1905 1188 1934 dixerit
1204 1906 1373 1934 arbitretur?
1389 1907 1457 1940 Quis
1480 1909 1656 1936 exsecranda;
1675 1909 1750 1938 illius

956 1949 1105 1985 knpietatis
1126 1955 1222 1979 auctor
1244 1957 1296 1984 est,
1315 1956 1344 1979 ut
1361 1952 1496 1987 ejusmodi
1513 1953 1637 1989 quaedam
1656 1954 1749 1982 animo

955 1995 1109 2030 concipere,
1121 1999 1167 2023 ant
1175 1996 1265 2031 eloqui
1273 1997 1383 2024 minime
1392 1996 1559 2025 formidaret.
1570 2006 1630 2026 eum
1639 1999 1685 2034 qui
1697 1999 1750 2027 Do—

956 2040 1088 2067 minicum
1102 2049 1117 2068 ο
1132 2041 1215 2068 Maria
1231 2050 1333 2077 corpus
1356 2051 1417 2072 esse
1440 2049 1534 2071 natum
1554 2050 1671 2078 asserat,
1693 2055 1748 2075 non

957 2085 1129 2118 Trinitatem,
1149 2087 1195 2114 scd
1220 2089 1432 2123 quaternitatem
1454 2089 1590 2118 divinitati
1609 2091 1749 2120 tribuere?

957 2131 1031 2159 Adeo
1047 2137 1075 2158 ut
1091 2133 1136 2167 qui
1148 2133 1183 2159 ita
1200 2134 1331 2166 sentiunt.
1350 2141 1460 2162 carnem
1483 2135 1567 2167 illaut,
1587 2145 1667 2171 quam
1687 2137 1747 2166 Sal-

958 2181 1035 2205 vator
1048 2186 1063 2206 e
1079 2178 1164 2206 Maria
1179 2179 1293 2214 Virgine
1310 2181 1442 2216 suscepit,
1459 2190 1491 2209 ex
1509 2183 1566 2217 ipsa
1587 2184 1745 2213 substantia

957 2222 1099 2251 Trinitatis
1112 2231 1174 2252 esse
1191 2225 1337 2254 fateantur.
1350 2225 1410 2253 Jam
1422 2235 1487 2254 vero
1502 2229 1638 2256 undenam
1652 2238 1744 2265 parem

958 2268 1022 2296 huic
1037 2276 1069 2296 ac
1083 2277 1243 2304 germanam
1255 2272 1422 2306 impietatem
1433 2280 1560 2301 evomere
1575 2275 1620 2302 alii
1633 2275 1744 2310 quidam

957 2314 984 2341 in
1000 2315 1121 2342 animum
1138 2316 1316 2350 induxerunt,
1335 2318 1373 2345 uti
1386 2325 1486 2353 corpus
1504 2320 1593 2355 ipsum
1609 2329 1662 2349 non
1674 2322 1745 2350 divi—

956 2361 1041 2388 nitate
1056 2360 1137 2389 Verbi
1152 2362 1300 2394 recentius.
1314 2363 1361 2391 sed
1374 2368 1540 2392 coaeternum
1557 2374 1587 2393 ac
1612 2372 1744 2402 perpetuo

955 2414 1017 2434 cum
1027 2407 1073 2434 illo
1082 2408 1258 2442 conjunctum
1266 2403 1406 2437 exstitisse
1413 2409 1644 2446 999deilniant,
1655 2422 1744 2449 quan.

955 2453 1101 2488 doquidem
1129 2455 1165 2482 ab
1183 2454 1240 2490 ipsa
1263 2456 1396 2490 sapientia
1418 2459 1599 2487 constitutum
1621 2462 1680 2489 est?
1692 2461 1744 2490 Po-

960 2499 1047 2527 tuitne
1060 2498 1225 2529 Christianis
1243 2500 1276 2528 ab
1293 2500 1451 2530 hominibus
1468 2503 1494 2530 in
1509 2504 1622 2532 dubium
1639 2507 1741 2539 vocari,

954 2547 1113 2572 utrumnam
1130 2544 1263 2574 Dominus
1278 2551 1372 2575 noster
1388 2548 1421 2575 de
1437 2548 1522 2576 Maria
1535 2549 1645 2587 Virgine
1660 2557 1742 2580 natus

955 2590 1109 2620 substantia
1128 2595 1280 2628 naturaque
1295 2592 1342 2622 Dei
1363 2593 1450 2623 Filius
1471 2597 1618 2631 exstiterit,
1642 2607 1743 2627 secun-

954 2635 1018 2664 dum
1035 2644 1144 2667 carnem
1160 2645 1225 2667 vero
1241 2647 1256 2667 e
1270 2639 1380 2668 Davidis
1399 2642 1494 2676 stirpe,
1511 2650 1543 2670 ac
1560 2648 1742 2672 sacrosancta:

955 2680 1075 2716 Virginis
1092 2691 1174 2713 carne
1190 2686 1355 2720 susceptus?
1375 2686 1491 2720 Quinam
1514 2696 1597 2723 porro
1617 2692 1691 2715 tanta
1704 2694 1742 2717 te-

953 2728 1080 2757 meritate
1095 2732 1124 2759 et
1138 2730 1253 2760 audacia
1265 2731 1386 2765 fuerunt.
1404 2737 1433 2760 ut
1445 2733 1583 2761 Christum
1602 2734 1677 2761 ilium
1696 2741 1741 2762 as-

952 2778 1085 2807 sererem,
1100 2775 1147 2810 qui
1163 2775 1189 2805 in
1205 2783 1288 2806 carne
1305 2786 1413 2812 passus,
1433 2783 1460 2806 et
1478 2779 1505 2806 in
1527 2787 1636 2808 crucem
1660 2784 1740 2808 actus

148 2849 155 2864 '
174 2857 216 2883 π).
233 2828 402 2884 πραγθεῖσιν.
442 2850 452 2865 ¹
468 2849 540 2878 Psal.
552 2857 631 2878 cxtu.
646 2850 680 2880 4:
694 2857 804 2881 currv,
821 2850 863 2876 13.
902 2851 908 2866 ³

960 2851 1032 2879 ihac.
1049 2860 1080 2886 ti,
1098 2853 1141 2880 15.
1179 2854 1189 2869 ⁸
1205 2853 1214 2881 1
1229 2853 1298 2881 Tim.
1318 2862 1355 2887 \‘l,
1372 2855 1398 2882 4.
1437 2855 1447 2870 ⁸
1460 2855 1512 2883 lsa.
1529 2863 1558 2887 It,
1570 2857 1596 2883 3.
