1945 3043
189 142 238 169 ΓΠ
887 137 917 166 S.
938 135 1110 164 EPIPHANH

186 204 240 232 est,
257 206 310 226 non
327 205 388 226 esse
408 197 566 229 Dominum,
587 203 620 223 ac
640 195 822 226 Sa'lvatorem.
839 199 870 223 et
883 195 979 226 Deum.

1048 194 1109 226 ’ἱὸν,
1124 193 1170 220 τὸν
1188 192 1241 228 πρὸ
1254 191 1364 227 Μαρίας
1379 189 1427 218 καὶ
1444 190 1497 226 πρὸ
1510 189 1615 216 αἰώνων
1626 188 1690 215 Tibi.
1705 188 1771 215 ὂντα
1783 187 1830 214 τοῦ

187 243 331 278 Patrisque
343 243 462 270 Filium?
477 243 601 276 Quonam
614 246 694 277 pacto
705 241 878 269 Christianos
888 241 979 276 appel-

1048 241 1158 277 ῐατρόςς
1177 241 1211 267 Ἣ
1232 240 1291 272 πῶς
1312 238 1471 274 Χριστιανοὶ
1488 236 1557 264 εἶναι
1570 238 1595 263 οἱ
1610 236 1735 270 λέγοντες
1751 235 1832 262 ἄλλον

188 289 239 315 lari
253 296 283 315 se
297 287 402 318 volunt,
422 287 469 322 qui
489 287 516 313 in
538 292 664 314 sanctum
690 285 841 318 hominem,
867 286 980 320 perinde

1050 290 1079 314 ὸν
1092 288 1157 314 Θεὸν
1173 285 1253 318 εἶναι,
1269 286 1316 312 καὶ
1331 285 1410 313 ἄλλον
1422 282 1492 311 εἶναι
1507 284 1552 310 τὸν
1566 283 1613 310 τοῦ
1629 282 1697 309 Θεοῦ
1709 282 1813 316 Λόγους

188 340 219 363 ιιι
239 344 265 363 in
282 336 399 370 aliquem
414 335 448 362 de
462 334 659 369 prophetarum
684 341 811 366 numero,
834 333 978 368 delapsum
998 342 1061 363 e3se
1076 335 1207 368 Verbum,
1231 341 1286 362 non
1304 334 1453 368 ipsummet
1474 331 1614 359 hominem
1641 329 1745 357 factum
1770 335 1832 356 esse

189 382 364 417 proﬁtentur,
388 388 450 408 cum
471 388 504 407 ex
528 380 613 407 Maria
638 387 740 414 corpus
764 379 912 411 induisset,
946 381 993 408 sed
1023 382 1140 409 alterum
1166 389 1229 409 esse
1255 380 1407 412 Christum,
1429 379 1546 406 alterum
1569 377 1616 405 Dei
1643 376 1758 407 Filium,
1785 375 1832 410 qui

189 433 253 454 ante
268 427 391 458 Mariam,
409 431 436 454 et
451 431 515 453 ante
527 426 628 453 saecula
643 425 736 453 omnia
767 425 853 453 Filius
879 434 912 453 cx
939 425 1020 454 Patre
1039 427 1190 462 prodierit?
1214 429 1256 454 An
1281 434 1346 454 vero
1367 424 1520 453 Christiani
1543 431 1605 452 esse
1632 426 1760 459 possunt,
1786 420 1831 456 qui

1786 132 1828 158 ili}

189 473 272 500 alium
291 479 352 499 esse
372 471 469 503 Deum,
495 471 568 498 aliud
595 475 622 498 et
648 471 684 498 ah
707 471 754 497 illo
774 470 912 498 diversum
934 471 981 499 Dei
1003 473 1120 501 Verbum
1136 472 1304 508 praedicant?

226 519 256 545 V.
280 518 342 545 llatc
359 518 386 545 in
403 518 459 545 illis
475 518 682 544 conmicntariis
694 518 907 546 continebantur
922 526 985 553 pro-

189 565 316 593 nuntiata
335 565 455 597 diverse,
474 564 522 591 sed
541 571 658 599 quorum
670 571 725 591 una
739 564 892 600 eademque
908 572 985 593 mens

189 618 263 640 esset
282 619 345 639 cum
367 611 508 646 impietate
528 611 686 645 conjuncta.
701 609 850 646 Propterea
869 610 986 638 disside-

192 659 258 686 bant
275 665 290 685 a
305 666 334 685 se
348 658 476 690 invicem,
493 665 525 684 ac
539 657 698 693 pugnabant
710 658 727 684 ii
739 658 787 693 qui
803 665 832 685 se
848 657 909 685 ﬁdei
922 665 987 693 pro-

192 704 313 732 fessione
330 712 345 730 a
365 703 496 731 Patribus
511 703 539 730 in
556 703 665 730 Niczena
683 703 789 739 synodo
804 704 913 739 prodita
929 704 987 739 glo-

192 751 310 778 riantur.
326 749 382 785 Ego
401 757 466 777 vero
482 750 611 784 pietatem
632 753 706 777 tuam
723 758 889 786 magnopere
901 750 988 778 demi-

192 801 269 824 ratus
293 804 365 828 sum,
391 796 464 831 quod
486 797 554 824 istos
576 797 701 823 homines
718 797 836 824 tolerare
855 798 984 832 potuerit,

195 850 284 877 neque
311 843 376 869 talia
404 842 574 876 iactantibus
600 843 741 870 silentium
762 843 935 877 imposuerit,
957 850 989 870 ac
1005 838 1025 866 Β

193 890 266 923 piam
285 889 477 923 sinceramque
493 888 553 915 ﬁdei
566 889 687 923 regulam
703 889 848 922 obtulerit;
866 896 918 923 qua
929 888 991 924 qui—

193 934 257 962 dem
275 934 367 961 audita
388 934 430 961 vel
448 934 675 968 acquiescerent,
696 934 748 966 vel,
764 934 787 962 si
801 934 992 961 contradicere

194 980 318 1012 mallent,
348 980 470 1007 haeretici
496 979 717 1007 nominarentur.
746 979 814 1006 Nam
843 987 905 1014 quin
927 984 992 1007 ante

195 1029 410 1052 commemorata
433 1029 508 1056 sunt,
530 1033 618 1060 neque
643 1024 772 1060 proferri,
794 1033 883 1060 neque
901 1025 991 1052 audiri

195 1071 267 1105 apud
283 1070 456 1098 Christianos
474 1073 601 1104 possunt,
619 1070 668 1097 sed
684 1070 719 1097 ab
739 1070 890 1105 apostolica
905 1069 991 1097 disci-

195 1117 269 1152 plina
286 1117 396 1151 penitus
419 1116 579 1143 abhorrent.
602 1115 738 1148 Quocirca
759 1115 920 1143 eornmdem
941 1123 992 1151 ego

195 1162 335 1198 dogmata,
363 1161 518 1196 cujusmodi
548 1165 613 1188 ante
640 1161 779 1196 proposita
812 1165 888 1193 sunt,
917 1162 992 1190 nude

195 1209 259 1236 huic
279 1209 402 1244 epistolae
417 1208 564 1235 attexenda
580 1209 687 1239 curavi,
707 1211 737 1235 ut
753 1208 800 1243 qui
818 1208 877 1236 haec
897 1209 988 1236 solum

195 1256 324 1287 audierit,
339 1256 448 1282 illorum
462 1254 603 1282 infamiam
624 1255 849 1290 impietatemque
868 1258 993 1282 contem-

196 1303 297 1337 pletur.
314 1302 354 1328 Ac
371 1301 481 1328 tametsi
496 1308 604 1332 eorum,
621 1300 747 1335 aquibus
760 1300 916 1335 excogitata
940 1301 993 1328 ista

197 1352 271 1380 sunt,
284 1347 427 1383 turpitudo
441 1347 567 1382 pluribus
579 1346 747 1377 accusanda,
762 1353 794 1373 ac
806 1346 993 1382 redarguenda

197 1393 333 1426 videatur,
351 1393 531 1420 nihilolninus
546 1392 604 1419 haec
619 1392 652 1419 ad
666 1392 790 1427 epistola:
801 1392 913 1419 modum
926 1393 994 1420 satis

197 1447 272 1471 esse,
296 1447 388 1474 neque
412 1439 526 1466 uberius
543 1438 719 1465 scribendum
739 1438 908 1465 existimavi.
925 1437 993 1465 Nam

198 1493 259 1521 qum
283 1489 337 1512 tam
360 1489 456 1520 aperta
480 1484 604 1519 nequitia
629 1484 767 1519 implicata
791 1489 866 1516 sunt,
891 1484 995 1519 agitare

197 1530 398 1562 vehementius,
416 1538 448 1557 ac
463 1530 603 1557 curiosius
619 1530 789 1564 perscrutari
802 1537 856 1556 non
875 1534 994 1564 oportet,

199 1585 234 1604 ne
248 1584 263 1603 a
276 1576 456 1603 contentiosis
473 1575 631 1602 hominibus
649 1583 701 1610 pro
715 1575 808 1602 dubiis
821 1579 848 1602 et
858 1575 996 1610 ambiguis

200 1622 361 1651 habeantur,
386 1621 478 1655 Quare
493 1622 519 1649 id
536 1629 621 1649 unum
640 1621 775 1649 adversus
791 1621 928 1655 ejusmodi
946 1628 997 1648 ex-

200 1669 292 1703 cipere
320 1676 352 1696 ac
366 1668 534 1703 respondere
546 1667 645 1695 suliicit
656 1677 662 1695 :
674 1675 730 1694 non
745 1674 807 1694 esse
818 1667 875 1694 hac
891 1666 997 1701 1000

200 1714 330 1742 Ecclesia:
354 1715 497 1742 catholica:
522 1713 660 1749 dogmata,
688 1720 779 1748 neque
798 1714 870 1740 hunc
886 1712 997 1739 Patrum

199 1765 358 1788 nostrorum
373 1767 484 1787 sensum
498 1759 651 1786 exstitisse.
665 1757 767 1785 Verum
782 1765 827 1791 ne,
844 1758 868 1785 si
881 1757 994 1784 omnino

200 1806 420 1838 dissimulavero,
436 1805 655 1840 perniciosornm
668 1803 826 1839 dogmatum
838 1804 995 1831 inventores

1009 1513 1031 1541 C

1074 521 1112 546 E’.
1129 519 1223 547 Ταῦτα
1237 516 1272 554 ἦν
1284 519 1313 545 ὲν
1323 518 1380 549 τοῖς
1397 516 1592 552 ὑπομνήμασιν
1606 514 1744 549 διαφόρως
1757 513 1766 528 ¹
1785 513 1835 549 μὲν

1039 566 1180 601 είρημένα,
1199 565 1263 600 μίαν
1278 564 1307 591 δὲ
1317 564 1366 601 τὴν
1378 563 1497 590 διάνοιαν
1513 562 1559 589 καὶ
1571 561 1621 597 τὴν
1637 561 1721 595 αὐτὴν
1736 560 1836 590 ἔχοντα

1040 613 1109 648 πρὸς
1120 611 1248 639 ἀσέϐειαν
1262 610 1425 646 βλέπουσαν.
1440 608 1491 635 Διὰ
1501 608 1587 634 ταῦτα
1598 607 1774 642 διεκρίνοντο,
1787 607 1837 632 καὶ

1039 658 1200 694 διεμάχοντο
1214 657 1282 693 πρὸς
1299 656 1431 692 ἀλλήλους
1450 656 1475 682 οἱ
1499 653 1645 689 αὐχοῦντες
1659 652 1705 679 ἐπὶ
1720 654 1756 687 τῇ
1770 653 1837 686 ὁμο-

1040 705 1121 740 λογίᾳ.
1141 704 1195 731 τῶν
1210 704 1340 739 Πατέρων
1356 703 1409 729 τῶν
1425 703 1455 728 ὲν
1472 701 1575 737 Νικαίᾳ.
1589 700 1733 736 γενομένῃ.
1765 698 1839 732 Ἐγὼ

1040 752 1069 779 δὲ
1088 752 1137 787 τὴν
1155 751 1204 786 σὴν
1224 750 1370 786 ἐθαύμασα
1393 748 1549 775 θεοσέϐειαν
1567 746 1769 782 ὰνασχομένην,
1790 746 1840 772 καὶ

1041 798 1082 825 ὄτι
1103 797 1140 834 μὴ
1159 797 1270 829 τούτους
1291 796 1342 832 μὲν
1364 795 1467 822 ἔπαυσε
1483 794 1570 820 ταῦτα
1585 793 1724 826 λέγοντας,
1740 792 1791 826 τήν
1808 791 1840 818 δὲ

1040 844 1141 880 εὐσεϐῆ
1163 843 1254 870 πίστιν
1274 842 1430 878 παρέθηκεν
1446 841 1549 872 αὐτοῖς,
1571 840 1615 866 ἵνα
1633 839 1649 874 ἢ
1669 838 1841 869 ἀκούσαντες

1040 890 1229 926 ἡρεμήσωσιν,
1247 888 1264 924 ἢ
1277 888 1465 922 ἀντιλέγοντες
1479 887 1517 918 ὡς
1533 885 1667 921 αἱρετικοὶ
1677 883 1841 919 ὀνομασθῶ-

1042 936 1079 961 σι.
1093 933 1134 960 Τὰ
1148 933 1203 969 γὰρ
1225 932 1416 969 προειρημένα
1439 931 1500 958 οὕτε
1526 930 1611 957 λεκτὰ
1633 929 1696 956 οὔτε
1715 929 1843 956 ἀκουστά

1041 979 1118 1015 παρὰ
1134 979 1320 1016 Χριστιανοῖς,
1335 978 1403 1005 ἀλλὰ
1415 977 1544 1013 ἀλλότρια
1555 976 1626 1004 κατὰ
1637 976 1726 1003 πάντα
1737 975 1844 1011 τρόπον

1041 1026 1091 1061 τῆς
1113 1024 1295 1059 ἀποπολικῆς
1313 1023 1490 1055 διδασκαλίας
1512 1022 1581 1050 ὲστί,
1605 1021 1654 1048 Διὰ
1672 1021 1753 1048 τοῦτο
1773 1020 1844 1055 γοῦν

1042 1071 1120 1106 κάγὼ
1130 1072 1163 1099 τὰ
1177 1072 1243 1107 παρ’
1257 1071 1380 1102 ἐκείνων,
1394 1071 1432 1102 ὡς
1445 1070 1563 1106 εἴρηται,
1575 1069 1688 1104 γυμνῶς
1699 1068 1845 1103 πεποίηκα

1042 1118 1216 1153 ἐγγραφῆναι
1240 1119 1274 1153 τῇ
1300 1116 1441 1152 ἐπιστολῇ,
1465 1117 1509 1143 ἵνα
1530 1116 1577 1142 καὶ
1598 1116 1677 1150 μόνον
1697 1116 1711 1142 ὁ
1732 1115 1845 1141 ἀκούων

1044 1162 1134 1198 θεωρῇ
1147 1162 1197 1197 τὴν
1212 1162 1241 1188 ἐν
1260 1161 1353 1193 αὐτοῖς
1370 1161 1502 1197 αἰσχύνην
1516 1160 1565 1188 καὶ
1581 1160 1719 1187 ἀσέϐειαν.
1742 1160 1800 1186 Καὶ
1818 1161 1844 1186 εἰ

1043 1208 1091 1236 καὶ
1104 1208 1158 1235 ἔδει
1171 1208 1215 1234 διὰ
1233 1207 1364 1234 πλειόνων
1380 1208 1556 1242 κατηγορεῖν,
1573 1206 1621 1233 καὶ
1632 1206 1782 1241 διελέγχειν
1791 1206 1844 1242 τὴν

1043 1254 1097 1282 τῶν
1110 1254 1198 1281 ταῦτα
1212 1253 1408 1288 διανοηθέντων
1428 1253 1571 1288 αἰσχύνην,
1585 1252 1653 1278 ἀλλὰ
1671 1251 1743 1287 [καὶ]
1757 1252 1846 1278 καλὸν

1043 1299 1095 1329 ἕως
1112 1298 1214 1326 τούτων
1230 1296 1299 1325 εἷναι
1324 1298 1373 1334 τὴν
1396 1297 1551 1332 ἐπιστολὴν,
1576 1297 1625 1324 καὶ
1649 1298 1732 1333 μηδὲν
1758 1298 1845 1324 πλέην

1044 1345 1172 1381 γράφειν.
1188 1345 1229 1371 Τὰ
1243 1344 1297 1380 γὰρ
1317 1344 1404 1376 οὕτως
1425 1344 1551 1379 φανερῶς
1571 1344 1735 1379 δεικνύμενα
1750 1344 1846 1379 φαῦλα

1044 1390 1194 1426 γυμνάζειν
1211 1391 1350 1423 ὲπιπλὲον,
1371 1390 1418 1417 καὶ
1440 1390 1670 1426 περιεργάζεσθαι
1686 1391 1716 1416 οὐ
1732 1390 1785 1422 δεῖ,
1798 1391 1846 1417 ἵνα.

1047 1437 1084 1473 μὴ
1099 1438 1157 1469 τοῖς
1178 1437 1378 1472 φιλονεικοῦσιν
1398 1437 1436 1469 ὡς
1454 1437 1594 1472 ἀμφίϐολα
1613 1437 1739 1472 νομισθῇ.
1756 1437 1847 1464 Τοῦτο

1049 1483 1128 1518 μόνον
1142 1483 1344 1518 ἀποκρίνασθαι
1360 1484 1427 1518 πρὸς
1442 1483 1476 1509 τὰ
1493 1483 1606 1510 τοιαῦτα
1633 1483 1679 1510 καὶ
1694 1484 1783 1510 εἰπεῖν
1795 1484 1847 1518 ἀρ-

1049 1530 1101 1560 κεῖ,
1120 1529 1160 1556 ὅτι
1175 1529 1226 1555 οὐκ
1246 1529 1303 1556 ἔστι
1320 1529 1406 1556 ταῦτα
1427 1530 1477 1565 τῆς
1499 1529 1646 1564 καθολικῆς
1667 1529 1846 1564 Ἑκκλησίας,

1048 1575 1109 1601 οὐδὲ
1123 1574 1210 1601 ταῦτα
1224 1575 1248 1602 οἱ
1264 1575 1385 1611 Πατέρες
1399 1575 1562 1610 ἐφρόνησαν.
1579 1575 1638 1602 Ἵνα
1653 1576 1681 1601 δὲ
1700 1575 1738 1611 μὴ
1752 1577 1784 1602 ἐκ
1796 1578 1845 1610 τῆς

1048 1619 1141 1646 τέλεον
1159 1620 1265 1655 σιωπῆς
1279 1620 1416 1655 πρόφασιν
1431 1620 1610 1655 ἀναίσχυντον
1625 1621 1731 1652 ἑαυτοῖς
1749 1623 1774 1648 οἱ
1789 1621 1846 1648 τῶν

1051 1666 1144 1693 κακῶν
1164 1666 1311 1702 ἐφευρεταὶ
1328 1667 1508 1702 πορίσωνται,
1532 1666 1613 1694 καλὸν
1635 1669 1668 1694 ὲκ
1686 1667 1742 1694 τῶν
1765 1668 1846 1695 θείων

1052 1711 1168 1747 Γραφῶν
1190 1711 1289 1745 ὀλίγων
1311 1711 1507 1747 μνημονεῦσαι.
1526 1711 1602 1747 Τάχα
1619 1711 1673 1748 γὰρ
1692 1712 1744 1739 κᾶν
1759 1712 1846 1744 οὕτως

1048 1757 1219 1789 αἰδεσθέντες
1251 1755 1400 1785 παύσονται
1427 1758 1481 1785 ἀπὸ
1502 1758 1556 1784 τῶν
1581 1758 1713 1794 ῥυπαρῶν
1741 1759 1846 1785 τούτων

1048 1804 1184 1831 ἐπινοιῶν.

201 1853 248 1881 isti
263 1853 439 1887 impudentite
452 1859 509 1880 suae
522 1851 668 1878 honestum
680 1851 799 1886 aliquem
810 1851 930 1878 colorem
947 1850 1078 1884 habeant,
1096 1858 1183 1886 pauca
1206 1858 1222 1878 e
1248 1850 1337 1878 sacris
1357 1849 1470 1878 Litteris
1490 1849 1676 1884 expromenda
1705 1851 1849 1880 videntur,

201 1907 233 1926 ex
251 1899 353 1932 quibus
366 1898 471 1932 pudore
487 1897 602 1925 forsitan
619 1897 709 1924 affecti
727 1898 761 1925 ab
779 1897 980 1925 sordidissimis
996 1897 1052 1926 illis
1067 1898 1187 1925 inventis
1203 1897 1350 1932 aliquando
1369 1897 1536 1924 desciscent.

238 1942 284 1971 Vl.
303 1942 446 1970 Undenam
468 1944 552 1978 igitur
564 1951 701 1978 usurpare
714 1943 786 1970 istud
800 1944 879 1972 vobis
895 1944 922 1970 in
938 1945 981 1971 ani
992 1959 998 1964 -

203 1996 279 2016 mum
293 1989 401 2021 incidit,
420 1996 521 2023 corpus
542 1989 680 2016 divinitati
700 1989 782 2017 Verbi
801 1998 863 2018 esse
882 1991 996 2018 consul).

204 2035 354 2064 stantiale?
371 2034 441 2063 llinc
459 2036 532 2062 enim
559 2036 735 2070 potissimum
759 2036 882 2064 exordiri
906 2037 996 2072 juvat,

205 2085 245 2113 ut.
263 2089 296 2109 eo
310 2082 443 2109 convulso
461 2089 494 2109 ac
511 2082 687 2116 labefactato,
702 2088 801 2111 caetera
817 2083 931 2118 perinde
946 2084 998 2111 im-

204 2127 302 2154 becilla
316 2131 520 2155 monstrcntur.
534 2127 602 2155 Nam
618 2136 633 2155 e
651 2129 739 2157 sacris
755 2129 867 2164 quidem
883 2129 997 2158 Litteris

203 2172 340 2207 ejusmodi
357 2174 425 2200 nihil
441 2174 503 2201 elici
522 2178 690 2210 potest,quae
701 2175 821 2202 humano
838 2175 866 2202 in
882 2183 999 2211 corpore

205 2219 290 2247 Deum
309 2220 452 2248 exstitisse
469 2220 630 2255 praedicant.
649 2221 684 2248 At
695 2229 761 2248 vero
772 2221 870 2249 Patres
883 2222 934 2253 illi,
949 2222 997 2257 qui

204 2265 302 2293 Nicaeae
319 2270 517 2298 convenerant,
533 2274 588 2294 non
603 2275 715 2302 corpus,
729 2268 778 2296 sed
788 2267 887 2295 Filium
903 2267 994 2303 ipsum

205 2310 280 2338 Patri
297 2312 561 2340 consubstantialem
584 2320 646 2341 esse
665 2314 807 2345 dixerunt,
829 2321 949 2349 eumque
965 2313 999 2341 de

205 2355 298 2392 Patris
314 2358 451 2392 prodiisse
468 2358 634 2391 substantia,
659 2367 762 2395 corpus
787 2367 851 2387 vero
875 2367 890 2386 e
913 2359 998 2386 Maria

206 2408 366 2437 susceptum
383 2411 416 2430 ex
433 2411 575 2431 sacrarum
593 2405 760 2433 Litterarum
775 2406 939 2432 auctoritate
952 2405 1000 2433 de-

206 2453 312 2475 cretum
325 2452 379 2475 est.
392 2448 484 2481 Quare
494 2450 536 2476 vel
548 2449 685 2477 Nicatnam
699 2450 834 2486 synodum
848 2450 998 2485 ejuratote,

207 2500 239 2520 ac
255 2497 386 2528 tanquam
409 2494 532 2522 haeretici
551 2495 679 2531 dogmata
701 2496 755 2522 ista
776 2495 894 2530 jactate;
912 2500 960 2523 aut
975 2495 999 2523 si

206 2539 319 2566 Patrum
336 2548 397 2568 esse
414 2540 459 2568 ﬁlii
476 2541 570 2572 vultis,
586 2542 655 2568 nihil
670 2546 771 2577 praeter
786 2542 844 2575 illa,
861 2549 921 2577 quae
932 2542 1000 2569 scri—

208 2590 333 2620 pserunt,
361 2586 412 2621 ipsi
430 2587 604 2614 sentiendum
628 2591 763 2623 putatote.
788 2587 893 2616 Etenim
916 2596 999 2623 quam

207 2633 274 2660 illud
298 2634 448 2661 absurdum
469 2634 516 2666 sit,
534 2634 577 2661 vel
601 2634 666 2661 hinc
687 2634 849 2662 existimare
870 2634 998 2670 potestis.

208 2678 236 2704 Si
250 2678 322 2706 enim
334 2677 454 2706 Verbum
467 2679 589 2714 corpori,
603 2679 684 2714 cujus
700 2684 799 2707 natura
813 2680 849 2708 de
863 2683 938 2708 terra
952 2679 1000 2707 dc-

208 2723 291 2750 libata
303 2727 356 2757 est,
372 2724 613 2752 consubstantiale
625 2725 672 2758 sit,
687 2733 749 2752 cum
762 2733 794 2752 ex
810 2724 922 2753 Patrum
935 2732 1000 2752 con-

208 2768 329 2797 fessione
344 2770 458 2804 perinde
473 2770 510 2798 sit
525 2769 601 2798 Patri
619 2770 856 2800 consubstantiale
865 2770 997 2804 Verbum,

245 2845 254 2862 '
278 2854 322 2879 πρ.
345 2846 508 2882 ἀδιαφόρως.

1085 1945 1130 1978 ς’.
1146 1944 1232 1971 Πόθεν
1245 1945 1311 1980 ἡμῖν
1322 1944 1439 1979 ἐπῆλθεν
1456 1945 1553 1977 είπεῖν,
1568 1940 1590 1970 ὦ
1602 1941 1685 1974 οὗτοι,
1699 1944 1730 1971 τὸ
1745 1945 1844 1980 ὁμοοὺ-

1051 1999 1109 2018 σιον
1123 1988 1194 2017 εῖναι
1217 1990 1247 2021 τὸ
1271 1990 1352 2025 σῶμα
1369 1990 1421 2025 τῆς
1438 1989 1486 2016 τοῦ
1506 1990 1593 2024 Λόγου
1615 1989 1760 2025 θεότητος;
1780 1990 1845 2017 ’Δπὺ

1051 2037 1105 2072 γὰρ
1121 2036 1215 2064 τούτου
1231 2036 1313 2063 καλὸν
1326 2035 1472 2069 ἄρξασθαι,
1486 2036 1540 2066 ἵνα,
1555 2036 1650 2062 τούτου
1665 2037 1843 2072 δεικνυμένου

1053 2083 1163 2119 σαθροῦ,
1176 2084 1223 2110 καὶ
1236 2082 1326 2110 πάντα
1339 2082 1374 2109 τὰ
1386 2082 1454 2109 ἄλλα
1466 2083 1577 2110 τοιαῦτα
1587 2083 1690 2118 δειχθῇ.
1713 2083 1780 2110 Ἀπὸ
1796 2083 1845 2119 μὲν

1051 2126 1098 2155 οὖν
1113 2129 1168 2155 τῶν
1184 2129 1301 2163 Γραφῶν
1321 2129 1371 2156 οὐκ
1390 2129 1464 2155 ἐστιν
1483 2129 1584 2164 εὑρεῖν.
1606 2129 1671 2156 Θεὸν
1685 2129 1739 2164 γὰρ
1754 2131 1786 2156 ἐν
1799 2131 1844 2157 ἁν-

1052 2175 1182 2211 θρωπίνῳ
1200 2175 1307 2210 σώματι
1326 2175 1466 2210 γεγονέναι
1482 2175 1616 2209 λέγουσιν.
1635 2175 1715 2202 ’Δ-λλὰ
1729 2177 1784 2211 γὰρ
1800 2177 1845 2202 καὶ

1051 2222 1075 2248 οἱ
1089 2221 1210 2257 Πατέρες
1221 2222 1246 2248 ol
1258 2223 1288 2248 ὲν
1299 2221 1403 2256 Νικαίᾳ
1417 2221 1590 2253 συνελθόντες
1601 2222 1631 2248 οὐ
1640 2221 1670 2248 τὺ
1683 2221 1774 2256 σῶμα,
1788 2221 1844 2248 ἀλλ’

1051 2267 1132 2294 αὐτὸν
1148 2268 1194 2294 τὸν
1211 2267 1276 2294 Υἱὺν
1290 2268 1434 2302 εἰρήκασιν
1451 2268 1593 2303 ὁμοούσιον
1605 2267 1652 2294 τοῦ
1664 2268 1782 2303 Πατρός·
1800 2269 1845 2294 καὶ

1051 2312 1145 2340 τοῦτον
1160 2313 1209 2348 μὲν
1225 2314 1256 2339 ὲκ
1267 2313 1317 2348 τῆς
1330 2313 1425 2344 οὐσίας
1436 2312 1484 2339 τοῦ
1500 2313 1617 2349 Πατρὺς,
1635 2313 1665 2339 τὸ
1679 2313 1707 2339 δὲ
1721 2313 1802 2348 σῶμα
1815 2314 1846 2339 ὲκ

1051 2359 1161 2394 Μαρίας
1181 2359 1354 2394 ὡμολόγηται
1375 2356 1445 2385 εἶναι
1467 2359 1547 2386 πάλιν
1565 2359 1636 2386 κατὰ
1654 2359 1703 2391 τὰς
1722 2360 1742 2385 Γ
1746 2360 1844 2395 ραφάς.

1054 2405 1090 2431 Ἣ
1107 2405 1195 2432 τοίνυν
1214 2404 1370 2441 ἀρνήσασθε
1384 2405 1434 2440 τὴν
1448 2405 1477 2431 ὲν
1495 2405 1597 2441 Νικαίᾳ
1613 2405 1730 2438 σύνοδον,
1748 2406 1796 2432 καὶ
1810 2406 1845 2437 ὡς

1052 2451 1187 2487 αἱρετικοὶ
1210 2452 1410 2487 παρεισφέρετε
1433 2451 1530 2478 ταῦτα·
1551 2451 1567 2485 ἢ
1585 2452 1609 2478 εἰ
1623 2450 1750 2487 βούλεσθε
1764 2451 1845 2478 τέκνα

1051 2496 1106 2522 τῶν
1120 2497 1249 2531 Πατὲρων
1264 2495 1344 2530 εἶναι,
1367 2497 1404 2533 μὴ
1427 2499 1550 2532 φρονεῖτε
1573 2498 1638 2532 παρ’
1650 2498 1754 2527 ἐκεῖνα,
1776 2497 1844 2529 amp

1053 2542 1175 2578 ἔγραψαν
1190 2543 1276 2570 αὐτοί.
1293 2543 1348 2569 Καὶ
1359 2543 1412 2578 γὰρ
1423 2544 1455 2569 ὲκ
1469 2542 1563 2569 τούτου
1579 2543 1609 2569 τὸ
1619 2543 1720 2569 ἄτοπον
1733 2542 1845 2578 θεωρεῖν

1052 2587 1126 2622 ἡμᾶς
1139 2586 1251 2620 ἔξεστιν.
1266 2588 1297 2614 Εἰ
1307 2589 1449 2624 όμοούσιος
1461 2589 1475 2614 ὁ
1488 2588 1574 2622 Λόγος
1583 2588 1621 2623 τῷ
1632 2588 1740 2624 σώματι
1754 2589 1786 2614 ὲκ
1797 2588 1844 2622 γῆς

1053 2633 1141 2667 ἔχοντι
1149 2633 1199 2669 τὴν
1209 2633 1300 2668 φύσιν,
1310 2634 1452 2670 ὁμοούσιος
1462 2635 1489 2661 δὲ
1498 2635 1512 2660 ὁ
1521 2634 1606 2669 Λόγος
1616 2634 1655 2670 τῷ
1667 2635 1766 2670 Πατρὶ,
1777 2635 1841 2660 κατ)

1052 2677 1102 2714 τὴν
1116 2679 1169 2705 τῶν
1181 2679 1311 2715 Πατέρων
1324 2679 1477 2715 ὁμολογίαψ
1491 2679 1635 2715 ὁμοοῦσιος
1646 2679 1723 2705 ἔσται
1739 2679 1787 2705 καὶ
1799 2679 1842 2705 αὖα

1052 2725 1098 2756 τὸς
1112 2725 1125 2751 ὸ
1137 2725 1231 2762 Πατὴρ
1247 2725 1287 2761 τῷ
1305 2726 1411 2761 σώματι
1423 2725 1463 2761 τῷ
1474 2727 1506 2752 ἐκ
1521 2725 1573 2760 γῆς
1587 2724 1737 2759 γενομένῳ.
1753 2723 1809 2750 Καὶ
1819 2723 1844 2749 τι

1053 2771 1093 2798 ἔτι
1114 2772 1252 2807 μέμφεσθε
1268 2773 1325 2804 τοῖς
1344 2773 1494 2808 ’Δρειανοῖς
1509 2772 1619 2806 λέγουσι
1638 2770 1683 2797 τὸν
1701 2769 1765 2797 Υιὺν
1785 2768 1843 2797 κτί-
