1945 3043
87 193 142 222 ϐω

374 189 556 219 ADVERSUS
576 189 747 218 IIA'IRESES
765 189 828 216 LIB.
850 188 892 216 III.
916 188 998 216 T031.
1019 187 1052 215 II.
1072 203 1106 207 —
1126 186 1263 215 IIAL‘IIES.
1286 185 1416 214 LXXVII.

1665 185 1717 214 650

91 256 157 283 ομα,
172 246 299 281 λέγοντες
316 247 363 273 καὶ
373 247 451 274 αὐτοὶ
469 247 515 274 τὸν
526 246 637 283 Πατέρα
660 246 801 282 όμοούσιον
821 247 878 278 τοῖς

933 245 1011 273 Pater
1035 245 1094 280 ipse
1119 249 1227 272 lerreno
1254 244 1363 280 corpori
1390 241 1634 271 consubstantialis
1654 244 1718 272 erit.

88 293 232 328 κτίσμασι,
259 294 308 320 καὶ
332 293 372 324 εἰς
395 293 494 328 ἑτέραν
520 293 649 320 ἀσέϐειαν
674 293 879 328 μετερχόμενοι,

87 339 242 374 φάσκοντες
268 339 308 369 εὶς
347 338 436 374 σάρκα
476 339 524 365 καὶ
545 337 627 364 ὀστέα
649 337 697 364 καὶ
721 337 818 373 τρίχας
834 337 881 364 καὶ

88 384 186 420 νεῦρα,
207 383 253 410 καὶ
268 383 329 410 ὅλον
346 382 424 418 σῶμα
441 381 660 418 μεταϐεϐλῆσθαι
670 382 716 408 τὸν
725 382 820 415 Λόγον,
835 382 882 409 καὶ

89 429 222 464 ὴλλάχθαι
240 428 290 463 τῆς
307 428 375 459 ιδίας
394 427 518 462 elisam;
537 427 609 462 Ὥρα
630 426 685 462 γὰρ
705 427 793 454 εἰπεῖν
807 428 882 463 ἡμᾶς

90 474 215 510 φανερῶς
236 474 268 500 ὲκ
282 473 335 509 γῆς
357 473 438 500 αὐτὸν
455 473 630 509 γεγενῆσθαι.
658 474 706 501 Ἐκ
722 474 775 509 γῆς
793 472 848 509 γὰρ
862 474 880 509 ή

89 520 144 547 τῶν
164 519 266 547 ὀστέων
287 520 334 546 καὶ
350 519 411 546 ὅλου
425 519 473 546 τοῦ
493 518 621 555 σώματος
636 519 726 554 φύσις.
741 519 790 551 Τίς
804 517 851 546 οὖν
864 519 881 554 ἡ

89 565 210 601 τοσαύτη
227 565 438 601 παραφροσύνη,
453 565 497 592 ἵνα
511 565 559 592 καὶ
572 565 640 600 πρὸς
655 565 767 597 ἑαυτοὺς
782 564 882 600 διαμά-

89 611 190 647 χησθε;
209 610 368 647 ὀμοούσιον
379 611 429 646 μὲν
440 610 565 645 λέγοντες
574 611 620 638 τὸν
627 611 713 645 Λόγον
726 611 768 646 τῷ
789 610 882 646 σώμα-

89 667 127 690 τι,
141 658 236 693 ἕτερον
256 657 325 693 πρὸς
348 657 442 692 ἕτερον
456 656 615 693 σημαίνετε·
637 657 668 684 τὸ
688 657 716 684 δὲ
734 658 774 689 εἰς
791 658 880 693 σάρκα

91 703 322 739 μεταϐεϐλῆσθαι,
332 703 414 731 αὑτοῦ
425 703 512 738 Λόγου
522 703 627 739 τροπὴν
635 702 814 738 φαντάζεσθε.
826 703 882 730 Καὶ

88 750 132 782 τίς
146 750 188 776 ἔτι
201 750 295 777 λοιπὸν
308 750 386 785 ἡμῶν
396 748 520 782 ἀνέξεται
535 749 622 777 ταῦτα
637 749 685 776 καὶ⁵
702 749 784 785 μόνον
798 749 882 784 φθεγ-

89 794 230 830 γομένων;
250 794 345 830 Πάσης
361 794 417 830 γὰρ
439 794 572 829 αἱρέσεως
594 793 674 821 πλέον
694 795 734 826 εὶς
754 794 881 821 ἀσέϐειαν

90 838 257 872 έξεκλίνατε.
278 839 309 865 Ei
331 838 386 874 γὰρ
409 838 551 874 όμοούσιος
572 840 586 866 ὀ
605 838 692 873 Λόγος
708 838 747 874 τῷ
763 839 879 874 σώματι,

90 885 206 921 περιττὴ
219 885 271 919 τῆς
288 885 397 920 Μαρίας
413 886 430 920 ἡ
448 885 542 920 μνήμη
562 885 638 920 καὶὴ
661 885 752 920 χρεία,
763 884 881 920 δυναμέ-

930 292 991 325 Quo
1004 292 1115 327 quidem
1131 290 1294 322 constituto,
1310 290 1377 326 quid
1405 293 1447 318 est
1462 289 1535 324 quod
1546 289 1664 317 Arianos
1675 289 1719 317 in-

930 338 1046 369 cusetis,
1062 337 1108 372 qui
1124 336 1224 364 Filium
1238 339 1393 365 creaturam
1408 343 1471 363 esse
1484 336 1646 367 detendunt,
1658 343 1720 364 cum

931 391 980 411 vos
1000 383 1051 418 ipsi
1075 383 1185 410 Patrem
1210 383 1346 410 creaturis
1370 382 1636 411 consubstantialem
1657 390 1721 411 esse

931 428 1042 460 dicatis,
1057 432 1084 455 et
1098 428 1130 454 ad
1146 427 1220 455 aliud
1235 427 1384 462 impietatis
1399 435 1486 463 genus
1499 427 1681 460 declinantes,
1693 428 1720 455 in

931 480 1053 505 carnem,
1068 480 1143 504 ossa.
1159 473 1241 507 pilos,
1259 480 1368 504 nervos,
1384 476 1472 499 totum
1490 472 1608 508 denique
1619 480 1721 508 corpus

930 524 1094 545 conversum
1106 524 1168 545 esse
1177 516 1298 545 Verbum
1316 521 1343 545 et
1360 524 1375 543 a
1385 521 1483 544 natura
1496 525 1545 545 sua
1570 517 1721 546 descivisse

931 571 1094 598 persuasum
1120 563 1265 591 habeatis?
1293 562 1425 598 Superest
1451 564 1552 598 itaque,
1569 567 1599 591 ut
1614 572 1629 592 e
1647 569 1720 592 terra

931 610 1096 644 productum
1114 617 1177 638 esse
1193 609 1314 637 Verbum
1330 609 1389 637 sine
1405 609 1631 645 tergiversatione
1645 610 1722 638 dica-

931 654 977 682 tis.
992 654 1061 681 Nam
1075 663 1090 682 e
1104 658 1176 682 terra
1186 655 1297 692 ‘ossium
1315 654 1456 690 totiusque
1484 655 1608 690 corporis
1622 660 1720 683 natura

931 699 1126 736 proﬁciscitur.
1147 700 1277 733 Quaenam
1297 705 1340 728 est
1358 701 1415 728 haec
1436 704 1513 727 tanta
1527 699 1676 733 dementia,
1693 705 1721 728 ut

931 746 1075 774 vobiscum
1097 746 1149 781 ipsi
1173 746 1319 782 pugnetis?
1342 746 1483 781 Siquidem
1505 753 1568 773 cum
1600 745 1721 774 Verbum

931 792 1043 827 corpori
1065 792 1304 820 consubstantiale
1326 799 1388 820 esse
1405 791 1507 823 dicitis,
1526 791 1642 819 alterum
1659 800 1723 820 cum

932 838 1020 866 altero
1039 839 1114 865 velut
1133 839 1274 866 diversum
1291 838 1448 873 comparari
1463 837 1634 873 signiﬁcatis.
1653 838 1722 866 Cum

932 887 1023 912 autem
1044 884 1072 912 in
1088 892 1198 911 carnem
1215 892 1277 912 esse
1294 891 1458 912 conversum
1478 885 1614 916 asseritis,
1633 885 1723 913 cidem

88 939 137 958 νου
154 930 202 958 τοῦ
218 930 344 966 σώματος
362 929 410 957 καὶ
429 930 483 966 πρὸ
498 930 546 966 τῆς
565 930 675 965 Μαρίας
692 928 762 957 εἶναι
777 930 879 962 ἁῖδίως·

934 928 1026 957 Verbo
1040 931 1221 958 mutationem
1239 929 1376 965 aih'ngitis.
1401 929 1469 963 Quis
1494 931 1577 965 igitur
1592 931 1724 966 deinceps

88 977 185 1012 ὥσπερ
202 975 250 1004 οὖν
268 978 326 1003 ἐστι
346 977 394 1004 καὶ
414 976 496 1008 αὐτὸς
514 977 528 1003 ὁ
547 976 644 1011 Λόγος.
660 976 718 1010 εἴγε
735 976 795 1003 καθ’
809 976 881 1012 ὑμᾶς

89 1024 235 1059 ὁμοούσιός
247 1023 305 1049 ὲστι
317 1022 357 1058 τῷ
378 1022 496 1058 σώματι.
514 1022 562 1054 Τίς
581 1022 610 1049 δὲ
626 1022 673 1049 καὶ
695 1022 712 1057 ή
733 1022 813 1057 χρεία
831 1022 881 1057 τῆς

90 1068 239 1102 ἐπιδημίας
253 1067 300 1094 τοῦ
316 1067 414 1101 Λόγου,
433 1067 476 1094 ἵνα
490 1066 506 1102 ἢ
519 1068 550 1093 τὸ
566 1066 663 1093 ἑαυτοῦ
680 1066 821 1103 ὁμοούσιον
838 1068 881 1094 ὲν-

89 1113 238 1149 δύσηται,ἢ
252 1112 368 1149 τραπεὶς
380 1112 434 1140 ἀπὸ
448 1113 498 1148 τῆς
512 1112 692 1147 ιδίαςφύσεως
706 1113 786 1148 σῶμα
798 1113 881 1148 γένη-

88 1167 152 1192 ται;
173 1159 210 1186 Οὺ
229 1158 283 1194 γὰρ
305 1158 375 1194 αὑτὴ
391 1158 493 1194 ὲαυτῆς
508 1159 524 1193 ἡ
539 1158 635 1193 θεότης
652 1158 880 1194 ἐπιλαμϐάνεται,

89 1206 135 1232 ἵνα
146 1205 194 1232 καὶ
207 1204 239 1231 τὸ
248 1204 390 1239 ὁμοούσιον
403 1203 490 1239 αὐτῆς
501 1203 655 1239 ἐνδύσηται.
677 1203 746 1230 Ἀλλ’
758 1204 818 1230 οὐδὲ
828 1204 882 1239 γὰρ

89 1251 214 1286 ἥμαρτεν
230 1251 245 1276 ὁ
261 1250 311 1281 τὰς
325 1249 412 1277 ἄλλων
433 1249 570 1284 ἁμαρτιας
589 1249 772 1285 λυτρούμενος
784 1249 882 1284 Λόγος,

89 1297 135 1324 ῐνα
149 1296 265 1332 τραπεὶς
287 1296 327 1327 είς
353 1295 434 1330 σῶμα
451 1295 546 1322 ἑαυτὸν
571 1295 642 1331 ὑπὲρ
663 1295 761 1322 ἑαυτοῦ
785 1295 882 1322 θυσίαν

90 1341 265 1378 προσενέγκῃ
281 1342 329 1368 καὶ
343 1341 439 1368 ἑαυτὸν
457 1339 641 1376 λυτρώσηται.

936 974 994 1002 haec
1011 982 1026 1002 a
1043 975 1122 1003 vobis
1139 976 1182 1002 vel
1198 983 1264 1003 voce
1282 979 1363 1003 tenus
1379 976 1555 1010 pronuntiari
1571 977 1725 1004 sustineat?

936 1020 992 1048 Vos
1015 1021 1088 1049 enim
1110 1021 1236 1049 haeresim
1257 1029 1367 1049 onmem
1391 1021 1532 1056 impietate
1557 1023 1723 1057 superastis.

934 1066 1040 1100 Quodsi
1056 1066 1176 1095 Verbum
1190 1068 1299 1103 corpori
1312 1067 1549 1106 consubstantiale
1558 1069 1604 1102 sit,
1619 1069 1721 1104 1001

935 1119 1138 1146 supervacanea
1149 1117 1192 1140 est
1205 1112 1296 1139 Maria:
1305 1113 1439 1140 memoria
1451 1114 1541 1141 oumis
1563 1121 1595 1141 ac
1607 1114 1722 1145 functio,

933 1165 997 1185 cum
1023 1162 1086 1186 ante
1105 1157 1178 1185 illam
1205 1157 1286 1185 etiam
1312 1158 1510 1193 sempiternum
1537 1167 1639 1195 corpus
1662 1167 1724 1187 esse

933 1204 1062 1239 potuerit,
1085 1203 1317 1238 quemadmodum
1335 1208 1362 1232 et
1377 1204 1496 1232 Verbum
1521 1205 1621 1240 ipsum,
1642 1206 1676 1238 si,
1695 1211 1724 1233 ut

935 1249 1074 1282 asseritis,
1095 1249 1205 1283 corpori
1227 1249 1464 1278 consubstantiale
1480 1250 1526 1278 sit.
1547 1250 1617 1284 Quid
1634 1254 1723 1278 autem

934 1295 1055 1323 Verbum
1069 1295 1122 1322 huc
1136 1294 1267 1323 advenire
1289 1303 1403 1324 necesse
1417 1295 1479 1328 fuit,
1493 1300 1522 1323 ut
1539 1297 1579 1324 vel
1596 1296 1634 1329 id,
1650 1297 1723 1332 quod

931 1342 987 1377 jam
1001 1341 1240 1369 consubstantiale
1255 1341 1308 1369 sibi
1324 1346 1395 1375 erat,
1414 1342 1552 1376 indueret,
1569 1343 1611 1371 vel
1627 1348 1724 1371 natura

90 1395 141 1415 sua
155 1390 302 1420 nmtatum,
319 1394 423 1423 corpus
436 1386 608 1415 eiliceretur?
619 1386 679 1414 Non
692 1387 765 1415 enim
778 1387 956 1422 semetipsam
974 1388 1106 1415 divinitas
1133 1387 1261 1419 assumit,
1290 1391 1320 1415 ut
1347 1389 1421 1424 quod
1449 1389 1502 1417 sibi
1541 1391 1725 1418 consubstan-

90 1435 156 1462 tiale
170 1437 211 1462 est
227 1434 337 1468 induat;
361 1442 449 1470 neque
468 1434 600 1468 Verbum,
623 1435 696 1470 quod
711 1435 799 1463 aliena
814 1440 927 1470 peccata
954 1436 1056 1470 expiat,
1078 1440 1222 1471 peccatum
1237 1435 1323 1463 ullum
1354 1436 1476 1469 admisit,
1509 1441 1538 1464 ut
1570 1437 1597 1465 in
1624 1444 1726 1472 corpus

89 1487 253 1508 conversum
270 1480 390 1514 seipsum
403 1487 451 1515 pro
464 1487 494 1508 se
507 1480 636 1508 sacriﬁcii
656 1481 744 1508 instar
758 1481 870 1509 offerret
885 1489 918 1510 ac
934 1483 1112 1517 semetipsum
1129 1482 1287 1509 redimeret.

126 1525 164 1553 Z'.
189 1526 257 1552 Ἀλλ’
272 1526 322 1553 οὐκ
345 1526 419 1553 ἔστιν
433 1526 532 1558 οὕτως,
549 1527 586 1563 μὴ
608 1527 729 1562 γένοιτοῐ
746 1527 883 1563 Σπέρμα-

973 1527 1029 1556 VII.
1051 1527 1142 1561 Quare
1158 1528 1239 1563 longe
1253 1528 1331 1555 aliter
1343 1535 1404 1556 sese
1419 1536 1464 1556 res
1477 1528 1558 1556 habet
1571 1538 1577 1556 :
1591 1527 1624 1555 Et
1638 1528 1725 1556 Abra-

89 1580 143 1605 τος
158 1572 214 1608 γὰρ
231 1572 354 1607 Ἀϐραὰμ
371 1573 614 1607 ἐπιλαμϐάνεται,
628 1574 666 1606 ὡς
681 1572 758 1600 εἶπεν
773 1575 787 1601 ὁ
804 1574 881 1601 Ἀπό-

937 1570 1010 1598 hami
1033 1579 1119 1598 semen
1136 1571 1325 1605 apprehendit,
1342 1576 1371 1599 ut
1396 1572 1517 1607 loquitur
1538 1573 1690 1608 Apostolus
1703 1574 1724 1602 ⁸.

90 1618 195 1650 στολος.
225 1618 306 1645 ’Ὅθεν
332 1617 432 1653 ὤφειλε
459 1619 531 1646 κατὰ
558 1619 648 1646 πάντα
675 1621 733 1651 τοῖς
758 1620 883 1655 ἀδελφοῖς

88 1663 269 1699 ὁμοιωθῆναι,
284 1665 332 1691 καὶ
343 1664 436 1691 λαϐεῖν
449 1665 542 1700 ὅμοιον
558 1666 624 1700 ἡμῖν
639 1665 729 1701 σῶμα.
743 1665 793 1692 Διὰ
804 1666 884 1692 τοῦτο

91 1709 156 1743 γοῦν
179 1709 226 1735 καὶ
243 1710 387 1737 ὑπόκειται
401 1710 510 1745 ἀληθῶς
523 1711 540 1746 ἡ
564 1711 670 1747 Μαρία,
695 1711 739 1738 ἵνα
755 1710 884 1746 ὲξ¹αὐτῆς

89 1754 169 1781 τοῦτο
179 1754 259 1790 λάϐῃ,
270 1755 317 1781 καὶ
329 1755 366 1787 ὡς
375 1755 440 1782 ἴδιον
452 1756 523 1792 ὑπὲρ
533 1755 611 1791 ἡμῶν
622 1756 688 1782 αὐτὸ
699 1756 881 1792 προσενέγκῃ.

89 1801 146 1828 Καὶ
153 1800 256 1836 ταύτην
268 1802 282 1827 ὁ
295 1800 344 1836 μὲν
363 1801 474 1833 Ἡσαΐας
491 1801 670 1837 προφητεύων
687 1801 806 1828 ἐδείκνυε
816 1822 824 1835 ,
840 1801 884 1828 λέ-

89 1854 160 1880 γων·
174 1846 252 1874 Ἰδοὺ
265 1847 283 1881 ἡ
294 1847 442 1881 παρθένος
451 1847 486 1874 ἐν
496 1847 603 1882 γαστρὶ
613 1847 682 1880 ἕξει,
691 1847 741 1874 καὶ
753 1847 867 1879 τέξεται
875 1856 881 1863 ·

89 1892 103 1918 ὁ
121 1891 150 1918 δὲ
170 1891 290 1927 Γαϐριὴλ
310 1891 505 1919 ἀποστέλλεται
525 1893 593 1928 πρὸς
610 1892 706 1928 αὐτὴν,
723 1893 772 1928 οὺχ
789 1892 883 1924 ἁπλῶς

89 1937 159 1972 πρὸς
179 1937 323 1973 παρθένον,
334 1938 402 1965 ἀλλὰ
413 1938 480 1973 πρὸς
493 1939 625 1974 παρθένον
639 1938 883 1974 μεμνηστευμένην

90 1983 178 2018 ἀνδρὶ,
200 1983 234 2010 ἶν’
249 1985 282 2010 ὲκ
297 1983 345 2010 τοῦ
361 1983 517 2019 μνηστῆρος
532 1984 607 2020 δείξῃ
624 1985 673 2020 τὴν
690 1984 801 2020 Μαρίαν
816 1985 883 2020 άλη-

89 2029 145 2061 θῶς
162 2028 306 2064 ἄνθρωπον
322 2028 414 2056 οὖσαν.
430 2030 486 2056 Kal
504 2029 549 2057 τοῦ
565 2029 669 2057 τίκτειν
685 2030 851 2066 μνημονεύει
866 2032 882 2066 ἡ

87 2075 197 2112 Γραφὴ,
220 2077 267 2103 καί
292 2084 390 2112 φησιν·
413 2076 661 2111 “Εσπαρτάνωσε”
677 2077 725 2103 καὶ
748 2077 883 2112 ἐμακαρί-

87 2122 167 2153 ζοντο
193 2122 290 2156 μαστοὶ
311 2121 358 2153 οὒς
382 2121 509 2157 ὲθήλασε.
529 2122 585 2148 Καὶ
606 2121 781 2157 προσηνέχθη
802 2121 882 2148 θυσία

86 2167 126 2199 ὡς
138 2167 321 2200 διανοίξαντος
331 2167 378 2194 τοῦ
391 2167 532 2203 τεχθέντος
547 2168 597 2203 τὴν
615 2168 732 2203 μήτραν.
748 2167 840 2194 Ταῦτα
853 2168 882 2194 δὲ

87 2212 179 2240 πάντα
198 2213 343 2249 τικτούσης
364 2211 398 2249 ἦν
421 2213 559 2249 Παρθένου
582 2214 770 2250 γνωρίσματα.
789 2215 844 2241 Καὶ
867 2216 882 2241 ὁ

935 1616 1012 1644 Unde
1029 1616 1143 1644 fratrum
1169 1625 1282 1644 suorum
1300 1618 1398 1646 similis
1415 1618 1442 1645 in
1458 1619 1586 1645 omnibus
1602 1627 1662 1646 esse
1678 1619 1726 1646 dc-

935 1661 1022 1692 buit',
1036 1669 1087 1688 nec
1101 1661 1241 1689 diversum
1256 1670 1270 1689 a
1287 1662 1367 1690 nobis
1383 1670 1484 1698 corpus
1497 1671 1648 1691 assumere.
1659 1663 1725 1690 Pro-

934 1707 996 1734 inde
1009 1711 1036 1734 et
1049 1706 1134 1734 Maria
1148 1707 1237 1742 reipsa
1253 1715 1303 1735 nec
1315 1708 1441 1736 simulate
1457 1708 1606 1744 profrrlur,
1624 1717 1655 1737 ex
1671 1717 1724 1744 qua

935 1759 1036 1787 corpus
1052 1752 1119 1779 lIIlld
1133 1757 1263 1784 sumeret,
1279 1761 1311 1780 ac
1326 1759 1456 1789 tanquam
1469 1755 1608 1789 peculiare
1621 1760 1647 1782 et
1662 1763 1725 1790 pro-

934 1799 1023 1833 prium
1038 1806 1087 1833 pro
1098 1798 1178 1826 nobis
1188 1799 1308 1827 offerret.
1322 1798 1451 1827 Eamdcm
1463 1801 1535 1828 illam
1548 1809 1629 1836 porro
1640 1801 1725 1830 Isaias

934 1844 1069 1879 ejusmodi
1090 1844 1221 1872 vaticinio
1244 1845 1450 1873 demonstrabat
1466 1856 1472 1873 :
1494 1846 1561 1874 Erce
1576 1848 1646 1882 virgo
1661 1855 1726 1875 cou-

934 1891 1021 1924 cipiet,
1034 1895 1058 1917 et
1070 1891 1156 1924 pariet
1166 1891 1193 1924 ³;
1207 1895 1263 1917 ιιιιιι
1279 1891 1388 1919 Gabriel
1404 1892 1437 1919 ad
1452 1900 1511 1920 eam
1527 1893 1654 1926 mittitur,
1669 1901 1723 1921 non

933 1936 1096 1971 simpliciter
1111 1937 1144 1964 ad
1161 1937 1306 1973 virginem,
1321 1938 1368 1965 sed
1384 1938 1416 1966 ad
1429 1946 1489 1965 eam
1504 1939 1649 1975 virginem,
1665 1948 1725 1975 quae

931 1982 987 2017 jam
1003 1982 1062 2009 viro
1078 1982 1215 2018 desponsa
1235 1983 1323 2010 fuerat
1332 1984 1354 2016 ⁵,
1369 1988 1399 2011 ιιι
1416 1984 1474 2020 ipsa
1491 1986 1584 2020 sponsi
1602 1992 1683 2013 conm
1695 1995 1726 2014 e-

933 2029 1088 2057 moratione
1112 2029 1225 2057 Mariam
1248 2037 1311 2058 vere
1328 2030 1466 2068 hominem
1488 2031 1574 2060 fuisse
1593 2032 1723 2063 declaret.

933 2074 1002 2102 IIinc
1012 2079 1040 2102 et
1052 2075 1173 2110 pariendi
1187 2076 1289 2103 mentio
1302 2076 1328 2103 in
1342 2075 1485 2112 Scriptura
1499 2078 1581 2110 facta,
1591 2082 1618 2105 et
1631 2077 1724 2106 fasciis

933 2120 1082 2149 involvisse
1109 2122 1225 2153 dicitur,
1255 2126 1281 2150 et
1307 2123 1386 2149 beata
1411 2123 1595 2158 prmdicantur
1628 2124 1723 2158 ubera,

933 2174 993 2202 qua:
1013 2166 1152 2195 Iactarunt
1167 2168 1187 2194 ⁵.
1216 2168 1256 2195 Ac
1276 2167 1394 2203 denique
1411 2169 1575 2196 sacriﬁcium
1602 2170 1723 2197 ob'atum

933 2214 1063 2246 tanquam
1080 2211 1119 2246 id,
1139 2214 1211 2247 quod
1234 2217 1327 2240 natum
1341 2218 1410 2246 erat,
1433 2214 1540 2241 vulvam
1559 2216 1722 2250 aperuissrt.

86 2259 211 2295 Γαϐριὴλ
227 2259 255 2286 δὲ
282 2247 409 2294 diuisam);
426 2247 618 2296 εὐηγγελίζετο
638 2247 707 2296 αὐτῇ
728 2259 816 2294 λέγων
832 2260 881 2295 οὐχ

935 2256 1000 2289 Quae
1029 2258 1121 2284 omnia
1159 2258 1291 2292 parientis
1314 2258 1435 2294 Virginis
1469 2260 1570 2287 indicia
1601 2261 1722 2288 fuerunt.

89 2305 194 2337 ἁπλῶς,
207 2305 242 2333 Τὸ
255 2305 442 2340 γεννώμενον
453 2306 487 2332 ἑν
497 2306 558 2339 σοι,
569 2306 612 2333 ἵνα
620 2306 657 2341 μὴ
672 2305 772 2338 ἐξωθεν
787 2307 880 2332 ἐπεισ-

90 2351 226 2387 αγόμενον
241 2351 310 2387 αὐτῇ
330 2351 410 2387 σῶμα
439 2351 593 2387 νομισθείη,
609 2351 667 2378 ἀλλ’
693 2351 728 2378 ὲκ
752 2351 821 2383 σοῦ,
837 2351 881 2378 ἵνα

76 2393 77 2397 “
90 2396 173 2432 φύσει
189 2397 220 2423 τδ
234 2396 403 2432 γεννώμενον
418 2397 449 2430 ἐξ
465 2397 549 2432 αὐτῆς
564 2395 633 2425 εἶναι
655 2396 811 2433 πιστευθείη
830 2406 881 2432 φα-

85 2442 193 2479 νερῶς·
209 2444 255 2470 καὶ.
272 2443 350 2470 τοῦτο
362 2444 411 2479 τῆς
429 2443 538 2478 φύσεως
553 2443 741 2478 δεικνυούσης,
762 2443 799 2475 ὡς
814 2443 880 2471 ἀδύε

86 2496 168 2515 νατον
180 2488 260 2523 σῶμα
274 2487 412 2524 παρθένου
428 2487 522 2523 φέρειν
536 2488 608 2523 γάλα
620 2488 657 2524 μὴ
673 2487 816 2523 τεκούσης,
833 2490 881 2516 καὶ

86 2535 220 2562 ἀδύνατον
241 2535 357 2569 γάλακτι
379 2535 518 2571 τραφῆναι
538 2535 628 2570 σῶμα,
652 2535 699 2562 καὶ
719 2542 880 2570 σπαργανω-

88 2581 182 2616 θῆναι,
202 2581 238 2616 μὴ
261 2582 395 2617 πρότερον
419 2583 500 2616 φύσει
528 2580 633 2616 τεχθέν.
656 2580 742 2607 Τοῦτό
765 2580 824 2606 ἐστι
849 2579 881 2606 τὸ

87 2627 259 2664 περιτμηθὲν
274 2628 445 2663 ὀχταήμερον
457 2635 464 2643 ο
483 2627 561 2654 τοῦτο
575 2626 687 2662 Συμεὼν
703 2628 741 2658 είς
758 2625 881 2661 ἀγκάλας

86 2673 214 2706 ἐδέξατο·
238 2673 318 2700 τοῦτο
343 2674 437 2708 γέγονε
463 2672 588 2704 παιδίον,
609 2672 656 2698 καὶ
685 2671 806 2708 ηὔξησε,
834 2671 881 2698 καὶ

85 2720 219 2756 δεκαέτης
234 2719 391 2755 γενόμενος,
406 2719 453 2746 καὶ
468 2719 508 2751 εἰς
518 2719 563 2745 τὸν
578 2718 739 2754 τριακοστὸν
758 2717 881 2744 ἐνιαυτὸν

85 2764 178 2801 ἦλθεν.
199 2765 237 2792 υῦ
258 2765 322 2801 γὰρ,
339 2765 378 2798 ὦς
396 2773 469 2797 τινες
487 2764 652 2800 ὑπενόησαν,
669 2765 685 2798 ἡ
709 2763 788 2790 οὐσία
812 2763 881 2797 αὑτὴ

85 2812 133 2839 τοῦ
155 2811 244 2846 Λόγου
258 2812 392 2847 τραπεῖσα
412 2810 597 2846 περιετμήθη,
617 2809 795 2841 ἀναλλοίωτος
814 2806 881 2836 οὖσα

127 2907 134 2923 ¹
149 2907 231 2935 Ichr.
246 2914 275 2939 tt,
297 2905 338 2932 I6.
378 2906 388 2922 '
406 2905 471 2933 ibid.
489 2905 530 2932 17.

249 2955 384 2984 ιἈτιιοι..
401 2954 460 2983 Gn.
478 2953 570 2984 XLII.

933 2300 974 2328 Ad
999 2301 1056 2329 haec
1076 2301 1186 2329 Gabriel
1205 2303 1263 2338 ipse
1280 2309 1359 2330 caute
1374 2311 1406 2331 ac
1426 2304 1575 2339 prudenter
1598 2306 1625 2332 in
1650 2306 1722 2333 felici

931 2347 979 2375 illo
998 2348 1094 2375 nuntio
1127 2349 1291 2383 perferendo
1317 2350 1426 2378 locutus
1448 2355 1501 2379 est.
1529 2350 1623 2387 Neque
1647 2353 1721 2381 enim

931 2393 999 2421 dixit
1016 2403 1023 2421 :
1043 2394 1119 2428 Quod
1138 2400 1261 2422 nascetur
1279 2395 1306 2422 in
1321 2400 1355 2429 te,
1372 2404 1406 2424 ne
1419 2397 1592 2425 extrinsecus
1607 2399 1634 2426 in
1647 2399 1722 2427 illam

931 2440 1072 2468 inductum
1083 2448 1185 2476 corpus
1208 2449 1271 2469 esse
1298 2446 1456 2477 putaretur;
1477 2443 1524 2471 sed
1537 2451 1570 2470 ea;
1584 2449 1608 2471 te
1619 2445 1722 2478 dixit',

933 2490 963 2513 ut
989 2485 1062 2520 quod
1088 2491 1267 2520 nasceretur,
1286 2495 1318 2515 ex
1339 2488 1398 2524 ipsa
1423 2489 1559 2524 prodiisse
1576 2492 1724 2520 manileste

933 2533 1101 2561 crederetur.
1118 2532 1274 2562 Praesertim
1291 2542 1354 2562 cum
1383 2536 1410 2563 id
1435 2541 1534 2564 natura
1563 2539 1646 2566 etiam
1663 2539 1723 2574 ipsa

933 2577 1113 2610 demonstret,
1131 2587 1186 2607 non
1211 2588 1292 2615 posse
1312 2581 1427 2616 virginis
1444 2590 1555 2618 corpus,
1572 2593 1632 2620 quae
1651 2592 1722 2612 non-

932 2623 997 2650 dum
1024 2625 1171 2659 pepererit,
1198 2626 1241 2653 Iac
1266 2627 1429 2662 concipere;
1451 2633 1508 2656 tum
1529 2630 1616 2658 nihilo
1636 2632 1721 2667 magis

933 2669 991 2697 ﬁeri
1016 2678 1098 2705 posse
1110 2691 1117 2702 ,
1138 2676 1167 2698 ut
1188 2671 1257 2699 lacte
1276 2673 1428 2707 nutriatur,
1449 2680 1496 2702 aut
1514 2675 1608 2704 fasciis
1626 2677 1721 2704 obvol-

932 2719 1013 2742 vatur
1027 2723 1127 2751 corpus
1145 2716 1224 2750 illud,
1239 2718 1312 2753 quod
1339 2720 1457 2747 naturali
1485 2725 1562 2756 partu
1586 2727 1648 2749 ante
1666 2729 1719 2749 non

934 2761 970 2789 sit
993 2761 1021 2789 in
1048 2762 1134 2790 lucem
1151 2764 1265 2792 editum.
1283 2764 1355 2800 Ergo
1380 2766 1446 2793 illud
1471 2767 1561 2801 ipsum
1577 2772 1631 2798 est,
1649 2769 1718 2802 quiml

933 2813 1031 2836 octavo
1046 2808 1089 2836 die
1111 2809 1412 2844 circumciditur;idem
1428 2819 1443 2839 a
1458 2810 1586 2838 Simeone
1597 2810 1624 2841 in
1641 2811 1719 2839 ulnas

571 2904 581 2919 ³
596 2903 646 2932 lsa.
660 2911 706 2936 vn,
724 2903 765 2931 II.
808 2903 818 2920 ⁸
830 2902 881 2931 Luc

933 2925 934 2931 η
949 2902 1000 2936 27;
1017 2901 1082 2930 Luc.
1099 2909 1129 2935 ιι,
1147 2901 1174 2928 7.
1214 2900 1224 2916 '
1237 2898 1306 2928 Luc.
1326 2906 1364 2933 ιιι,
1381 2899 1427 2927 ‘27.
1467 2899 1477 2915 ⁸
1493 2898 1560 2927 Luc.
1575 2908 1594 2934 I,
1612 2901 1657 2929 35.

1541 2946 1581 2977 21
