1945 3043
215 184 224 199 '
233 179 282 208 65H

922 176 952 206 S.
973 177 1143 206 ΕΡΙΡΙΙΛΝΙΙ

1824 184 1876 212 652

237 242 399 274 exceptum;
422 239 493 267 idem
516 246 585 275 puer
604 238 694 266 tactus
720 241 780 271 est,
800 242 827 266 et
846 238 981 271 adolevit.
997 243 1023 268 et

1077 240 1121 267 καὶ
1140 240 1289 275 aspernor
1315 239 1442 274 λέγοντος
1467 238 1517 273 μὲν
1544 237 1627 265 αὑτοῦ
1647 237 1694 264 τοῦ
1717 237 1866 273 Σωτῆρος-

236 285 367 314 doeennis
388 286 492 317 evasit,
510 289 537 312 et
553 285 587 312 ad
612 284 784 312 tricesimum
811 291 913 312 annum
937 292 1025 320 usque

215 358 219 366 λ
237 331 398 367 pervenit’.
417 330 475 358 Non
495 331 581 362 enim,
601 334 631 357 ut
650 329 774 357 nonnulli
796 329 927 364 suspicati
949 334 1024 363 sunt,

236 378 320 405 divini
334 375 415 404 Verbi
433 375 587 404 substantia
600 375 659 410 ipsa
673 379 780 402 mutata
793 374 957 402 circumcisa
971 380 1025 408 est,

235 431 296 459 qum
319 423 418 450 mutari
445 422 627 456 convertique
647 425 781 457 nequeat,
807 428 869 449 cum
900 420 1025 449 Salvator

228 470 294 503 ipse
306 468 379 495 dicat
393 477 400 495 :
424 467 530 502 1002
548 466 647 495 Videte
664 474 718 498 me.
738 467 867 503 quoniam
883 473 932 501 ego
951 473 1024 499 sum,

211 526 214 528 τ
234 517 263 540 et
283 520 338 540 non
364 519 427 539 sum
455 512 609 540 mutatus’.
626 510 730 539 Paulus
746 519 809 538 vero
829 511 867 538 ita
890 511 1020 546 scripsit:

235 559 313 587 Iesus
326 559 448 587 Christus
459 559 515 586 heri
525 563 550 586 et
565 559 651 591 hodie,
663 558 732 586 idem
747 559 773 586 in
785 558 914 586 δαισαίαῆ
923 558 1022 586 Verum

236 606 263 633 in
280 613 314 633 eo
330 613 456 640 corpore,
473 605 556 640 quod
567 609 594 632 et
612 605 807 632 circumcisum
824 608 866 632 est
885 608 912 632 et
932 610 1024 640 gesta-

237 655 304 680 tum,
319 649 392 684 quod
406 649 525 676 comedit
537 652 564 676 et
580 647 723 684 fatigatum
737 652 790 681 est,
808 648 836 675 in
852 655 934 676 cruce
949 647 1024 676 sulti-

1078 285 1161 312 Ἴδετέ
1180 293 1224 320 με,
1241 285 1282 311 ὅτι
1297 284 1351 319 ἐγώ
1366 285 1434 320 εἰμι,
1445 284 1492 311 καὶ
1513 284 1565 311 οὐκ
1589 283 1739 319 ὴλλοίωμαι
1749 292 1757 298 -
1780 283 1831 309 τοῦ
1846 281 1875 309 εδ

1078 331 1187 358 Παύλου
1220 332 1390 367 γράφοντος·
1420 331 1537 364 Ἰησοῦς
1567 329 1694 364 Χριστὸς
1725 330 1804 364 χθὲς
1826 330 1873 356 καί

1075 377 1219 412 σήμερον,
1234 378 1251 404 ό
1263 376 1357 410 αὐτὸς
1377 376 1425 404 καὶ
1446 377 1490 410 είς
1505 377 1576 409 τοὺς
1601 375 1719 408 αίῶνας.
1743 375 1830 402 Ἀλλὰ
1846 376 1875 402 ἐν

1075 422 1116 458 τῷ
1130 422 1327 458 περιτμηθέντι
1346 421 1463 458 σώματι,
1482 422 1529 449 καὶ
1549 421 1725 457 βασταχθέντι
1757 421 1809 447 καὶ
1823 429 1873 455 φα-

1076 469 1151 503 γόντι
1176 469 1223 496 καὶ
1244 469 1358 505 καμόντι
1376 470 1424 497 καὶ
1453 469 1483 495 ὲν
1515 468 1587 504 ξύλῳ
1607 467 1798 502 καθηὼθὲντι
1823 467 1869 494 καὶ

1077 513 1190 540 παθόντι
1204 511 1238 550 ἦν
1255 514 1270 540 ὁ
1283 514 1392 549 ἀπαθὴς
1405 514 1454 541 καὶ
1469 513 1618 549 ἀσώματος
1628 512 1675 539 τοῦ
1689 511 1761 538 Θεοῦ
1774 512 1870 546 Λόγος.

1076 558 1161 585 Τοῦτο
1175 556 1209 594 ἦν
1224 560 1255 585 ὲν
1268 559 1309 594 τῷ
1327 559 1452 595 μνημείῳ
1474 558 1562 590 τεθὲν,
1578 557 1623 584 ὅτε
1637 557 1717 589 αὐτὸς
1733 557 1872 592 ἐπορεύθη

1076 605 1193 640 κηρύξαι
1208 605 1256 633 καὶ
1270 606 1326 637 τοῖς
1345 606 1374 632 ὲν
1389 605 1498 640 φυλακῇ
1515 604 1678 639 πνεύμασιν,
1697 603 1735 635 ὡς
1758 600 1839 629 εἶπεν
1857 603 1873 629 ὁ

1078 650 1190 686 Πέτρος,

235 703 299 723 xum
315 701 398 732 atque
414 703 538 731 passum,
568 695 615 723 Dei
634 695 751 723 Verbum
775 695 873 727 inerat,
902 696 975 730 quod
1009 697 1148 731 passionis
1177 697 1290 732 perinde
1318 701 1400 733 atque
1426 695 1550 731 corporis
1574 699 1618 723 est
1643 702 1756 729 expers.
1796 693 1868 722 Idan

234 751 335 778 corpus
350 744 376 770 in
392 747 569 770 monumento
580 742 736 777 depositum
752 747 812 775 est;
831 750 886 777 quo
903 747 1026 778 tempore
1044 743 1162 776 scilicet,
1178 749 1208 772 ut
1237 744 1380 779 spiritibus
1398 743 1464 776 illis,
1480 742 1528 778 qui
1561 742 1589 769 in
1608 740 1736 769 custodia
1758 741 1866 768 detine-

235 792 348 823 bantur,
365 791 539 826 pra-dicaret,
552 791 585 818 ad
601 798 649 818 eos
671 791 799 823 accessit,
816 791 855 818 uti
871 791 968 818 Petrus
983 795 1100 819 testatur
1110 793 1131 819 ⁸.

270 838 340 866 Vlll.
359 838 396 866 Ex
417 846 472 873 quo
489 839 598 865 illorum
615 837 788 873 potissimum
809 838 966 866 declaratur
981 838 1024 866 in-

234 886 323 918 sania,
338 885 385 920 qui
403 885 522 912 Verbum
541 883 585 911 Dei
602 884 629 910 in
642 891 705 911 ossa
722 891 888 919 carnemque
901 891 1024 911 commu-

1113 838 1152 868 ll’.
1172 840 1205 866 '0
1224 839 1340 875 μάλιστα
1355 838 1474 865 δείκνυσι
1486 836 1535 872 τὴν
1550 833 1641 863 ἄνοιαν
1653 834 1708 862 τῶν
1721 835 1867 870 λεγόντων.

1077 887 1117 918 εἰς
1134 886 1215 913 ὀστέα
1234 886 1282 913 καὶ
1300 886 1390 922 σάρκα
1411 883 1561 920 τετράφθαι
1576 883 1622 910 τὸν
1641 882 1739 917 Λόγον.
1765 882 1798 909 Et
1816 882 1868 916 γὰρ

235 936 322 958 latum
350 934 488 958 asserunt.
509 929 576 956 Nam
596 930 619 957 si
644 930 682 956 ita
699 930 870 965 contigisset,
891 937 1023 965 superva-

1077 932 1152 960 εοῦτο
1165 930 1210 968 ἦν,
1223 931 1272 959 οὐκ
1287 929 1321 967 ἦν
1338 930 1418 966 χρεία
1434 930 1584 966 μνημείου·
1600 930 1666 956 αὐτὸ
1676 929 1733 965 γὰρ
1755 929 1792 956 ἂν
1805 928 1866 955 ἔπο-

235 984 350 1004 caneum
378 979 586 1003 monumentum
631 974 697 1002 illud
728 974 825 1003 tuissrt
852 983 860 1001 :
888 975 1024 1009 siquidem

236 1023 325 1058 ipsum
342 1029 390 1056 per
413 1028 475 1049 sese
499 1027 601 1056 corpus
625 1019 790 1055 praedicandi
817 1019 904 1055 gratia
927 1019 959 1046 ad
977 1027 1025 1047 eos

235 1069 351 1104 spiritus
378 1067 542 1097 accederet.
572 1066 620 1102 qui
648 1066 676 1094 in
702 1065 800 1093 inferis
834 1065 1023 1092 versabantur.

235 1114 313 1141 Nune
332 1117 424 1140 autem
450 1111 620 1148 praedicandi
639 1111 698 1146 ipse
712 1109 801 1146 gratia
821 1109 856 1137 ad
877 1117 926 1137 eos
947 1109 1024 1141 adiit,

233 1166 337 1194 corpus
353 1162 448 1185 autent
464 1156 581 1184 sindone
595 1155 757 1183 obvolutum
771 1154 907 1189 Josephus
919 1154 946 1181 in
961 1153 1026 1181 Gol-

235 1205 317 1240 gotha
332 1203 460 1239 deposuit
475 1203 485 1219 '
499 1212 507 1230 :
524 1206 622 1237 estque
647 1201 736 1237 palam
759 1200 825 1228 illud
841 1199 971 1230 omnibus
987 1199 1026 1226 l'a-

232 1254 323 1282 ctum,
339 1249 458 1278 Verbum
476 1249 568 1283 ipsum
586 1254 760 1282 nequaquam
777 1253 838 1274 esse
851 1253 962 1280 corpus,
977 1245 1025 1273 sed

235 1296 271 1323 ad
292 1295 412 1322 Verbum
440 1301 541 1329 corpus
559 1293 737 1328 pertinuisse.
754 1291 888 1320 Praeterea
905 1290 1026 1318 Thomas

237 1341 304 1368 illud
328 1341 417 1375 ipsum
438 1346 557 1373 corpus,
578 1343 756 1373 posteaquam
777 1344 794 1365 α
817 1337 933 1364 mortuis
951 1336 1026 1364 exei-

236 1392 323 1415 tatum
343 1390 396 1419 est,
415 1386 541 1413 tutantibus
558 1385 730 1417 attrectavit,
745 1389 772 1412 et
794 1385 821 1411 in
837 1391 870 1412 eo
884 1384 1025 1411 clavorum

234 1433 378 1460 cicatrices
396 1433 514 1466 aspexit,
536 1438 616 1465 quos,
638 1437 700 1457 eum
716 1430 742 1457 in
756 1437 871 1465 corpore
883 1437 934 1457 suo
949 1429 1026 1457 sulti-

236 1485 286 1504 sus
299 1477 424 1507 vidisset,
444 1479 543 1510 sponte
566 1475 709 1507 sustinuit,
732 1482 819 1509 neque
844 1481 906 1501 cum
931 1479 1025 1509 posset

237 1523 382 1558 prohibere
399 1522 504 1553 voluit;
523 1522 578 1548 imo
594 1528 658 1548 vero
684 1520 810 1555 proprias
834 1520 877 1548 sui
899 1521 1024 1555 corporis

238 1568 398 1595 :ill'rctiones
423 1568 498 1594 velut
523 1567 565 1593 sui
591 1566 696 1601 ipsius,
720 1566 746 1592 in
773 1573 833 1593 sese
852 1566 993 1593 transtulit
1003 1567 1023 1592 ⁸.

1075 977 1159 1014 ρεύθη
1174 977 1207 1004 δι’
1230 977 1326 1004 ἑαυτοῦ
1343 976 1374 1003 τὸ
1396 976 1476 1012 σῶμα
1499 975 1616 1012 κηρύξαι
1630 977 1686 1007 τοῖς
1708 975 1742 1002 ὲν
1763 974 1805 1010 τῷ
1818 974 1868 1010 ᾄδῃ

1074 1022 1221 1058 πνεύμασι.
1241 1021 1300 1049 Νῦν
1320 1022 1349 1048 δὲ
1373 1021 1454 1053 αὐτὸς
1471 1020 1605 1057 ἐπορεύθη
1628 1020 1747 1056 κηρύξαι
1760 1027 1768 1034 ·
1790 1019 1824 1046 τὸ
1840 1019 1866 1045 δὲ

1076 1069 1156 1104 σῶμα
1171 1068 1261 1102 ἑλίξας
1285 1067 1385 1103 Ἰωσὴφ
1398 1067 1513 1099 σινδόνι,
1530 1066 1648 1093 ἀπέθετο
1662 1067 1691 1092 ὲν
1712 1065 1755 1100 τῷ
1770 1064 1866 1099 Γολγο-

1075 1114 1123 1149 θᾷ·
1141 1113 1188 1140 καὶ
1201 1112 1334 1139 δέδεικται
1350 1112 1450 1143 πᾶσιν,
1474 1111 1515 1138 ὅτι
1533 1111 1570 1146 μὴ
1591 1109 1624 1136 τὸ
1641 1108 1720 1144 σῶμα
1734 1107 1771 1145 ἦν
1789 1110 1806 1136 ὸ
1819 1107 1866 1135 Δό-

1075 1168 1133 1194 γος,
1157 1158 1226 1186 ἀλλὰ
1245 1158 1325 1193 σῶμα
1347 1155 1381 1193 ἦν
1399 1157 1446 1183 τοῦ
1473 1155 1573 1191 Λόγον,
1589 1155 1645 1182 Καὶ
1659 1155 1740 1181 τοῦτο
1767 1154 1867 1189 Θωμᾶς

1075 1204 1194 1232 ἀναστὰν
1215 1204 1248 1230 ὲκ
1264 1202 1368 1239 νεκρῶν
1394 1202 1572 1238 ὲψηλάφησε,
1587 1200 1635 1228 καὶ
1655 1197 1725 1227 εἶδεν
1748 1201 1780 1226 ὲν
1794 1198 1866 1233 αὐτῷ

1075 1252 1140 1283 τοὺς
1151 1250 1253 1282 τύπους
1266 1249 1322 1276 τῶν
1336 1248 1420 1284 ἥλων,
1434 1247 1481 1279 οὓς
1497 1247 1644 1282 ὑπέμεινεν
1659 1245 1742 1278 αὐτὸς
1753 1246 1769 1272 ὸ
1783 1244 1866 1278 Λόγος

1074 1296 1146 1333 ὀρῶν
1172 1293 1393 1332 καθηλουμένους
1417 1294 1447 1320 έν
1469 1291 1508 1328 τῷ
1533 1291 1640 1327 σώματι
1654 1291 1693 1326 τῷ
1713 1290 1793 1326 ἰδίῳ,
1821 1290 1865 1316 καὶ

1075 1342 1222 1378 δυνάμενος
1241 1340 1356 1368 κωλύειν
1385 1339 1437 1366 οὐκ
1458 1337 1610 1370 ἐκώλυσεν,
1631 1337 1699 1364 ἀλλὰ
1722 1337 1773 1364 καὶ
1805 1335 1864 1362 loto-

1076 1389 1178 1414 ποιείτο
1187 1386 1222 1413 τὰ
1232 1385 1279 1413 τοῦ
1293 1385 1418 1421 σώματος
1429 1384 1483 1411 ἴδια
1503 1383 1541 1415 ὡς
1555 1381 1664 1415 ἑαυτοῦ,
1676 1383 1690 1409 ὁ
1705 1381 1862 1416 ἀσώματος.

1081 1433 1188 1468 ’Δμέλει
1214 1431 1260 1459 τοῦ
1292 1431 1415 1466 σώματος
1438 1429 1608 1464 τυπτομένου
1634 1427 1709 1463 παρὰ
1733 1427 1782 1454 τοῦ
1815 1426 1862 1452 ὑπ‹

1075 1479 1184 1515 ηρέτου,
1201 1478 1238 1510 ὡς
1254 1477 1334 1508 αὐτὸς
1348 1477 1462 1511 πάσχων
1481 1474 1567 1509 ἔλεγε·
1588 1475 1618 1502 Tl
1636 1482 1676 1509 με
1691 1473 1790 1508 δέρεις
1799 1481 1808 1505 ;
1821 1471 1863 1499 καὶ

1076 1525 1213 1559 ἄψαυστος
1226 1523 1264 1550 ὢν
1279 1524 1311 1558 τῇ
1327 1522 1417 1557 φύσει.
1434 1522 1508 1556 ὅμως
1519 1520 1596 1554 ἔλεγε
1605 1529 1612 1535 ·
1633 1519 1688 1546 Τὸν
1698 1519 1799 1546 νῶτόν
1807 1525 1862 1553 μου

1075 1570 1173 1598 ἔδωκα
1190 1571 1234 1602 εἰς
1249 1568 1409 1604 μάστιγας,
1422 1567 1471 1594 καὶ
1490 1566 1524 1593 τὸ
1547 1566 1710 1600 πρόσωπόν
1729 1573 1793 1600 μου
1811 1564 1862 1590 οὐκ

234 1615 419 1648 Quamobrem
446 1621 508 1641 eum
532 1615 585 1640 hoc
600 1620 615 1639 a
641 1612 758 1640 satellite
771 1612 930 1646 vapularet,
946 1613 1023 1647 quasi

1077 1616 1251 1650 ἀπέστρεψα
1269 1614 1329 1641 ἀπὸ
1347 1613 1576 1648 ἐμπτυσμὰτων.
1592 1612 1626 1638 ’Δ
1645 1611 1699 1646 γὰρ
1716 1610 1749 1637 eo
1764 1608 1861 1645 ἀνθρώ-

234 1661 294 1696 ipse
309 1664 449 1695 pateretur
463 1678 470 1692 ,
489 1658 559 1692 Quid
583 1667 633 1690 me,
651 1658 750 1693 inquit.
767 1658 847 1685 cwdis
857 1659 867 1674 ⁷
880 1659 892 1685 ?
905 1666 1024 1694 eumque

234 1707 310 1742 tangi
325 1711 420 1733 natura
434 1713 489 1732 non
503 1709 607 1740 posset,
618 1703 795 1731 nihilominus
806 1703 874 1731 dixit
889 1713 896 1731 :
909 1703 1024 1731 Dorsunt

234 1761 320 1780 uicum
332 1752 394 1779 dedi
406 1752 432 1778 in
447 1752 566 1786 ﬂagella,
583 1755 607 1777 et
620 1750 714 1785 facient
732 1757 818 1776 meum
839 1758 890 1776 nun
907 1750 990 1777 arerti
1007 1758 1023 1776 α

236 1797 321 1830 sputis
333 1796 357 1823 ⁸.
384 1795 450 1828 Qua:
473 1796 546 1822 enim
569 1795 688 1821 lnunana
714 1793 797 1822 Verbi
819 1798 915 1821 natura
937 1795 1024 1829 patie-

236 1842 334 1874 batur,
352 1841 410 1868 lnec
435 1842 581 1876 ipsummet
599 1840 718 1867 Verbum
743 1840 770 1867 in
795 1847 856 1867 sese
875 1840 1024 1867 transferre

239 1888 345 1920 voluit,
371 1891 400 1914 ut
427 1894 477 1913 nos
504 1885 656 1913 divinitatis
683 1884 765 1912 Verbi
794 1885 939 1919 participes
964 1892 1024 1912 csse

236 1940 390 1968 possemus.
404 1931 463 1965 Qua
481 1932 507 1958 in
528 1939 557 1958 re
574 1931 713 1965 singulare
737 1930 802 1957 illud
822 1930 931 1962 accidit,
953 1930 1023 1958 idem

237 1984 268 2006 ut
285 1980 390 2014 patiens
404 1981 478 2006 esset
501 1981 527 2004 el
545 1976 610 2003 nihil
627 1976 734 2010 patiens
749 1985 755 2002 :
774 1975 882 2010 patiens
899 1975 1024 2010 quidem,

235 2025 309 2059 quod
325 2024 465 2059 proprium
478 2024 538 2057 ejus
551 2027 691 2058 pateretur
702 2029 803 2056 corpus
819 2027 845 2048 et
859 2021 885 2048 in
905 2021 1024 2056 patiente

237 2071 296 2106 ipso
315 2070 459 2102 resideret;
476 2069 542 2096 nihil
567 2069 674 2104 patiens
699 2075 773 2095 vero.
792 2066 864 2102 quod
880 2074 942 2094 cmn
956 2066 1024 2094 Ver-

239 2118 302 2143 luun
317 2120 414 2143 natura
433 2115 502 2142 Deus
518 2115 565 2146 sit,
579 2115 614 2142 ab
624 2115 697 2141 omni
724 2113 845 2149 patiendi
868 2113 1024 2141 conditione

236 2167 271 2188 sit
291 2162 422 2188 immune.
439 2160 574 2194 Quocirca
596 2159 715 2187 Verbum
743 2158 852 2194 quidem
883 2158 972 2193 ipsum
996 2159 1024 2186 in

237 2208 341 2244 patibili
358 2215 471 2242 Corpore
500 2207 695 2240 incorporeum
721 2205 790 2237 fuit;
810 2212 912 2239 corpus
932 2208 1023 2231 autem

236 2254 387 2290 impatibile
404 2253 522 2280 Verbum
544 2252 639 2279 habuit
660 2251 687 2278 in
714 2258 786 2283 sese,
803 2250 874 2285 quod
898 2250 941 2278 sui
961 2257 1024 2277 cor-

1078 1670 1154 1688 πινον
1166 1662 1268 1696 ἔπασχε
1281 1659 1328 1686 τοῦ
1343 1659 1441 1693 Λόγου,
1456 1657 1542 1685 ταῦτα
1550 1656 1636 1684 συνὼν
1649 1655 1725 1691 αὺτῷ
1736 1657 1752 1683 ὸ
1769 1655 1860 1688 Λόγος.

1077 1708 1116 1739 εἰς
1133 1706 1228 1733 ἑαυτὸν
1239 1706 1380 1741 ἀνέφερεν,
1394 1705 1437 1730 ἵνα
1448 1704 1528 1739 ἡμεῖς
1542 1703 1592 1738 τῆς
1607 1701 1654 1729 τοῦ
1670 1701 1760 1735 Λόγου
1774 1699 1860 1733 θεότη-

1077 1761 1122 1784 τος
1137 1752 1295 1787 δυνηθῶμεν
1321 1750 1476 1786 μετασχεῖν.
1505 1748 1560 1775 Καὶ
1584 1745 1618 1783 ἦν
1640 1746 1809 1782 παράδοξον,
1823 1744 1858 1771 ὅτι

1077 1797 1157 1828 αὐτὸς
1179 1795 1213 1832 ἦν
1235 1797 1249 1823 ὁ
1277 1796 1389 1830 πάσχων
1409 1794 1457 1821 καὶ
1474 1793 1512 1829 μὴ
1530 1793 1656 1828 πάσχων·
1673 1792 1788 1827 πάσχων
1805 1789 1858 1826 μὲν,

1077 1843 1118 1869 ὅτι
1139 1842 1168 1869 τὸ
1190 1842 1254 1869 ἴδιον
1277 1841 1359 1868 αὑτοῦ
1387 1840 1488 1875 ἔπασχε
1517 1839 1596 1874 σῶμα
1616 1838 1663 1864 καὶ
1682 1838 1711 1864 ὲν
1737 1835 1812 1870 αὐτῷ
1825 1833 1859 1868 τῷ

1078 1888 1208 1923 πάσχοντι
1218 1885 1252 1922 ἦν
1264 1895 1270 1902 ·
1287 1886 1324 1922 μὴ
1340 1886 1451 1920 πάσχων
1464 1885 1502 1916 δὲ,
1516 1884 1558 1910 ὅτι
1623 1881 1703 1917 φύσει
1717 1881 1785 1913 Θεὸς
1797 1880 1833 1906 ὢν
1845 1878 1858 1904 ὁ

1078 1934 1163 1968 Λόγος
1179 1932 1288 1968 ἀπαθής
1301 1933 1371 1958 ἐστι..
1393 1930 1444 1957 Καὶ
1459 1930 1541 1961 αὐτὸς
1557 1928 1606 1964 μὲν
1626 1927 1772 1963 ἀσώματος
1787 1924 1821 1961 ἧν
1833 1925 1858 1950 ἐν

1077 1980 1117 2015 τῷ
1128 1978 1241 2014 παθητῷ
1254 1977 1360 2013 σώματι
1370 1985 1378 1992 ·
1392 1976 1422 2003 τὸ
1434 1976 1461 2002 δὲ
1479 1975 1558 2010 σῶμα
1575 1974 1654 2010 ἔσχεν
1668 1973 1698 2000 ὲν
1720 1970 1807 2006 ἑαυτῷ
1817 1969 1857 2015 τὼς

1077 2024 1170 2060 ἀπαθῆ
1187 2024 1272 2058 Λόγον
1296 2021 1461 2057 ἀφανίζοντα
1482 2021 1532 2052 τὰς
1554 2019 1694 2051 ἀσθενείας
1713 2016 1797 2046 αὑτοῦ
1815 2013 1856 2042 τοῦ

1079 2069 1212 2105 σώματος.
1238 2069 1339 2096 Ἐποίει
1363 2067 1391 2094 δὲ
1412 2067 1491 2093 τοῦτο
1518 2066 1564 2092 καὶ
1583 2065 1687 2099 ἐγίνετο
1702 2063 1799 2096 οὕτως,
1819 2061 1856 2086 ἵνα

1076 2117 1110 2144 τὰ
1138 2115 1218 2152 ἡμῶν
1240 2115 1321 2146 αὐτὸς
1348 2114 1491 2149 δεχόμενος
1527 2112 1574 2139 καί
1601 2109 1793 2147 προσενεγκὼν
1821 2107 1855 2136 εἰς

1078 2162 1183 2194 θυσίαν,
1208 2159 1374 2196 ὲξαφανίσῃ,
1392 2160 1438 2186 καὶ
1460 2158 1568 2190 λοιπὸν,
1589 2158 1646 2188 τοῖς
1666 2155 1764 2183 ἑαυτοῦ
1786 2159 1854 2187 περι-

1078 2205 1167 2232 ϐαλὼν
1185 2205 1269 2240 ἡμᾶς,
1285 2195 1387 2239 ποιήσῃ
1402 2203 1449 2230 τὸν
1473 2202 1633 2229 ’Δπόστολον
1650 2202 1752 2228 εἰπεῖν·
1765 2198 1812 2226 Δεῖ
1825 2195 1854 2223 τὸ

1077 2250 1209 2285 φθαρτὸν
1232 2249 1319 2276 τοῦτο
1337 2248 1522 2275 ἐνδύσασθαι
1547 2247 1740 2282 ἀφθαρσίαν,
1764 2243 1810 2272 καί
1825 2240 1853 2268 τό

234 2302 310 2336 poris
338 2301 541 2328 imbecillitates
568 2299 764 2334 exstingueret.
793 2297 881 2332 Atque
906 2297 957 2324 hoc
985 2302 1019 2324 eo

1077 2296 1182 2330 ννητὸν
1197 2295 1286 2322 τοῦτο
1300 2294 1488 2321 ἐνδύσασθαι
1505 2293 1686 2321 ἀθανασίαν.

237 2348 352 2374 consilio
379 2347 506 2378 faciebat,
535 2346 626 2380 itaque
653 2353 682 2372 se
710 2344 811 2371 habere
831 2343 974 2374 voluerat,
1006 2346 1036 2369 ut
1064 2347 1157 2370 nostra
1176 2341 1341 2376 suscipiens,
1367 2345 1394 2367 et
1415 2340 1442 2367 in
1465 2339 1629 2367 sacriﬁcium
1650 2337 1779 2368 oﬂ'erens,
1798 2333 1852 2362 lun-

237 2393 312 2420 ditus
335 2391 453 2424 deleret,
476 2399 508 2418 ac
532 2391 640 2418 demum
666 2390 724 2418 suis
747 2397 798 2417 nos
819 2388 1024 2424 quodammodo
1044 2388 1174 2419 vestiens,
1187 2388 1360 2415 occasionem
1376 2386 1509 2421 Apostolo
1523 2385 1600 2412 daret
1627 2384 1679 2411 ista
1707 2378 1849 2410 scribendi?

239 2440 343 2476 1003
379 2439 485 2473 Oportet
521 2438 691 2474 carrupu‘bile
727 2437 775 2465 hoc
812 2436 921 2464 induere
958 2436 1202 2471 incorruptionem,
1231 2440 1256 2462 ct
1287 2434 1399 2462 mortale
1442 2434 1490 2460 hoc
1531 2432 1637 2460 puluere
1674 2427 1851 2458 immortalita-

236 2497 287 2515 trm
298 2489 319 2515 ⁵.

270 2536 315 2563 lx.
331 2535 397 2568 Quae
407 2534 498 2562 omnia
511 2540 565 2560 non
582 2532 642 2560 licte
660 2539 692 2559 ae
704 2531 830 2559 simulate
843 2533 919 2565 gesta
932 2535 1015 2557 sunt:

233 2582 345 2610 minime
361 2581 480 2616 quidem,
495 2585 525 2607 ut
540 2578 663 2607 nonnulli
678 2584 820 2612 perperam
840 2575 1019 2603 arbitrantur.

232 2629 286 2657 Sed
306 2635 368 2656 eum
393 2627 518 2654 Salvator
546 2631 641 2653 verum
662 2631 691 2651 se
720 2623 831 2650 iecisset
862 2621 1018 2652 hominem,

234 2675 320 2702 totius
335 2677 377 2701 est
396 2671 515 2699 hominis
536 2670 612 2697 salus
625 2673 784 2696 consecuta.
800 2666 869 2694 Nam
888 2667 911 2695 si
931 2667 1019 2694 sintu-

234 2721 335 2748 Iatione
362 2719 419 2746 sola
447 2717 584 2748 Verbum,
600 2720 630 2743 ut
659 2714 697 2742 illi
727 2715 865 2746 sentiunt,
887 2715 961 2740 esset
989 2712 1016 2739 in

233 2774 360 2802 corpore,
375 2764 448 2800 quod
469 2769 557 2790 autem
573 2762 745 2790 simulatione
764 2767 825 2787 esse
839 2759 897 2787 sola
915 2758 1017 2787 dicitur

271 2844 279 2858 ¹
296 2842 363 2870 Luc.
378 2851 408 2874 ιι,
427 2842 458 2869 2i
474 2848 534 2876 sqq.

1106 2529 1145 2556 ϐ’.
1161 2529 1199 2555 υὺ
1208 2528 1280 2555 θέσει
1289 2528 1318 2555 δὲ
1329 2527 1415 2554 ταῦτα
1425 2527 1541 2562 ἐγίνετο,
1553 2526 1592 2562 μὴ
1602 2525 1722 2560 γένοιτοῐ
1741 2524 1778 2556 ὦς
1788 2527 1849 2551 τινες

1074 2574 1154 2602 πάλιν
1167 2574 1310 2601 ὑπέλαϐον.
1327 2573 1408 2600 ’Λλλὰ
1420 2574 1495 2604 ὖντος
1507 2572 1651 2608 ἀνθρώπου
1663 2570 1775 2606 ἀληθείᾳ
1784 2574 1848 2602 γενο-

1075 2620 1156 2654 μένου
1167 2619 1214 2645 τοῦ
1229 2619 1364 2654 Σωτῆρος,
1372 2619 1433 2646 ὅλου
1447 2617 1494 2644 τοῦ
1506 2617 1651 2653 ἀνθρώπου
1663 2617 1782 2652 σωτηρία
1798 2610 1848 2646 ἐγί-

1071 2672 1142 2691 νετο.
1150 2664 1181 2690 El
1192 2663 1246 2700 γὰρ
1254 2663 1327 2690 θέσει
1337 2661 1371 2698 ἧν
1383 2664 1411 2689 ὲν
1421 2662 1461 2698 τῷ
1476 2663 1606 2698 σώματιό
1616 2662 1702 2695 Λόγος
1712 2661 1770 2688 κατ’
1784 2656 1845 2685 ὲκεί-

1071 2718 1146 2741 νους·
1157 2709 1186 2736 τὺ
1193 2709 1220 2736 δὲ
1231 2709 1302 2736 θέσει
1311 2709 1457 2744 λεγόμενον
1466 2708 1602 2743 φαντασία
1609 2708 1682 2734 ἐστίν
1690 2716 1696 2722 ·
1704 2707 1845 2743 εὑρίσκεται

1071 2757 1178 2788 δοκήσει
1190 2755 1237 2781 καὶ
1251 2757 1268 2790 ὴ
1285 2755 1405 2791 σωτηρία
1418 2754 1466 2782 καὶ
1479 2755 1496 2790 ὴ
1510 2753 1659 2784 ἀνάστασις
1684 2753 1738 2780 τῶν
1752 2749 1844 2785 @10de-

578 2840 588 2854 ²
602 2838 668 2865 Luc.
686 2846 761 2870 μιν,
779 2837 823 2864 59.
863 2837 872 2852 ³
889 2835 970 2863 liebr.
990 2842 1023 2861 xu

1077 2833 1109 2870 3.7
1138 2833 1168 2859 ‘l
1187 2831 1258 2860 Pctr.
1281 2840 1321 2865 ιιι,
1341 2833 1382 2860 l9.
1422 2833 1432 2848 ⁸
1449 2831 1528 2860 Joan.
1544 2840 1602 2864 xu,
1618 2832 1662 2859 58.
1701 2830 1837 2859 “Imian

234 2877 271 2906 26
285 2869 361 2912 ειμι(
381 2878 391 2894 ⁷
403 2869 584 2907 ἰιοιιιι.”ἱνιιι,
600 2874 644 2901 25.
682 2873 693 2890 ³
713 2869 763 2901 lsa.
781 2880 808 2906 L,
824 2872 850 2900 6.
889 2872 900 2887 ’
916 2870 1000 2898 lCor.
1017 2878 1023 2896 ι

1079 2869 1123 2897 55.
