1945 3043
114 188 166 215 653

414 184 600 214 ADVERSUS
616 184 787 213 ll/ERESES
802 184 865 212 LIB.
884 183 911 212 111

967 183 1026 212 ΟΜ.
1045 183 1263 213 Il.——ll}ERES.
1283 183 1415 213 LXXVII.

1697 188 1749 217 σει

115 256 175 274 πων
200 245 354 282 λεγομένη,
380 245 452 273 κατὰ
473 245 520 272 τὸν
535 245 717 273 ἀσεϐέστατον
746 246 906 280 Μανιχαῖον.

965 236 1153 282 imaginarium
1177 249 1239 278 est,
1266 253 1441 281 consequens
1464 250 1548 279 esset,
1565 250 1596 273 ut
1623 251 1650 274 et
1675 247 1749 275 salus

120 293 200 320 ’Λλλὰ
223 293 277 329 μὴν
295 293 325 319 οὐ
347 292 484 328 φαντασίᾳ.
503 292 520 328 ἡ
541 292 663 328 σωτηρία
684 291 797 326 γέγονεν
817 291 907 327 ἡμῶν,

112 339 174 366 οὐδὲ
188 342 314 374 σώματος
330 338 422 374 μόνου,
438 338 496 365 ἀλλ’
512 338 574 365 δλου
587 338 634 365 τοῦ
651 337 807 374 ἀνθρώπου,
818 337 908 373 ψυχῆς

113 388 162 413 καὶ
176 385 303 422 σώματος
322 385 477 420 άληθῶς-ὲν
501 383 577 420 αὐτῷ
600 385 617 420 ἡ
644 383 767 420 σωτηρία
785 384 908 419 γέγονεν.

99 425 101 427 ’
121 432 304 468 ’Λνθρώπινον
326 431 380 467 ἄρα
405 430 486 465 φύσει
512 430 543 457 τὸ
563 431 595 457 ὲκ
625 430 745 466 Μαρίας,
764 430 835 457 κατὰ
860 428 910 461 τὰς

114 477 191 509 Θείας
215 476 347 512 Γραφὰς,
364 476 410 502 καὶ
435 474 561 510 ἀληθινὸν
593 474 674 510 σῶμα
699 473 747 501 τοῦ
773 473 909 509 Σωτῆρος.

121 523 262 559 ’Λληθινὸν
279 523 307 549 δὲ
326 520 371 558 ἦν,
388 520 482 556 ἐπειδὴ
492 520 591 548 ταυτὸν
603 517 637 556 ἦν
653 519 704 556 [εν]
720 519 760 555 τῷ
772 519 909 554 ἡμετέρῳ.

121 567 236 603 ’Δδελφὴ
252 567 306 603 γὰρ
319 566 398 602 ἡμῶν
414 566 432 602 ἠ
445 565 550 601 Μαρία,
565 564 627 591 ἐπεὶ
642 564 689 592 καὶ
699 564 801 596 πάντες
816 564 849 590 ἐκ
862 563 909 590 τοῦ

122 614 208 649 ’Λδξιμ
223 615 317 648 ἐσμεν.
335 613 390 639 Καὶ
404 611 484 639 τοῦτο
497 610 548 638 οὐκ
563 610 596 638 ἄν
608 619 650 642 τις
665 610 825 646 ἀμφιϐάλοι,
843 618 910 646 μνη-

117 661 192 691 σθεὶς
208 656 245 686 ὧν
260 658 378 695 ἔγραψεν
395 659 409 685 ό
426 658 544 689 Λουκᾶς.
562 656 639 683 Μετὰ
653 656 707 692 γὰρ
717 656 748 682 τὸ
761 655 910 690 ἀναστῆναι

115 706 148 731 ἐκ
162 704 216 731 τῶν
231 695 348 740 νεκρῶν,
358 702 508 730 δοκούντων
521 701 601 729 τινῶν
613 700 651 737 μὴ
668 702 697 728 ἐν
708 700 746 736 τῷ
761 701 793 727 ὲκ
803 699 911 737 Μαρίας

116 751 224 785 σώματι
241 749 352 785 βλέπειν
365 748 410 775 τὸν
422 747 535 784 Κύριον,
548 746 605 773 ἀλλ’
616 747 677 774 ἀντὶ
691 746 787 773 τούτου
801 746 910 782 πνεῦμα

116 795 240 831 θεωρεῖν,
257 794 366 829 ἔλεγεν
390 793 480 821 Ἴδετε
495 793 549 826 τὰς
569 792 670 828 χεῖράς
691 801 751 827 μου
770 791 820 818 καί
840 791 911 824 τοὺς

117 842 212 874 πόδας
222 850 293 876 μου,
316 840 366 867 καὶ
379 840 451 873 τοὺς
466 840 581 873 τύπους
603 838 664 866 τῶν
684 838 777 872 ἥλων,
794 838 839 865 ὅτι
854 837 912 873 ἐγώ

116 889 175 923 ειμι
195 887 296 920 αὑτός.
314 886 521 921 Ψηλαφ-ἡσατε
550 885 599 913 καὶ
620 885 713 916 laete.
731 884 777 911 ὅτι
793 884 911 918 πνεῦμα

961 291 1103 319 hominum
1128 299 1160 318 ac
1189 292 1356 320 resurrectio
1381 292 1498 327 imagine
1523 293 1580 320 sola
1601 297 1628 320 et
1653 292 1749 321 admu-

960 337 1086 365 bratione
1114 336 1171 365 ﬁeri
1191 337 1348 370 diceretur,
1367 345 1429 374 quae
1447 342 1490 366 est
1507 337 1584 374 impii
1608 338 1750 367 Manichaai

959 382 1105 410 sententia.
1121 383 1203 418 Atqui
1220 391 1274 410 non
1295 383 1354 411 sola
1374 383 1465 419 specie
1486 389 1644 420 comparata
1669 385 1750 414 nobis

961 428 1035 455 salus
1052 431 1104 459 est,
1125 431 1173 454 aut
1195 427 1247 455 soli
1267 428 1369 456 tributa
1392 429 1514 464 corpori,
1537 429 1585 457 sed
1601 431 1649 457 toti
1671 430 1749 458 vide-

960 475 1024 502 licet
1041 474 1156 506 homini.
1181 474 1289 507 animae,
1311 475 1434 511 inquam,
1450 479 1476 503 et
1491 475 1599 510 corpori
1617 475 1693 504 salus
1705 478 1751 505 est

960 522 1052 556 reipsa
1075 521 1231 549 conciliata.
1259 520 1352 556 Itaque
1375 528 1476 556 corpus
1493 521 1558 549 illud
1587 521 1749 558 Salvatoris,

961 567 1046 602 quod,
1064 571 1094 595 ut
1116 575 1202 596 sacrae
1223 566 1334 596 Litterae
1349 571 1496 601 testantur,
1511 576 1526 596 e
1542 568 1626 596 Maria
1641 569 1751 597 desum-

961 617 1036 649 ptum
1058 617 1118 647 est,
1142 614 1291 641 humanum
1327 622 1360 642 ac
1382 622 1476 642 verum
1504 615 1617 644 exstitit.
1638 616 1750 650 Verum,

962 659 1085 694 inquam,
1102 663 1258 694 propterea,
1275 659 1348 694 quod
1365 660 1436 687 idem
1452 661 1565 688 omnino
1576 669 1638 689 cum
1655 667 1752 690 nostro

962 703 1024 731 fuit.
1037 704 1121 731 Maria
1135 705 1234 740 quippe
1248 712 1328 733 soror
1344 710 1439 733 nostra
1452 705 1511 737 fuit,
1524 713 1586 733 eum
1601 706 1636 734 ab
1647 706 1752 735 Adamo

961 750 1095 785 originem
1120 757 1217 779 onmes
1246 751 1444 785 acceperimus.
1471 750 1565 787 Neque
1590 759 1654 779 vero
1671 752 1752 780 dubi—

961 796 1074 822 tandum
1090 803 1122 823 ea
1138 795 1171 823 de
1188 803 1215 822 re
1232 795 1348 830 putabit,
1366 796 1388 824 si
1405 796 1466 831 quis
1481 804 1512 824 ea
1524 797 1677 825 meminerit
1690 806 1752 832 qua:

962 844 1026 868 sunt
1046 847 1060 867 a
1073 839 1146 867 Luca
1162 840 1276 875 scripta.
1294 839 1362 867 Cum
1388 841 1461 868 enim
1483 845 1544 876 post
1560 841 1633 869 illius
1659 849 1754 869 resur-
1774 847 1776 850 ‘

962 887 1112 914 rectionem
1134 886 1261 913 nonnulli
1286 886 1506 921 suspicarentur,
1530 895 1584 914 non
1612 888 1639 915 in
1655 887 1752 916 eodem

116 934 216 969 σάρκα
239 933 291 961 καὶ
312 933 404 961 ὀστέα
422 934 479 960 οὐκ
502 932 576 967 ἔχει,
595 931 694 965 καθὼς
708 931 761 966 ἐμὲ
778 930 911 965 θεωρεῖτε

965 933 1011 960 illo
1031 939 1159 967 corpore,
1176 932 1249 967 quod
1267 939 1428 967 expressum
1444 941 1460 960 e
1479 932 1565 960 Maria
1586 934 1685 965 fuerat.
1701 933 1754 961 Do-

116 982 235 1016 ἓχοντα.
258 981 314 1008 Kal
335 980 424 1008 τοῦτο
437 980 541 1011 εἰπὼν,
555 978 715 1012 ὑπέδειξεν
735 977 839 1011 αὐτοῖς
856 977 910 1010 τὰς

119 1026 219 1060 κεζοας
246 1026 295 1053 καί
320 1025 393 1059 τοὺς
412 1024 519 1058 πόδας.
545 1024 592 1057 Ἐξ
612 1021 650 1051 ὦν
672 1024 719 1051 καὶ
749 1022 908 1058 ἐλέγχεσθαι

117 1072 198 1100 πάλιν
212 1072 341 1099 δύνανται
350 1072 374 1098 οἱ
390 1071 576 1107 τολμήσαντες
594 1071 682 1097 είπεϊν
696 1070 736 1102 είς
754 1069 843 1105 σάρκα
862 1068 910 1096 καὶ

116 1118 198 1145 ὀστέα
213 1117 377 1153 ἠλλοιῶσθαι
391 1117 436 1145 τὸν
451 1117 564 1154 Κύριον.
581 1116 619 1144 οὐ
641 1116 696 1152 γὰρ
712 1114 772 1143 εἶπε
784 1124 791 1131 ·
806 1115 910 1148 Καθὼς

116 1164 169 1200 ἐμὲ
187 1163 320 1199 θεωρεῖτε
334 1163 434 1198 σάρκα
447 1163 497 1190 καί
514 1163 606 1190 ὀστέα
619 1162 695 1195 ὂντα,
716 1162 773 1189 ἀλλ’
785 1161 907 1197 ἔχοντα,

118 1211 161 1238 ἵνα
180 1210 217 1246 μὴ
241 1209 323 1242 αὐτὸς
338 1210 353 1236 ὁ
369 1209 455 1244 Λόγος
471 1209 512 1241 εἰς
533 1207 620 1235 ταῦτα
643 1207 759 1244 τραπεὶς
776 1207 909 1243 νομισθῇ,

118 1256 176 1288 ἀλλ’
195 1255 278 1287 αὐτὸς
303 1254 374 1291 ἔχων
390 1253 488 1288 ταῦτα,
503 1254 551 1281 καὶ
575 1253 629 1290 πρὸ
647 1253 694 1280 τοῦ
709 1253 843 1287 θανάτου,
863 1253 911 1280 καὶ

120 1300 190 1335 μετὰ
205 1301 255 1336 τὴν
271 1299 421 1327 ἀνάστασιν
435 1296 505 1326 εἶναι
518 1298 662 1334 πιστευθῇ.

963 978 1069 1005 ιιιίιιιιιιι
1103 984 1164 1006 sese
1193 978 1339 1011 contueri,
1364 979 1411 1006 sed
1443 979 1505 1013 ejus
1538 979 1599 1007 loco
1625 979 1752 1014 spirituum

962 1023 1066 1057 oll‘erri,
1076 1024 1117 1051 sic
1133 1031 1181 1051 eos
1193 1024 1328 1052 allocutus
1342 1026 1385 1052 est
1404 1033 1410 1051 :
1427 1024 1518 1051 Videte
1528 1033 1623 1052 manus
1637 1029 1662 1052 et
1675 1024 1753 1059 pedes

962 1077 1046 1102 meos,
1060 1073 1086 1097 et
1106 1070 1215 1105 vestigia
1234 1069 1378 1103 clavorum,
1398 1070 1522 1105 quoniam
1537 1078 1584 1105 ego
1602 1078 1661 1098 sunt
1678 1070 1752 1104 ipse;

961 1115 1067 1150 palpate
1087 1120 1111 1142 et
1129 1115 1222 1147 videte.
1256 1116 1381 1150 quoniam
1401 1116 1510 1150 spiritu:
1527 1123 1634 1143 carnem
1652 1119 1676 1143 el
1691 1124 1752 1144 ossa

963 1170 1016 1189 non
1034 1162 1129 1194 habet,
1155 1162 1223 1188 sicut
1246 1170 1287 1189 me
1309 1162 1401 1189 videtis
1423 1162 1527 1189 habere.
1549 1161 1650 1195 Quibus
1673 1162 1753 1190 dictis

965 1207 1081 1235 ostendit
1100 1208 1155 1235 illis
1180 1216 1275 1235 manus
1288 1212 1312 1235 ct
1327 1207 1436 1243 pedea'.
1463 1207 1502 1235 Ex
1528 1215 1582 1243 quo
1598 1208 1636 1235 illi
1658 1208 1754 1236 redar-

963 1257 1095 1290 guuntur,
1113 1253 1160 1289 qui
1183 1253 1327 1282 Dominum
1340 1254 1367 1281 in
1377 1261 1488 1282 carnem
1501 1257 1528 1282 et
1543 1262 1606 1282 ossa
1619 1258 1753 1282 mutatum

964 1305 1027 1327 esse
1049 1298 1186 1327 aﬂlruiare
1210 1307 1264 1327 non
1289 1299 1425 1327 dubitant.
1448 1298 1541 1335 Neque
1568 1300 1641 1328 enim
1662 1299 1753 1328 dixit:

118 1348 400 1382 Qmadmodumme
414 1355 523 1375 carnem
544 1351 568 1374 rt
586 1354 649 1374 oua
667 1346 759 1374 videtis
776 1353 848 1378 esse,
870 1346 919 1374 sed
937 1345 1044 1380 habere,
1068 1355 1102 1376 ne
1132 1346 1252 1376 fortasse
1281 1346 1399 1376 Verbum
1426 1347 1515 1383 ipsum
1539 1347 1568 1375 in
1597 1346 1755 1375 istiusmodi

117 1404 282 1425 conversum
298 1403 360 1425 esse
376 1399 530 1432 putaretur,
544 1394 594 1424 sed
609 1398 640 1423 ut
662 1402 694 1423 ea
717 1394 853 1423 duntaxat
875 1397 905 1423 et
934 1399 999 1424 ante
1014 1400 1129 1424 mortem
1143 1399 1172 1424 et
1193 1401 1254 1432 post
1281 1395 1513 1424 resurrectionem
1540 1394 1671 1424 habuisse
1695 1401 1756 1423 cre-

116 1443 312 1518 dai::r:'l‘od1wv
328 1488 357 1516 δὲ
380 1487 467 1520 οὕτως
482 1487 598 1524 ἐχόντων
614 1487 663 1524 τὴν
686 1487 824 1520 ἀπόδειξιν
835 1507 844 1520 ,
860 1494 910 1514 πε-

120 1536 210 1572 ριττὸν
234 1535 274 1561 ἑτι
296 1534 350 1561 τῶν
371 1534 459 1561 ἄλλων
485 1534 620 1562 ἅπτεσθαι
637 1534 684 1560 καὶ
704 1533 853 1568 γυμνάζειν
885 1542 912 1560 τι

1000 1484 1035 1512 X.
1062 1484 1110 1513 llis
1132 1484 1167 1512 ad
1193 1492 1256 1513 eum
1277 1485 1388 1512 modum
1413 1486 1610 1521 comprobatis,
1632 1486 1666 1515 de
1694 1487 1756 1516 aliis

970 1530 1063 1558 dicere
1076 1537 1310 1565 supervacaneum
1322 1534 1376 1562 est,
1389 1535 1436 1558 aut
1450 1531 1554 1567 agitare
1569 1531 1735 1567 disputando
1745 1553 1755 1566 ,

117 1581 185 1618 περὶ
199 1580 303 1608 αὐτῶν·
329 1580 375 1608 τοῦ
403 1580 458 1616 γὰρ
479 1580 620 1616 σώματος,
637 1581 667 1607 ἐν
689 1576 712 1613 ᾧ
734 1577 768 1615 ἦν
787 1580 802 1606 ὁ
817 1580 911 1614 Λόγος,

967 1583 1029 1603 cum
1063 1583 1164 1611 corpus
1199 1576 1227 1604 in
1260 1583 1315 1611 quo
1343 1576 1462 1604 Verbum
1495 1577 1595 1610 inerat,
1619 1577 1754 1606 divinitati

121 1628 159 1664 μὴ
175 1628 251 1659 ἧντος
270 1628 413 1663 ὁμοουσίου
438 1627 489 1663 τῆς
509 1627 647 1662 θεότητος,
673 1626 731 1653 ἀλλ’
748 1627 781 1653 ὲκ
802 1626 913 1663 Μαρίας

118 1672 228 1708 ἀληθῶς
239 1672 397 1709 τεχθέντος·
411 1673 460 1700 nat
481 1671 564 1699 αὐτοῦ
578 1671 606 1699 δὲ
623 1671 670 1699 τοῦ
690 1671 778 1707 Λόγου
794 1672 831 1708 μὴ
847 1680 914 1708 τρα-

119 1718 218 1750 πέντος
237 1718 278 1750 εἰς
293 1717 376 1745 ὀστέα
391 1717 439 1745 καὶ
456 1717 563 1754 σάρκα,
579 1717 635 1744 ἀλλ’
652 1717 683 1744 ὲν
699 1717 782 1752 σαρκὶ
800 1716 914 1753 γενομέ-

118 1772 177 1791 νου.
193 1763 229 1790 Τὸ
245 1763 299 1799 γὰρ
315 1763 389 1799 παρὰ
404 1763 444 1799 τῷ
462 1763 571 1800 Ἰωάννῃ
586 1763 733 1799 λεγόμενον
744 1783 752 1795 ,
774 1763 806 1790 '0
819 1763 914 1798 Λόγος

119 1810 200 1845 σὰρξ
215 1809 345 1845 ἐγένετο,
365 1809 469 1846 ταύτην
487 1809 541 1845 ἔχει
552 1810 602 1845 τὴν
615 1809 744 1841 διάνοιαν,
759 1808 851 1841 καθὼς
867 1809 915 1836 καὶ

119 1858 153 1884 ὲκ
168 1856 216 1884 τοῦ
231 1855 325 1892 ὁμοίου
339 1855 419 1883 τοῦτο
433 1855 543 1883 δυνατὸν
558 1856 660 1891 εὑρεῖν.
681 1856 841 1891 Γέγραπται
859 1854 914 1891 γὰρ

120 1904 151 1930 ὲν
163 1902 203 1938 τῷ
215 1902 329 1938 Παύλῳ·
344 1902 472 1937 Χριστὸς
486 1902 562 1937 ὑπὲρ
573 1901 658 1937 ἡμῶν
669 1902 773 1938 τέτονε
788 1901 913 1937 κατάρα.

120 1949 177 1976 Καὶ
196 1948 292 1985 ὥσπερ
307 1948 356 1975 οὐκ
371 1948 451 1980 αὐτὸς
473 1949 580 1984 κατάρα
594 1947 716 1982 γέγονεν,
736 1947 794 1975 ἀλλ’
808 1947 849 1975 ὅτι
863 1948 914 1984 τὴν

121 1994 193 2028 ὑπὲρ
207 1993 286 2029 ἡμῶν
303 1992 446 2026 ἀνεδέξατο
460 1993 595 2029 κατάραν,
610 1993 717 2029 εἴρηται
732 1992 841 2028 κατάρα
866 2000 913 2027 γε-

120 2039 248 2073 γονέναι·
265 2037 337 2065 οὕτω
362 2038 409 2065 καὶ
433 2037 501 2073 σὰρξ
529 2037 652 2072 ἐγένετο,
674 2038 705 2064 οὺ
731 2037 848 2074 τραπεὶς
874 2038 915 2069 εἰς

125 2083 231 2119 σάρκα,
254 2084 313 2111 ἀλλ’
337 2084 378 2111 ὅτι
401 2085 491 2119 σάρκα
518 2084 588 2119 ὑπὲρ
620 2083 700 2119 ἡμῶν
721 2083 836 2111 ὰνὲλαῦε
867 2083 916 2110 καὶ

120 2130 234 2165 γέγονεν
255 2129 409 2166 ἄνθρωπος.
431 2130 487 2157 Καὶ
512 2129 566 2166 γὰρ
585 2129 617 2156 τδ
641 2130 739 2157 εἰπεῖν.
762 2129 794 2156 '0
818 2130 914 2163 Λόγος

122 2176 201 2211 σὰρξ
214 2176 343 2211 ἐγένετο,
357 2176 414 2203 ῐσον
431 2176 488 2202 ἐστι
501 2175 583 2202 πάλιν
599 2175 698 2206 εἰπεῖν,
708 2174 912 2209 ὅτιἌνθρωπος

121 2222 229 2257 γέγονε,
248 2222 319 2249 κατὰ
342 2222 372 2248 τὸ
395 2221 540 2257 εἰρημένον
566 2221 595 2248 ὲν
616 2220 656 2256 τῷ
685 2221 780 2256 Ἰωήλ·
803 2218 914 2254 Ἑλιχεῶ

120 2268 180 2295 ἀπὸ
199 2267 251 2295 τοῦ
275 2256 445 2303 πνεύματός
461 2256 526 2302 νμου
548 2266 598 2293 ἐπὶ
621 2265 725 2293 πᾶσαν
747 2265 856 2299 σάρκα.
874 2265 913 2292 Οὐ
930 2256 952 2283 Ῑ)

121 2314 176 2341 τῶν
198 2313 304 2348 ἀλόγων
326 2311 361 2349 ἦν
384 2314 401 2348 ἡ
426 2313 595 2347 ἐπαγγελία,
613 2312 670 2339 ἀλλ’
689 2312 729 2344 εἰς
753 2310 914 2346 ἀνθρώπους

121 2361 210 2391 ὲστὶν,
233 2357 271 2387 ὧν
287 2360 369 2387 ἓνεκα
393 2359 441 2386 καὶ
467 2359 610 2395 ἄνθρωπος
630 2358 741 2393 γέγονεν
760 2358 774 2384 ὁ
800 2356 911 2392 Κύριος.

121 2403 225 2430 Τούτου
248 2403 277 2430 δὲ
300 2402 347 2430 τοῦ
373 2402 456 2439 ῥητοῦ
473 2402 574 2438 ταύτην
590 2402 698 2438 ἔχοντος
713 2402 763 2438 τὴν
782 2401 911 2434 διάνοιαν,

121 2450 235 2480 εἰκότως
246 2449 467 2484 καταγνώσονται
478 2450 584 2477 ἑαυτῶν
596 2449 704 2480 πάντως
714 2449 738 2475 οἱ
753 2448 913 2484 νομίσαντες

121 2493 193 2523 εἶναι
209 2494 264 2529 πρὸ
278 2496 328 2530 τῆς
348 2495 457 2531 Μαρίας
475 2495 524 2532 τὴν
538 2495 566 2529 ἐξ
582 2495 668 2530 αὐτῆς
684 2495 784 2530 σάρκα,
801 2495 848 2522 καὶ
861 2494 915 2530 πρὸ

121 2541 224 2575 ταύτης
244 2541 389 2576 ὶσχηκέναι
406 2540 495 2577 ψυχὴν
509 2540 683 2577 ἀνθρωπίνην
699 2540 744 2567 τὸν
756 2540 853 2574 Λόγον,
866 2539 914 2568 καὶ

121 2588 150 2613 ἐν
168 2587 239 2622 αὐτῇ
264 2587 317 2623 πρὸ
333 2587 382 2623 τῆς
408 2587 554 2623 ἐπιδημίας
578 2587 622 2614 ἀεὶ
641 2587 815 2623 γεγενῆσθαι.
840 2587 915 2614 Παύ-

123 2641 216 2659 σονται
232 2632 261 2659 δὲ
278 2633 326 2660 καὶ
341 2633 365 2660 οἱ
379 2633 501 2665 εἰπόντες
525 2633 562 2669 μὴ
575 2631 644 2660 εἶναι
658 2633 783 2668 δεκτικὴν
797 2632 913 2660 θανάτου

121 2678 171 2713 τὴν
186 2678 287 2714 σάρκα,
301 2678 369 2706 ἀλλὰ
382 2680 431 2715 τῆς
441 2679 575 2706 ἀθανάτου
594 2679 701 2714 φύσεως
715 2677 785 2706 εἶναι
801 2679 913 2715 ταύτην.

123 2725 155 2752 El
167 2725 222 2761 γὰρ
236 2725 272 2761 μὴ
284 2725 414 2758 ἀπέθανε,
431 2725 489 2758 πῶς
503 2726 517 2752 ὁ
532 2726 638 2759 Παῦλος
654 2726 799 2762 παρεδίδου
817 2726 915 2762 Κοριν-

122 2770 202 2803 θίοις,
217 2770 231 2798 ὃ
248 2772 295 2798 καὶ
316 2772 479 2808 παρέλαϐεν,
497 2772 537 2799 ὃτι
550 2772 833 2806 Χριστὸςὰπέθατΐν
841 2771 917 2806 ὑπὲρ

123 2814 183 2842 τῶν
189 2815 340 2851 ἁμαρτιῶν
347 2816 441 2851 ήμῶν,
451 2817 526 2845 κατὰ
541 2817 721 2853 τὰς-Γραφάς
729 2827 739 2852 ;
754 2818 815 2850 Πῶς
829 2818 857 2845 δὲ
870 2819 917 2845 καὶ

964 1622 1201 1650 eonsuhstantiole
1223 1622 1336 1650 minime
1361 1623 1453 1656 fuerit,
1472 1623 1521 1652 sed
1536 1632 1569 1652 ex
1592 1624 1677 1652 Maria
1693 1622 1759 1652 Vir--

964 1668 1027 1704 giue
1041 1676 1136 1696 revera
1151 1673 1258 1702 natum,
1275 1675 1392 1704 cumque
1408 1669 1527 1698 Verbum
1545 1671 1634 1706 ipsum
1652 1679 1706 1699 non
1728 1671 1756 1700 in

964 1721 1028 1742 ossa
1051 1721 1218 1749 carnemque
1240 1719 1374 1742 mutatum
1401 1715 1447 1748 sit,
1467 1716 1515 1743 sed
1539 1716 1566 1743 in
1581 1723 1665 1744 carne
1681 1724 1757 1745 rese-

964 1759 1044 1787 derit.
1062 1759 1140 1792 Quod
1155 1760 1228 1787 enim
1246 1766 1261 1788 a
1281 1759 1386 1788 Joanne
1415 1761 1550 1795 scripturn
1572 1766 1624 1794 est,
1643 1761 1757 1789 Verbum

965 1813 1026 1832 caro
1039 1806 1139 1840 factum
1149 1810 1185 1832 est
1198 1806 1220 1838 ³,
1237 1805 1310 1833 hunc
1332 1806 1416 1834 habet
1437 1814 1560 1838 sensum,
1574 1812 1604 1834 ut
1618 1814 1650 1835 ex
1673 1807 1757 1835 simili

966 1851 1094 1886 loquendi
1116 1851 1224 1879 ratione
1246 1852 1338 1887 colligi
1357 1856 1456 1888 potest.
1478 1852 1526 1880 Est
1543 1854 1615 1881 enim
1632 1861 1647 1881 ιι
1671 1852 1757 1882 Paulo

966 1898 1121 1933 Scriptum:
1149 1898 1273 1926 Christus
1296 1907 1343 1933 pro
1369 1899 1444 1927 nobis
1467 1899 1555 1934 factus
1581 1905 1620 1927 est
1646 1901 1758 1928 maledi-

965 1949 1038 1971 ctum
1051 1944 1072 1973 '.
1095 1943 1130 1972 Ut
1153 1945 1237 1980 igitur
1255 1944 1428 1973 maledictum
1449 1945 1557 1982 1004
1576 1946 1620 1974 ille
1647 1947 1758 1982 proprie

966 1998 1022 2018 non
1039 1990 1100 2023 fuit,
1117 1991 1166 2019 sed
1182 1991 1243 2019 ideo
1260 1991 1345 2020 fuisse
1362 1992 1475 2025 dicitur,
1491 1993 1563 2028 quod
1579 1993 1646 2021 illud
1663 1997 1757 2021 ucstra

966 2045 1051 2066 causa
1064 2038 1217 2073 susceperit
1232 2047 1238 2065 :
1255 2038 1296 2066 sic
1311 2041 1339 2066 et
1354 2045 1418 2066 caro
1431 2038 1533 2066 factum
1547 2044 1598 2071 est.
1615 2047 1671 2067 non
1684 2040 1758 2076 quod

967 2084 995 2111 in
1019 2091 1130 2111 carnem
1148 2088 1346 2111 commutatum
1372 2084 1465 2117 fuerit,
1481 2085 1529 2112 sed
1547 2085 1620 2120 quod
1646 2093 1756 2114 carnem

966 2136 1016 2164 pro
1032 2129 1112 2158 nobis
1132 2130 1326 2164 assumpserit,
1342 2134 1369 2158 et
1383 2130 1467 2157 homo
1485 2129 1574 2158 factus
1590 2131 1635 2158 sit.
1649 2132 1756 2159 Etenim

967 2175 1019 2202 hoc
1037 2176 1138 2211 ipsum,
1164 2175 1274 2202 Verbum
1289 2183 1351 2203 caro
1370 2175 1471 2210 factum
1489 2181 1540 2208 est,
1554 2176 1678 2204 eamdem
1701 2178 1756 2205 vim

967 2222 1049 2250 habet
1068 2229 1100 2249 ac
1126 2221 1149 2249 si
1168 2221 1315 2255 diceretur,
1340 2222 1427 2250 Homo
1453 2222 1556 2250 factum
1576 2228 1639 2255 est,
1660 2223 1756 2258 cujus-

969 2269 1041 2297 modi
1057 2272 1099 2297 est
1112 2268 1177 2296 illud
1195 2276 1209 2296 a
1224 2268 1300 2297 Joele
1315 2269 1418 2298 dictum
1434 2279 1440 2297 ε
1454 2269 1599 2304 Effundam
1615 2269 1647 2297 de
1660 2270 1757 2305 spiritu

968 2323 1025 2342 meo
1048 2323 1126 2350 super
1148 2323 1249 2342 onmem
1274 2323 1380 2342 carnem
1391 2315 1411 2343 ⁸.
1432 2315 1499 2350 Quae
1523 2316 1632 2351 quidem
1650 2317 1759 2346 denun—
1796 2308 1801 2312 ”

968 2361 1047 2388 tiatio
1077 2368 1109 2388 ac
1128 2360 1278 2396 promissio
1304 2369 1359 2388 non
1380 2361 1416 2388 ad
1431 2361 1567 2397 pecudes,
1586 2363 1633 2391 sed
1654 2364 1687 2391 ad
1710 2365 1759 2392 ho-

969 2405 1058 2433 mines
1073 2406 1202 2440 pertinet,
1219 2413 1338 2441 quorum
1356 2406 1444 2441 gratia
1465 2405 1599 2436 Dominus
1619 2412 1662 2436 est
1676 2409 1759 2438 homo

969 2450 1068 2480 factus.
1096 2451 1163 2485 Qua:
1187 2459 1249 2479 cum
1275 2453 1310 2479 ita
1335 2453 1409 2486 sint,
1437 2461 1525 2489 eaque
1547 2454 1584 2482 sit
1609 2456 1759 2484 verborum

970 2497 1079 2525 illorum
1099 2498 1235 2526 sententia
1252 2508 1259 2527 :
1275 2499 1317 2527 vel
1332 2500 1439 2536 seipsos
1451 2500 1515 2536 jure
1529 2502 1755 2531 condcmuabunt

969 2544 987 2571 ii
999 2543 1047 2579 qui
1064 2543 1151 2572 Maria
1166 2545 1286 2580 priorem
1299 2553 1361 2574 esse
1373 2553 1485 2574 carnem
1498 2547 1571 2575 illam
1586 2549 1757 2582 existimant,

969 2597 1030 2626 qua:
1049 2589 1084 2618 de
1109 2590 1194 2618 Maria
1218 2596 1329 2627 sumpta
1348 2593 1398 2624 sit,
1423 2598 1450 2621 et
1465 2598 1528 2622 ante
1544 2594 1617 2622 illam
1636 2595 1756 2622 humana

968 2636 1114 2672 praeditum
1128 2637 1218 2664 anima
1232 2636 1317 2666 fuisse
1329 2637 1460 2672 Verbum,
1477 2646 1593 2675 eamque
1611 2645 1759 2676 antequam

969 2680 1023 2709 huc
1049 2681 1191 2710 adveniret
1216 2681 1358 2710 habuisse.
1379 2683 1433 2711 Sed
1455 2687 1483 2712 et
1504 2684 1543 2712 illi
1565 2686 1664 2720 nugari
1687 2685 1759 2712 desi-

968 2731 1044 2759 nent,
1060 2726 1107 2762 qui
1131 2734 1243 2755 carnem
1258 2728 1357 2756 mortis
1378 2736 1439 2757 esse
1456 2736 1584 2764 capacem
1602 2735 1714 2765 negant,
1731 2734 1757 2758 et

968 2773 1003 2800 ad
1015 2773 1178 2802 immortalis
1187 2777 1293 2802 natura:
1303 2779 1404 2803 sortem
1416 2776 1654 2812 couditionemque
1668 2782 1758 2805 trans-

970 2818 1105 2847 scribunt.
1122 2818 1189 2847 Nam
1207 2820 1231 2849 si
1255 2827 1379 2851 mortuus
1395 2830 1451 2850 nou
1466 2825 1518 2856 est,
1531 2823 1671 2857 quomodo
1688 2823 1757 2853 Pau-

160 2893 171 2910 ί
196 2893 264 2922 Luc.
283 2902 356 2928 ulv,
375 2896 420 2929 '59,
440 2897 485 2924 40.
524 2897 534 2912 ¹
550 2895 629 2923 Joan.
648 2905 667 2929 l,
688 2897 731 2924 l4.
771 2898 780 2914 ³
801 2896 860 2925 Gal.
878 2905 907 2925 ιιι

965 2898 978 2926 ι.
1016 2898 1027 2914 ’⁵
1045 2897 1104 2927 Joel
1129 2907 1160 2934 tt,
1180 2899 1228 2928 28.
