1945 3043
207 182 262 211 6ὓῦ

919 176 938 202 S
969 176 1136 204 ΕΡῬΗᾹΜΙ

1792 181 1844 208 656

209 243 253 270 lus
273 240 382 268 tradere
408 240 459 267 hoc
478 238 632 266 Corinthiis
653 236 759 272 potuit,
775 236 848 271 quod
868 243 897 263 se
918 243 996 263 accc-

1051 236 1115 268 ὅλως
1139 236 1255 272 ἀνέστη,
1275 238 1301 264 εἰ
1326 237 1364 273 μὴ
1389 237 1594 273 προαπέθανενς
1625 236 1790 273 Ἐρυθρ.ῶσι
1815 238 1844 265 δὲ

209 289 284 324 pisse
310 287 418 314 diccbat
430 287 436 300 '
448 306 456 316 .
469 285 602 318 Quoniam
619 284 742 311 Christus
759 288 878 309 mortuus
895 288 933 309 cst
949 290 997 316 pro

208 334 322 369 peccatis
342 332 439 360 nostris
450 351 457 363 ,
475 330 618 358 secundant
640 328 831 364 Scripturas‘?
843 328 998 363 lii-surgere

210 390 274 408 vero
290 380 336 415 qui
359 378 457 414 potuit,
476 378 528 405 nisi
555 381 681 404 mortuus
700 381 779 403 antea
809 375 923 403 fuisset?
941 374 997 401 Ma-

210 428 285 454 ximo
303 433 369 453 vero
392 424 497 460 pudore
519 422 724 458 perfunduntur
738 422 756 449 ii
775 421 822 457 qui
837 421 996 457 quaternio~

209 482 270 502 nem
290 481 338 508 pro
354 471 490 498 Trinitate
505 469 635 497 constitui
656 476 816 504 persuasum
837 468 953 499 habent,
973 467 996 495 si

209 527 311 554 corpus
328 525 343 545 e
359 517 445 544 Maria
468 521 562 543 natum
583 523 645 543 esse
667 515 784 542 dicatur.
801 513 868 541 Nam
892 514 915 541 si
932 521 997 540 cou-

210 564 391 592 sulistautialc
417 562 506 590 Verbo
532 570 634 597 corpus
658 561 843 592 arbitremur,
876 559 999 587 Trinitas

208 610 388 638 nihilominus
416 608 539 636 Trinitas
557 612 714 643 permanet,
739 614 802 633 cum
825 606 999 641 peregrinum

208 658 314 685 nullum
331 656 450 684 Verbum
472 655 499 682 in
525 654 597 682 illam
617 653 772 680 invehatur.
793 652 828 678 At
851 653 873 679 si
899 659 1001 686 corpus

1050 282 1175 317 μεγάλως
1191 283 1216 309 οἱ
1240 282 1308 315 ὅλως
1332 283 1530 319 ἐνθυμηθέντες
1553 283 1684 310 δύνασθαι
1706 284 1769 310 ἀντὶ
1794 284 1845 318 τῆς

1048 328 1164 363 Τριάδος
1187 329 1310 363 γίνεσθαι
1334 330 1471 366 τετράδα,
1494 330 1519 356 ει
1543 330 1648 364 λέγοιτο
1671 331 1703 356 ἐκ
1731 330 1844 366 Μαρίας

1047 372 1116 402 εἶναι
1136 375 1168 402 τὸ
1184 375 1274 410 σῶμα.
1293 376 1450 411 Ὀμοούσιον
1470 376 1519 412 μὲν
1532 375 1587 411 γὰρ
1609 376 1656 402 ἐὰν
1675 377 1798 411 εἴπωμεν
1814 377 1844 403 τὸ

1048 420 1128 456 σῶμα
1144 421 1184 456 τῷ
1198 421 1285 455 Λόγω,
1303 422 1378 457 μένει
1394 423 1410 458 ἡ
1427 422 1511 458 Τριὰς
1527 421 1623 457 Τριὰξ,
1638 422 1745 453 οὐδενὸς
1763 422 1841 454 ξένου

1048 466 1277 503 ὲπεισφερομένου
1290 469 1331 500 εἱς
1342 468 1427 504 αὐτὴν
1440 468 1487 495 τοῦ
1506 468 1592 501 Λόγου
1603 476 1610 483 ·
1628 467 1675 495 ἐὰν
1692 468 1721 494 δὲ
1734 468 1842 504 ἄνθρω-

1049 521 1100 540 πον
1110 513 1231 549 εἴπωμεν
1246 514 1277 541 τὸ
1288 515 1320 541 ὲκ
1333 515 1442 550 Μαρίας
1454 514 1544 550 σῶμα,
1555 515 1662 551 ἀνάγκῃ
1676 514 1751 547 ξένου
1767 515 1844 546 δντος

1049 560 1109 586 κατ’
1125 560 1219 586 οὐσίαν
1237 559 1284 587 τοῦ
1312 560 1454 595 σώματος,
1475 561 1522 587 καὶ
1543 560 1619 592 ὄντος
1643 561 1672 586 ὲν
1695 560 1772 595 αὐτῷ
1795 558 1843 585 τοῦ

1049 605 1147 639 Λόγου,
1163 606 1263 642 τετρὰς
1277 606 1337 633 ἀντὶ
1353 607 1468 642 Τριάδος
1480 606 1585 641 γίνεται
1599 605 1642 633 διὰ
1661 606 1710 640 τὴν
1725 605 1773 632 τοῦ
1791 606 1843 631 σὼ-

1051 660 1136 687 ματος
1152 652 1322 688 προσθήκην.

206 705 275 732 illud
289 704 360 732 idem
375 711 408 731 ex
423 703 509 729 Maria
521 706 615 728 natum
630 701 768 728 hominem
783 707 846 727 esse
857 699 995 732 dicamus,
1016 707 1130 728 necesse
1145 705 1199 732 cst.
1220 709 1282 728 cum
1314 709 1416 736 corpus
1449 705 1548 728 natura
1572 700 1744 736 peregrinum
1777 699 1842 726 alie-

208 757 327 785 numque
347 749 392 779 sit.
410 754 439 775 ut
453 748 478 774 in
490 747 549 782 ipso
557 746 674 774 Verbum
684 746 810 777 insideat,
826 745 1033 781 quaternioncm
1049 753 1098 781 pro
1113 745 1246 773 Trinitate
1259 754 1435 782 consurgere,
1451 754 1567 781 corpore
1581 746 1706 773 videlicet
1721 745 1841 780 iltljl't‘lﬂ.

242 794 288 821 XI.
312 793 372 821 Ilaec
393 793 431 820 illi
448 793 513 820 dum
537 793 570 819 ad
591 799 654 819 eum
675 791 786 818 modum
805 791 994 826 pronuntiant,

1085 793 1135 819 lA’.
1156 791 1249 819 Ταῦτα
1267 792 1352 824 οὕτως
1368 793 1493 827 λέγοντες
1507 793 1538 818 οὺ
1556 791 1670 823 νοοῦσιν,
1691 791 1766 822 ὅπως
1780 792 1844 818 saw

208 849 262 868 non
275 839 505 868 animadvertunt.
516 842 684 873 quantopere
696 844 789 864 secum
801 836 852 871 ipsi
865 839 994 871 pugnent.

1051 839 1104 870 τοῖς
1123 838 1329 873 περιπίπτουσι,
1351 838 1403 865 Καὶ
1418 838 1473 873 γὰρ
1489 837 1540 864 κᾶν
1559 838 1597 873 μὴ
1615 838 1647 863 ὲκ
1663 837 1776 871 Μαρίας
1798 837 1843 863 λέ-

210 887 285 914 Licrt
299 886 372 914 enim
397 893 431 912 cx
459 883 545 911 Maria
572 883 724 918 profectum
744 890 846 918 corpus
861 890 923 910 esse
943 889 997 909 non

207 934 314 964 dicant,
334 931 382 959 sed
405 929 642 959 consubstantialc
660 928 994 962 Verboduntaxagnihilo-

211 982 303 1010 minus
320 985 424 1010 tamen,
443 977 518 1012 quod
549 982 585 1003 ne
601 974 702 1002 sentire
711 973 883 1005 viderentur,
901 972 989 1000 vereri

208 1031 239 1051 se
256 1023 436 1055 simulabant,
454 1023 481 1050 in
497 1024 554 1056 hoc,
563 1020 666 1057 ipsum,
679 1027 740 1055 quae
754 1023 797 1047 est
813 1019 922 1046 illorum
938 1023 998 1047 sto-

209 1069 314 1102 liditas,
328 1069 456 1097 oratione
475 1075 526 1096 sua
553 1067 643 1102 palam
665 1066 828 1097 incurrunt,
845 1069 872 1093 et
887 1069 1008 1100 quater-

208 1116 319 1143 nionem
349 1115 425 1142 illum
450 1114 609 1141 admittunt.
626 1112 733 1140 Etenim
757 1112 796 1139 uti
819 1111 923 1144 Filius,
951 1110 998 1146 qui

208 1162 317 1188 illorum
342 1161 481 1188 sententia
502 1159 576 1187 Patri
602 1158 850 1186 consubstantialis
872 1161 925 1189 est,
943 1157 996 1184 mi-

208 1208 281 1234 nimc
298 1207 344 1234 ille
362 1207 473 1242 quidem
498 1206 578 1233 Pater
595 1210 649 1237 est,
666 1206 713 1232 scd
735 1204 820 1233 Filius
836 1204 910 1231 Patri
931 1212 998 1231 con-

208 1252 402 1280 substantialis
419 1251 573 1286 appellatur
586 1259 594 1278 :
608 1251 646 1277 ita
659 1250 896 1278 consubstantiale
911 1248 998 1277 VcrLO

209 1305 311 1332 corpus
328 1305 384 1324 non
402 1297 491 1332 ipsum
508 1296 628 1324 Verbum
645 1300 697 1327 cst,
711 1296 758 1324 sed
775 1296 848 1322 aliud
868 1295 998 1331 quiddam

209 1351 225 1370 ο
254 1343 344 1370 Verbo
365 1343 537 1370 distinctum.
561 1342 666 1375 Quodsi
700 1341 774 1369 aliud
800 1345 852 1372 est,
889 1341 997 1368 illorum

207 1389 331 1417 Trinitas
357 1389 385 1416 in
399 1389 608 1424 quateruiouem
631 1387 778 1423 redigetur.
803 1387 881 1415 Vera:
898 1387 999 1422 quippe

208 1441 237 1463 et
255 1436 348 1470 reipsa
361 1435 490 1470 perfecta:
504 1439 531 1462 et
545 1434 670 1461 indivism
686 1433 814 1460 Trinitati
843 1433 917 1460 nulla
941 1432 999 1459 lieti

209 1486 300 1517 potest
316 1481 452 1513 accessio,
467 1480 572 1515 1005
585 1484 685 1515 praeter
700 1487 781 1515 quam
795 1486 938 1514 perperam
951 1477 998 1506 isti

1049 894 1119 920 γωσι
1135 886 1165 912 τὸ
1182 886 1272 921 σῶμα,
1289 886 1357 913 ἀλλὰ
1375 886 1519 922 ὁμοούσιον
1532 885 1598 912 αὐτὸ
1612 885 1649 920 τῷ
1661 885 1750 920 Λόγῳ,
1766 884 1844 911 οὐδὲν

1048 929 1141 968 ἦττον,
1154 933 1223 968 ὅπερ
1232 933 1421 968 ὑπεκρίνοντο,
1442 932 1480 968 μὴ
1497 932 1552 966 ἄρα
1564 931 1602 963 ὡς
1617 930 1782 967 φρονοῦντες
1797 939 1843 956 νο-

1051 977 1168 1013 μισθῶσι
1184 977 1273 1008 τοῦτο,
1289 977 1362 1004 κατὰ
1376 977 1425 1013 τὴν
1441 976 1530 1004 αὐτῶν
1546 976 1639 1003 ἄνοιαν
1653 975 1844 1011 δειχθήσονται

1048 1024 1172 1059 λέγοντες
1194 1024 1321 1060 τετράδα.
1348 1024 1391 1055 Ὡς
1420 1023 1476 1059 γὰρ
1506 1023 1570 1054 Υἱὸς
1596 1021 1634 1048 ὢν
1659 1021 1717 1048 κατ’
1742 1020 1844 1051 αὐτοὺς

1048 1069 1190 1104 ὁμοούσιος
1203 1069 1243 1104 τῷ
1266 1069 1362 1105 Πατρὶ,
1378 1068 1428 1095 οὒκ
1448 1068 1522 1094 ἔστιν
1545 1067 1626 1099 αὐτὸς
1645 1066 1752 1102 Πατὴρ,
1774 1064 1846 1092 ἀλλὰ

1050 1115 1114 1147 Υἱὸς
1141 1115 1210 1150 πρὸς
1235 1114 1346 1150 Πατέρα
1370 1114 1480 1149 λέγεται
1507 1113 1668 1149 ὁμοούσιος·
1691 1111 1779 1143 οὕτως
1814 1111 1846 1137 τὸ

1047 1159 1190 1195 ὁμοοὺσιον
1204 1159 1286 1194 σῶμα
1299 1159 1345 1186 τοῦ
1362 1160 1450 1193 Λόγου
1465 1159 1515 1186 οὐκ
1527 1159 1601 1185 ἔστιν
1613 1157 1694 1189 αὐτὸς
1713 1158 1728 1184 ὁ
1743 1157 1844 1191 Λόγος.

1049 1206 1106 1234 ἀλλ’
1124 1206 1216 1242 ἕτερον
1231 1206 1300 1242 πρὸς
1311 1206 1357 1232 τὸν
1371 1205 1469 1240 Λόγον.
1488 1205 1597 1240 Ἑτέρου
1617 1203 1646 1231 δὲ
1663 1203 1750 1235 ὄντος,
1765 1203 1845 1229 ἔσται

1049 1253 1109 1279 κατ’
1123 1252 1222 1284 αὐτοὺς
1239 1253 1256 1287 ἡ
1273 1252 1364 1280 αὐτῶν
1386 1252 1471 1287 Τριὰς
1485 1251 1594 1287 τετράς.
1608 1250 1646 1277 Οὐ
1663 1249 1718 1286 γὰρ
1742 1250 1759 1283 ἡ
1776 1249 1846 1284 ἁλη-

1049 1299 1109 1336 θινὴ
1124 1299 1171 1326 καὶ
1181 1299 1266 1330 ὅντως
1280 1299 1369 1325 τελεία
1383 1299 1431 1325 καὶ
1453 1298 1604 1332 ἀδιαίρετος
1628 1296 1712 1331 Τριὰς
1734 1295 1846 1329 δέχεται

1050 1345 1221 1382 προσθήκην,
1236 1345 1293 1372 ἀλλ’
1309 1346 1326 1381 ὴ
1345 1345 1420 1381 παρὰ
1436 1345 1540 1371 τούτων
1560 1342 1770 1384 ἐπινενοημένη.
1788 1342 1847 1369 Καὶ

1050 1392 1109 1424 πῶς
1125 1393 1165 1419 ἐτι
1180 1392 1339 1428 Χριστιανοὶ
1361 1392 1454 1427 ἕτερον
1472 1390 1549 1426 παρὰ
1562 1389 1610 1416 τὸν
1624 1390 1689 1416 ὄντα
1702 1389 1769 1415 Θεὶν
1784 1390 1848 1414 ἑπι-

1049 1438 1190 1471 νοοῦντεςς
1207 1438 1292 1465 Πάλιν
1311 1438 1365 1474 γὰρ
1378 1437 1425 1464 καὶ
1441 1438 1470 1463 ὲν
1485 1437 1570 1471 ἑτέρῳ
1586 1435 1676 1462 αὐτῶν
1693 1435 1847 1470 σοφίσματι

1049 1485 1098 1519 τὴν
1117 1484 1273 1520 ἀφροσύνην
1286 1484 1391 1516 ἔξεστιν
1404 1483 1481 1518 ὁρᾷν;
1494 1483 1526 1508 Ei
1543 1482 1571 1508 δὲ
1583 1481 1628 1507 διὰ
1655 1480 1685 1507 το
1700 1478 1772 1506 εἶναι
1797 1481 1847 1506 καὶ

207 1528 359 1556 commenti
377 1532 450 1556 sunt.
463 1528 555 1561 Quare
567 1527 719 1555 Christiani
731 1533 793 1554 esse
805 1526 852 1560 qui
870 1528 996 1560 possunt,

1051 1530 1177 1564 λέγεσθαι
1193 1531 1221 1557 ὲν
1235 1531 1295 1562 ταῖς
1317 1530 1440 1564 Γραφαῖς
1456 1530 1488 1555 ὲκ
1505 1527 1616 1563 Μαρίας
1634 1524 1703 1553 εἶναι
1730 1525 1779 1552 καὶ
1798 1527 1847 1552 ἁ»-

207 1575 257 1610 qui
278 1575 394 1602 alterum
411 1574 445 1601 ab
461 1582 505 1606 eo,
523 1573 570 1609 qui
585 1580 681 1601 revera
696 1572 769 1600 Deus
783 1576 835 1603 cst.
852 1571 921 1598 falsa
947 1571 999 1598 sibi

208 1620 388 1656 persuasione
401 1619 560 1647 ﬁnxerunt?
577 1618 685 1647 Rursus
705 1618 777 1646 enim
791 1618 817 1645 in
830 1618 915 1645 altera
931 1625 1000 1652 qua-

208 1666 272 1694 dam
296 1668 412 1694 istorum
427 1665 614 1698 cavillatione,
628 1672 732 1700 quanta
755 1665 790 1692 sit
809 1671 904 1691 eorum
923 1664 1000 1691 stoli-

208 1713 294 1745 ditas,
310 1717 435 1748 apparet.
452 1712 519 1739 Nam
533 1711 555 1740 si
572 1719 622 1747 pro
634 1719 667 1738 eo
675 1710 746 1746 quod
773 1707 876 1737 Christi
899 1717 1000 1744 corpus

214 1769 248 1788 ex
263 1758 350 1786 Maria
383 1761 523 1790 natum,et
544 1757 694 1784 humanum
714 1759 859 1790 cst,alquc
877 1757 904 1782 in
925 1755 1000 1781 Scri-

213 1805 304 1842 pturis
318 1812 381 1832 eSSe
396 1804 509 1834 dicitur,
523 1802 732 1838 qualernioncm
748 1801 852 1828 idcirco
870 1808 920 1835 pro
938 1799 1000 1827 Tri-

210 1852 296 1879 nitate
313 1849 443 1878 constitui
462 1853 568 1884 putant,
593 1856 625 1875 eo
642 1847 715 1882 quod
730 1847 856 1882 quadam
880 1846 937 1874 ﬁeri
959 1846 996 1874 vi-

208 1897 309 1925 deatur
330 1895 456 1930 corporis
483 1893 607 1921 accessio
624 1893 818 1922 :vcliementer
838 1895 932 1921 errant
951 1892 999 1927 qui

207 1941 345 1972 conditori
371 1940 512 1976 opiﬁcium
542 1947 622 1968 suum
640 1940 747 1974 aequale
775 1939 894 1970 faciunt,
915 1942 944 1965 et
965 1938 998 1964 ad

209 1989 382 2018 divinitatem
397 1987 529 2014 accedere
541 1994 622 2022 posse
635 1985 737 2021 aliquid
750 1985 936 2018 arbitrantur;
949 1992 1000 2012 nec

210 2035 277 2063 illud
292 2034 459 2069 intelligunt,
477 2040 531 2060 nou
547 2032 581 2060 ad
596 2032 679 2060 ullam
702 2031 795 2059 carnis
812 2031 998 2058 accessionem

209 2081 329 2110 Verbum
347 2088 457 2109 carnem
473 2088 534 2108 esse
552 2079 665 2111 factum,
679 2078 725 2107 sed
745 2081 775 2105 ut
798 2085 862 2105 caro
877 2077 935 2112 ipsa
952 2084 994 2104 re-

209 2131 350 2164 surgeret;
362 2135 450 2163 neque
462 2125 594 2157 Verbum,
605 2132 660 2160 quo
675 2124 709 2151 ad
726 2124 865 2151 meliorem
878 2124 998 2158 aliquam

209 2175 398 2202 conditionem
413 2172 624 2204 transferretur,
638 2179 670 2198 cx
688 2170 774 2198 Maria
791 2169 937 2205 prodiissc,
950 2169 998 2197 sed

209 2225 240 2248 ut
260 2220 401 2247 hominum
420 2227 508 2254 genus
528 2218 684 2246 redimeret.
702 2216 761 2243 Jam
778 2224 843 2243 vero
860 2215 998 2251 quomodo

209 2267 266 2294 ﬁeri
289 2271 390 2302 potest,
413 2273 514 2300 corpus
533 2269 561 2291 ut
585 2264 651 2292 illud
668 2263 741 2298 quod
757 2271 804 2298 per
820 2261 938 2289 Verbum
954 2269 998 2289 re-

208 2314 350 2348 demptum
377 2319 409 2339 ac
434 2312 489 2338 vita
509 2311 642 2338 donatum
673 2313 736 2342 est,
763 2310 787 2336 ei
806 2316 820 2335 a
846 2315 901 2343 quo
915 2307 998 2335 vitam

209 2360 330 2394 accepit,
349 2359 434 2385 ullam
452 2358 607 2385 divinitatis
633 2356 822 2384 accessionem
846 2355 934 2388 possit
960 2354 1001 2380 al-

210 2406 302 2434 ierrc?
324 2405 393 2432 Nam
415 2412 430 2432 e
450 2404 592 2431 contrario
608 2403 746 2430 uberrima
771 2402 816 2428 illa
836 2400 946 2435 quidem
967 2399 1000 2426 ad

211 2453 360 2479 humanum
392 2459 494 2486 corpus
518 2458 551 2478 ex
587 2449 673 2477 divini
698 2447 778 2476 Verbi
806 2446 1001 2474 communione

1051 1576 1185 1611 θρώπινον
1207 1576 1241 1603 τὸ
1265 1576 1345 1611 σῶμα
1366 1575 1413 1602 τοῦ
1437 1574 1582 1611 Σωτῆρος,
1607 1573 1763 1609 νομίζουσιν
1784 1573 1847 1599 ἀντὶ

1051 1622 1164 1658 Τριάδος
1179 1622 1296 1658 τετράδα
1314 1622 1451 1656 λέγεσθαι,
1466 1621 1504 1653 ὡς
1519 1620 1678 1656 προσθήκης
1692 1618 1847 1654 λεγομένης

1049 1669 1081 1695 τὸ
1095 1668 1190 1704 σῶμαα
1205 1667 1272 1694 πολὺ
1291 1667 1456 1698 πλανῶνται,
1472 1666 1503 1692 τὸ
1517 1665 1623 1701 ποίημα
1638 1663 1846 1696 συνεξισοῡντες

1050 1713 1088 1750 τῷ
1102 1715 1220 1750 ποιητῇ,
1235 1715 1292 1740 ικαὶ
1306 1711 1485 1743 ὑπονοοῦντες
1506 1711 1636 1738 δύνασθαι
1662 1709 1711 1745 τὴν
1728 1709 1846 1744 Θεότητα

1051 1760 1210 1795 προσθήκην
1232 1759 1396 1794 λαμϐάνειν·
1425 1758 1471 1785 καὶ
1491 1757 1646 1792 ἡγνόησαν,
1675 1757 1716 1783 ὅτι
1741 1756 1771 1782 οὐ
1801 1755 1846 1781 Su

1051 1806 1210 1842 προσθήκην
1226 1805 1352 1840 θεότητος
1369 1804 1465 1839 γέγονε
1483 1803 1551 1839 σὰρξ
1572 1804 1586 1830 ὁ
1609 1802 1704 1836 Λόγος,
1722 1801 1781 1828 ἀλλ’
1801 1802 1846 1828 ira

1050 1853 1066 1887 ἡ
1082 1852 1151 1887 σὰρξ
1166 1853 1287 1887 ἀναστῇ·
1303 1851 1358 1878 οὐδ’
1375 1852 1418 1878 ἵνα
1436 1850 1566 1886 βελτιωθῇ
1582 1850 1596 1876 ὁ
1609 1849 1692 1883 Λόγος
1708 1848 1845 1884 προῆλθεν

1050 1899 1082 1925 ἐκ
1097 1898 1217 1934 Μαρίας,
1226 1897 1282 1924 ἀλλ’
1295 1898 1339 1924 ῖνσ.
1350 1897 1381 1924 τὸ
1393 1896 1562 1932 ἀνθρώπινον
1572 1896 1649 1929 γένος
1659 1894 1844 1930 λυτρώσηται.

1051 1944 1113 1975 Πῶς
1128 1941 1176 1970 οὖν
1199 1940 1254 1970 οἷόν
1269 1951 1298 1970 τε
1323 1942 1354 1969 τὸ
1371 1943 1415 1969 διὰ
1438 1942 1485 1968 τοῦ
1500 1941 1587 1975 Λόγου
1610 1940 1748 1976 λυτρωθὲν
1765 1940 1846 1974 σῶμα

1051 1990 1096 2017 καὶ
1113 1989 1288 2024 ζωοποιηθὲν,
1303 1988 1460 2024 προσθήκην
1474 1988 1513 2018 εἰς
1526 1987 1640 2022 θεότητα
1656 1986 1694 2022 τῷ
1711 1987 1846 2021 ζωοποιή-

1051 2043 1127 2062 σαντι
1149 2034 1228 2070 Λόγῳ
1250 2035 1356 2067 ποιείν;
1381 2033 1488 2061 Μᾶλλον
1509 2033 1564 2070 γὰρ
1580 2033 1655 2068 αὐτῷ
1679 2033 1845 2067 ἀνθρωπίνη.)

1051 2080 1193 2116 προσθήκη
1216 2079 1321 2115 μεγάλη
1344 2079 1456 2114 γέγονεν
1477 2081 1510 2106 ὲκ
1528 2079 1579 2114 τῆς
1603 2079 1650 2105 τοῦ
1671 2079 1761 2113 Λόγου
1777 2079 1845 2114 πρὸς

1050 2127 1117 2153 αὐτὸ
1129 2126 1270 2158 κοινωνίας
1283 2134 1313 2152 τε
1328 2126 1374 2152 καὶ
1389 2125 1520 2157 ὲνώσεως.
1537 2125 1603 2151 Ἀπὸ
1618 2124 1717 2160 θνητοῦ
1732 2125 1845 2158 γέγονεν

1052 2172 1196 2203 ἀθάνατον,
1213 2173 1260 2198 καὶ
1275 2172 1390 2207 ψυχικὸν
1406 2172 1436 2198 ὃν
1454 2172 1549 2206 γέγονε
1574 2170 1777 2205 πνευματικὸν,
1798 2171 1845 2196 καὶ

1052 2219 1082 2243 ἐκ
1108 2218 1159 2252 γῆς
1183 2217 1328 2252 γενόμενον
1355 2218 1402 2249 τὰς
1425 2217 1569 2252 οὐρανίους
1592 2216 1669 2251 διέϐη
1694 2215 1792 2247 πύλας.
1812 2215 1843 2241 'll

1054 2263 1144 2296 μέντοι
1170 2262 1270 2298 Τριὰς,
1286 2263 1334 2289 καὶ
1355 2262 1482 2294 λαϐόντος
1506 2263 1537 2288 ἐκ
1558 2261 1668 2297 Μαρίας
1691 2260 1773 2296 σῶμα
1797 2259 1843 2286 τοῦ

1052 2309 1150 2343 Λόγου,
1172 2309 1256 2344 Τριάς
1271 2309 1360 2339 ἐστιν,
1385 2308 1415 2334 οὺ
1435 2307 1567 2343 δεχομένη
1588 2307 1761 2342 προσθήκην,
1784 2305 1845 2332 οὐδὲ

1052 2355 1208 2389 ἀφαίρεσιν,
1229 2355 1298 2381 ἀλλὰ
1313 2355 1356 2381 ἀεὶ
1372 2354 1462 2382 τελεία
1494 2354 1552 2381 ἐστὶ
1576 2354 1621 2380 καὶ
1638 2354 1667 2379 ὲν
1682 2352 1780 2388 Τριάδι
1797 2353 1846 2387 μία

1053 2400 1147 2434 θεότης
1163 2399 1342 2433 γινώσκεται·
1362 2401 1409 2426 καὶ
1425 2400 1512 2431 οὕτως
1530 2401 1558 2426 ἐν
1572 2401 1605 2435 τῇ
1625 2399 1777 2434 Ἐκκλησία
1796 2407 1845 2433 κη-

1055 2445 1181 2480 ρύττεται
1199 2443 1238 2477 εἷς
1252 2445 1317 2477 Θεὸς
1331 2446 1345 2472 ὁ
1359 2446 1406 2472 τοῦ
1420 2446 1508 2480 Λόγου
1524 2446 1630 2481 Πατήρ.

209 2500 460 2534 commistioneque
488 2498 560 2526 facta
584 2501 626 2526 est
645 2495 780 2524 accessio.
812 2494 954 2529 Siquidem
980 2501 1013 2521 ex
1034 2493 1143 2520 mortali
1168 2493 1335 2526 immortale,
1356 2501 1389 2521 ex
1410 2493 1521 2520 animali
1557 2492 1682 2528 spiritale
1704 2491 1843 2519 redditum

210 2552 357 2583 est,alque
370 2551 473 2574 eterra
490 2545 643 2581 profectum
656 2543 718 2571 εαξιί
731 2547 825 2578 portas
837 2541 1002 2576 penetravit.
1022 2539 1158 2568 Caeterum
1178 2539 1299 2568 Trinitas
1330 2540 1399 2575 ipsa,
1426 2540 1552 2576 quamvis
1584 2538 1702 2566 Verbum
1723 2546 1739 2566 e
1760 2537 1844 2564 Maria

183 2592 184 2595 “
211 2600 312 2628 corpus
330 2591 476 2627 acceperit,
492 2589 614 2617 Trinitas
635 2592 687 2619 est.
705 2588 750 2614 cui
767 2594 817 2614 nec
836 2586 897 2614 addi
915 2591 1005 2620 potest
1024 2585 1177 2621 quidpiam,
1194 2594 1283 2621 neque
1299 2586 1417 2618 detrahi,
1445 2586 1492 2613 sed
1511 2585 1632 2620 perfecta
1659 2591 1770 2619 seraper
1802 2589 1845 2612 est

211 2644 239 2666 et
263 2638 297 2665 in
323 2636 461 2664 Trinitate
488 2633 640 2670 singularis
665 2633 795 2659 divinitas
821 2631 1002 2667 agnoscitur;
1023 2637 1104 2666 atque
1123 2632 1160 2660 ita
1178 2632 1286 2659 demum
1304 2639 1375 2659 unus
1395 2631 1467 2659 Deus
1485 2631 1567 2659 Verbi
1581 2630 1661 2659 Pater
1694 2631 1723 2658 in
1749 2629 1844 2657 Eccle-

211 2687 252 2714 sia
272 2685 448 2722 prmdicatur.

242 2733 300 2762 XII.
317 2732 416 2759 Eadem
436 2736 520 2765 porro
539 2728 644 2755 ratione
680 2731 706 2754 et
730 2734 761 2754 os
795 2725 849 2753 illis
868 2725 997 2753 occlude-

209 2785 254 2808 tur
268 2781 314 2816 qui
325 2779 417 2807 dicere
431 2775 578 2811 aliquando
596 2774 655 2802 ausi
668 2777 742 2802 sunt.
757 2780 819 2800 eum
833 2771 880 2806 qui
894 2779 926 2798 ex
943 2770 999 2798 Ma-

207 2827 249 2854 ria
271 2825 417 2861 processit,
434 2831 488 2851 non
513 2823 600 2857 ipsum
615 2828 675 2849 esse
697 2819 837 2847 Christum
854 2825 887 2846 ac
907 2817 999 2844 Domi-

251 2906 259 2920 ‘
275 2904 364 2933 ltior.
380 2912 423 2936 xv,
441 2904 467 2931 5.
505 2903 515 2918 ’
528 2901 594 2930 ibid.

1089 2723 1137 2750 lB’.
1160 2724 1207 2750 Ἐκ
1225 2723 1253 2750 δὲ
1271 2723 1366 2750 τούτου
1382 2722 1551 2758 σιωπήσουσι
1565 2721 1658 2748 λοιπὸν
1677 2721 1725 2748 καὶ
1737 2721 1762 2748 οἱ
1781 2721 1846 2748 ποτὲ

1053 2770 1174 2802 εἰπόντες
1190 2770 1235 2797 τὸν
1255 2771 1286 2797 ὲκ
1309 2769 1417 2803 Μαρίας
1437 2769 1600 2805 προελθόντα
1617 2768 1654 2805 μὴ
1678 2766 1748 2795 εἶναι
1765 2768 1845 2795 αὑτὸν

1054 2816 1099 2842 τὸν
1115 2815 1230 2851 Χριστὸν
1249 2815 1295 2842 καὶ
1311 2815 1412 2850 Κύριον
1431 2815 1478 2842 καὶ
1498 2815 1575 2842 Θεόν.
1606 2815 1638 2842 Εἰ
1654 2814 1709 2850 γὰρ
1727 2814 1766 2850 μὴ
1780 2813 1844 2844 Θεὸς
