  <div class='ocr_page' id='page_1' title='image "/cluster/home/n/w/nwhite01/storage/ocr_20150623/42/njp.32101077772588/342.png"; bbox 0 0 1945 3043; ppageno 0'>
   <div class='ocr_carea' id='block_1_1' title="bbox 107 160 158 188">
    <p class='ocr_par' dir='ltr' id='par_1_1' title="bbox 107 160 158 188">
     <span class='ocr_line' id='line_1_1' title="bbox 107 160 158 188; baseline -0.02 0"><span class='ocrx_word' id='word_1_1' title='bbox 107 160 158 188; x_wconf 67' lang='grc'><strong>637</strong></span> 
     </span>
    </p>
   </div>
   <div class='ocr_carea' id='block_1_2' title="bbox 376 159 896 192">
    <p class='ocr_par' dir='ltr' id='par_1_2' title="bbox 376 162 896 192">
     <span class='ocr_line' id='line_1_2' title="bbox 376 162 896 192; baseline 0.008 -4"><span class='ocrx_word' id='word_1_2' title='bbox 376 162 561 191; x_wconf 65' lang='grc' dir='ltr'>Αυνιςιὶδυδ</span> <span class='ocrx_word' id='word_1_3' title='bbox 581 163 753 192; x_wconf 61' lang='grc' dir='ltr'><strong>ΗίΕΙιΕῗᾷΙίδ</strong></span> <span class='ocrx_word' id='word_1_4' title='bbox 772 164 835 192; x_wconf 74' lang='grc' dir='ltr'><strong>ΜΕ.</strong></span> <span class='ocrx_word' id='word_1_5' title='bbox 857 163 896 192; x_wconf 85' lang='lat' dir='ltr'><strong>Ill.</strong></span> 
     </span>
    </p>
   </div>
   <div class='ocr_carea' id='block_1_3' title="bbox 947 159 1416 192">
    <p class='ocr_par' dir='ltr' id='par_1_3' title="bbox 949 159 1416 192">
     <span class='ocr_line' id='line_1_3' title="bbox 949 159 1416 192; baseline -0.011 -1"><span class='ocrx_word' id='word_1_6' title='bbox 949 163 1008 192; x_wconf 87' lang='grc' dir='ltr'><strong>ΟΜ.</strong></span> <span class='ocrx_word' id='word_1_7' title='bbox 1024 162 1055 191; x_wconf 82' lang='grc' dir='ltr'><strong>Π.</strong></span> <span class='ocrx_word' id='word_1_8' title='bbox 1075 176 1110 183; x_wconf 86' lang='grc'><strong><em>-</em></strong></span> <span class='ocrx_word' id='word_1_9' title='bbox 1131 161 1268 190; x_wconf 65' lang='lat' dir='ltr'><strong>IIIERES.</strong></span> <span class='ocrx_word' id='word_1_10' title='bbox 1289 159 1416 188; x_wconf 76' lang='lat' dir='ltr'><strong>LXXVII.</strong></span> 
     </span>
    </p>
   </div>
   <div class='ocr_carea' id='block_1_4' title="bbox 1684 162 1735 188">
    <p class='ocr_par' dir='ltr' id='par_1_4' title="bbox 1684 162 1735 188">
     <span class='ocr_line' id='line_1_4' title="bbox 1684 162 1735 188; baseline 0.02 -1"><span class='ocrx_word' id='word_1_11' title='bbox 1684 162 1735 188; x_wconf 77' lang='lat'><strong>(358</strong></span> 
     </span>
    </p>
   </div>
   <div class='ocr_carea' id='block_1_5' title="bbox 107 216 896 259">
    <p class='ocr_par' dir='ltr' id='par_1_5' title="bbox 107 216 896 259">
     <span class='ocr_line' id='line_1_5' title="bbox 107 216 896 259; baseline 0.009 -15"><span class='ocrx_word' id='word_1_12' title='bbox 107 216 141 253; x_wconf 77' lang='grc' dir='ltr'>ἦν</span> <span class='ocrx_word' id='word_1_13' title='bbox 153 219 183 244; x_wconf 81' lang='grc' dir='ltr'>ἐν</span> <span class='ocrx_word' id='word_1_14' title='bbox 196 217 234 253; x_wconf 83' lang='grc' dir='ltr'>τῷ</span> <span class='ocrx_word' id='word_1_15' title='bbox 249 218 366 254; x_wconf 84' lang='grc' dir='ltr'>σώματι,</span> <span class='ocrx_word' id='word_1_16' title='bbox 383 220 440 252; x_wconf 84' lang='grc' dir='ltr'><strong>πῶς</strong></span> <span class='ocrx_word' id='word_1_17' title='bbox 463 222 542 254; x_wconf 78' lang='grc' dir='ltr'>εὐθὺς</span> <span class='ocrx_word' id='word_1_18' title='bbox 562 223 699 258; x_wconf 77' lang='grc' dir='ltr'>προελθὼν</span> <span class='ocrx_word' id='word_1_19' title='bbox 715 224 769 251; x_wconf 84' lang='grc' dir='ltr'><strong>ἀπὸ</strong></span> <span class='ocrx_word' id='word_1_20' title='bbox 788 224 896 259; x_wconf 81' lang='grc' dir='ltr'><strong>Μαρίας</strong></span> 
     </span>
    </p>
   </div>
   <div class='ocr_carea' id='block_1_6' title="bbox 947 216 1736 259">
    <p class='ocr_par' dir='ltr' id='par_1_6' title="bbox 949 218 1736 255">
     <span class='ocr_line' id='line_1_6' title="bbox 949 218 1736 255; baseline -0.004 -5"><span class='ocrx_word' id='word_1_21' title='bbox 949 231 1014 251; x_wconf 91' lang='lat' dir='ltr'><strong>nunt</strong></span> <span class='ocrx_word' id='word_1_22' title='bbox 1028 226 1056 251; x_wconf 88' lang='lat' dir='ltr'><strong>ct</strong></span> <span class='ocrx_word' id='word_1_23' title='bbox 1069 222 1164 251; x_wconf 88' lang='lat' dir='ltr'><strong>Deum.</strong></span> <span class='ocrx_word' id='word_1_24' title='bbox 1182 221 1240 250; x_wconf 83' lang='lat' dir='ltr'><strong>Nisi</strong></span> <span class='ocrx_word' id='word_1_25' title='bbox 1258 221 1330 249; x_wconf 84' lang='lat' dir='ltr'><strong>enim</strong></span> <span class='ocrx_word' id='word_1_26' title='bbox 1350 220 1377 247; x_wconf 92' lang='lat' dir='ltr'><strong>in</strong></span> <span class='ocrx_word' id='word_1_27' title='bbox 1400 227 1514 255; x_wconf 85' lang='lat' dir='ltr'><strong>corpore</strong></span> <span class='ocrx_word' id='word_1_28' title='bbox 1529 218 1600 247; x_wconf 88' lang='lat' dir='ltr'><strong>Deus</strong></span> <span class='ocrx_word' id='word_1_29' title='bbox 1615 221 1736 248; x_wconf 49' lang='lat' dir='ltr'><strong>exsutis-</strong></span> 
     </span>
    </p>
   </div>
   <div class='ocr_carea' id='block_1_7' title="bbox 106 263 894 304">
    <p class='ocr_par' dir='ltr' id='par_1_7' title="bbox 106 263 894 304">
     <span class='ocr_line' id='line_1_7' title="bbox 106 263 894 304; baseline 0.011 -15"><span class='ocrx_word' id='word_1_30' title='bbox 106 263 209 298; x_wconf 78' lang='grc' dir='ltr'><strong>ἐκλήθη</strong></span> <span class='ocrx_word' id='word_1_31' title='bbox 226 263 410 300; x_wconf 75' lang='grc' dir='ltr'>Ἑμμανουὴλ,</span> <span class='ocrx_word' id='word_1_32' title='bbox 430 266 444 292; x_wconf 77' lang='grc' dir='ltr'>ὅ</span> <span class='ocrx_word' id='word_1_33' title='bbox 459 267 515 292; x_wconf 77' lang='grc' dir='ltr'>ἐστι</span> <span class='ocrx_word' id='word_1_34' title='bbox 533 267 810 304; x_wconf 81' lang='grc' dir='ltr'>μεθερμηνευόμενον,</span> <span class='ocrx_word' id='word_1_35' title='bbox 825 271 894 298; x_wconf 85' lang='grc' dir='ltr'><strong>Μεθ’</strong></span> 
     </span>
    </p>
   </div>
   <div class='ocr_carea' id='block_1_8' title="bbox 108 308 895 352">
    <p class='ocr_par' dir='ltr' id='par_1_8' title="bbox 108 308 895 352">
     <span class='ocr_line' id='line_1_8' title="bbox 108 308 895 352; baseline 0.01 -17"><span class='ocrx_word' id='word_1_36' title='bbox 108 308 193 344; x_wconf 82' lang='grc' dir='ltr'><strong>ἡμῶν</strong></span> <span class='ocrx_word' id='word_1_37' title='bbox 208 310 225 336; x_wconf 84' lang='grc' dir='ltr'><strong>ό</strong></span> <span class='ocrx_word' id='word_1_38' title='bbox 245 311 336 343; x_wconf 82' lang='grc' dir='ltr'><strong>Θεός;</strong></span> <span class='ocrx_word' id='word_1_39' title='bbox 349 311 411 342; x_wconf 86' lang='grc' dir='ltr'><strong>Πῶς</strong></span> <span class='ocrx_word' id='word_1_40' title='bbox 426 311 455 338; x_wconf 79' lang='grc' dir='ltr'>δὲ</span> <span class='ocrx_word' id='word_1_41' title='bbox 469 312 516 338; x_wconf 78' lang='grc' dir='ltr'><strong>καὶ</strong></span> <span class='ocrx_word' id='word_1_42' title='bbox 531 313 646 346; x_wconf 84' lang='grc' dir='ltr'><strong>Παῦλος,</strong></span> <span class='ocrx_word' id='word_1_43' title='bbox 656 315 680 341; x_wconf 84' lang='grc' dir='ltr'><strong>εί</strong></span> <span class='ocrx_word' id='word_1_44' title='bbox 693 315 730 350; x_wconf 81' lang='grc' dir='ltr'>μὴ</span> <span class='ocrx_word' id='word_1_45' title='bbox 745 316 850 351; x_wconf 87' lang='grc' dir='ltr'>ὀΛόγος</span> <span class='ocrx_word' id='word_1_46' title='bbox 861 315 895 352; x_wconf 83' lang='grc' dir='ltr'>ἦν</span> 
     </span>
    </p>
   </div>
   <div class='ocr_carea' id='block_1_9' title="bbox 85 353 896 396">
    <p class='ocr_par' dir='ltr' id='par_1_9' title="bbox 85 353 896 396">
     <span class='ocr_line' id='line_1_9' title="bbox 85 353 896 396; baseline 0.014 -18"><span class='ocrx_word' id='word_1_47' title='bbox 85 386 88 396; x_wconf 28' lang='grc' dir='ltr'><strong><em>ἐ</em></strong></span> <span class='ocrx_word' id='word_1_48' title='bbox 107 354 136 378; x_wconf 82' lang='grc' dir='ltr'><strong>εν</strong></span> <span class='ocrx_word' id='word_1_49' title='bbox 159 353 250 388; x_wconf 81' lang='grc' dir='ltr'>σαρκὶ,</span> <span class='ocrx_word' id='word_1_50' title='bbox 273 353 420 390; x_wconf 83' lang='grc' dir='ltr'>Ῥωμαίοις</span> <span class='ocrx_word' id='word_1_51' title='bbox 441 355 577 392; x_wconf 72' lang='grc' dir='ltr'>ἔγραφεν,</span> <span class='ocrx_word' id='word_1_52' title='bbox 602 358 652 391; x_wconf 83' lang='grc' dir='ltr'><em>Ἐξ</em></span> <span class='ocrx_word' id='word_1_53' title='bbox 671 356 715 386; x_wconf 84' lang='grc' dir='ltr'><strong>ὧν</strong></span> <span class='ocrx_word' id='word_1_54' title='bbox 737 360 754 387; x_wconf 83' lang='grc' dir='ltr'><strong>ὁ</strong></span> <span class='ocrx_word' id='word_1_55' title='bbox 769 362 896 396; x_wconf 77' lang='grc' dir='ltr'>Χριστὸς</span> 
     </span>
    </p>
   </div>
   <div class='ocr_carea' id='block_1_10' title="bbox 107 399 895 443">
    <p class='ocr_par' dir='ltr' id='par_1_10' title="bbox 107 399 895 443">
     <span class='ocr_line' id='line_1_10' title="bbox 107 399 895 443; baseline 0.015 -19"><span class='ocrx_word' id='word_1_56' title='bbox 107 399 140 425; x_wconf 77' lang='grc' dir='ltr'>τὸ</span> <span class='ocrx_word' id='word_1_57' title='bbox 158 399 234 426; x_wconf 80' lang='grc' dir='ltr'>κατὰ</span> <span class='ocrx_word' id='word_1_58' title='bbox 250 399 358 434; x_wconf 75' lang='grc' dir='ltr'>σάρκα,</span> <span class='ocrx_word' id='word_1_59' title='bbox 377 402 394 428; x_wconf 81' lang='grc' dir='ltr'><strong>ό</strong></span> <span class='ocrx_word' id='word_1_60' title='bbox 409 401 451 428; x_wconf 84' lang='grc' dir='ltr'><strong>ὢν</strong></span> <span class='ocrx_word' id='word_1_61' title='bbox 465 403 514 430; x_wconf 78' lang='grc' dir='ltr'><strong>ἐπὶ</strong></span> <span class='ocrx_word' id='word_1_62' title='bbox 538 403 659 432; x_wconf 80' lang='grc' dir='ltr'>πάντων</span> <span class='ocrx_word' id='word_1_63' title='bbox 674 407 745 440; x_wconf 70' lang='grc' dir='ltr'>Θεὸς</span> <span class='ocrx_word' id='word_1_64' title='bbox 768 409 895 443; x_wconf 69' lang='grc' dir='ltr'>εὐλογη-</span> 
     </span>
    </p>
   </div>
   <div class='ocr_carea' id='block_1_11' title="bbox 105 445 895 489">
    <p class='ocr_par' dir='ltr' id='par_1_11' title="bbox 105 445 895 489">
     <span class='ocr_line' id='line_1_11' title="bbox 105 445 895 489; baseline 0.015 -19"><span class='ocrx_word' id='word_1_65' title='bbox 105 445 158 478; x_wconf 79' lang='grc' dir='ltr'>τὸς</span> <span class='ocrx_word' id='word_1_66' title='bbox 173 446 214 477; x_wconf 81' lang='grc' dir='ltr'>εις</span> <span class='ocrx_word' id='word_1_67' title='bbox 225 447 296 479; x_wconf 81' lang='grc' dir='ltr'>τοὺς</span> <span class='ocrx_word' id='word_1_68' title='bbox 317 446 437 481; x_wconf 77' lang='grc' dir='ltr'>αἰῶνας.</span> <span class='ocrx_word' id='word_1_69' title='bbox 461 450 574 485; x_wconf 78' lang='grc' dir='ltr'><strong>Ἀμήν;</strong></span> <span class='ocrx_word' id='word_1_70' title='bbox 590 452 694 479; x_wconf 82' lang='grc' dir='ltr'>Οὐκοῦν</span> <span class='ocrx_word' id='word_1_71' title='bbox 716 454 895 489; x_wconf 67' lang='grc' dir='ltr'>ὁμολογείτω-</span> 
     </span>
    </p>
   </div>
   <div class='ocr_carea' id='block_1_12' title="bbox 108 491 896 535">
    <p class='ocr_par' dir='ltr' id='par_1_12' title="bbox 108 491 896 535">
     <span class='ocr_line' id='line_1_12' title="bbox 108 491 896 535; baseline 0.016 -19"><span class='ocrx_word' id='word_1_72' title='bbox 108 499 157 517; x_wconf 76' lang='grc' dir='ltr'><strong>σαν</strong></span> <span class='ocrx_word' id='word_1_73' title='bbox 173 491 198 517; x_wconf 75' lang='grc' dir='ltr'>οἱ</span> <span class='ocrx_word' id='word_1_74' title='bbox 215 492 347 528; x_wconf 87' lang='grc' dir='ltr'>πρότερον</span> <span class='ocrx_word' id='word_1_75' title='bbox 362 494 522 530; x_wconf 78' lang='grc' dir='ltr'><strong>ἀρνούμενοι</strong></span> <span class='ocrx_word' id='word_1_76' title='bbox 543 497 588 523; x_wconf 73' lang='grc' dir='ltr'>τὸν</span> <span class='ocrx_word' id='word_1_77' title='bbox 604 499 812 535; x_wconf 76' lang='grc' dir='ltr'><strong>ἐσταυρωμένον</strong></span> <span class='ocrx_word' id='word_1_78' title='bbox 827 500 896 530; x_wconf 79' lang='grc' dir='ltr'>εἶναι</span> 
     </span>
    </p>
   </div>
   <div class='ocr_carea' id='block_1_13' title="bbox 105 537 896 583">
    <p class='ocr_par' dir='ltr' id='par_1_13' title="bbox 105 537 896 583">
     <span class='ocr_line' id='line_1_13' title="bbox 105 537 896 583; baseline 0.018 -22"><span class='ocrx_word' id='word_1_79' title='bbox 105 537 320 583; x_wconf 66' lang='grc' dir='ltr'>Θεονὲσφάλθαι,</span> <span class='ocrx_word' id='word_1_80' title='bbox 329 540 482 569; x_wconf 66' lang='grc' dir='ltr'>πειθόμενοι</span> <span class='ocrx_word' id='word_1_81' title='bbox 494 542 592 575; x_wconf 81' lang='grc' dir='ltr'><strong>πάσαις</strong></span> <span class='ocrx_word' id='word_1_82' title='bbox 602 545 661 576; x_wconf 85' lang='grc' dir='ltr'>ταῖς</span> <span class='ocrx_word' id='word_1_83' title='bbox 671 545 755 578; x_wconf 81' lang='grc' dir='ltr'><strong>θείαις</strong></span> <span class='ocrx_word' id='word_1_84' title='bbox 765 547 896 583; x_wconf 82' lang='grc' dir='ltr'>Γραφαῖς,</span> 
     </span>
    </p>
   </div>
   <div class='ocr_carea' id='block_1_14' title="bbox 107 582 897 628">
    <p class='ocr_par' dir='ltr' id='par_1_14' title="bbox 107 582 897 628">
     <span class='ocr_line' id='line_1_14' title="bbox 107 582 897 628; baseline 0.018 -21"><span class='ocrx_word' id='word_1_85' title='bbox 107 582 225 617; x_wconf 79' lang='grc' dir='ltr'>μάλιστα</span> <span class='ocrx_word' id='word_1_86' title='bbox 238 583 267 610; x_wconf 84' lang='grc' dir='ltr'>δὲ</span> <span class='ocrx_word' id='word_1_87' title='bbox 279 584 317 620; x_wconf 83' lang='grc' dir='ltr'>τῷ</span> <span class='ocrx_word' id='word_1_88' title='bbox 329 585 423 621; x_wconf 85' lang='grc' dir='ltr'><strong>Θωμᾷ,</strong></span> <span class='ocrx_word' id='word_1_89' title='bbox 440 587 469 618; x_wconf 77' lang='grc' dir='ltr'>ὃς</span> <span class='ocrx_word' id='word_1_90' title='bbox 485 588 554 622; x_wconf 80' lang='grc' dir='ltr'>μετὰ</span> <span class='ocrx_word' id='word_1_91' title='bbox 580 588 610 615; x_wconf 76' lang='grc' dir='ltr'>τὸ</span> <span class='ocrx_word' id='word_1_92' title='bbox 627 590 690 617; x_wconf 78' lang='grc' dir='ltr'>ἰδεῖν</span> <span class='ocrx_word' id='word_1_93' title='bbox 702 591 732 618; x_wconf 83' lang='grc' dir='ltr'>ἐν</span> <span class='ocrx_word' id='word_1_94' title='bbox 745 593 819 628; x_wconf 86' lang='grc' dir='ltr'><strong>αὐτῷ</strong></span> <span class='ocrx_word' id='word_1_95' title='bbox 829 582 897 627; x_wconf 75' lang='grc' dir='ltr'>τοὺς</span> 
     </span>
    </p>
   </div>
   <div class='ocr_carea' id='block_1_15' title="bbox 109 628 898 673">
    <p class='ocr_par' dir='ltr' id='par_1_15' title="bbox 109 628 898 673">
     <span class='ocr_line' id='line_1_15' title="bbox 109 628 898 673; baseline 0.018 -19"><span class='ocrx_word' id='word_1_96' title='bbox 109 628 160 655; x_wconf 75' lang='grc' dir='ltr'>τῶν</span> <span class='ocrx_word' id='word_1_97' title='bbox 173 629 244 664; x_wconf 82' lang='grc' dir='ltr'>ἥλων</span> <span class='ocrx_word' id='word_1_98' title='bbox 259 630 360 663; x_wconf 81' lang='grc' dir='ltr'>τύπους</span> <span class='ocrx_word' id='word_1_99' title='bbox 387 632 546 669; x_wconf 73' lang='grc' dir='ltr'>ἀνεϐόησεψ</span> <span class='ocrx_word' id='word_1_100' title='bbox 567 635 597 661; x_wconf 94' lang='lat'><strong>&#39;0</strong></span> <span class='ocrx_word' id='word_1_101' title='bbox 612 637 718 671; x_wconf 83' lang='grc' dir='ltr'>Κύριός</span> <span class='ocrx_word' id='word_1_102' title='bbox 735 647 795 673; x_wconf 80' lang='grc' dir='ltr'><strong>μου</strong></span> <span class='ocrx_word' id='word_1_103' title='bbox 810 641 858 667; x_wconf 76' lang='grc' dir='ltr'><strong>καὶ</strong></span> <span class='ocrx_word' id='word_1_104' title='bbox 881 643 898 669; x_wconf 80' lang='grc' dir='ltr'><strong><em>ὁ</em></strong></span> 
     </span>
    </p>
   </div>
   <div class='ocr_carea' id='block_1_16' title="bbox 105 675 898 725">
    <p class='ocr_par' dir='ltr' id='par_1_16' title="bbox 105 675 898 725">
     <span class='ocr_line' id='line_1_16' title="bbox 105 675 898 725; baseline 0.018 -26"><span class='ocrx_word' id='word_1_105' title='bbox 105 675 178 725; x_wconf 52' lang='lat'><strong>950&#39;?</strong></span> <span class='ocrx_word' id='word_1_106' title='bbox 186 683 256 725; x_wconf 63' lang='grc' dir='ltr'>μοιέ</span> <span class='ocrx_word' id='word_1_107' title='bbox 273 675 404 725; x_wconf 44' lang='grc' dir='ltr'>Θεὸς-γὰρ</span> <span class='ocrx_word' id='word_1_108' title='bbox 420 679 467 705; x_wconf 71' lang='grc' dir='ltr'>καὶ</span> <span class='ocrx_word' id='word_1_109' title='bbox 487 679 589 715; x_wconf 79' lang='grc' dir='ltr'>Κύριος</span> <span class='ocrx_word' id='word_1_110' title='bbox 603 682 653 717; x_wconf 81' lang='grc' dir='ltr'>τῆς</span> <span class='ocrx_word' id='word_1_111' title='bbox 675 682 754 719; x_wconf 82' lang='grc' dir='ltr'>δόξης</span> <span class='ocrx_word' id='word_1_112' title='bbox 769 684 817 717; x_wconf 81' lang='grc' dir='ltr'>ὢν,</span> <span class='ocrx_word' id='word_1_113' title='bbox 834 686 898 719; x_wconf 80' lang='grc' dir='ltr'><strong>Υἱὸς</strong></span> 
     </span>
    </p>
   </div>
   <div class='ocr_carea' id='block_1_17' title="bbox 105 720 898 768">
    <p class='ocr_par' dir='ltr' id='par_1_17' title="bbox 105 720 898 768">
     <span class='ocr_line' id='line_1_17' title="bbox 105 720 898 768; baseline 0.019 -24"><span class='ocrx_word' id='word_1_114' title='bbox 105 720 139 768; x_wconf 75' lang='grc' dir='ltr'>ὴν</span> <span class='ocrx_word' id='word_1_115' title='bbox 162 721 192 746; x_wconf 85' lang='grc' dir='ltr'>ἐν</span> <span class='ocrx_word' id='word_1_116' title='bbox 222 720 261 768; x_wconf 71' lang='grc' dir='ltr'>τῷ</span> <span class='ocrx_word' id='word_1_117' title='bbox 285 721 386 768; x_wconf 54' lang='lat' dir='ltr'><strong>esset);</strong></span> <span class='ocrx_word' id='word_1_118' title='bbox 414 724 610 762; x_wconf 76' lang='grc' dir='ltr'>καθηλουμένῳ</span> <span class='ocrx_word' id='word_1_119' title='bbox 633 728 680 755; x_wconf 82' lang='grc' dir='ltr'><strong>καὶ</strong></span> <span class='ocrx_word' id='word_1_120' title='bbox 705 729 898 768; x_wconf 74' lang='grc' dir='ltr'><strong>ἀτιμαζομένῳ</strong></span> 
     </span>
    </p>
   </div>
   <div class='ocr_carea' id='block_1_18' title="bbox 105 764 898 814">
    <p class='ocr_par' dir='ltr' id='par_1_18' title="bbox 105 764 898 814">
     <span class='ocr_line' id='line_1_18' title="bbox 105 764 898 814; baseline 0.015 -21"><span class='ocrx_word' id='word_1_121' title='bbox 105 764 223 814; x_wconf 46' lang='lat' dir='ltr'><strong>elopem.</strong></span> <span class='ocrx_word' id='word_1_122' title='bbox 240 767 277 794; x_wconf 81' lang='grc' dir='ltr'><strong>Τὸ</strong></span> <span class='ocrx_word' id='word_1_123' title='bbox 295 767 323 794; x_wconf 82' lang='grc' dir='ltr'><strong>δὲ</strong></span> <span class='ocrx_word' id='word_1_124' title='bbox 341 768 420 804; x_wconf 85' lang='grc' dir='ltr'>σῶμα</span> <span class='ocrx_word' id='word_1_125' title='bbox 435 770 538 807; x_wconf 76' lang='grc' dir='ltr'>ἔπασχε</span> <span class='ocrx_word' id='word_1_126' title='bbox 555 772 605 808; x_wconf 84' lang='grc' dir='ltr'>μὲν</span> <span class='ocrx_word' id='word_1_127' title='bbox 627 764 789 811; x_wconf 73' lang='grc' dir='ltr'>νυττόμενον</span> <span class='ocrx_word' id='word_1_128' title='bbox 812 764 841 805; x_wconf 72' lang='grc' dir='ltr'>ἐν</span> <span class='ocrx_word' id='word_1_129' title='bbox 859 764 898 814; x_wconf 57' lang='grc' dir='ltr'>τῷ</span> 
     </span>
    </p>
   </div>
   <div class='ocr_carea' id='block_1_19' title="bbox 105 811 898 860">
    <p class='ocr_par' dir='ltr' id='par_1_19' title="bbox 105 811 898 860">
     <span class='ocr_line' id='line_1_19' title="bbox 105 811 898 860; baseline 0.02 -23"><span class='ocrx_word' id='word_1_130' title='bbox 105 811 187 860; x_wconf 41' lang='lat' dir='ltr'><strong>ﬁrmi),</strong></span> <span class='ocrx_word' id='word_1_131' title='bbox 204 814 251 841; x_wconf 80' lang='grc' dir='ltr'><strong>καὶ</strong></span> <span class='ocrx_word' id='word_1_132' title='bbox 267 814 361 850; x_wconf 74' lang='grc' dir='ltr'>ἔρρεεν</span> <span class='ocrx_word' id='word_1_133' title='bbox 376 817 430 844; x_wconf 75' lang='grc' dir='ltr'><strong>ἀπὸ</strong></span> <span class='ocrx_word' id='word_1_134' title='bbox 448 818 498 853; x_wconf 84' lang='grc' dir='ltr'>τῆς</span> <span class='ocrx_word' id='word_1_135' title='bbox 516 820 610 847; x_wconf 83' lang='grc' dir='ltr'>τούτου</span> <span class='ocrx_word' id='word_1_136' title='bbox 626 821 746 858; x_wconf 80' lang='grc' dir='ltr'>πλευρᾶς</span> <span class='ocrx_word' id='word_1_137' title='bbox 767 822 837 860; x_wconf 78' lang='grc' dir='ltr'>αἷμα</span> <span class='ocrx_word' id='word_1_138' title='bbox 852 811 898 853; x_wconf 75' lang='grc' dir='ltr'><strong>καὶ</strong></span> 
     </span>
    </p>
   </div>
   <div class='ocr_carea' id='block_1_20' title="bbox 105 858 897 907">
    <p class='ocr_par' dir='ltr' id='par_1_20' title="bbox 105 858 897 907">
     <span class='ocr_line' id='line_1_20' title="bbox 105 858 897 907; baseline 0.019 -22"><span class='ocrx_word' id='word_1_139' title='bbox 105 858 196 907; x_wconf 21' lang='grc' dir='ltr'>Ῠδωρᾷο</span> <span class='ocrx_word' id='word_1_140' title='bbox 221 861 284 907; x_wconf 66' lang='grc' dir='ltr'>ναός</span> <span class='ocrx_word' id='word_1_141' title='bbox 302 861 330 888; x_wconf 86' lang='grc' dir='ltr'><strong>δὲ</strong></span> <span class='ocrx_word' id='word_1_142' title='bbox 349 863 396 889; x_wconf 79' lang='grc' dir='ltr'>τοῦ</span> <span class='ocrx_word' id='word_1_143' title='bbox 418 864 507 898; x_wconf 86' lang='grc' dir='ltr'>Λόγου</span> <span class='ocrx_word' id='word_1_144' title='bbox 527 867 658 902; x_wconf 77' lang='grc' dir='ltr'>τυγχάνον</span> <span class='ocrx_word' id='word_1_145' title='bbox 682 858 897 907; x_wconf 77' lang='grc' dir='ltr'>πεπληρωμένος</span> 
     </span>
    </p>
   </div>
   <div class='ocr_carea' id='block_1_21' title="bbox 104 898 933 954">
    <p class='ocr_par' dir='ltr' id='par_1_21' title="bbox 104 898 933 954">
     <span class='ocr_line' id='line_1_21' title="bbox 104 898 933 954; baseline -0.005 -22"><span class='ocrx_word' id='word_1_146' title='bbox 157 905 205 954; x_wconf 67' lang='grc' dir='ltr'><strong>τῇς</strong></span> <span class='ocrx_word' id='word_1_147' title='bbox 220 905 354 954; x_wconf 70' lang='grc' dir='ltr'>θεότητος.</span> <span class='ocrx_word' id='word_1_148' title='bbox 371 908 419 936; x_wconf 77' lang='grc' dir='ltr'>Διὰ</span> <span class='ocrx_word' id='word_1_149' title='bbox 431 910 509 937; x_wconf 83' lang='grc' dir='ltr'>τοῦτο</span> <span class='ocrx_word' id='word_1_150' title='bbox 525 898 610 946; x_wconf 66' lang='grc' dir='ltr'>ῆλέόξ,</span> <span class='ocrx_word' id='word_1_151' title='bbox 624 914 694 949; x_wconf 87' lang='grc' dir='ltr'>όρῶν</span> <span class='ocrx_word' id='word_1_152' title='bbox 706 898 895 954; x_wconf 82' lang='grc' dir='ltr'>τὸν</span> <span class='ocrx_word' id='word_1_153' title='bbox 912 898 933 925; x_wconf 77' lang='grc' dir='ltr'><strong>Β</strong></span> 
     </span>
    </p>
   </div>
   <div class='ocr_carea' id='block_1_22' title="bbox 105 951 895 998">
    <p class='ocr_par' dir='ltr' id='par_1_22' title="bbox 105 951 895 998">
     <span class='ocr_line' id='line_1_22' title="bbox 105 951 895 998; baseline 0.019 -22"><span class='ocrx_word' id='word_1_154' title='bbox 105 951 153 998; x_wconf 65' lang='grc' dir='ltr'><strong>γον</strong></span> <span class='ocrx_word' id='word_1_155' title='bbox 168 951 266 998; x_wconf 77' lang='grc' dir='ltr'>ἑαυτοῦ</span> <span class='ocrx_word' id='word_1_156' title='bbox 288 953 317 980; x_wconf 82' lang='grc' dir='ltr'>ὲν</span> <span class='ocrx_word' id='word_1_157' title='bbox 340 954 380 989; x_wconf 80' lang='grc' dir='ltr'>τῷ</span> <span class='ocrx_word' id='word_1_158' title='bbox 403 955 574 993; x_wconf 75' lang='grc' dir='ltr'>ὑϐριζομένῳ</span> <span class='ocrx_word' id='word_1_159' title='bbox 595 958 700 995; x_wconf 85' lang='grc' dir='ltr'>σώματι</span> <span class='ocrx_word' id='word_1_160' title='bbox 723 951 895 998; x_wconf 83' lang='grc' dir='ltr'>ἀνεχόμενον,</span> 
     </span>
    </p>
   </div>
   <div class='ocr_carea' id='block_1_23' title="bbox 105 996 894 1044">
    <p class='ocr_par' dir='ltr' id='par_1_23' title="bbox 105 996 894 1044">
     <span class='ocr_line' id='line_1_23' title="bbox 105 996 894 1044; baseline 0.01 -22"><span class='ocrx_word' id='word_1_161' title='bbox 105 996 163 1044; x_wconf 37' lang='grc' dir='ltr'>τας.</span> <span class='ocrx_word' id='word_1_162' title='bbox 178 997 290 1029; x_wconf 82' lang='grc' dir='ltr'>ἀκτῖνας</span> <span class='ocrx_word' id='word_1_163' title='bbox 316 999 468 1027; x_wconf 76' lang='grc' dir='ltr'><strong>συνέστειλε</strong></span> <span class='ocrx_word' id='word_1_164' title='bbox 497 1003 544 1029; x_wconf 75' lang='grc' dir='ltr'><strong>καὶ</strong></span> <span class='ocrx_word' id='word_1_165' title='bbox 567 1004 697 1032; x_wconf 82' lang='grc' dir='ltr'>ὲσκότασε</span> <span class='ocrx_word' id='word_1_166' title='bbox 717 1006 725 1022; x_wconf 80' lang='grc' dir='ltr'>ι</span> <span class='ocrx_word' id='word_1_167' title='bbox 757 996 811 1043; x_wconf 26' lang='grc' dir='ltr'>τὴν.</span> <span class='ocrx_word' id='word_1_168' title='bbox 828 996 894 1044; x_wconf 57' lang='grc' dir='ltr'>γῆνὲ</span> 
     </span>
    </p>
   </div>
   <div class='ocr_carea' id='block_1_24' title="bbox 106 1041 895 1086">
    <p class='ocr_par' dir='ltr' id='par_1_24' title="bbox 106 1041 895 1086">
     <span class='ocr_line' id='line_1_24' title="bbox 106 1041 895 1086; baseline 0.016 -19"><span class='ocrx_word' id='word_1_169' title='bbox 106 1041 171 1068; x_wconf 75' lang='grc' dir='ltr'>αὐτὸ</span> <span class='ocrx_word' id='word_1_170' title='bbox 192 1043 221 1069; x_wconf 84' lang='grc' dir='ltr'>δὲ</span> <span class='ocrx_word' id='word_1_171' title='bbox 241 1043 320 1079; x_wconf 84' lang='grc' dir='ltr'>σῶμα</span> <span class='ocrx_word' id='word_1_172' title='bbox 338 1044 418 1078; x_wconf 74' lang='grc' dir='ltr'>φύσιν</span> <span class='ocrx_word' id='word_1_173' title='bbox 443 1045 503 1081; x_wconf 78' lang='grc' dir='ltr'>ἔχον</span> <span class='ocrx_word' id='word_1_174' title='bbox 527 1047 626 1084; x_wconf 83' lang='grc' dir='ltr'>θνητὴν</span> <span class='ocrx_word' id='word_1_175' title='bbox 648 1049 717 1085; x_wconf 63' lang='grc' dir='ltr'><strong>ὑπὲρ</strong></span> <span class='ocrx_word' id='word_1_176' title='bbox 733 1041 895 1086; x_wconf 40' lang='grc' dir='ltr'>τὴν-ἑαυτοῦ</span> 
     </span>
    </p>
   </div>
   <div class='ocr_carea' id='block_1_25' title="bbox 105 1089 896 1131">
    <p class='ocr_par' dir='ltr' id='par_1_25' title="bbox 105 1089 896 1131">
     <span class='ocr_line' id='line_1_25' title="bbox 105 1089 896 1131; baseline 0.016 -16"><span class='ocrx_word' id='word_1_177' title='bbox 105 1089 196 1124; x_wconf 81' lang='grc' dir='ltr'>φύσιν,</span> <span class='ocrx_word' id='word_1_178' title='bbox 210 1091 310 1128; x_wconf 82' lang='grc' dir='ltr'>ἀνέστη</span> <span class='ocrx_word' id='word_1_179' title='bbox 323 1092 367 1119; x_wconf 86' lang='grc' dir='ltr'><strong>διὰ</strong></span> <span class='ocrx_word' id='word_1_180' title='bbox 382 1093 426 1120; x_wconf 73' lang='grc' dir='ltr'>τὸν</span> <span class='ocrx_word' id='word_1_181' title='bbox 444 1095 473 1121; x_wconf 83' lang='grc' dir='ltr'>ἐν</span> <span class='ocrx_word' id='word_1_182' title='bbox 488 1095 562 1131; x_wconf 87' lang='grc' dir='ltr'><strong>αὐτῷ</strong></span> <span class='ocrx_word' id='word_1_183' title='bbox 576 1097 671 1131; x_wconf 81' lang='grc' dir='ltr'><strong>Λόγον,</strong></span> <span class='ocrx_word' id='word_1_184' title='bbox 695 1099 741 1125; x_wconf 85' lang='grc' dir='ltr'><strong>καί</strong></span> <span class='ocrx_word' id='word_1_185' title='bbox 758 1100 896 1128; x_wconf 87' lang='grc' dir='ltr'>πέπαυται</span> 
     </span>
    </p>
   </div>
   <div class='ocr_carea' id='block_1_26' title="bbox 107 1136 896 1180">
    <p class='ocr_par' dir='ltr' id='par_1_26' title="bbox 107 1136 896 1180">
     <span class='ocr_line' id='line_1_26' title="bbox 107 1136 896 1180; baseline 0.014 -18"><span class='ocrx_word' id='word_1_186' title='bbox 107 1136 157 1171; x_wconf 82' lang='grc' dir='ltr'>μὲν</span> <span class='ocrx_word' id='word_1_187' title='bbox 177 1137 226 1173; x_wconf 85' lang='grc' dir='ltr'>τῆς</span> <span class='ocrx_word' id='word_1_188' title='bbox 244 1139 315 1165; x_wconf 83' lang='grc' dir='ltr'>κατὰ</span> <span class='ocrx_word' id='word_1_189' title='bbox 328 1139 408 1173; x_wconf 83' lang='grc' dir='ltr'>φύσιν</span> <span class='ocrx_word' id='word_1_190' title='bbox 421 1140 524 1177; x_wconf 70' lang='grc' dir='ltr'>φθορᾶς</span> <span class='ocrx_word' id='word_1_191' title='bbox 538 1143 558 1176; x_wconf 78' lang='grc'>’,</span> <span class='ocrx_word' id='word_1_192' title='bbox 577 1142 679 1179; x_wconf 76' lang='grc' dir='ltr'>ἔνδυμα</span> <span class='ocrx_word' id='word_1_193' title='bbox 697 1144 725 1171; x_wconf 81' lang='grc' dir='ltr'><strong>δὲ</strong></span> <span class='ocrx_word' id='word_1_194' title='bbox 740 1145 835 1180; x_wconf 81' lang='grc' dir='ltr'>γέγονε</span> <span class='ocrx_word' id='word_1_195' title='bbox 849 1147 896 1173; x_wconf 89' lang='grc' dir='ltr'>τοῦ</span> 
     </span>
    </p>
   </div>
   <div class='ocr_carea' id='block_1_27' title="bbox 105 1182 895 1226">
    <p class='ocr_par' dir='ltr' id='par_1_27' title="bbox 105 1182 895 1226">
     <span class='ocr_line' id='line_1_27' title="bbox 105 1182 895 1226; baseline 0.013 -18"><span class='ocrx_word' id='word_1_196' title='bbox 105 1182 209 1216; x_wconf 89' lang='grc' dir='ltr'>Λόγου·</span> <span class='ocrx_word' id='word_1_197' title='bbox 226 1183 406 1220; x_wconf 81' lang='grc' dir='ltr'>ὲνδυσάμενον</span> <span class='ocrx_word' id='word_1_198' title='bbox 423 1185 451 1212; x_wconf 85' lang='grc' dir='ltr'><strong>δὲ</strong></span> <span class='ocrx_word' id='word_1_199' title='bbox 473 1186 519 1213; x_wconf 84' lang='grc' dir='ltr'>τὸν</span> <span class='ocrx_word' id='word_1_200' title='bbox 539 1187 610 1224; x_wconf 85' lang='grc' dir='ltr'>ὑπὲρ</span> <span class='ocrx_word' id='word_1_201' title='bbox 634 1189 776 1225; x_wconf 79' lang='grc' dir='ltr'>ἄνθρωπον</span> <span class='ocrx_word' id='word_1_202' title='bbox 799 1191 895 1226; x_wconf 89' lang='grc' dir='ltr'>Λόγον,</span> 
     </span>
    </p>
   </div>
   <div class='ocr_carea' id='block_1_28' title="bbox 105 1228 897 1271">
    <p class='ocr_par' dir='ltr' id='par_1_28' title="bbox 105 1228 897 1271">
     <span class='ocr_line' id='line_1_28' title="bbox 105 1228 897 1271; baseline 0.014 -17"><span class='ocrx_word' id='word_1_203' title='bbox 105 1228 216 1263; x_wconf 81' lang='grc' dir='ltr'>γέγονεν</span> <span class='ocrx_word' id='word_1_204' title='bbox 232 1229 378 1266; x_wconf 80' lang='grc' dir='ltr'>ἄφθαρτον.</span> <span class='ocrx_word' id='word_1_205' title='bbox 397 1232 464 1268; x_wconf 79' lang='grc' dir='ltr'>Περὶ</span> <span class='ocrx_word' id='word_1_206' title='bbox 486 1233 515 1259; x_wconf 82' lang='grc' dir='ltr'>δὲ</span> <span class='ocrx_word' id='word_1_207' title='bbox 543 1233 590 1260; x_wconf 84' lang='grc' dir='ltr'>τοῦ</span> <span class='ocrx_word' id='word_1_208' title='bbox 617 1236 799 1270; x_wconf 76' lang='grc' dir='ltr'>φαντάζεσθαι</span> <span class='ocrx_word' id='word_1_209' title='bbox 821 1246 897 1271; x_wconf 88' lang='grc' dir='ltr'>τινας</span> 
     </span>
    </p>
   </div>
   <div class='ocr_carea' id='block_1_29' title="bbox 105 1274 896 1319">
    <p class='ocr_par' dir='ltr' id='par_1_29' title="bbox 105 1274 896 1319">
     <span class='ocr_line' id='line_1_29' title="bbox 105 1274 896 1319; baseline 0.014 -19"><span class='ocrx_word' id='word_1_210' title='bbox 105 1275 152 1301; x_wconf 80' lang='grc' dir='ltr'><strong>καὶ</strong></span> <span class='ocrx_word' id='word_1_211' title='bbox 174 1274 274 1309; x_wconf 84' lang='grc' dir='ltr'>λέγειν,</span> <span class='ocrx_word' id='word_1_212' title='bbox 291 1276 342 1308; x_wconf 80' lang='grc' dir='ltr'>ὅτι,</span> <span class='ocrx_word' id='word_1_213' title='bbox 365 1277 460 1314; x_wconf 86' lang='grc' dir='ltr'>ὥσπερ</span> <span class='ocrx_word' id='word_1_214' title='bbox 480 1279 523 1313; x_wconf 74' lang='grc' dir='ltr'><strong>ἐφ’</strong></span> <span class='ocrx_word' id='word_1_215' title='bbox 545 1279 661 1307; x_wconf 78' lang='grc' dir='ltr'>ἕκαστον</span> <span class='ocrx_word' id='word_1_216' title='bbox 682 1281 737 1308; x_wconf 83' lang='grc' dir='ltr'>τῶν</span> <span class='ocrx_word' id='word_1_217' title='bbox 750 1284 896 1319; x_wconf 83' lang='grc' dir='ltr'>προφητῶν</span> 
     </span>
    </p>
   </div>
   <div class='ocr_carea' id='block_1_30' title="bbox 105 1319 897 1364">
    <p class='ocr_par' dir='ltr' id='par_1_30' title="bbox 105 1319 897 1364">
     <span class='ocr_line' id='line_1_30' title="bbox 105 1319 897 1364; baseline 0.013 -18"><span class='ocrx_word' id='word_1_218' title='bbox 105 1319 213 1354; x_wconf 69' lang='grc' dir='ltr'>ἐγένετο</span> <span class='ocrx_word' id='word_1_219' title='bbox 226 1321 322 1355; x_wconf 81' lang='grc' dir='ltr'>Λόγος,</span> <span class='ocrx_word' id='word_1_220' title='bbox 336 1321 407 1350; x_wconf 79' lang='grc' dir='ltr'>οὕτω</span> <span class='ocrx_word' id='word_1_221' title='bbox 424 1323 470 1350; x_wconf 77' lang='grc' dir='ltr'><strong>καὶ</strong></span> <span class='ocrx_word' id='word_1_222' title='bbox 485 1324 532 1350; x_wconf 79' lang='grc' dir='ltr'><strong>ὲπὶ</strong></span> <span class='ocrx_word' id='word_1_223' title='bbox 549 1324 598 1351; x_wconf 75' lang='grc' dir='ltr'>ἕνα</span> <span class='ocrx_word' id='word_1_224' title='bbox 622 1325 683 1352; x_wconf 83' lang='grc' dir='ltr'>τινὰ</span> <span class='ocrx_word' id='word_1_225' title='bbox 704 1326 846 1364; x_wconf 81' lang='grc' dir='ltr'>ἄνθρωπον</span> <span class='ocrx_word' id='word_1_226' title='bbox 864 1330 897 1356; x_wconf 82' lang='grc' dir='ltr'><strong>ὲκ</strong></span> 
     </span>
    </p>
   </div>
   <div class='ocr_carea' id='block_1_31' title="bbox 105 1364 897 1410">
    <p class='ocr_par' dir='ltr' id='par_1_31' title="bbox 105 1364 897 1410">
     <span class='ocr_line' id='line_1_31' title="bbox 105 1364 897 1410; baseline 0.014 -19"><span class='ocrx_word' id='word_1_227' title='bbox 105 1365 214 1401; x_wconf 82' lang='grc' dir='ltr'>Μαρίας</span> <span class='ocrx_word' id='word_1_228' title='bbox 228 1364 308 1402; x_wconf 76' lang='grc' dir='ltr'>ἦλθεν</span> <span class='ocrx_word' id='word_1_229' title='bbox 322 1369 337 1394; x_wconf 81' lang='grc' dir='ltr'><strong>ὸ</strong></span> <span class='ocrx_word' id='word_1_230' title='bbox 349 1368 445 1403; x_wconf 84' lang='grc' dir='ltr'>Λόγος,</span> <span class='ocrx_word' id='word_1_231' title='bbox 459 1370 586 1405; x_wconf 81' lang='grc' dir='ltr'>περιττόν</span> <span class='ocrx_word' id='word_1_232' title='bbox 599 1371 657 1398; x_wconf 82' lang='grc' dir='ltr'>ἐστι</span> <span class='ocrx_word' id='word_1_233' title='bbox 671 1381 705 1406; x_wconf 89' lang='grc' dir='ltr'><strong>γυ</strong></span> <span class='ocrx_word' id='word_1_234' title='bbox 709 1373 831 1408; x_wconf 81' lang='grc' dir='ltr'>μνάζειν,</span> <span class='ocrx_word' id='word_1_235' title='bbox 845 1384 897 1410; x_wconf 82' lang='grc' dir='ltr'><strong>φα-</strong></span> 
     </span>
    </p>
   </div>
   <div class='ocr_carea' id='block_1_32' title="bbox 105 1411 895 1455">
    <p class='ocr_par' dir='ltr' id='par_1_32' title="bbox 105 1411 895 1455">
     <span class='ocr_line' id='line_1_32' title="bbox 105 1411 895 1455; baseline 0.014 -18"><span class='ocrx_word' id='word_1_236' title='bbox 105 1411 186 1447; x_wconf 78' lang='grc' dir='ltr'>νερὰν</span> <span class='ocrx_word' id='word_1_237' title='bbox 208 1412 324 1449; x_wconf 75' lang='grc' dir='ltr'>ἐχούσης</span> <span class='ocrx_word' id='word_1_238' title='bbox 344 1415 393 1450; x_wconf 89' lang='grc' dir='ltr'>τῆς</span> <span class='ocrx_word' id='word_1_239' title='bbox 419 1415 513 1448; x_wconf 79' lang='grc' dir='ltr'>ἀνοίας</span> <span class='ocrx_word' id='word_1_240' title='bbox 535 1416 624 1445; x_wconf 84' lang='grc' dir='ltr'>αὐτῶν</span> <span class='ocrx_word' id='word_1_241' title='bbox 641 1417 691 1453; x_wconf 77' lang='grc' dir='ltr'>τὴν</span> <span class='ocrx_word' id='word_1_242' title='bbox 715 1420 895 1455; x_wconf 83' lang='grc' dir='ltr'>κατάγνωσιν.</span> 
     </span>
    </p>
   </div>
   <div class='ocr_carea' id='block_1_33' title="bbox 106 1457 897 1501">
    <p class='ocr_par' dir='ltr' id='par_1_33' title="bbox 106 1457 897 1501">
     <span class='ocr_line' id='line_1_33' title="bbox 106 1457 897 1501; baseline 0.014 -17"><span class='ocrx_word' id='word_1_243' title='bbox 106 1457 138 1484; x_wconf 82' lang='grc' dir='ltr'><strong>Εἰ</strong></span> <span class='ocrx_word' id='word_1_244' title='bbox 156 1458 210 1494; x_wconf 83' lang='grc' dir='ltr'><strong>γὰρ</strong></span> <span class='ocrx_word' id='word_1_245' title='bbox 224 1458 310 1491; x_wconf 81' lang='grc' dir='ltr'>οὕτως</span> <span class='ocrx_word' id='word_1_246' title='bbox 329 1457 406 1496; x_wconf 84' lang='grc' dir='ltr'>ἦλθε,</span> <span class='ocrx_word' id='word_1_247' title='bbox 420 1461 465 1488; x_wconf 84' lang='grc' dir='ltr'>διὰ</span> <span class='ocrx_word' id='word_1_248' title='bbox 485 1462 511 1489; x_wconf 89' lang='grc' dir='ltr'><strong>τί</strong></span> <span class='ocrx_word' id='word_1_249' title='bbox 527 1459 605 1495; x_wconf 81' lang='grc' dir='ltr'>οὗτος</span> <span class='ocrx_word' id='word_1_250' title='bbox 632 1464 664 1490; x_wconf 80' lang='grc' dir='ltr'><strong>ἐκ</strong></span> <span class='ocrx_word' id='word_1_251' title='bbox 691 1466 826 1501; x_wconf 84' lang='grc' dir='ltr'>παρθένου</span> <span class='ocrx_word' id='word_1_252' title='bbox 850 1469 897 1495; x_wconf 83' lang='grc' dir='ltr'><strong>καὶ</strong></span> 
     </span>
    </p>
   </div>
   <div class='ocr_carea' id='block_1_34' title="bbox 107 1503 897 1549">
    <p class='ocr_par' dir='ltr' id='par_1_34' title="bbox 107 1503 897 1549">
     <span class='ocr_line' id='line_1_34' title="bbox 107 1503 897 1549; baseline 0.015 -20"><span class='ocrx_word' id='word_1_253' title='bbox 107 1503 146 1539; x_wconf 83' lang='grc' dir='ltr'>μὴ</span> <span class='ocrx_word' id='word_1_254' title='bbox 160 1504 207 1530; x_wconf 81' lang='grc' dir='ltr'><strong>καὶ</strong></span> <span class='ocrx_word' id='word_1_255' title='bbox 222 1505 303 1537; x_wconf 82' lang='grc' dir='ltr'>αὐτὸς</span> <span class='ocrx_word' id='word_1_256' title='bbox 316 1505 346 1538; x_wconf 79' lang='grc' dir='ltr'>ἐξ</span> <span class='ocrx_word' id='word_1_257' title='bbox 360 1507 454 1544; x_wconf 78' lang='grc' dir='ltr'>ἀνδρὸς</span> <span class='ocrx_word' id='word_1_258' title='bbox 466 1508 512 1535; x_wconf 74' lang='grc' dir='ltr'>καὶ</span> <span class='ocrx_word' id='word_1_259' title='bbox 528 1510 672 1543; x_wconf 81' lang='grc' dir='ltr'>γυναικός;</span> <span class='ocrx_word' id='word_1_260' title='bbox 689 1510 768 1538; x_wconf 74' lang='grc' dir='ltr'>Οὕτω</span> <span class='ocrx_word' id='word_1_261' title='bbox 781 1513 835 1549; x_wconf 88' lang='grc' dir='ltr'><strong>γὰρ</strong></span> <span class='ocrx_word' id='word_1_262' title='bbox 850 1514 897 1541; x_wconf 75' lang='grc' dir='ltr'>καὶ</span> 
     </span>
    </p>
   </div>
   <div class='ocr_carea' id='block_1_35' title="bbox 105 1549 898 1591">
    <p class='ocr_par' dir='ltr' id='par_1_35' title="bbox 105 1549 898 1591">
     <span class='ocr_line' id='line_1_35' title="bbox 105 1549 898 1591; baseline 0.014 -16"><span class='ocrx_word' id='word_1_263' title='bbox 105 1549 219 1582; x_wconf 69' lang='grc' dir='ltr'>ἕκαστος</span> <span class='ocrx_word' id='word_1_264' title='bbox 235 1551 289 1577; x_wconf 81' lang='grc' dir='ltr'>τῶν</span> <span class='ocrx_word' id='word_1_265' title='bbox 306 1552 392 1586; x_wconf 85' lang='grc' dir='ltr'>ἁγίων</span> <span class='ocrx_word' id='word_1_266' title='bbox 410 1554 552 1590; x_wconf 78' lang='grc' dir='ltr'>ἐγεννήθη.</span> <span class='ocrx_word' id='word_1_267' title='bbox 571 1556 605 1582; x_wconf 86' lang='grc' dir='ltr'><em>Ἢ</em></span> <span class='ocrx_word' id='word_1_268' title='bbox 623 1556 667 1583; x_wconf 76' lang='grc' dir='ltr'>διὰ</span> <span class='ocrx_word' id='word_1_269' title='bbox 688 1557 724 1590; x_wconf 82' lang='grc' dir='ltr'><strong>τι,</strong></span> <span class='ocrx_word' id='word_1_270' title='bbox 746 1558 833 1591; x_wconf 80' lang='grc' dir='ltr'>οὕτως</span> <span class='ocrx_word' id='word_1_271' title='bbox 855 1560 898 1586; x_wconf 75' lang='grc' dir='ltr'><strong>ἐλ-</strong></span> 
     </span>
    </p>
   </div>
   <div class='ocr_carea' id='block_1_36' title="bbox 105 1595 897 1640">
    <p class='ocr_par' dir='ltr' id='par_1_36' title="bbox 105 1595 897 1640">
     <span class='ocr_line' id='line_1_36' title="bbox 105 1595 897 1640; baseline 0.015 -19"><span class='ocrx_word' id='word_1_272' title='bbox 105 1595 198 1628; x_wconf 80' lang='grc' dir='ltr'>θόντος</span> <span class='ocrx_word' id='word_1_273' title='bbox 216 1596 262 1623; x_wconf 83' lang='grc' dir='ltr'>τοῦ</span> <span class='ocrx_word' id='word_1_274' title='bbox 289 1598 387 1633; x_wconf 84' lang='grc' dir='ltr'>Λόγου,</span> <span class='ocrx_word' id='word_1_275' title='bbox 405 1599 455 1635; x_wconf 76' lang='grc' dir='ltr'><strong>οὐχ</strong></span> <span class='ocrx_word' id='word_1_276' title='bbox 478 1601 492 1627; x_wconf 87' lang='grc' dir='ltr'><strong>ό</strong></span> <span class='ocrx_word' id='word_1_277' title='bbox 519 1600 635 1628; x_wconf 78' lang='grc' dir='ltr'>ἑκάστου</span> <span class='ocrx_word' id='word_1_278' title='bbox 657 1603 771 1636; x_wconf 82' lang='grc' dir='ltr'>θάνατος</span> <span class='ocrx_word' id='word_1_279' title='bbox 788 1605 897 1640; x_wconf 84' lang='grc' dir='ltr'>λέγεται</span> 
     </span>
    </p>
   </div>
   <div class='ocr_carea' id='block_1_37' title="bbox 105 1640 898 1684">
    <p class='ocr_par' dir='ltr' id='par_1_37' title="bbox 105 1640 898 1684">
     <span class='ocr_line' id='line_1_37' title="bbox 105 1640 898 1684; baseline 0.015 -18"><span class='ocrx_word' id='word_1_280' title='bbox 105 1640 175 1677; x_wconf 77' lang='grc' dir='ltr'>ὑπὲρ</span> <span class='ocrx_word' id='word_1_281' title='bbox 188 1643 267 1677; x_wconf 83' lang='grc' dir='ltr'>ἡμῶν</span> <span class='ocrx_word' id='word_1_282' title='bbox 283 1644 457 1679; x_wconf 82' lang='grc' dir='ltr'>γεγενῆσθαι,</span> <span class='ocrx_word' id='word_1_283' title='bbox 473 1645 530 1672; x_wconf 77' lang='grc' dir='ltr'>ἀλλ’</span> <span class='ocrx_word' id='word_1_284' title='bbox 546 1648 560 1673; x_wconf 86' lang='grc' dir='ltr'>ὁ</span> <span class='ocrx_word' id='word_1_285' title='bbox 580 1648 673 1675; x_wconf 79' lang='grc' dir='ltr'>τούτου</span> <span class='ocrx_word' id='word_1_286' title='bbox 692 1650 790 1684; x_wconf 70' lang='grc' dir='ltr'>μόνος,</span> <span class='ocrx_word' id='word_1_287' title='bbox 809 1651 859 1677; x_wconf 85' lang='grc' dir='ltr'>Διὰ</span> <span class='ocrx_word' id='word_1_288' title='bbox 872 1651 898 1678; x_wconf 89' lang='grc' dir='ltr'><strong>τί</strong></span> 
     </span>
    </p>
   </div>
   <div class='ocr_carea' id='block_1_38' title="bbox 104 1687 899 1729">
    <p class='ocr_par' dir='ltr' id='par_1_38' title="bbox 104 1687 899 1729">
     <span class='ocr_line' id='line_1_38' title="bbox 104 1687 899 1729; baseline 0.013 -16"><span class='ocrx_word' id='word_1_289' title='bbox 104 1687 133 1714; x_wconf 76' lang='grc' dir='ltr'><strong>δὲ</strong></span> <span class='ocrx_word' id='word_1_290' title='bbox 145 1688 206 1714; x_wconf 79' lang='grc' dir='ltr'>καθ’</span> <span class='ocrx_word' id='word_1_291' title='bbox 220 1689 334 1716; x_wconf 71' lang='grc' dir='ltr'>ἕκαστον</span> <span class='ocrx_word' id='word_1_292' title='bbox 347 1690 402 1717; x_wconf 84' lang='grc' dir='ltr'>τῶν</span> <span class='ocrx_word' id='word_1_293' title='bbox 417 1692 563 1727; x_wconf 80' lang='grc' dir='ltr'>προφητῶν</span> <span class='ocrx_word' id='word_1_294' title='bbox 580 1693 776 1729; x_wconf 79' lang='grc' dir='ltr'>ἐπιδημοῦντος</span> <span class='ocrx_word' id='word_1_295' title='bbox 788 1695 835 1722; x_wconf 75' lang='grc' dir='ltr'><strong>τοῦ</strong></span> <span class='ocrx_word' id='word_1_296' title='bbox 850 1697 899 1723; x_wconf 86' lang='grc' dir='ltr'>Λό-</span> 
     </span>
    </p>
   </div>
   <div class='ocr_carea' id='block_1_39' title="bbox 105 1733 897 1774">
    <p class='ocr_par' dir='ltr' id='par_1_39' title="bbox 105 1733 897 1774">
     <span class='ocr_line' id='line_1_39' title="bbox 105 1733 897 1774; baseline 0.013 -15"><span class='ocrx_word' id='word_1_297' title='bbox 105 1742 165 1767; x_wconf 85' lang='grc' dir='ltr'>γου,</span> <span class='ocrx_word' id='word_1_298' title='bbox 179 1733 288 1768; x_wconf 83' lang='grc' dir='ltr'>λέγεται</span> <span class='ocrx_word' id='word_1_299' title='bbox 301 1736 347 1761; x_wconf 80' lang='grc' dir='ltr'><strong>ὲπὶ</strong></span> <span class='ocrx_word' id='word_1_300' title='bbox 363 1736 444 1771; x_wconf 84' lang='grc' dir='ltr'>μόνου</span> <span class='ocrx_word' id='word_1_301' title='bbox 459 1737 507 1763; x_wconf 83' lang='grc' dir='ltr'>τοῦ</span> <span class='ocrx_word' id='word_1_302' title='bbox 523 1739 554 1763; x_wconf 76' lang='grc' dir='ltr'><strong>ἐκ</strong></span> <span class='ocrx_word' id='word_1_303' title='bbox 569 1739 689 1774; x_wconf 83' lang='grc' dir='ltr'>Μαρίας,</span> <span class='ocrx_word' id='word_1_304' title='bbox 704 1739 741 1772; x_wconf 82' lang='grc' dir='ltr'>ὡς</span> <span class='ocrx_word' id='word_1_305' title='bbox 756 1740 830 1774; x_wconf 75' lang='grc' dir='ltr'><strong>ἅπαξ</strong></span> <span class='ocrx_word' id='word_1_306' title='bbox 851 1742 897 1769; x_wconf 73' lang='grc' dir='ltr'><strong>ἐπὶ</strong></span> 
     </span>
    </p>
   </div>
   <div class='ocr_carea' id='block_1_40' title="bbox 105 1780 895 1821">
    <p class='ocr_par' dir='ltr' id='par_1_40' title="bbox 105 1780 895 1821">
     <span class='ocr_line' id='line_1_40' title="bbox 105 1780 895 1821; baseline 0.013 -16"><span class='ocrx_word' id='word_1_307' title='bbox 105 1780 244 1816; x_wconf 79' lang='grc' dir='ltr'>συντελείᾳ</span> <span class='ocrx_word' id='word_1_308' title='bbox 269 1781 323 1807; x_wconf 85' lang='grc' dir='ltr'>τῶν</span> <span class='ocrx_word' id='word_1_309' title='bbox 354 1781 459 1810; x_wconf 72' lang='grc' dir='ltr'>αἰώνων</span> <span class='ocrx_word' id='word_1_310' title='bbox 486 1784 722 1820; x_wconf 80' lang='grc' dir='ltr'>ἐπιδημήσαντος;</span> <span class='ocrx_word' id='word_1_311' title='bbox 743 1787 778 1813; x_wconf 87' lang='grc' dir='ltr'><em>Ἣ</em></span> <span class='ocrx_word' id='word_1_312' title='bbox 802 1787 846 1814; x_wconf 71' lang='grc' dir='ltr'>διὰ</span> <span class='ocrx_word' id='word_1_313' title='bbox 859 1789 895 1821; x_wconf 87' lang='grc' dir='ltr'><strong>τί,</strong></span> 
     </span>
    </p>
   </div>
   <div class='ocr_carea' id='block_1_41' title="bbox 104 1825 898 1869">
    <p class='ocr_par' dir='ltr' id='par_1_41' title="bbox 104 1825 898 1869">
     <span class='ocr_line' id='line_1_41' title="bbox 104 1825 898 1869; baseline 0.014 -18"><span class='ocrx_word' id='word_1_314' title='bbox 104 1825 189 1858; x_wconf 76' lang='grc' dir='ltr'>οὕτως</span> <span class='ocrx_word' id='word_1_315' title='bbox 204 1826 327 1859; x_wconf 77' lang='grc' dir='ltr'>ἐλθόντος</span> <span class='ocrx_word' id='word_1_316' title='bbox 340 1828 440 1860; x_wconf 82' lang='grc' dir='ltr'>αὐτοῦ,</span> <span class='ocrx_word' id='word_1_317' title='bbox 461 1829 499 1860; x_wconf 85' lang='grc' dir='ltr'>ὡς</span> <span class='ocrx_word' id='word_1_318' title='bbox 519 1827 601 1865; x_wconf 83' lang='grc' dir='ltr'>ἦλθεν</span> <span class='ocrx_word' id='word_1_319' title='bbox 623 1832 652 1857; x_wconf 84' lang='grc' dir='ltr'>ὲν</span> <span class='ocrx_word' id='word_1_320' title='bbox 668 1833 724 1864; x_wconf 86' lang='grc' dir='ltr'>τοῖς</span> <span class='ocrx_word' id='word_1_321' title='bbox 743 1833 898 1869; x_wconf 78' lang='grc' dir='ltr'>ἔμπροσθεν</span> 
     </span>
    </p>
   </div>
   <div class='ocr_carea' id='block_1_42' title="bbox 105 1871 898 1910">
    <p class='ocr_par' dir='ltr' id='par_1_42' title="bbox 105 1871 898 1910">
     <span class='ocr_line' id='line_1_42' title="bbox 105 1871 898 1910; baseline 0.013 -13"><span class='ocrx_word' id='word_1_322' title='bbox 105 1871 203 1905; x_wconf 81' lang='grc' dir='ltr'>ἁγίοις,</span> <span class='ocrx_word' id='word_1_323' title='bbox 220 1873 245 1898; x_wconf 81' lang='grc' dir='ltr'>οἱ</span> <span class='ocrx_word' id='word_1_324' title='bbox 264 1873 315 1907; x_wconf 79' lang='grc' dir='ltr'>μὲν</span> <span class='ocrx_word' id='word_1_325' title='bbox 333 1873 407 1900; x_wconf 80' lang='grc' dir='ltr'>ἄλλοι</span> <span class='ocrx_word' id='word_1_326' title='bbox 432 1874 531 1907; x_wconf 81' lang='grc' dir='ltr'>πάντες</span> <span class='ocrx_word' id='word_1_327' title='bbox 556 1876 736 1910; x_wconf 83' lang='grc' dir='ltr'>ἀποθανόντες</span> <span class='ocrx_word' id='word_1_328' title='bbox 760 1879 837 1906; x_wconf 79' lang='grc' dir='ltr'>οὔπω</span> <span class='ocrx_word' id='word_1_329' title='bbox 852 1881 898 1907; x_wconf 82' lang='grc' dir='ltr'><strong>ἀν-</strong></span> 
     </span>
    </p>
   </div>
   <div class='ocr_carea' id='block_1_43' title="bbox 105 1913 896 1956">
    <p class='ocr_par' dir='ltr' id='par_1_43' title="bbox 105 1913 896 1956">
     <span class='ocr_line' id='line_1_43' title="bbox 105 1913 896 1956; baseline 0.014 -17"><span class='ocrx_word' id='word_1_330' title='bbox 105 1913 232 1948; x_wconf 80' lang='grc' dir='ltr'>έστησαν,</span> <span class='ocrx_word' id='word_1_331' title='bbox 255 1915 269 1941; x_wconf 90' lang='grc' dir='ltr'><strong>ό</strong></span> <span class='ocrx_word' id='word_1_332' title='bbox 290 1914 319 1941; x_wconf 83' lang='grc' dir='ltr'><strong>δὲ</strong></span> <span class='ocrx_word' id='word_1_333' title='bbox 340 1916 373 1941; x_wconf 85' lang='grc' dir='ltr'><strong>ὲκ</strong></span> <span class='ocrx_word' id='word_1_334' title='bbox 386 1916 495 1952; x_wconf 83' lang='grc' dir='ltr'>Μαρίας</span> <span class='ocrx_word' id='word_1_335' title='bbox 517 1917 596 1952; x_wconf 83' lang='grc' dir='ltr'>μόνος</span> <span class='ocrx_word' id='word_1_336' title='bbox 619 1919 778 1956; x_wconf 79' lang='grc' dir='ltr'>ἀνέστη;Ἦ</span> <span class='ocrx_word' id='word_1_337' title='bbox 796 1921 840 1949; x_wconf 71' lang='grc' dir='ltr'><strong>διὰ</strong></span> <span class='ocrx_word' id='word_1_338' title='bbox 859 1923 896 1956; x_wconf 84' lang='grc' dir='ltr'><strong>τί,</strong></span> 
     </span>
    </p>
   </div>
   <div class='ocr_carea' id='block_1_44' title="bbox 104 1959 898 2003">
    <p class='ocr_par' dir='ltr' id='par_1_44' title="bbox 104 1959 898 2003">
     <span class='ocr_line' id='line_1_44' title="bbox 104 1959 898 2003; baseline 0.013 -18"><span class='ocrx_word' id='word_1_339' title='bbox 104 1959 204 1994; x_wconf 63' lang='grc' dir='ltr'>ὁμοίως</span> <span class='ocrx_word' id='word_1_340' title='bbox 218 1961 273 1992; x_wconf 83' lang='grc' dir='ltr'>τοῖς</span> <span class='ocrx_word' id='word_1_341' title='bbox 287 1960 377 1992; x_wconf 75' lang='grc' dir='ltr'>ἄλλοις</span> <span class='ocrx_word' id='word_1_342' title='bbox 388 1961 510 1994; x_wconf 75' lang='grc' dir='ltr'>ἐλθόντος</span> <span class='ocrx_word' id='word_1_343' title='bbox 526 1963 573 1990; x_wconf 77' lang='grc' dir='ltr'>τοῦ</span> <span class='ocrx_word' id='word_1_344' title='bbox 587 1965 684 1999; x_wconf 82' lang='grc' dir='ltr'>Λόγου,</span> <span class='ocrx_word' id='word_1_345' title='bbox 697 1966 803 2001; x_wconf 78' lang='grc' dir='ltr'>λέγεται</span> <span class='ocrx_word' id='word_1_346' title='bbox 818 1969 898 2003; x_wconf 85' lang='grc' dir='ltr'>μόνος</span> 
     </span>
    </p>
   </div>
   <div class='ocr_carea' id='block_1_45' title="bbox 103 2005 897 2049">
    <p class='ocr_par' dir='ltr' id='par_1_45' title="bbox 103 2005 897 2049">
     <span class='ocr_line' id='line_1_45' title="bbox 103 2005 897 2049; baseline 0.014 -18"><span class='ocrx_word' id='word_1_347' title='bbox 103 2005 117 2030; x_wconf 80' lang='grc' dir='ltr'><strong>ὁ</strong></span> <span class='ocrx_word' id='word_1_348' title='bbox 126 2006 159 2031; x_wconf 85' lang='grc' dir='ltr'><strong>ὲκ</strong></span> <span class='ocrx_word' id='word_1_349' title='bbox 167 2006 277 2042; x_wconf 83' lang='grc' dir='ltr'>Μαρίας</span> <span class='ocrx_word' id='word_1_350' title='bbox 290 2007 472 2044; x_wconf 71' lang='grc' dir='ltr'>Ἐμμανουήλ,</span> <span class='ocrx_word' id='word_1_351' title='bbox 485 2008 523 2040; x_wconf 86' lang='grc' dir='ltr'><strong>ὡς</strong></span> <span class='ocrx_word' id='word_1_352' title='bbox 536 2009 661 2044; x_wconf 84' lang='grc' dir='ltr'>σώματος</span> <span class='ocrx_word' id='word_1_353' title='bbox 681 2012 897 2049; x_wconf 82' lang='grc' dir='ltr'>πεπληρωμένου</span> 
     </span>
    </p>
   </div>
   <div class='ocr_carea' id='block_1_46' title="bbox 104 2051 899 2096">
    <p class='ocr_par' dir='ltr' id='par_1_46' title="bbox 104 2051 899 2096">
     <span class='ocr_line' id='line_1_46' title="bbox 104 2051 899 2096; baseline 0.014 -19"><span class='ocrx_word' id='word_1_354' title='bbox 104 2051 230 2087; x_wconf 84' lang='grc' dir='ltr'>θεότητος</span> <span class='ocrx_word' id='word_1_355' title='bbox 250 2052 296 2079; x_wconf 75' lang='grc' dir='ltr'>καὶ</span> <span class='ocrx_word' id='word_1_356' title='bbox 320 2053 460 2088; x_wconf 79' lang='grc' dir='ltr'>τεχθέντος</span> <span class='ocrx_word' id='word_1_357' title='bbox 480 2055 510 2087; x_wconf 75' lang='grc' dir='ltr'><strong>ἐξ</strong></span> <span class='ocrx_word' id='word_1_358' title='bbox 538 2055 639 2091; x_wconf 50' lang='grc' dir='ltr'>αὐτῆς</span> <span class='ocrx_word' id='word_1_359' title='bbox 661 2057 696 2084; x_wconf 81' lang='grc' dir='ltr'><strong>Τὸ</strong></span> <span class='ocrx_word' id='word_1_360' title='bbox 718 2059 773 2094; x_wconf 76' lang='grc' dir='ltr'>γὰρ</span> <span class='ocrx_word' id='word_1_361' title='bbox 793 2060 899 2096; x_wconf 83' lang='grc' dir='ltr'>Ἐμμα-</span> 
     </span>
    </p>
   </div>
   <div class='ocr_carea' id='block_1_47' title="bbox 103 2097 896 2140">
    <p class='ocr_par' dir='ltr' id='par_1_47' title="bbox 103 2097 896 2140">
     <span class='ocr_line' id='line_1_47' title="bbox 103 2097 896 2140; baseline 0.015 -18"><span class='ocrx_word' id='word_1_362' title='bbox 103 2097 185 2132; x_wconf 71' lang='grc' dir='ltr'>νουὶιλ</span> <span class='ocrx_word' id='word_1_363' title='bbox 209 2098 398 2133; x_wconf 77' lang='grc' dir='ltr'>ἑρμηνεύεται,</span> <span class='ocrx_word' id='word_1_364' title='bbox 415 2100 485 2127; x_wconf 84' lang='grc' dir='ltr'>Μεθ’</span> <span class='ocrx_word' id='word_1_365' title='bbox 497 2101 582 2135; x_wconf 80' lang='grc' dir='ltr'>ἡμῶν</span> <span class='ocrx_word' id='word_1_366' title='bbox 597 2103 613 2129; x_wconf 79' lang='grc' dir='ltr'><em>ὁ</em></span> <span class='ocrx_word' id='word_1_367' title='bbox 638 2103 718 2136; x_wconf 81' lang='grc' dir='ltr'><strong>Θεός.</strong></span> <span class='ocrx_word' id='word_1_368' title='bbox 737 2105 771 2131; x_wconf 85' lang='grc' dir='ltr'><strong><em>Ἦ</em></strong></span> <span class='ocrx_word' id='word_1_369' title='bbox 793 2105 837 2133; x_wconf 77' lang='grc' dir='ltr'>διὰ</span> <span class='ocrx_word' id='word_1_370' title='bbox 859 2108 896 2140; x_wconf 88' lang='grc' dir='ltr'><strong>τί,</strong></span> 
     </span>
    </p>
   </div>
   <div class='ocr_carea' id='block_1_48' title="bbox 104 2142 898 2185">
    <p class='ocr_par' dir='ltr' id='par_1_48' title="bbox 104 2142 898 2185">
     <span class='ocr_line' id='line_1_48' title="bbox 104 2142 898 2185; baseline 0.015 -17"><span class='ocrx_word' id='word_1_371' title='bbox 104 2143 185 2179; x_wconf 74' lang='grc' dir='ltr'>εἴπερ</span> <span class='ocrx_word' id='word_1_372' title='bbox 199 2143 285 2176; x_wconf 77' lang='grc' dir='ltr'>οὕτως</span> <span class='ocrx_word' id='word_1_373' title='bbox 296 2142 388 2180; x_wconf 79' lang='grc' dir='ltr'>ἦλθεν,</span> <span class='ocrx_word' id='word_1_374' title='bbox 405 2145 540 2179; x_wconf 74' lang='grc' dir='ltr'>ἐσθίοντος</span> <span class='ocrx_word' id='word_1_375' title='bbox 556 2147 671 2175; x_wconf 80' lang='grc' dir='ltr'>ἑκάστου</span> <span class='ocrx_word' id='word_1_376' title='bbox 683 2149 737 2176; x_wconf 85' lang='grc' dir='ltr'><strong>τῶν</strong></span> <span class='ocrx_word' id='word_1_377' title='bbox 755 2151 840 2185; x_wconf 84' lang='grc' dir='ltr'>ἁγίων</span> <span class='ocrx_word' id='word_1_378' title='bbox 852 2155 898 2181; x_wconf 78' lang='grc' dir='ltr'><strong>καὶ</strong></span> 
     </span>
    </p>
   </div>
   <div class='ocr_carea' id='block_1_49' title="bbox 103 2189 898 2230">
    <p class='ocr_par' dir='ltr' id='par_1_49' title="bbox 103 2189 898 2230">
     <span class='ocr_line' id='line_1_49' title="bbox 103 2189 898 2230; baseline 0.013 -15"><span class='ocrx_word' id='word_1_379' title='bbox 103 2189 228 2221; x_wconf 82' lang='grc' dir='ltr'>πίνοντος</span> <span class='ocrx_word' id='word_1_380' title='bbox 255 2190 302 2217; x_wconf 83' lang='grc' dir='ltr'><strong>καὶ</strong></span> <span class='ocrx_word' id='word_1_381' title='bbox 321 2191 471 2224; x_wconf 82' lang='grc' dir='ltr'>κοπιῶντος</span> <span class='ocrx_word' id='word_1_382' title='bbox 496 2194 542 2220; x_wconf 78' lang='grc' dir='ltr'><strong>καὶ</strong></span> <span class='ocrx_word' id='word_1_383' title='bbox 560 2193 786 2230; x_wconf 79' lang='grc' dir='ltr'>ἀποθνήσκοντος,</span> <span class='ocrx_word' id='word_1_384' title='bbox 804 2198 834 2224; x_wconf 81' lang='grc' dir='ltr'>οὗ</span> <span class='ocrx_word' id='word_1_385' title='bbox 852 2198 898 2225; x_wconf 86' lang='grc' dir='ltr'>λέ-</span> 
     </span>
    </p>
   </div>
   <div class='ocr_carea' id='block_1_50' title="bbox 103 2235 936 2276">
    <p class='ocr_par' dir='ltr' id='par_1_50' title="bbox 103 2235 936 2276">
     <span class='ocr_line' id='line_1_50' title="bbox 103 2235 936 2276; baseline 0.013 -15"><span class='ocrx_word' id='word_1_386' title='bbox 103 2243 184 2269; x_wconf 86' lang='grc' dir='ltr'>γεται</span> <span class='ocrx_word' id='word_1_387' title='bbox 199 2235 330 2269; x_wconf 75' lang='grc' dir='ltr'>ὡσαύτως</span> <span class='ocrx_word' id='word_1_388' title='bbox 359 2238 457 2265; x_wconf 78' lang='grc' dir='ltr'>ἐσθίων</span> <span class='ocrx_word' id='word_1_389' title='bbox 483 2240 531 2266; x_wconf 79' lang='grc' dir='ltr'><strong>καὶ</strong></span> <span class='ocrx_word' id='word_1_390' title='bbox 552 2241 656 2267; x_wconf 86' lang='grc' dir='ltr'>κοπιῶν</span> <span class='ocrx_word' id='word_1_391' title='bbox 677 2242 724 2268; x_wconf 78' lang='grc' dir='ltr'><strong>καὶ</strong></span> <span class='ocrx_word' id='word_1_392' title='bbox 742 2243 896 2276; x_wconf 86' lang='grc' dir='ltr'>ἀποθανὼν,</span> <span class='ocrx_word' id='word_1_393' title='bbox 915 2237 936 2264; x_wconf 77' lang='lat' dir='ltr'><strong>D</strong></span> 
     </span>
    </p>
   </div>
   <div class='ocr_carea' id='block_1_51' title="bbox 103 2281 897 2324">
    <p class='ocr_par' dir='ltr' id='par_1_51' title="bbox 103 2281 897 2324">
     <span class='ocr_line' id='line_1_51' title="bbox 103 2281 897 2324; baseline 0.014 -18"><span class='ocrx_word' id='word_1_394' title='bbox 103 2281 162 2307; x_wconf 82' lang='grc' dir='ltr'>ἀλλ’</span> <span class='ocrx_word' id='word_1_395' title='bbox 181 2281 227 2307; x_wconf 74' lang='grc' dir='ltr'><strong>ἐπὶ</strong></span> <span class='ocrx_word' id='word_1_396' title='bbox 240 2282 321 2316; x_wconf 86' lang='grc' dir='ltr'>μόνου</span> <span class='ocrx_word' id='word_1_397' title='bbox 334 2282 381 2310; x_wconf 86' lang='grc' dir='ltr'><strong>τοῦ</strong></span> <span class='ocrx_word' id='word_1_398' title='bbox 396 2284 428 2311; x_wconf 75' lang='grc' dir='ltr'><strong>ἐκ</strong></span> <span class='ocrx_word' id='word_1_399' title='bbox 441 2285 568 2320; x_wconf 84' lang='grc' dir='ltr'>Μαρίας;</span> <span class='ocrx_word' id='word_1_400' title='bbox 579 2286 613 2312; x_wconf 76' lang='grc' dir='ltr'><strong>Ἀ</strong></span> <span class='ocrx_word' id='word_1_401' title='bbox 630 2286 684 2322; x_wconf 80' lang='grc' dir='ltr'><strong>γὰρ</strong></span> <span class='ocrx_word' id='word_1_402' title='bbox 701 2287 803 2324; x_wconf 79' lang='grc' dir='ltr'>ἔπασχε</span> <span class='ocrx_word' id='word_1_403' title='bbox 819 2289 897 2317; x_wconf 83' lang='grc' dir='ltr'>τοῦτο</span> 
     </span>
    </p>
   </div>
   <div class='ocr_carea' id='block_1_52' title="bbox 103 2326 896 2369">
    <p class='ocr_par' dir='ltr' id='par_1_52' title="bbox 103 2326 896 2369">
     <span class='ocr_line' id='line_1_52' title="bbox 103 2326 896 2369; baseline 0.013 -17"><span class='ocrx_word' id='word_1_404' title='bbox 103 2326 134 2352; x_wconf 74' lang='grc' dir='ltr'>τὸ</span> <span class='ocrx_word' id='word_1_405' title='bbox 148 2326 238 2361; x_wconf 79' lang='grc' dir='ltr'>σῶμα,</span> <span class='ocrx_word' id='word_1_406' title='bbox 250 2327 336 2355; x_wconf 81' lang='grc' dir='ltr'>ταῦτα</span> <span class='ocrx_word' id='word_1_407' title='bbox 357 2329 395 2361; x_wconf 84' lang='grc' dir='ltr'>ὡς</span> <span class='ocrx_word' id='word_1_408' title='bbox 419 2330 501 2357; x_wconf 78' lang='grc' dir='ltr'>αὐτοῦ</span> <span class='ocrx_word' id='word_1_409' title='bbox 524 2331 674 2367; x_wconf 72' lang='grc' dir='ltr'>πάσχοντος</span> <span class='ocrx_word' id='word_1_410' title='bbox 702 2333 816 2369; x_wconf 77' lang='grc' dir='ltr'>εἴρηται.</span> <span class='ocrx_word' id='word_1_411' title='bbox 842 2336 896 2363; x_wconf 83' lang='grc' dir='ltr'><strong>Καὶ</strong></span> 
     </span>
    </p>
   </div>
   <div class='ocr_carea' id='block_1_53' title="bbox 103 2371 896 2417">
    <p class='ocr_par' dir='ltr' id='par_1_53' title="bbox 103 2371 896 2417">
     <span class='ocr_line' id='line_1_53' title="bbox 103 2371 896 2417; baseline 0.013 -19"><span class='ocrx_word' id='word_1_412' title='bbox 103 2371 159 2398; x_wconf 81' lang='grc' dir='ltr'>τῶν</span> <span class='ocrx_word' id='word_1_413' title='bbox 178 2372 265 2400; x_wconf 81' lang='grc' dir='ltr'>ἄλλων</span> <span class='ocrx_word' id='word_1_414' title='bbox 280 2374 308 2400; x_wconf 80' lang='grc' dir='ltr'><strong>δὲ</strong></span> <span class='ocrx_word' id='word_1_415' title='bbox 327 2375 435 2402; x_wconf 81' lang='grc' dir='ltr'>πάντων</span> <span class='ocrx_word' id='word_1_416' title='bbox 453 2376 606 2412; x_wconf 77' lang='grc' dir='ltr'>λεγομένων</span> <span class='ocrx_word' id='word_1_417' title='bbox 622 2379 710 2413; x_wconf 85' lang='grc' dir='ltr'>μόνον,</span> <span class='ocrx_word' id='word_1_418' title='bbox 724 2380 765 2407; x_wconf 83' lang='grc' dir='ltr'>ὅτι</span> <span class='ocrx_word' id='word_1_419' title='bbox 785 2380 896 2417; x_wconf 75' lang='grc' dir='ltr'>ἐτέχθη-</span> 
     </span>
    </p>
   </div>
   <div class='ocr_carea' id='block_1_54' title="bbox 105 2418 897 2460">
    <p class='ocr_par' dir='ltr' id='par_1_54' title="bbox 105 2418 897 2460">
     <span class='ocr_line' id='line_1_54' title="bbox 105 2418 897 2460; baseline 0.011 -16"><span class='ocrx_word' id='word_1_420' title='bbox 105 2426 166 2450; x_wconf 85' lang='grc' dir='ltr'>σαν,</span> <span class='ocrx_word' id='word_1_421' title='bbox 188 2418 233 2445; x_wconf 77' lang='grc' dir='ltr'>καὶ</span> <span class='ocrx_word' id='word_1_422' title='bbox 253 2419 445 2456; x_wconf 74' lang='grc' dir='ltr'>ἐγεννήθησαν,</span> <span class='ocrx_word' id='word_1_423' title='bbox 462 2422 509 2448; x_wconf 74' lang='grc' dir='ltr'><strong>ἐπὶ</strong></span> <span class='ocrx_word' id='word_1_424' title='bbox 523 2422 570 2449; x_wconf 75' lang='grc' dir='ltr'>τοῦ</span> <span class='ocrx_word' id='word_1_425' title='bbox 593 2424 625 2450; x_wconf 79' lang='grc' dir='ltr'><strong>ἐκ</strong></span> <span class='ocrx_word' id='word_1_426' title='bbox 641 2424 749 2460; x_wconf 80' lang='grc' dir='ltr'>Μαρίας</span> <span class='ocrx_word' id='word_1_427' title='bbox 764 2425 843 2460; x_wconf 91' lang='grc' dir='ltr'>μόνου</span> <span class='ocrx_word' id='word_1_428' title='bbox 858 2426 897 2453; x_wconf 78' lang='grc' dir='ltr'><strong>εἴ-</strong></span> 
     </span>
    </p>
   </div>
   <div class='ocr_carea' id='block_1_55' title="bbox 106 2465 657 2503">
    <p class='ocr_par' dir='ltr' id='par_1_55' title="bbox 106 2465 657 2503">
     <span class='ocr_line' id='line_1_55' title="bbox 106 2465 657 2503; baseline 0.011 -14"><span class='ocrx_word' id='word_1_429' title='bbox 106 2472 204 2499; x_wconf 82' lang='grc' dir='ltr'>ρηται·</span> <span class='ocrx_word' id='word_1_430' title='bbox 219 2465 275 2492; x_wconf 74' lang='grc' dir='ltr'><strong>Καὶ</strong></span> <span class='ocrx_word' id='word_1_431' title='bbox 294 2467 311 2492; x_wconf 87' lang='grc' dir='ltr'><strong>ό</strong></span> <span class='ocrx_word' id='word_1_432' title='bbox 324 2466 420 2501; x_wconf 75' lang='grc' dir='ltr'>Λόγος</span> <span class='ocrx_word' id='word_1_433' title='bbox 434 2466 512 2502; x_wconf 81' lang='grc' dir='ltr'>σὰρξ</span> <span class='ocrx_word' id='word_1_434' title='bbox 528 2468 657 2503; x_wconf 72' lang='grc' dir='ltr'>ἐγένετο.</span> 
     </span>
    </p>
   </div>
   <div class='ocr_carea' id='block_1_56' title="bbox 946 265 1734 304">
    <p class='ocr_par' dir='ltr' id='par_1_56' title="bbox 946 265 1734 304">
     <span class='ocr_line' id='line_1_56' title="bbox 946 265 1734 304; baseline -0.008 -7"><span class='ocrx_word' id='word_1_435' title='bbox 946 275 997 302; x_wconf 88' lang='lat' dir='ltr'><strong>set,</strong></span> <span class='ocrx_word' id='word_1_436' title='bbox 1015 277 1065 297; x_wconf 87' lang='lat' dir='ltr'><strong>cur</strong></span> <span class='ocrx_word' id='word_1_437' title='bbox 1080 269 1172 297; x_wconf 89' lang='lat' dir='ltr'><strong>statim</strong></span> <span class='ocrx_word' id='word_1_438' title='bbox 1199 273 1278 304; x_wconf 81' lang='lat' dir='ltr'><strong>atque</strong></span> <span class='ocrx_word' id='word_1_439' title='bbox 1304 268 1337 295; x_wconf 87' lang='lat' dir='ltr'><strong>de</strong></span> <span class='ocrx_word' id='word_1_440' title='bbox 1360 266 1446 293; x_wconf 80' lang='lat' dir='ltr'><strong>Maria</strong></span> <span class='ocrx_word' id='word_1_441' title='bbox 1468 265 1734 301; x_wconf 86' lang='lat' dir='ltr'><strong>processit,F.mnta-</strong></span> 
     </span>
    </p>
   </div>
   <div class='ocr_carea' id='block_1_57' title="bbox 946 311 1742 350">
    <p class='ocr_par' dir='ltr' id='par_1_57' title="bbox 946 311 1742 350">
     <span class='ocr_line' id='line_1_57' title="bbox 946 311 1742 350; baseline -0.006 -8"><span class='ocrx_word' id='word_1_442' title='bbox 946 315 1008 343; x_wconf 88' lang='lat' dir='ltr'><strong>nuel</strong></span> <span class='ocrx_word' id='word_1_443' title='bbox 1022 320 1133 343; x_wconf 90' lang='lat' dir='ltr'><strong>vocatus</strong></span> <span class='ocrx_word' id='word_1_444' title='bbox 1151 319 1203 346; x_wconf 82' lang='lat' dir='ltr'><strong>est.</strong></span> <span class='ocrx_word' id='word_1_445' title='bbox 1217 313 1290 350; x_wconf 90' lang='lat' dir='ltr'><strong>quod</strong></span> <span class='ocrx_word' id='word_1_446' title='bbox 1300 317 1341 341; x_wconf 85' lang='lat' dir='ltr'><strong>est</strong></span> <span class='ocrx_word' id='word_1_447' title='bbox 1359 313 1577 348; x_wconf 68' lang='lat' dir='ltr'><strong>interpretatum,</strong></span> <span class='ocrx_word' id='word_1_448' title='bbox 1593 311 1742 338; x_wconf 80' lang='lat' dir='ltr'><strong>Nobiscum-</strong></span> 
     </span>
    </p>
   </div>
   <div class='ocr_carea' id='block_1_58' title="bbox 945 356 1736 392">
    <p class='ocr_par' dir='ltr' id='par_1_58' title="bbox 945 356 1736 392">
     <span class='ocr_line' id='line_1_58' title="bbox 945 356 1736 392; baseline -0.005 -5"><span class='ocrx_word' id='word_1_449' title='bbox 945 360 1054 388; x_wconf 70' lang='lat' dir='ltr'><strong>Deus’?</strong></span> <span class='ocrx_word' id='word_1_450' title='bbox 1069 360 1169 388; x_wconf 87' lang='lat' dir='ltr'><strong>Paulus</strong></span> <span class='ocrx_word' id='word_1_451' title='bbox 1183 367 1256 392; x_wconf 90' lang='lat' dir='ltr'><strong>vero,</strong></span> <span class='ocrx_word' id='word_1_452' title='bbox 1272 357 1451 386; x_wconf 87' lang='lat' dir='ltr'><strong>nisiVerbum</strong></span> <span class='ocrx_word' id='word_1_453' title='bbox 1467 358 1494 384; x_wconf 92' lang='lat' dir='ltr'><strong>itt</strong></span> <span class='ocrx_word' id='word_1_454' title='bbox 1510 364 1591 384; x_wconf 89' lang='lat' dir='ltr'><strong>carne</strong></span> <span class='ocrx_word' id='word_1_455' title='bbox 1606 356 1685 389; x_wconf 80' lang='lat' dir='ltr'><strong>foret,</strong></span> <span class='ocrx_word' id='word_1_456' title='bbox 1702 356 1736 383; x_wconf 87' lang='lat' dir='ltr'><strong>ad</strong></span> 
     </span>
    </p>
   </div>
   <div class='ocr_carea' id='block_1_59' title="bbox 946 402 1732 440">
    <p class='ocr_par' dir='ltr' id='par_1_59' title="bbox 946 402 1732 440">
     <span class='ocr_line' id='line_1_59' title="bbox 946 402 1732 440; baseline -0.006 -7"><span class='ocrx_word' id='word_1_457' title='bbox 946 406 1083 435; x_wconf 79' lang='lat' dir='ltr'><strong>Romanos</strong></span> <span class='ocrx_word' id='word_1_458' title='bbox 1099 406 1220 434; x_wconf 81' lang='lat' dir='ltr'><strong>scribere</strong></span> <span class='ocrx_word' id='word_1_459' title='bbox 1236 406 1288 433; x_wconf 89' lang='lat' dir='ltr'><strong>ista</strong></span> <span class='ocrx_word' id='word_1_460' title='bbox 1299 404 1344 440; x_wconf 86' lang='lat' dir='ltr'><strong>qui</strong></span> <span class='ocrx_word' id='word_1_461' title='bbox 1360 404 1464 440; x_wconf 77' lang='lat' dir='ltr'><strong>potuit,</strong></span> <span class='ocrx_word' id='word_1_462' title='bbox 1487 402 1528 429; x_wconf 70' lang='lat' dir='ltr'><strong>Ex-</strong></span> <span class='ocrx_word' id='word_1_463' title='bbox 1548 402 1642 438; x_wconf 73' lang='lat' dir='ltr'><strong>quibus</strong></span> <span class='ocrx_word' id='word_1_464' title='bbox 1659 402 1732 430; x_wconf 83' lang='lat' dir='ltr'><strong>Chri-</strong></span> 
     </span>
    </p>
   </div>
   <div class='ocr_carea' id='block_1_60' title="bbox 946 449 1736 486">
    <p class='ocr_par' dir='ltr' id='par_1_60' title="bbox 946 449 1736 486">
     <span class='ocr_line' id='line_1_60' title="bbox 946 449 1736 486; baseline -0.005 -7"><span class='ocrx_word' id='word_1_465' title='bbox 946 457 1003 479; x_wconf 79' lang='lat' dir='ltr'><strong>stus</strong></span> <span class='ocrx_word' id='word_1_466' title='bbox 1019 457 1057 479; x_wconf 77' lang='lat' dir='ltr'><strong>est</strong></span> <span class='ocrx_word' id='word_1_467' title='bbox 1066 451 1206 479; x_wconf 81' lang='lat' dir='ltr'><strong>secundum</strong></span> <span class='ocrx_word' id='word_1_468' title='bbox 1222 459 1338 482; x_wconf 79' lang='lat' dir='ltr'><strong>carnem,</strong></span> <span class='ocrx_word' id='word_1_469' title='bbox 1358 450 1402 486; x_wconf 85' lang='lat' dir='ltr'><strong>qui</strong></span> <span class='ocrx_word' id='word_1_470' title='bbox 1418 454 1456 476; x_wconf 84' lang='lat' dir='ltr'><strong>est</strong></span> <span class='ocrx_word' id='word_1_471' title='bbox 1469 457 1546 483; x_wconf 82' lang='lat' dir='ltr'><strong>super</strong></span> <span class='ocrx_word' id='word_1_472' title='bbox 1563 449 1650 476; x_wconf 80' lang='lat' dir='ltr'><strong>omnia</strong></span> <span class='ocrx_word' id='word_1_473' title='bbox 1667 449 1736 476; x_wconf 71' lang='lat' dir='ltr'><strong>Deus</strong></span> 
     </span>
    </p>
   </div>
   <div class='ocr_carea' id='block_1_61' title="bbox 947 494 1736 530">
    <p class='ocr_par' dir='ltr' id='par_1_61' title="bbox 947 494 1736 530">
     <span class='ocr_line' id='line_1_61' title="bbox 947 494 1736 530; baseline -0.001 -6"><span class='ocrx_word' id='word_1_474' title='bbox 947 498 1094 525; x_wconf 79' lang='lat' dir='ltr'><strong>benedictus</strong></span> <span class='ocrx_word' id='word_1_475' title='bbox 1124 499 1150 525; x_wconf 87' lang='lat' dir='ltr'><strong>in</strong></span> <span class='ocrx_word' id='word_1_476' title='bbox 1179 497 1287 525; x_wconf 78' lang='lat' dir='ltr'><strong>swcula.</strong></span> <span class='ocrx_word' id='word_1_477' title='bbox 1319 497 1401 523; x_wconf 82' lang='lat' dir='ltr'><strong>Amen</strong></span> <span class='ocrx_word' id='word_1_478' title='bbox 1421 496 1451 522; x_wconf 68' lang='lat'><strong>‘?</strong></span> <span class='ocrx_word' id='word_1_479' title='bbox 1481 494 1663 529; x_wconf 85' lang='lat' dir='ltr'><strong>Quamobrem</strong></span> <span class='ocrx_word' id='word_1_480' title='bbox 1689 495 1736 530; x_wconf 80' lang='lat' dir='ltr'><strong>qui</strong></span> 
     </span>
    </p>
   </div>
   <div class='ocr_carea' id='block_1_62' title="bbox 947 541 1737 579">
    <p class='ocr_par' dir='ltr' id='par_1_62' title="bbox 947 541 1737 579">
     <span class='ocr_line' id='line_1_62' title="bbox 947 541 1737 579; baseline -0.003 -9"><span class='ocrx_word' id='word_1_481' title='bbox 947 548 1026 571; x_wconf 86' lang='lat' dir='ltr'><strong>antea</strong></span> <span class='ocrx_word' id='word_1_482' title='bbox 1039 548 1206 579; x_wconf 82' lang='lat' dir='ltr'><strong>negaverunt</strong></span> <span class='ocrx_word' id='word_1_483' title='bbox 1216 551 1277 570; x_wconf 88' lang='lat' dir='ltr'><strong>eutn</strong></span> <span class='ocrx_word' id='word_1_484' title='bbox 1288 543 1333 578; x_wconf 87' lang='lat' dir='ltr'><strong>qui</strong></span> <span class='ocrx_word' id='word_1_485' title='bbox 1345 542 1493 571; x_wconf 84' lang='lat' dir='ltr'><strong>cruciﬁxus</strong></span> <span class='ocrx_word' id='word_1_486' title='bbox 1506 545 1559 574; x_wconf 86' lang='lat' dir='ltr'><strong>est,</strong></span> <span class='ocrx_word' id='word_1_487' title='bbox 1570 549 1630 569; x_wconf 77' lang='lat' dir='ltr'><strong>esse</strong></span> <span class='ocrx_word' id='word_1_488' title='bbox 1641 541 1737 574; x_wconf 85' lang='lat' dir='ltr'><strong>Deum,</strong></span> 
     </span>
    </p>
   </div>
   <div class='ocr_carea' id='block_1_63' title="bbox 947 586 1737 624">
    <p class='ocr_par' dir='ltr' id='par_1_63' title="bbox 947 586 1737 624">
     <span class='ocr_line' id='line_1_63' title="bbox 947 586 1737 624; baseline -0.004 -8"><span class='ocrx_word' id='word_1_489' title='bbox 947 597 1067 617; x_wconf 89' lang='lat' dir='ltr'><strong>errorem</strong></span> <span class='ocrx_word' id='word_1_490' title='bbox 1080 597 1160 617; x_wconf 90' lang='lat' dir='ltr'><strong>suuttt</strong></span> <span class='ocrx_word' id='word_1_491' title='bbox 1186 593 1332 624; x_wconf 77' lang='lat' dir='ltr'><strong>agnoscant</strong></span> <span class='ocrx_word' id='word_1_492' title='bbox 1354 596 1386 615; x_wconf 86' lang='lat' dir='ltr'><strong>ac</strong></span> <span class='ocrx_word' id='word_1_493' title='bbox 1409 587 1508 615; x_wconf 85' lang='lat' dir='ltr'><strong>divinis</strong></span> <span class='ocrx_word' id='word_1_494' title='bbox 1536 587 1664 614; x_wconf 89' lang='lat' dir='ltr'><strong>omnibus</strong></span> <span class='ocrx_word' id='word_1_495' title='bbox 1681 586 1737 613; x_wconf 88' lang='lat' dir='ltr'><strong>Lit-</strong></span> 
     </span>
    </p>
   </div>
   <div class='ocr_carea' id='block_1_64' title="bbox 948 632 1735 668">
    <p class='ocr_par' dir='ltr' id='par_1_64' title="bbox 948 632 1735 668">
     <span class='ocr_line' id='line_1_64' title="bbox 948 632 1735 668; baseline -0.006 -5"><span class='ocrx_word' id='word_1_496' title='bbox 948 636 1014 663; x_wconf 87' lang='lat' dir='ltr'><strong>teris</strong></span> <span class='ocrx_word' id='word_1_497' title='bbox 1037 636 1115 663; x_wconf 88' lang='lat' dir='ltr'><strong>[idem</strong></span> <span class='ocrx_word' id='word_1_498' title='bbox 1139 635 1297 666; x_wconf 87' lang='lat' dir='ltr'><strong>adhibeant,</strong></span> <span class='ocrx_word' id='word_1_499' title='bbox 1318 634 1365 662; x_wconf 89' lang='lat' dir='ltr'><strong>sed</strong></span> <span class='ocrx_word' id='word_1_500' title='bbox 1382 633 1493 661; x_wconf 80' lang='lat' dir='ltr'><strong>Thontze</strong></span> <span class='ocrx_word' id='word_1_501' title='bbox 1512 632 1672 668; x_wconf 75' lang='lat' dir='ltr'><strong>pnesertitn,</strong></span> <span class='ocrx_word' id='word_1_502' title='bbox 1690 633 1735 667; x_wconf 85' lang='lat' dir='ltr'><strong>qui</strong></span> 
     </span>
    </p>
   </div>
   <div class='ocr_carea' id='block_1_65' title="bbox 948 679 1737 715">
    <p class='ocr_par' dir='ltr' id='par_1_65' title="bbox 948 679 1737 715">
     <span class='ocr_line' id='line_1_65' title="bbox 948 679 1737 715; baseline -0.008 -6"><span class='ocrx_word' id='word_1_503' title='bbox 948 689 1010 709; x_wconf 89' lang='lat' dir='ltr'><strong>cum</strong></span> <span class='ocrx_word' id='word_1_504' title='bbox 1029 682 1056 709; x_wconf 91' lang='lat' dir='ltr'><strong>itt</strong></span> <span class='ocrx_word' id='word_1_505' title='bbox 1071 681 1179 709; x_wconf 91' lang='lat' dir='ltr'><strong>Chrislo</strong></span> <span class='ocrx_word' id='word_1_506' title='bbox 1191 681 1329 708; x_wconf 83' lang='lat' dir='ltr'><strong>clavorum</strong></span> <span class='ocrx_word' id='word_1_507' title='bbox 1347 680 1462 715; x_wconf 84' lang='lat' dir='ltr'><strong>vestigia</strong></span> <span class='ocrx_word' id='word_1_508' title='bbox 1482 679 1737 707; x_wconf 69' lang='lat' dir='ltr'><strong>vidissctexclama-</strong></span> 
     </span>
    </p>
   </div>
   <div class='ocr_carea' id='block_1_66' title="bbox 948 724 1738 755">
    <p class='ocr_par' dir='ltr' id='par_1_66' title="bbox 948 724 1738 755">
     <span class='ocr_line' id='line_1_66' title="bbox 948 724 1738 755; baseline -0.004 -1"><span class='ocrx_word' id='word_1_509' title='bbox 948 728 1010 755; x_wconf 80' lang='lat' dir='ltr'><strong>vit:</strong></span> <span class='ocrx_word' id='word_1_510' title='bbox 1030 727 1157 754; x_wconf 80' lang='lat' dir='ltr'><strong>Dominus</strong></span> <span class='ocrx_word' id='word_1_511' title='bbox 1184 735 1256 753; x_wconf 80' lang='lat' dir='ltr'><strong>meus</strong></span> <span class='ocrx_word' id='word_1_512' title='bbox 1283 731 1307 753; x_wconf 82' lang='lat' dir='ltr'><strong>et</strong></span> <span class='ocrx_word' id='word_1_513' title='bbox 1335 725 1403 752; x_wconf 78' lang='lat' dir='ltr'><strong>Deus</strong></span> <span class='ocrx_word' id='word_1_514' title='bbox 1428 733 1499 752; x_wconf 71' lang='lat' dir='ltr'><strong>meus</strong></span> <span class='ocrx_word' id='word_1_515' title='bbox 1516 727 1536 752; x_wconf 80' lang='grc'><strong>⁵.</strong></span> <span class='ocrx_word' id='word_1_516' title='bbox 1557 724 1641 752; x_wconf 83' lang='lat' dir='ltr'><strong>Filius</strong></span> <span class='ocrx_word' id='word_1_517' title='bbox 1663 724 1738 752; x_wconf 88' lang='lat' dir='ltr'><strong>cnim</strong></span> 
     </span>
    </p>
   </div>
   <div class='ocr_carea' id='block_1_67' title="bbox 949 771 1735 809">
    <p class='ocr_par' dir='ltr' id='par_1_67' title="bbox 949 771 1735 809">
     <span class='ocr_line' id='line_1_67' title="bbox 949 771 1735 809; baseline -0.004 -8"><span class='ocrx_word' id='word_1_518' title='bbox 949 774 1073 809; x_wconf 87' lang='lat' dir='ltr'><strong>idemque</strong></span> <span class='ocrx_word' id='word_1_519' title='bbox 1092 772 1165 801; x_wconf 92' lang='lat' dir='ltr'><strong>Deus</strong></span> <span class='ocrx_word' id='word_1_520' title='bbox 1192 781 1224 800; x_wconf 85' lang='lat' dir='ltr'><strong>ac</strong></span> <span class='ocrx_word' id='word_1_521' title='bbox 1241 773 1333 808; x_wconf 77' lang='lat' dir='ltr'><strong>gloriae</strong></span> <span class='ocrx_word' id='word_1_522' title='bbox 1359 771 1492 799; x_wconf 82' lang='lat' dir='ltr'><strong>Dominus</strong></span> <span class='ocrx_word' id='word_1_523' title='bbox 1511 771 1538 798; x_wconf 92' lang='lat' dir='ltr'><strong>in</strong></span> <span class='ocrx_word' id='word_1_524' title='bbox 1558 779 1591 798; x_wconf 89' lang='lat' dir='ltr'><strong>eo</strong></span> <span class='ocrx_word' id='word_1_525' title='bbox 1613 778 1735 806; x_wconf 81' lang='lat' dir='ltr'><strong>corpore.</strong></span> 
     </span>
    </p>
   </div>
   <div class='ocr_carea' id='block_1_68' title="bbox 948 817 1737 856">
    <p class='ocr_par' dir='ltr' id='par_1_68' title="bbox 948 817 1737 856">
     <span class='ocr_line' id='line_1_68' title="bbox 948 817 1737 856; baseline -0.006 -8"><span class='ocrx_word' id='word_1_526' title='bbox 948 819 1020 856; x_wconf 89' lang='lat' dir='ltr'><strong>quod</strong></span> <span class='ocrx_word' id='word_1_527' title='bbox 1034 827 1083 855; x_wconf 86' lang='lat' dir='ltr'><strong>per</strong></span> <span class='ocrx_word' id='word_1_528' title='bbox 1098 826 1233 847; x_wconf 86' lang='lat' dir='ltr'><strong>summam</strong></span> <span class='ocrx_word' id='word_1_529' title='bbox 1252 818 1430 854; x_wconf 78' lang='lat' dir='ltr'><strong>ignominiam</strong></span> <span class='ocrx_word' id='word_1_530' title='bbox 1446 818 1531 845; x_wconf 85' lang='lat' dir='ltr'><strong>clavis</strong></span> <span class='ocrx_word' id='word_1_531' title='bbox 1553 817 1689 844; x_wconf 67' lang='lat' dir='ltr'><strong>confixum</strong></span> <span class='ocrx_word' id='word_1_532' title='bbox 1706 824 1737 843; x_wconf 80' lang='lat' dir='ltr'><strong>ac</strong></span> 
     </span>
    </p>
   </div>
   <div class='ocr_carea' id='block_1_69' title="bbox 949 863 1737 897">
    <p class='ocr_par' dir='ltr' id='par_1_69' title="bbox 949 863 1737 897">
     <span class='ocr_line' id='line_1_69' title="bbox 949 863 1737 897; baseline -0.004 -5"><span class='ocrx_word' id='word_1_533' title='bbox 949 865 1158 893; x_wconf 86' lang='lat' dir='ltr'><strong>deltonestatum</strong></span> <span class='ocrx_word' id='word_1_534' title='bbox 1184 863 1292 896; x_wconf 74' lang='lat' dir='ltr'><strong>fuerat,</strong></span> <span class='ocrx_word' id='word_1_535' title='bbox 1323 863 1435 890; x_wconf 88' lang='lat' dir='ltr'><strong>omnino</strong></span> <span class='ocrx_word' id='word_1_536' title='bbox 1461 863 1605 890; x_wconf 72' lang='lat' dir='ltr'><strong>residebat.</strong></span> <span class='ocrx_word' id='word_1_537' title='bbox 1630 863 1737 897; x_wconf 84' lang='lat' dir='ltr'><strong>Corpus</strong></span> 
     </span>
    </p>
   </div>
   <div class='ocr_carea' id='block_1_70' title="bbox 950 909 1738 946">
    <p class='ocr_par' dir='ltr' id='par_1_70' title="bbox 950 909 1738 946">
     <span class='ocr_line' id='line_1_70' title="bbox 950 909 1738 946; baseline -0.005 -8"><span class='ocrx_word' id='word_1_538' title='bbox 950 911 1055 946; x_wconf 76' lang='lat'><strong>1006</strong></span> <span class='ocrx_word' id='word_1_539' title='bbox 1070 911 1157 946; x_wconf 88' lang='lat' dir='ltr'><strong>ipsunt</strong></span> <span class='ocrx_word' id='word_1_540' title='bbox 1174 917 1237 937; x_wconf 84' lang='lat' dir='ltr'><strong>vero</strong></span> <span class='ocrx_word' id='word_1_541' title='bbox 1258 911 1285 937; x_wconf 91' lang='lat' dir='ltr'><strong>itt</strong></span> <span class='ocrx_word' id='word_1_542' title='bbox 1298 917 1379 937; x_wconf 87' lang='lat' dir='ltr'><strong>cruce</strong></span> <span class='ocrx_word' id='word_1_543' title='bbox 1400 910 1565 944; x_wconf 84' lang='lat' dir='ltr'><strong>perforatum</strong></span> <span class='ocrx_word' id='word_1_544' title='bbox 1585 909 1677 943; x_wconf 88' lang='lat' dir='ltr'><strong>tttiqne</strong></span> <span class='ocrx_word' id='word_1_545' title='bbox 1692 916 1738 943; x_wconf 72' lang='lat' dir='ltr'><strong>pst-</strong></span> 
     </span>
    </p>
   </div>
   <div class='ocr_carea' id='block_1_71' title="bbox 948 955 1738 991">
    <p class='ocr_par' dir='ltr' id='par_1_71' title="bbox 948 955 1738 991">
     <span class='ocr_line' id='line_1_71' title="bbox 948 955 1738 991; baseline -0.004 -7"><span class='ocrx_word' id='word_1_546' title='bbox 948 958 1077 989; x_wconf 85' lang='lat' dir='ltr'><strong>tieltatur,</strong></span> <span class='ocrx_word' id='word_1_547' title='bbox 1098 961 1125 984; x_wconf 83' lang='lat' dir='ltr'><strong>et</strong></span> <span class='ocrx_word' id='word_1_548' title='bbox 1139 964 1170 984; x_wconf 79' lang='lat' dir='ltr'><strong>ex</strong></span> <span class='ocrx_word' id='word_1_549' title='bbox 1187 957 1247 991; x_wconf 84' lang='lat' dir='ltr'><strong>ejus</strong></span> <span class='ocrx_word' id='word_1_550' title='bbox 1273 957 1356 983; x_wconf 87' lang='lat' dir='ltr'><strong>latere</strong></span> <span class='ocrx_word' id='word_1_551' title='bbox 1381 956 1492 991; x_wconf 73' lang='lat' dir='ltr'><strong>sanguis</strong></span> <span class='ocrx_word' id='word_1_552' title='bbox 1515 963 1576 982; x_wconf 90' lang='lat' dir='ltr'><strong>cum</strong></span> <span class='ocrx_word' id='word_1_553' title='bbox 1598 963 1666 990; x_wconf 79' lang='lat' dir='ltr'><strong>aqua</strong></span> <span class='ocrx_word' id='word_1_554' title='bbox 1687 955 1738 982; x_wconf 65' lang='lat' dir='ltr'><strong>dit&quot;-</strong></span> 
     </span>
    </p>
   </div>
   <div class='ocr_carea' id='block_1_72' title="bbox 946 999 1740 1035">
    <p class='ocr_par' dir='ltr' id='par_1_72' title="bbox 946 999 1740 1035">
     <span class='ocr_line' id='line_1_72' title="bbox 946 999 1740 1035; baseline -0.003 -6"><span class='ocrx_word' id='word_1_555' title='bbox 946 1001 1067 1029; x_wconf 78' lang='lat' dir='ltr'><strong>ﬂuebat:</strong></span> <span class='ocrx_word' id='word_1_556' title='bbox 1084 1009 1177 1029; x_wconf 84' lang='lat' dir='ltr'><strong>verum</strong></span> <span class='ocrx_word' id='word_1_557' title='bbox 1204 1008 1265 1028; x_wconf 88' lang='lat' dir='ltr'><strong>cum</strong></span> <span class='ocrx_word' id='word_1_558' title='bbox 1291 1001 1374 1028; x_wconf 88' lang='lat' dir='ltr'><strong>divini</strong></span> <span class='ocrx_word' id='word_1_559' title='bbox 1391 999 1470 1027; x_wconf 85' lang='lat' dir='ltr'><strong>Verbi</strong></span> <span class='ocrx_word' id='word_1_560' title='bbox 1496 1000 1625 1035; x_wconf 84' lang='lat' dir='ltr'><strong>templum</strong></span> <span class='ocrx_word' id='word_1_561' title='bbox 1653 1003 1740 1027; x_wconf 81' lang='lat' dir='ltr'><strong>esset.</strong></span> 
     </span>
    </p>
   </div>
   <div class='ocr_carea' id='block_1_73' title="bbox 946 1045 1738 1082">
    <p class='ocr_par' dir='ltr' id='par_1_73' title="bbox 946 1045 1738 1082">
     <span class='ocr_line' id='line_1_73' title="bbox 946 1045 1738 1082; baseline -0.004 -8"><span class='ocrx_word' id='word_1_562' title='bbox 946 1051 1005 1075; x_wconf 84' lang='lat' dir='ltr'><strong>erat</strong></span> <span class='ocrx_word' id='word_1_563' title='bbox 1026 1047 1167 1075; x_wconf 84' lang='lat' dir='ltr'><strong>divinitate</strong></span> <span class='ocrx_word' id='word_1_564' title='bbox 1188 1046 1387 1082; x_wconf 84' lang='lat' dir='ltr'><strong>plenissimum.</strong></span> <span class='ocrx_word' id='word_1_565' title='bbox 1402 1046 1487 1079; x_wconf 81' lang='lat' dir='ltr'><strong>Quam</strong></span> <span class='ocrx_word' id='word_1_566' title='bbox 1511 1046 1544 1072; x_wconf 88' lang='lat' dir='ltr'><strong>ob</strong></span> <span class='ocrx_word' id='word_1_567' title='bbox 1564 1052 1675 1072; x_wconf 86' lang='lat' dir='ltr'><strong>causam</strong></span> <span class='ocrx_word' id='word_1_568' title='bbox 1697 1045 1738 1072; x_wconf 85' lang='lat' dir='ltr'><strong>sol</strong></span> 
     </span>
    </p>
   </div>
   <div class='ocr_carea' id='block_1_74' title="bbox 947 1090 1739 1129">
    <p class='ocr_par' dir='ltr' id='par_1_74' title="bbox 947 1090 1739 1129">
     <span class='ocr_line' id='line_1_74' title="bbox 947 1090 1739 1129; baseline -0.005 -8"><span class='ocrx_word' id='word_1_569' title='bbox 947 1094 1016 1129; x_wconf 88' lang='lat' dir='ltr'><strong>ipse,</strong></span> <span class='ocrx_word' id='word_1_570' title='bbox 1036 1101 1099 1121; x_wconf 92' lang='lat' dir='ltr'><strong>cum</strong></span> <span class='ocrx_word' id='word_1_571' title='bbox 1122 1097 1260 1121; x_wconf 87' lang='lat' dir='ltr'><strong>auctorettt</strong></span> <span class='ocrx_word' id='word_1_572' title='bbox 1284 1100 1363 1120; x_wconf 89' lang='lat' dir='ltr'><strong>suum</strong></span> <span class='ocrx_word' id='word_1_573' title='bbox 1392 1097 1445 1119; x_wconf 90' lang='lat' dir='ltr'><strong>tam</strong></span> <span class='ocrx_word' id='word_1_574' title='bbox 1467 1098 1564 1126; x_wconf 82' lang='lat' dir='ltr'><strong>graves</strong></span> <span class='ocrx_word' id='word_1_575' title='bbox 1587 1091 1613 1117; x_wconf 91' lang='lat' dir='ltr'><strong>itt</strong></span> <span class='ocrx_word' id='word_1_576' title='bbox 1638 1090 1739 1118; x_wconf 84' lang='lat' dir='ltr'><strong>misero</strong></span> 
     </span>
    </p>
   </div>
   <div class='ocr_carea' id='block_1_75' title="bbox 946 1137 1738 1176">
    <p class='ocr_par' dir='ltr' id='par_1_75' title="bbox 946 1137 1738 1176">
     <span class='ocr_line' id='line_1_75' title="bbox 946 1137 1738 1176; baseline -0.004 -8"><span class='ocrx_word' id='word_1_577' title='bbox 946 1148 1061 1176; x_wconf 86' lang='lat' dir='ltr'><strong>corpore</strong></span> <span class='ocrx_word' id='word_1_578' title='bbox 1085 1140 1265 1168; x_wconf 82' lang='lat' dir='ltr'><strong>contumelias</strong></span> <span class='ocrx_word' id='word_1_579' title='bbox 1286 1140 1445 1167; x_wconf 79' lang='lat' dir='ltr'><strong>tolerantem</strong></span> <span class='ocrx_word' id='word_1_580' title='bbox 1465 1139 1579 1170; x_wconf 80' lang='lat' dir='ltr'><strong>videret,</strong></span> <span class='ocrx_word' id='word_1_581' title='bbox 1603 1137 1687 1165; x_wconf 85' lang='lat' dir='ltr'><strong>radiis</strong></span> <span class='ocrx_word' id='word_1_582' title='bbox 1705 1146 1738 1165; x_wconf 74' lang='lat' dir='ltr'><strong>ac</strong></span> 
     </span>
    </p>
   </div>
   <div class='ocr_carea' id='block_1_76' title="bbox 947 1184 1738 1222">
    <p class='ocr_par' dir='ltr' id='par_1_76' title="bbox 947 1184 1738 1222">
     <span class='ocr_line' id='line_1_76' title="bbox 947 1184 1738 1222; baseline -0.003 -8"><span class='ocrx_word' id='word_1_583' title='bbox 947 1187 1007 1214; x_wconf 87' lang='lat' dir='ltr'><strong>luce</strong></span> <span class='ocrx_word' id='word_1_584' title='bbox 1034 1193 1196 1222; x_wconf 85' lang='lat' dir='ltr'><strong>suppressa,</strong></span> <span class='ocrx_word' id='word_1_585' title='bbox 1219 1190 1319 1213; x_wconf 87' lang='lat' dir='ltr'><strong>terram</strong></span> <span class='ocrx_word' id='word_1_586' title='bbox 1344 1185 1462 1213; x_wconf 83' lang='lat' dir='ltr'><strong>tenebris</strong></span> <span class='ocrx_word' id='word_1_587' title='bbox 1489 1184 1619 1217; x_wconf 81' lang='lat' dir='ltr'><strong>obduxit;</strong></span> <span class='ocrx_word' id='word_1_588' title='bbox 1637 1191 1738 1219; x_wconf 79' lang='lat' dir='ltr'><strong>corpus</strong></span> 
     </span>
    </p>
   </div>
   <div class='ocr_carea' id='block_1_77' title="bbox 947 1231 1740 1266">
    <p class='ocr_par' dir='ltr' id='par_1_77' title="bbox 947 1231 1740 1266">
     <span class='ocr_line' id='line_1_77' title="bbox 947 1231 1740 1266; baseline -0.004 -6"><span class='ocrx_word' id='word_1_589' title='bbox 947 1237 1037 1260; x_wconf 85' lang='lat' dir='ltr'><strong>autem</strong></span> <span class='ocrx_word' id='word_1_590' title='bbox 1054 1233 1160 1260; x_wconf 89' lang='lat' dir='ltr'><strong>mortali</strong></span> <span class='ocrx_word' id='word_1_591' title='bbox 1175 1237 1271 1260; x_wconf 88' lang='lat' dir='ltr'><strong>natura</strong></span> <span class='ocrx_word' id='word_1_592' title='bbox 1288 1231 1430 1266; x_wconf 51' lang='lat' dir='ltr'><strong>praeditum</strong></span> <span class='ocrx_word' id='word_1_593' title='bbox 1451 1238 1532 1266; x_wconf 83' lang='lat' dir='ltr'><strong>supra</strong></span> <span class='ocrx_word' id='word_1_594' title='bbox 1553 1234 1658 1258; x_wconf 75' lang='lat' dir='ltr'><strong>natura:</strong></span> <span class='ocrx_word' id='word_1_595' title='bbox 1680 1238 1740 1258; x_wconf 68' lang='lat' dir='ltr'><strong>snte</strong></span> 
     </span>
    </p>
   </div>
   <div class='ocr_carea' id='block_1_78' title="bbox 947 1276 1740 1313">
    <p class='ocr_par' dir='ltr' id='par_1_78' title="bbox 947 1276 1740 1313">
     <span class='ocr_line' id='line_1_78' title="bbox 947 1276 1740 1313; baseline -0.005 -7"><span class='ocrx_word' id='word_1_596' title='bbox 947 1279 1131 1307; x_wconf 88' lang='lat' dir='ltr'><strong>conditiottcm</strong></span> <span class='ocrx_word' id='word_1_597' title='bbox 1149 1282 1259 1313; x_wconf 83' lang='lat' dir='ltr'><strong>propter</strong></span> <span class='ocrx_word' id='word_1_598' title='bbox 1272 1277 1402 1309; x_wconf 84' lang='lat' dir='ltr'><strong>Verbum,</strong></span> <span class='ocrx_word' id='word_1_599' title='bbox 1416 1277 1488 1312; x_wconf 91' lang='lat' dir='ltr'><strong>quod</strong></span> <span class='ocrx_word' id='word_1_600' title='bbox 1511 1277 1536 1303; x_wconf 94' lang='lat' dir='ltr'><strong>in</strong></span> <span class='ocrx_word' id='word_1_601' title='bbox 1559 1276 1618 1311; x_wconf 85' lang='lat' dir='ltr'><strong>ipso</strong></span> <span class='ocrx_word' id='word_1_602' title='bbox 1632 1281 1700 1308; x_wconf 81' lang='lat' dir='ltr'><strong>erat,</strong></span> <span class='ocrx_word' id='word_1_603' title='bbox 1721 1284 1740 1302; x_wconf 83' lang='lat' dir='ltr'><strong>a</strong></span> 
     </span>
    </p>
   </div>
   <div class='ocr_carea' id='block_1_79' title="bbox 947 1323 1738 1358">
    <p class='ocr_par' dir='ltr' id='par_1_79' title="bbox 947 1323 1738 1358">
     <span class='ocr_line' id='line_1_79' title="bbox 947 1323 1738 1358; baseline -0.004 -5"><span class='ocrx_word' id='word_1_604' title='bbox 947 1326 1063 1353; x_wconf 90' lang='lat' dir='ltr'><strong>mortuis</strong></span> <span class='ocrx_word' id='word_1_605' title='bbox 1078 1326 1224 1353; x_wconf 88' lang='lat' dir='ltr'><strong>excitatutn</strong></span> <span class='ocrx_word' id='word_1_606' title='bbox 1236 1328 1288 1356; x_wconf 86' lang='lat' dir='ltr'><strong>est,</strong></span> <span class='ocrx_word' id='word_1_607' title='bbox 1301 1328 1328 1352; x_wconf 88' lang='lat' dir='ltr'><strong>et</strong></span> <span class='ocrx_word' id='word_1_608' title='bbox 1349 1332 1363 1350; x_wconf 90' lang='lat' dir='ltr'><strong>a</strong></span> <span class='ocrx_word' id='word_1_609' title='bbox 1385 1323 1503 1351; x_wconf 86' lang='lat' dir='ltr'><strong>naturali</strong></span> <span class='ocrx_word' id='word_1_610' title='bbox 1515 1323 1691 1358; x_wconf 88' lang='lat' dir='ltr'><strong>corruptione</strong></span> <span class='ocrx_word' id='word_1_611' title='bbox 1705 1323 1738 1350; x_wconf 94' lang='lat' dir='ltr'><strong>li-</strong></span> 
     </span>
    </p>
   </div>
   <div class='ocr_carea' id='block_1_80' title="bbox 947 1368 1739 1405">
    <p class='ocr_par' dir='ltr' id='par_1_80' title="bbox 947 1368 1739 1405">
     <span class='ocr_line' id='line_1_80' title="bbox 947 1368 1739 1405; baseline -0.004 -7"><span class='ocrx_word' id='word_1_612' title='bbox 947 1370 1083 1402; x_wconf 88' lang='lat' dir='ltr'><strong>beratum,</strong></span> <span class='ocrx_word' id='word_1_613' title='bbox 1102 1369 1181 1398; x_wconf 83' lang='lat' dir='ltr'><strong>Verbi</strong></span> <span class='ocrx_word' id='word_1_614' title='bbox 1203 1370 1337 1405; x_wconf 85' lang='lat' dir='ltr'><strong>quoddam</strong></span> <span class='ocrx_word' id='word_1_615' title='bbox 1354 1369 1428 1396; x_wconf 85' lang='lat' dir='ltr'><strong>velut</strong></span> <span class='ocrx_word' id='word_1_616' title='bbox 1445 1368 1632 1396; x_wconf 83' lang='lat' dir='ltr'><strong>indumentum</strong></span> <span class='ocrx_word' id='word_1_617' title='bbox 1642 1372 1683 1396; x_wconf 91' lang='lat' dir='ltr'><strong>est</strong></span> <span class='ocrx_word' id='word_1_618' title='bbox 1698 1368 1739 1395; x_wconf 86' lang='lat' dir='ltr'><strong>fa-</strong></span> 
     </span>
    </p>
   </div>
   <div class='ocr_carea' id='block_1_81' title="bbox 947 1415 1738 1451">
    <p class='ocr_par' dir='ltr' id='par_1_81' title="bbox 947 1415 1738 1451">
     <span class='ocr_line' id='line_1_81' title="bbox 947 1415 1738 1451; baseline -0.004 -7"><span class='ocrx_word' id='word_1_619' title='bbox 947 1419 1020 1444; x_wconf 86' lang='lat' dir='ltr'><strong>ctum</strong></span> <span class='ocrx_word' id='word_1_620' title='bbox 1035 1424 1042 1448; x_wconf 85' lang='lat'><strong>;</strong></span> <span class='ocrx_word' id='word_1_621' title='bbox 1057 1423 1174 1451; x_wconf 89' lang='lat' dir='ltr'><strong>cumque</strong></span> <span class='ocrx_word' id='word_1_622' title='bbox 1191 1415 1289 1448; x_wconf 73' lang='lat' dir='ltr'><strong>Verbo,</strong></span> <span class='ocrx_word' id='word_1_623' title='bbox 1307 1415 1379 1450; x_wconf 88' lang='lat' dir='ltr'><strong>quod</strong></span> <span class='ocrx_word' id='word_1_624' title='bbox 1397 1415 1543 1442; x_wconf 86' lang='lat' dir='ltr'><strong>humanam</strong></span> <span class='ocrx_word' id='word_1_625' title='bbox 1555 1415 1738 1442; x_wconf 86' lang='lat' dir='ltr'><strong>conditionem</strong></span> 
     </span>
    </p>
   </div>
   <div class='ocr_carea' id='block_1_82' title="bbox 947 1461 1737 1498">
    <p class='ocr_par' dir='ltr' id='par_1_82' title="bbox 947 1461 1737 1498">
     <span class='ocr_line' id='line_1_82' title="bbox 947 1461 1737 1498; baseline -0.003 -9"><span class='ocrx_word' id='word_1_626' title='bbox 947 1466 1067 1498; x_wconf 82' lang='lat' dir='ltr'><strong>superat,</strong></span> <span class='ocrx_word' id='word_1_627' title='bbox 1094 1463 1168 1490; x_wconf 89' lang='lat' dir='ltr'><strong>velut</strong></span> <span class='ocrx_word' id='word_1_628' title='bbox 1191 1463 1290 1490; x_wconf 88' lang='lat' dir='ltr'><strong>amictu</strong></span> <span class='ocrx_word' id='word_1_629' title='bbox 1319 1462 1436 1496; x_wconf 88' lang='lat' dir='ltr'><strong>qttodant</strong></span> <span class='ocrx_word' id='word_1_630' title='bbox 1467 1461 1626 1488; x_wconf 79' lang='lat' dir='ltr'><strong>obvolutum</strong></span> <span class='ocrx_word' id='word_1_631' title='bbox 1654 1464 1737 1494; x_wconf 87' lang='lat' dir='ltr'><strong>esset,</strong></span> 
     </span>
    </p>
   </div>
   <div class='ocr_carea' id='block_1_83' title="bbox 947 1507 1738 1544">
    <p class='ocr_par' dir='ltr' id='par_1_83' title="bbox 947 1507 1738 1544">
     <span class='ocr_line' id='line_1_83' title="bbox 947 1507 1738 1544; baseline -0.003 -8"><span class='ocrx_word' id='word_1_632' title='bbox 947 1509 1132 1544; x_wconf 86' lang='lat' dir='ltr'><strong>corruptionis</strong></span> <span class='ocrx_word' id='word_1_633' title='bbox 1149 1514 1190 1536; x_wconf 88' lang='lat' dir='ltr'><strong>est</strong></span> <span class='ocrx_word' id='word_1_634' title='bbox 1199 1516 1295 1544; x_wconf 78' lang='lat' dir='ltr'><strong>expers</strong></span> <span class='ocrx_word' id='word_1_635' title='bbox 1315 1508 1448 1535; x_wconf 86' lang='lat' dir='ltr'><strong>redditum</strong></span> <span class='ocrx_word' id='word_1_636' title='bbox 1461 1508 1481 1533; x_wconf 73' lang='grc'><strong>⁸.</strong></span> <span class='ocrx_word' id='word_1_637' title='bbox 1496 1508 1573 1541; x_wconf 86' lang='lat' dir='ltr'><strong>Quod</strong></span> <span class='ocrx_word' id='word_1_638' title='bbox 1592 1511 1682 1535; x_wconf 84' lang='lat' dir='ltr'><strong>autent</strong></span> <span class='ocrx_word' id='word_1_639' title='bbox 1704 1507 1738 1534; x_wconf 88' lang='lat' dir='ltr'><strong>ad</strong></span> 
     </span>
    </p>
   </div>
   <div class='ocr_carea' id='block_1_84' title="bbox 911 1553 1742 1595">
    <p class='ocr_par' dir='ltr' id='par_1_84' title="bbox 911 1553 1742 1595">
     <span class='ocr_line' id='line_1_84' title="bbox 911 1553 1742 1595; baseline -0.002 -14"><span class='ocrx_word' id='word_1_640' title='bbox 911 1567 932 1595; x_wconf 72' lang='grc' dir='ltr'><strong>ο</strong></span> <span class='ocrx_word' id='word_1_641' title='bbox 950 1555 1141 1581; x_wconf 88' lang='lat' dir='ltr'><strong>nonnullorum</strong></span> <span class='ocrx_word' id='word_1_642' title='bbox 1163 1554 1258 1581; x_wconf 88' lang='lat' dir='ltr'><strong>ittanes</strong></span> <span class='ocrx_word' id='word_1_643' title='bbox 1279 1562 1364 1589; x_wconf 77' lang='lat' dir='ltr'><strong>nugas</strong></span> <span class='ocrx_word' id='word_1_644' title='bbox 1388 1558 1414 1581; x_wconf 91' lang='lat' dir='ltr'><strong>et</strong></span> <span class='ocrx_word' id='word_1_645' title='bbox 1436 1557 1590 1581; x_wconf 85' lang='lat' dir='ltr'><strong>commenta</strong></span> <span class='ocrx_word' id='word_1_646' title='bbox 1610 1553 1742 1588; x_wconf 72' lang='lat' dir='ltr'><strong>pertinet,</strong></span> 
     </span>
    </p>
   </div>
   <div class='ocr_carea' id='block_1_85' title="bbox 949 1599 1740 1636">
    <p class='ocr_par' dir='ltr' id='par_1_85' title="bbox 949 1599 1740 1636">
     <span class='ocr_line' id='line_1_85' title="bbox 949 1599 1740 1636; baseline -0.003 -8"><span class='ocrx_word' id='word_1_647' title='bbox 949 1601 995 1636; x_wconf 89' lang='lat' dir='ltr'><strong>qui</strong></span> <span class='ocrx_word' id='word_1_648' title='bbox 1012 1605 1041 1628; x_wconf 93' lang='lat' dir='ltr'><strong>ut</strong></span> <span class='ocrx_word' id='word_1_649' title='bbox 1057 1601 1084 1627; x_wconf 88' lang='lat' dir='ltr'><strong>itt</strong></span> <span class='ocrx_word' id='word_1_650' title='bbox 1101 1600 1221 1636; x_wconf 90' lang='lat' dir='ltr'><strong>reliquos</strong></span> <span class='ocrx_word' id='word_1_651' title='bbox 1236 1600 1382 1635; x_wconf 87' lang='lat' dir='ltr'><strong>prophetas</strong></span> <span class='ocrx_word' id='word_1_652' title='bbox 1394 1607 1499 1632; x_wconf 87' lang='lat' dir='ltr'><strong>omnes,</strong></span> <span class='ocrx_word' id='word_1_653' title='bbox 1518 1599 1554 1626; x_wconf 85' lang='lat' dir='ltr'><strong>ita</strong></span> <span class='ocrx_word' id='word_1_654' title='bbox 1570 1603 1596 1626; x_wconf 88' lang='lat' dir='ltr'><strong>et</strong></span> <span class='ocrx_word' id='word_1_655' title='bbox 1609 1599 1635 1626; x_wconf 90' lang='lat' dir='ltr'><strong>itt</strong></span> <span class='ocrx_word' id='word_1_656' title='bbox 1654 1607 1740 1626; x_wconf 89' lang='lat' dir='ltr'><strong>unum</strong></span> 
     </span>
    </p>
   </div>
   <div class='ocr_carea' id='block_1_86' title="bbox 949 1644 1740 1674">
    <p class='ocr_par' dir='ltr' id='par_1_86' title="bbox 949 1644 1740 1674">
     <span class='ocr_line' id='line_1_86' title="bbox 949 1644 1740 1674; baseline -0.001 0"><span class='ocrx_word' id='word_1_657' title='bbox 949 1647 1024 1674; x_wconf 89' lang='lat' dir='ltr'><strong>illttnt</strong></span> <span class='ocrx_word' id='word_1_658' title='bbox 1048 1655 1063 1674; x_wconf 91' lang='lat' dir='ltr'><strong>e</strong></span> <span class='ocrx_word' id='word_1_659' title='bbox 1085 1646 1170 1674; x_wconf 85' lang='lat' dir='ltr'><strong>Maria</strong></span> <span class='ocrx_word' id='word_1_660' title='bbox 1194 1651 1288 1674; x_wconf 79' lang='lat' dir='ltr'><strong>natum</strong></span> <span class='ocrx_word' id='word_1_661' title='bbox 1312 1646 1448 1673; x_wconf 87' lang='lat' dir='ltr'><strong>hominem</strong></span> <span class='ocrx_word' id='word_1_662' title='bbox 1474 1645 1595 1672; x_wconf 89' lang='lat' dir='ltr'><strong>divinutn</strong></span> <span class='ocrx_word' id='word_1_663' title='bbox 1620 1644 1740 1673; x_wconf 83' lang='lat' dir='ltr'><strong>Verbum</strong></span> 
     </span>
    </p>
   </div>
   <div class='ocr_carea' id='block_1_87' title="bbox 949 1690 1741 1728">
    <p class='ocr_par' dir='ltr' id='par_1_87' title="bbox 949 1690 1741 1728">
     <span class='ocr_line' id='line_1_87' title="bbox 949 1690 1741 1728; baseline -0.003 -8"><span class='ocrx_word' id='word_1_664' title='bbox 949 1693 1075 1728; x_wconf 90' lang='lat' dir='ltr'><strong>illapsuttt</strong></span> <span class='ocrx_word' id='word_1_665' title='bbox 1093 1700 1155 1720; x_wconf 86' lang='lat' dir='ltr'><strong>esse</strong></span> <span class='ocrx_word' id='word_1_666' title='bbox 1169 1692 1289 1720; x_wconf 90' lang='lat' dir='ltr'><strong>sentiuttt</strong></span> <span class='ocrx_word' id='word_1_667' title='bbox 1305 1700 1310 1717; x_wconf 90' lang='lat'>:</span> <span class='ocrx_word' id='word_1_668' title='bbox 1325 1691 1448 1726; x_wconf 85' lang='lat' dir='ltr'><strong>pluribus</strong></span> <span class='ocrx_word' id='word_1_669' title='bbox 1468 1698 1500 1718; x_wconf 87' lang='lat' dir='ltr'><strong>ea</strong></span> <span class='ocrx_word' id='word_1_670' title='bbox 1512 1690 1545 1717; x_wconf 91' lang='lat' dir='ltr'><strong>de</strong></span> <span class='ocrx_word' id='word_1_671' title='bbox 1559 1697 1587 1718; x_wconf 88' lang='lat' dir='ltr'><strong>re</strong></span> <span class='ocrx_word' id='word_1_672' title='bbox 1600 1690 1741 1724; x_wconf 82' lang='lat' dir='ltr'><strong>disputare</strong></span> 
     </span>
    </p>
   </div>
   <div class='ocr_carea' id='block_1_88' title="bbox 949 1735 1741 1773">
    <p class='ocr_par' dir='ltr' id='par_1_88' title="bbox 949 1735 1741 1773">
     <span class='ocr_line' id='line_1_88' title="bbox 949 1735 1741 1773; baseline -0.003 -9"><span class='ocrx_word' id='word_1_673' title='bbox 949 1745 1179 1773; x_wconf 87' lang='lat' dir='ltr'><strong>supervacaneum</strong></span> <span class='ocrx_word' id='word_1_674' title='bbox 1193 1741 1254 1770; x_wconf 82' lang='lat' dir='ltr'><strong>est,</strong></span> <span class='ocrx_word' id='word_1_675' title='bbox 1273 1737 1370 1763; x_wconf 89' lang='lat' dir='ltr'><strong>horttm</strong></span> <span class='ocrx_word' id='word_1_676' title='bbox 1389 1736 1487 1771; x_wconf 75' lang='lat' dir='ltr'><strong>quippe</strong></span> <span class='ocrx_word' id='word_1_677' title='bbox 1502 1735 1584 1762; x_wconf 84' lang='lat' dir='ltr'><strong>stulta</strong></span> <span class='ocrx_word' id='word_1_678' title='bbox 1603 1738 1629 1762; x_wconf 86' lang='lat' dir='ltr'><strong>et</strong></span> <span class='ocrx_word' id='word_1_679' title='bbox 1648 1735 1741 1770; x_wconf 77' lang='lat' dir='ltr'><strong>inepta</strong></span> 
     </span>
    </p>
   </div>
   <div class='ocr_carea' id='block_1_89' title="bbox 949 1781 1739 1819">
    <p class='ocr_par' dir='ltr' id='par_1_89' title="bbox 949 1781 1739 1819">
     <span class='ocr_line' id='line_1_89' title="bbox 949 1781 1739 1819; baseline -0.003 -8"><span class='ocrx_word' id='word_1_680' title='bbox 949 1784 1089 1819; x_wconf 84' lang='lat' dir='ltr'><strong>persuasio</strong></span> <span class='ocrx_word' id='word_1_681' title='bbox 1099 1783 1242 1811; x_wconf 78' lang='lat' dir='ltr'><strong>manifeste</strong></span> <span class='ocrx_word' id='word_1_682' title='bbox 1252 1790 1283 1810; x_wconf 88' lang='lat' dir='ltr'><strong>ac</strong></span> <span class='ocrx_word' id='word_1_683' title='bbox 1292 1783 1350 1811; x_wconf 90' lang='lat' dir='ltr'><strong>sine</strong></span> <span class='ocrx_word' id='word_1_684' title='bbox 1365 1782 1420 1810; x_wconf 92' lang='lat' dir='ltr'><strong>ullo</strong></span> <span class='ocrx_word' id='word_1_685' title='bbox 1436 1781 1544 1816; x_wconf 79' lang='lat' dir='ltr'><strong>negotio</strong></span> <span class='ocrx_word' id='word_1_686' title='bbox 1555 1781 1739 1809; x_wconf 84' lang='lat' dir='ltr'><strong>convincitur.</strong></span> 
     </span>
    </p>
   </div>
   <div class='ocr_carea' id='block_1_90' title="bbox 949 1827 1741 1862">
    <p class='ocr_par' dir='ltr' id='par_1_90' title="bbox 949 1827 1741 1862">
     <span class='ocr_line' id='line_1_90' title="bbox 949 1827 1741 1862; baseline -0.001 -6"><span class='ocrx_word' id='word_1_687' title='bbox 949 1829 1016 1856; x_wconf 86' lang='lat' dir='ltr'><strong>Nam</strong></span> <span class='ocrx_word' id='word_1_688' title='bbox 1032 1830 1054 1857; x_wconf 92' lang='lat' dir='ltr'><strong>si</strong></span> <span class='ocrx_word' id='word_1_689' title='bbox 1071 1829 1104 1856; x_wconf 89' lang='lat' dir='ltr'><strong>ad</strong></span> <span class='ocrx_word' id='word_1_690' title='bbox 1119 1837 1183 1856; x_wconf 86' lang='lat' dir='ltr'><strong>eum</strong></span> <span class='ocrx_word' id='word_1_691' title='bbox 1200 1829 1309 1856; x_wconf 91' lang='lat' dir='ltr'><strong>modum</strong></span> <span class='ocrx_word' id='word_1_692' title='bbox 1326 1829 1371 1855; x_wconf 89' lang='lat' dir='ltr'><strong>ille</strong></span> <span class='ocrx_word' id='word_1_693' title='bbox 1382 1827 1532 1860; x_wconf 84' lang='lat' dir='ltr'><strong>descendit,</strong></span> <span class='ocrx_word' id='word_1_694' title='bbox 1546 1835 1596 1854; x_wconf 91' lang='lat' dir='ltr'><strong>cur</strong></span> <span class='ocrx_word' id='word_1_695' title='bbox 1606 1835 1621 1855; x_wconf 87' lang='lat' dir='ltr'><strong>e</strong></span> <span class='ocrx_word' id='word_1_696' title='bbox 1636 1827 1741 1862; x_wconf 75' lang='lat' dir='ltr'><strong>virgine</strong></span> 
     </span>
    </p>
   </div>
   <div class='ocr_carea' id='block_1_91' title="bbox 950 1874 1740 1910">
    <p class='ocr_par' dir='ltr' id='par_1_91' title="bbox 950 1874 1740 1910">
     <span class='ocr_line' id='line_1_91' title="bbox 950 1874 1740 1910; baseline -0.003 -8"><span class='ocrx_word' id='word_1_697' title='bbox 950 1878 1039 1906; x_wconf 85' lang='lat' dir='ltr'><strong>natus.</strong></span> <span class='ocrx_word' id='word_1_698' title='bbox 1054 1883 1107 1902; x_wconf 92' lang='lat' dir='ltr'><strong>non</strong></span> <span class='ocrx_word' id='word_1_699' title='bbox 1123 1883 1155 1902; x_wconf 81' lang='lat' dir='ltr'><strong>ex</strong></span> <span class='ocrx_word' id='word_1_700' title='bbox 1173 1874 1232 1902; x_wconf 87' lang='lat' dir='ltr'><strong>viro</strong></span> <span class='ocrx_word' id='word_1_701' title='bbox 1248 1874 1403 1910; x_wconf 79' lang='lat' dir='ltr'><strong>feminaque</strong></span> <span class='ocrx_word' id='word_1_702' title='bbox 1421 1878 1566 1909; x_wconf 80' lang='lat' dir='ltr'><strong>susceptus</strong></span> <span class='ocrx_word' id='word_1_703' title='bbox 1580 1877 1631 1906; x_wconf 85' lang='lat' dir='ltr'><strong>est,</strong></span> <span class='ocrx_word' id='word_1_704' title='bbox 1643 1881 1740 1908; x_wconf 89' lang='lat' dir='ltr'><strong>quent-</strong></span> 
     </span>
    </p>
   </div>
   <div class='ocr_carea' id='block_1_92' title="bbox 949 1919 1739 1951">
    <p class='ocr_par' dir='ltr' id='par_1_92' title="bbox 949 1919 1739 1951">
     <span class='ocr_line' id='line_1_92' title="bbox 949 1919 1739 1951; baseline -0.003 -2"><span class='ocrx_word' id='word_1_705' title='bbox 949 1921 1094 1949; x_wconf 84' lang='lat' dir='ltr'><strong>admodum</strong></span> <span class='ocrx_word' id='word_1_706' title='bbox 1103 1921 1191 1949; x_wconf 89' lang='lat' dir='ltr'><strong>sancti</strong></span> <span class='ocrx_word' id='word_1_707' title='bbox 1203 1928 1298 1949; x_wconf 88' lang='lat' dir='ltr'><strong>omncs</strong></span> <span class='ocrx_word' id='word_1_708' title='bbox 1313 1921 1341 1948; x_wconf 88' lang='lat' dir='ltr'><strong>itt</strong></span> <span class='ocrx_word' id='word_1_709' title='bbox 1354 1921 1442 1949; x_wconf 80' lang='lat' dir='ltr'><strong>lucem</strong></span> <span class='ocrx_word' id='word_1_710' title='bbox 1452 1920 1518 1948; x_wconf 88' lang='lat' dir='ltr'><strong>editi</strong></span> <span class='ocrx_word' id='word_1_711' title='bbox 1534 1919 1661 1948; x_wconf 87' lang='lat' dir='ltr'><strong>fuerunt?</strong></span> <span class='ocrx_word' id='word_1_712' title='bbox 1672 1920 1739 1951; x_wconf 84' lang='lat' dir='ltr'><strong>Cur,</strong></span> 
     </span>
    </p>
   </div>
   <div class='ocr_carea' id='block_1_93' title="bbox 949 1967 1740 2002">
    <p class='ocr_par' dir='ltr' id='par_1_93' title="bbox 949 1967 1740 2002">
     <span class='ocr_line' id='line_1_93' title="bbox 949 1967 1740 2002; baseline -0.001 -7"><span class='ocrx_word' id='word_1_713' title='bbox 949 1977 1010 1996; x_wconf 90' lang='lat' dir='ltr'><strong>cum</strong></span> <span class='ocrx_word' id='word_1_714' title='bbox 1037 1968 1073 1995; x_wconf 85' lang='lat' dir='ltr'><strong>ita</strong></span> <span class='ocrx_word' id='word_1_715' title='bbox 1088 1967 1206 1995; x_wconf 90' lang='lat' dir='ltr'><strong>Verbum</strong></span> <span class='ocrx_word' id='word_1_716' title='bbox 1230 1968 1355 2002; x_wconf 82' lang='lat' dir='ltr'><strong>illapsuttt</strong></span> <span class='ocrx_word' id='word_1_717' title='bbox 1381 1967 1427 2000; x_wconf 90' lang='lat' dir='ltr'><strong>sit,</strong></span> <span class='ocrx_word' id='word_1_718' title='bbox 1452 1974 1507 1994; x_wconf 90' lang='lat' dir='ltr'><strong>non</strong></span> <span class='ocrx_word' id='word_1_719' title='bbox 1522 1967 1604 1994; x_wconf 86' lang='lat' dir='ltr'><strong>etiam</strong></span> <span class='ocrx_word' id='word_1_720' title='bbox 1626 1971 1740 1994; x_wconf 72' lang='lat' dir='ltr'><strong>caetero-</strong></span> 
     </span>
    </p>
   </div>
   <div class='ocr_carea' id='block_1_94' title="bbox 949 2010 1739 2047">
    <p class='ocr_par' dir='ltr' id='par_1_94' title="bbox 949 2010 1739 2047">
     <span class='ocr_line' id='line_1_94' title="bbox 949 2010 1739 2047; baseline -0.004 -7"><span class='ocrx_word' id='word_1_721' title='bbox 949 2022 1008 2040; x_wconf 87' lang='lat' dir='ltr'><strong>rttnt</strong></span> <span class='ocrx_word' id='word_1_722' title='bbox 1028 2013 1244 2047; x_wconf 79' lang='lat' dir='ltr'><strong>uniuscujusque</strong></span> <span class='ocrx_word' id='word_1_723' title='bbox 1265 2019 1337 2039; x_wconf 89' lang='lat' dir='ltr'><strong>mors</strong></span> <span class='ocrx_word' id='word_1_724' title='bbox 1361 2017 1454 2039; x_wconf 85' lang='lat' dir='ltr'><strong>nostra</strong></span> <span class='ocrx_word' id='word_1_725' title='bbox 1471 2019 1553 2039; x_wconf 87' lang='lat' dir='ltr'><strong>causa</strong></span> <span class='ocrx_word' id='word_1_726' title='bbox 1571 2012 1683 2038; x_wconf 90' lang='lat' dir='ltr'><strong>tolerata</strong></span> <span class='ocrx_word' id='word_1_727' title='bbox 1697 2010 1739 2038; x_wconf 82' lang='lat' dir='ltr'><strong>di-</strong></span> 
     </span>
    </p>
   </div>
   <div class='ocr_carea' id='block_1_95' title="bbox 949 2057 1739 2093">
    <p class='ocr_par' dir='ltr' id='par_1_95' title="bbox 949 2057 1739 2093">
     <span class='ocr_line' id='line_1_95' title="bbox 949 2057 1739 2093; baseline -0.004 -7"><span class='ocrx_word' id='word_1_728' title='bbox 949 2060 1032 2091; x_wconf 79' lang='lat' dir='ltr'><strong>citur,</strong></span> <span class='ocrx_word' id='word_1_729' title='bbox 1048 2059 1096 2087; x_wconf 86' lang='lat' dir='ltr'><strong>sed</strong></span> <span class='ocrx_word' id='word_1_730' title='bbox 1110 2059 1190 2093; x_wconf 87' lang='lat' dir='ltr'><strong>hujus</strong></span> <span class='ocrx_word' id='word_1_731' title='bbox 1202 2059 1333 2086; x_wconf 78' lang='lat' dir='ltr'><strong>duntaxat</strong></span> <span class='ocrx_word' id='word_1_732' title='bbox 1354 2058 1453 2085; x_wconf 83' lang='lat' dir='ltr'><strong>tutius?</strong></span> <span class='ocrx_word' id='word_1_733' title='bbox 1474 2057 1540 2090; x_wconf 82' lang='lat' dir='ltr'><strong>Cur,</strong></span> <span class='ocrx_word' id='word_1_734' title='bbox 1558 2065 1620 2084; x_wconf 88' lang='lat' dir='ltr'><strong>cum</strong></span> <span class='ocrx_word' id='word_1_735' title='bbox 1635 2057 1662 2083; x_wconf 88' lang='lat' dir='ltr'><strong>itt</strong></span> <span class='ocrx_word' id='word_1_736' title='bbox 1683 2057 1739 2084; x_wconf 91' lang='lat' dir='ltr'><strong>sin-</strong></span> 
     </span>
    </p>
   </div>
   <div class='ocr_carea' id='block_1_96' title="bbox 948 2103 1739 2141">
    <p class='ocr_par' dir='ltr' id='par_1_96' title="bbox 948 2103 1739 2141">
     <span class='ocr_line' id='line_1_96' title="bbox 948 2103 1739 2141; baseline -0.004 -9"><span class='ocrx_word' id='word_1_737' title='bbox 948 2106 1027 2141; x_wconf 80' lang='lat' dir='ltr'><strong>gulos</strong></span> <span class='ocrx_word' id='word_1_738' title='bbox 1044 2107 1191 2140; x_wconf 87' lang='lat' dir='ltr'><strong>prophetas</strong></span> <span class='ocrx_word' id='word_1_739' title='bbox 1215 2103 1336 2131; x_wconf 87' lang='lat' dir='ltr'><strong>divinutn</strong></span> <span class='ocrx_word' id='word_1_740' title='bbox 1357 2112 1386 2132; x_wconf 89' lang='lat' dir='ltr'><strong>se</strong></span> <span class='ocrx_word' id='word_1_741' title='bbox 1406 2103 1525 2131; x_wconf 84' lang='lat' dir='ltr'><strong>Verbum</strong></span> <span class='ocrx_word' id='word_1_742' title='bbox 1548 2103 1739 2134; x_wconf 84' lang='lat' dir='ltr'><strong>insinuaverit,</strong></span> 
     </span>
    </p>
   </div>
   <div class='ocr_carea' id='block_1_97' title="bbox 949 2149 1740 2184">
    <p class='ocr_par' dir='ltr' id='par_1_97' title="bbox 949 2149 1740 2184">
     <span class='ocr_line' id='line_1_97' title="bbox 949 2149 1740 2184; baseline -0.004 -6"><span class='ocrx_word' id='word_1_743' title='bbox 949 2151 977 2178; x_wconf 84' lang='lat' dir='ltr'><strong>in</strong></span> <span class='ocrx_word' id='word_1_744' title='bbox 994 2159 1026 2178; x_wconf 86' lang='lat' dir='ltr'><strong>eo</strong></span> <span class='ocrx_word' id='word_1_745' title='bbox 1045 2151 1114 2182; x_wconf 87' lang='lat' dir='ltr'><strong>solo,</strong></span> <span class='ocrx_word' id='word_1_746' title='bbox 1132 2150 1177 2184; x_wconf 91' lang='lat' dir='ltr'><strong>qni</strong></span> <span class='ocrx_word' id='word_1_747' title='bbox 1198 2157 1213 2177; x_wconf 89' lang='lat' dir='ltr'><strong>e</strong></span> <span class='ocrx_word' id='word_1_748' title='bbox 1236 2149 1319 2176; x_wconf 83' lang='lat' dir='ltr'><strong>Maria</strong></span> <span class='ocrx_word' id='word_1_749' title='bbox 1344 2154 1425 2177; x_wconf 86' lang='lat' dir='ltr'><strong>natus</strong></span> <span class='ocrx_word' id='word_1_750' title='bbox 1438 2153 1489 2181; x_wconf 85' lang='lat' dir='ltr'><strong>est,</strong></span> <span class='ocrx_word' id='word_1_751' title='bbox 1513 2150 1540 2176; x_wconf 91' lang='lat' dir='ltr'><strong>in</strong></span> <span class='ocrx_word' id='word_1_752' title='bbox 1566 2156 1740 2176; x_wconf 71' lang='lat' dir='ltr'><strong>consumtna~</strong></span> 
     </span>
    </p>
   </div>
   <div class='ocr_carea' id='block_1_98' title="bbox 949 2195 1737 2226">
    <p class='ocr_par' dir='ltr' id='par_1_98' title="bbox 949 2195 1737 2226">
     <span class='ocr_line' id='line_1_98' title="bbox 949 2195 1737 2226; baseline -0.004 -2"><span class='ocrx_word' id='word_1_753' title='bbox 949 2197 1022 2224; x_wconf 88' lang='lat' dir='ltr'><strong>tione</strong></span> <span class='ocrx_word' id='word_1_754' title='bbox 1043 2196 1205 2224; x_wconf 69' lang='lat' dir='ltr'><strong>sasculornm</strong></span> <span class='ocrx_word' id='word_1_755' title='bbox 1230 2196 1313 2223; x_wconf 91' lang='lat' dir='ltr'><strong>semel</strong></span> <span class='ocrx_word' id='word_1_756' title='bbox 1341 2195 1484 2223; x_wconf 88' lang='lat' dir='ltr'><strong>advenisse</strong></span> <span class='ocrx_word' id='word_1_757' title='bbox 1509 2195 1649 2222; x_wconf 69' lang='lat' dir='ltr'><strong>dicitur’?</strong></span> <span class='ocrx_word' id='word_1_758' title='bbox 1671 2195 1737 2226; x_wconf 82' lang='lat' dir='ltr'><strong>Cur,</strong></span> 
     </span>
    </p>
   </div>
   <div class='ocr_carea' id='block_1_99' title="bbox 950 2241 1740 2276">
    <p class='ocr_par' dir='ltr' id='par_1_99' title="bbox 950 2241 1740 2276">
     <span class='ocr_line' id='line_1_99' title="bbox 950 2241 1740 2276; baseline -0.003 -6"><span class='ocrx_word' id='word_1_759' title='bbox 950 2252 1012 2271; x_wconf 82' lang='lat' dir='ltr'><strong>eum</strong></span> <span class='ocrx_word' id='word_1_760' title='bbox 1025 2244 1119 2270; x_wconf 83' lang='lat' dir='ltr'><strong>eodem</strong></span> <span class='ocrx_word' id='word_1_761' title='bbox 1136 2242 1216 2270; x_wconf 85' lang='lat' dir='ltr'><strong>modo</strong></span> <span class='ocrx_word' id='word_1_762' title='bbox 1229 2250 1259 2270; x_wconf 88' lang='lat' dir='ltr'><strong>se</strong></span> <span class='ocrx_word' id='word_1_763' title='bbox 1271 2242 1298 2269; x_wconf 90' lang='lat' dir='ltr'><strong>in</strong></span> <span class='ocrx_word' id='word_1_764' title='bbox 1312 2242 1387 2269; x_wconf 90' lang='lat' dir='ltr'><strong>illum</strong></span> <span class='ocrx_word' id='word_1_765' title='bbox 1399 2242 1540 2274; x_wconf 88' lang='lat' dir='ltr'><strong>infuderit,</strong></span> <span class='ocrx_word' id='word_1_766' title='bbox 1557 2249 1611 2276; x_wconf 88' lang='lat' dir='ltr'><strong>quo</strong></span> <span class='ocrx_word' id='word_1_767' title='bbox 1625 2241 1653 2268; x_wconf 90' lang='lat' dir='ltr'><strong>itt</strong></span> <span class='ocrx_word' id='word_1_768' title='bbox 1666 2241 1740 2276; x_wconf 82' lang='lat' dir='ltr'><strong>prio-</strong></span> 
     </span>
    </p>
   </div>
   <div class='ocr_carea' id='block_1_100' title="bbox 951 2287 1737 2322">
    <p class='ocr_par' dir='ltr' id='par_1_100' title="bbox 951 2287 1737 2322">
     <span class='ocr_line' id='line_1_100' title="bbox 951 2287 1737 2322; baseline -0.004 -5"><span class='ocrx_word' id='word_1_769' title='bbox 951 2297 995 2317; x_wconf 89' lang='lat' dir='ltr'><strong>res</strong></span> <span class='ocrx_word' id='word_1_770' title='bbox 1010 2296 1106 2316; x_wconf 88' lang='lat' dir='ltr'><strong>omnes</strong></span> <span class='ocrx_word' id='word_1_771' title='bbox 1120 2292 1230 2316; x_wconf 85' lang='lat' dir='ltr'><strong>sanctos</strong></span> <span class='ocrx_word' id='word_1_772' title='bbox 1243 2287 1431 2321; x_wconf 81' lang='lat' dir='ltr'><strong>descenderat,</strong></span> <span class='ocrx_word' id='word_1_773' title='bbox 1448 2287 1545 2322; x_wconf 84' lang='lat' dir='ltr'><strong>reliqui</strong></span> <span class='ocrx_word' id='word_1_774' title='bbox 1557 2295 1652 2314; x_wconf 89' lang='lat' dir='ltr'><strong>omnes</strong></span> <span class='ocrx_word' id='word_1_775' title='bbox 1667 2295 1737 2314; x_wconf 90' lang='lat' dir='ltr'><strong>nou-</strong></span> 
     </span>
    </p>
   </div>
   <div class='ocr_carea' id='block_1_101' title="bbox 949 2331 1738 2369">
    <p class='ocr_par' dir='ltr' id='par_1_101' title="bbox 949 2331 1738 2369">
     <span class='ocr_line' id='line_1_101' title="bbox 949 2331 1738 2369; baseline -0.004 -7"><span class='ocrx_word' id='word_1_776' title='bbox 949 2334 1014 2362; x_wconf 84' lang='lat' dir='ltr'><strong>dum</strong></span> <span class='ocrx_word' id='word_1_777' title='bbox 1029 2337 1091 2369; x_wconf 88' lang='lat' dir='ltr'><strong>post</strong></span> <span class='ocrx_word' id='word_1_778' title='bbox 1107 2337 1220 2361; x_wconf 88' lang='lat' dir='ltr'><strong>ntortem</strong></span> <span class='ocrx_word' id='word_1_779' title='bbox 1235 2336 1427 2366; x_wconf 84' lang='lat' dir='ltr'><strong>surrexerunt;</strong></span> <span class='ocrx_word' id='word_1_780' title='bbox 1443 2332 1519 2360; x_wconf 91' lang='lat' dir='ltr'><strong>solus</strong></span> <span class='ocrx_word' id='word_1_781' title='bbox 1543 2332 1587 2360; x_wconf 90' lang='lat' dir='ltr'><strong>ille</strong></span> <span class='ocrx_word' id='word_1_782' title='bbox 1608 2339 1671 2359; x_wconf 89' lang='lat' dir='ltr'><strong>vero</strong></span> <span class='ocrx_word' id='word_1_783' title='bbox 1691 2331 1738 2366; x_wconf 88' lang='lat' dir='ltr'><strong>qui</strong></span> 
     </span>
    </p>
   </div>
   <div class='ocr_carea' id='block_1_102' title="bbox 949 2377 1740 2414">
    <p class='ocr_par' dir='ltr' id='par_1_102' title="bbox 949 2377 1740 2414">
     <span class='ocr_line' id='line_1_102' title="bbox 949 2377 1740 2414; baseline -0.003 -8"><span class='ocrx_word' id='word_1_784' title='bbox 949 2387 964 2407; x_wconf 89' lang='lat' dir='ltr'><strong>e</strong></span> <span class='ocrx_word' id='word_1_785' title='bbox 978 2378 1061 2406; x_wconf 82' lang='lat' dir='ltr'><strong>Maria</strong></span> <span class='ocrx_word' id='word_1_786' title='bbox 1077 2379 1185 2414; x_wconf 80' lang='lat' dir='ltr'><strong>genitus</strong></span> <span class='ocrx_word' id='word_1_787' title='bbox 1200 2382 1251 2411; x_wconf 87' lang='lat' dir='ltr'><strong>est,</strong></span> <span class='ocrx_word' id='word_1_788' title='bbox 1269 2377 1347 2405; x_wconf 87' lang='lat' dir='ltr'><strong>tertia</strong></span> <span class='ocrx_word' id='word_1_789' title='bbox 1363 2377 1408 2405; x_wconf 86' lang='lat' dir='ltr'><strong>die</strong></span> <span class='ocrx_word' id='word_1_790' title='bbox 1429 2377 1568 2405; x_wconf 77' lang='lat' dir='ltr'><strong>surrexit?</strong></span> <span class='ocrx_word' id='word_1_791' title='bbox 1585 2377 1651 2410; x_wconf 86' lang='lat' dir='ltr'><strong>Cur,</strong></span> <span class='ocrx_word' id='word_1_792' title='bbox 1675 2385 1740 2404; x_wconf 81' lang='lat' dir='ltr'><strong>cunt</strong></span> 
     </span>
    </p>
   </div>
   <div class='ocr_carea' id='block_1_103' title="bbox 949 2423 1740 2460">
    <p class='ocr_par' dir='ltr' id='par_1_103' title="bbox 949 2423 1740 2460">
     <span class='ocr_line' id='line_1_103' title="bbox 949 2423 1740 2460; baseline -0.004 -7"><span class='ocrx_word' id='word_1_793' title='bbox 949 2425 1043 2453; x_wconf 84' lang='lat' dir='ltr'><strong>eadem</strong></span> <span class='ocrx_word' id='word_1_794' title='bbox 1060 2432 1114 2460; x_wconf 85' lang='lat' dir='ltr'><strong>qua</strong></span> <span class='ocrx_word' id='word_1_795' title='bbox 1134 2424 1161 2452; x_wconf 90' lang='lat' dir='ltr'><strong>in</strong></span> <span class='ocrx_word' id='word_1_796' title='bbox 1178 2428 1292 2452; x_wconf 65' lang='lat' dir='ltr'><strong>caeteros</strong></span> <span class='ocrx_word' id='word_1_797' title='bbox 1318 2424 1423 2452; x_wconf 82' lang='lat' dir='ltr'><strong>ratione</strong></span> <span class='ocrx_word' id='word_1_798' title='bbox 1452 2423 1573 2451; x_wconf 67' lang='lat' dir='ltr'><strong>divinum</strong></span> <span class='ocrx_word' id='word_1_799' title='bbox 1589 2423 1654 2451; x_wconf 85' lang='lat' dir='ltr'><strong>illud</strong></span> <span class='ocrx_word' id='word_1_800' title='bbox 1670 2423 1740 2451; x_wconf 89' lang='lat' dir='ltr'><strong>Ver-</strong></span> 
     </span>
    </p>
   </div>
   <div class='ocr_carea' id='block_1_104' title="bbox 950 2469 1740 2507">
    <p class='ocr_par' dir='ltr' id='par_1_104' title="bbox 950 2469 1740 2507">
     <span class='ocr_line' id='line_1_104' title="bbox 950 2469 1740 2507; baseline -0.004 -8"><span class='ocrx_word' id='word_1_801' title='bbox 950 2472 1014 2499; x_wconf 92' lang='lat' dir='ltr'><strong>bum</strong></span> <span class='ocrx_word' id='word_1_802' title='bbox 1026 2471 1166 2507; x_wconf 84' lang='lat' dir='ltr'><strong>delapsum</strong></span> <span class='ocrx_word' id='word_1_803' title='bbox 1179 2470 1225 2502; x_wconf 87' lang='lat' dir='ltr'><strong>sit,</strong></span> <span class='ocrx_word' id='word_1_804' title='bbox 1244 2478 1315 2498; x_wconf 85' lang='lat' dir='ltr'><strong>unus</strong></span> <span class='ocrx_word' id='word_1_805' title='bbox 1329 2470 1373 2498; x_wconf 89' lang='lat' dir='ltr'><strong>ille</strong></span> <span class='ocrx_word' id='word_1_806' title='bbox 1385 2478 1417 2498; x_wconf 83' lang='lat' dir='ltr'><strong>ex</strong></span> <span class='ocrx_word' id='word_1_807' title='bbox 1434 2469 1518 2498; x_wconf 81' lang='lat' dir='ltr'><strong>Maria</strong></span> <span class='ocrx_word' id='word_1_808' title='bbox 1534 2473 1614 2498; x_wconf 88' lang='lat' dir='ltr'><strong>natus</strong></span> <span class='ocrx_word' id='word_1_809' title='bbox 1629 2469 1740 2497; x_wconf 82' lang='lat' dir='ltr'><strong>Emma-</strong></span> 
     </span>
    </p>
   </div>
   <div class='ocr_carea' id='block_1_105' title="bbox 107 2511 1737 2561">
    <p class='ocr_par' dir='ltr' id='par_1_105' title="bbox 107 2511 1737 2561">
     <span class='ocr_line' id='line_1_105' title="bbox 107 2511 1737 2561; baseline 0.006 -24"><span class='ocrx_word' id='word_1_810' title='bbox 107 2511 171 2561; x_wconf 65' lang='lat' dir='ltr'><strong>nttel</strong></span> <span class='ocrx_word' id='word_1_811' title='bbox 189 2511 350 2561; x_wconf 63' lang='lat' dir='ltr'><strong>appellatur,</strong></span> <span class='ocrx_word' id='word_1_812' title='bbox 368 2515 447 2561; x_wconf 68' lang='lat' dir='ltr'><strong>quasi</strong></span> <span class='ocrx_word' id='word_1_813' title='bbox 464 2522 565 2561; x_wconf 74' lang='lat' dir='ltr'><strong>corpus</strong></span> <span class='ocrx_word' id='word_1_814' title='bbox 588 2516 676 2551; x_wconf 89' lang='lat' dir='ltr'><strong>ipsunt</strong></span> <span class='ocrx_word' id='word_1_815' title='bbox 709 2518 851 2548; x_wconf 89' lang='lat' dir='ltr'><strong>divinitate</strong></span> <span class='ocrx_word' id='word_1_816' title='bbox 874 2522 1018 2557; x_wconf 87' lang='lat' dir='ltr'><strong>repletum,</strong></span> <span class='ocrx_word' id='word_1_817' title='bbox 1045 2526 1072 2549; x_wconf 87' lang='lat' dir='ltr'><strong>et</strong></span> <span class='ocrx_word' id='word_1_818' title='bbox 1088 2521 1123 2548; x_wconf 83' lang='lat' dir='ltr'><strong>ab</strong></span> <span class='ocrx_word' id='word_1_819' title='bbox 1136 2528 1169 2549; x_wconf 87' lang='lat' dir='ltr'><strong>ea</strong></span> <span class='ocrx_word' id='word_1_820' title='bbox 1188 2524 1282 2548; x_wconf 88' lang='lat' dir='ltr'><strong>natum</strong></span> <span class='ocrx_word' id='word_1_821' title='bbox 1299 2519 1452 2548; x_wconf 83' lang='lat' dir='ltr'><strong>exstiterit?</strong></span> <span class='ocrx_word' id='word_1_822' title='bbox 1479 2519 1548 2546; x_wconf 85' lang='lat' dir='ltr'><strong>Nam</strong></span> <span class='ocrx_word' id='word_1_823' title='bbox 1578 2518 1737 2546; x_wconf 86' lang='lat' dir='ltr'><strong>Emmanuel</strong></span> 
     </span>
    </p>
   </div>
   <div class='ocr_carea' id='block_1_106' title="bbox 106 2555 1739 2600">
    <p class='ocr_par' dir='ltr' id='par_1_106' title="bbox 106 2555 1739 2600">
     <span class='ocr_line' id='line_1_106' title="bbox 106 2555 1739 2600; baseline 0.005 -18"><span class='ocrx_word' id='word_1_824' title='bbox 106 2555 178 2583; x_wconf 85' lang='lat' dir='ltr'><strong>idem</strong></span> <span class='ocrx_word' id='word_1_825' title='bbox 201 2556 336 2591; x_wconf 70' lang='lat' dir='ltr'><strong>significat</strong></span> <span class='ocrx_word' id='word_1_826' title='bbox 367 2565 399 2586; x_wconf 87' lang='lat' dir='ltr'><strong>ac</strong></span> <span class='ocrx_word' id='word_1_827' title='bbox 413 2558 559 2587; x_wconf 76' lang='lat' dir='ltr'><strong>Nobiscum</strong></span> <span class='ocrx_word' id='word_1_828' title='bbox 585 2561 665 2589; x_wconf 77' lang='lat' dir='ltr'><strong>Deus.</strong></span> <span class='ocrx_word' id='word_1_829' title='bbox 683 2562 748 2596; x_wconf 85' lang='lat' dir='ltr'><strong>Cur,</strong></span> <span class='ocrx_word' id='word_1_830' title='bbox 766 2564 789 2592; x_wconf 90' lang='lat' dir='ltr'><strong>si</strong></span> <span class='ocrx_word' id='word_1_831' title='bbox 808 2565 840 2592; x_wconf 91' lang='lat' dir='ltr'><strong>ad</strong></span> <span class='ocrx_word' id='word_1_832' title='bbox 860 2555 921 2593; x_wconf 85' lang='lat' dir='ltr'><strong>eum</strong></span> <span class='ocrx_word' id='word_1_833' title='bbox 942 2567 1052 2594; x_wconf 88' lang='lat' dir='ltr'><strong>modum</strong></span> <span class='ocrx_word' id='word_1_834' title='bbox 1065 2566 1226 2598; x_wconf 87' lang='lat' dir='ltr'><strong>accesserit,</strong></span> <span class='ocrx_word' id='word_1_835' title='bbox 1241 2573 1304 2592; x_wconf 91' lang='lat' dir='ltr'><strong>eum</strong></span> <span class='ocrx_word' id='word_1_836' title='bbox 1326 2569 1438 2593; x_wconf 85' lang='lat' dir='ltr'><strong>sanctus</strong></span> <span class='ocrx_word' id='word_1_837' title='bbox 1455 2565 1569 2600; x_wconf 85' lang='lat' dir='ltr'><strong>quilibet</strong></span> <span class='ocrx_word' id='word_1_838' title='bbox 1590 2564 1739 2591; x_wconf 86' lang='lat' dir='ltr'><strong>manduca-</strong></span> 
     </span>
    </p>
   </div>
   <div class='ocr_carea' id='block_1_107' title="bbox 106 2602 1738 2647">
    <p class='ocr_par' dir='ltr' id='par_1_107' title="bbox 106 2602 1738 2647">
     <span class='ocr_line' id='line_1_107' title="bbox 106 2602 1738 2647; baseline 0.005 -18"><span class='ocrx_word' id='word_1_839' title='bbox 106 2606 148 2629; x_wconf 86' lang='lat' dir='ltr'><strong>ret</strong></span> <span class='ocrx_word' id='word_1_840' title='bbox 169 2609 203 2630; x_wconf 84' lang='lat' dir='ltr'><strong>ae</strong></span> <span class='ocrx_word' id='word_1_841' title='bbox 233 2602 359 2638; x_wconf 85' lang='lat' dir='ltr'><strong>biberet,</strong></span> <span class='ocrx_word' id='word_1_842' title='bbox 393 2612 498 2633; x_wconf 87' lang='lat' dir='ltr'><strong>necnon</strong></span> <span class='ocrx_word' id='word_1_843' title='bbox 531 2606 689 2643; x_wconf 74' lang='lat' dir='ltr'><strong>fatigaretur</strong></span> <span class='ocrx_word' id='word_1_844' title='bbox 720 2617 752 2637; x_wconf 84' lang='lat' dir='ltr'><strong>ac</strong></span> <span class='ocrx_word' id='word_1_845' title='bbox 773 2617 934 2645; x_wconf 85' lang='lat' dir='ltr'><strong>moreretur,</strong></span> <span class='ocrx_word' id='word_1_846' title='bbox 958 2613 985 2640; x_wconf 91' lang='lat' dir='ltr'><strong>itt</strong></span> <span class='ocrx_word' id='word_1_847' title='bbox 1011 2613 1086 2640; x_wconf 92' lang='lat' dir='ltr'><strong>nullo</strong></span> <span class='ocrx_word' id='word_1_848' title='bbox 1115 2617 1205 2640; x_wconf 88' lang='lat' dir='ltr'><strong>tamen</strong></span> <span class='ocrx_word' id='word_1_849' title='bbox 1231 2612 1347 2640; x_wconf 89' lang='lat' dir='ltr'><strong>Verbum</strong></span> <span class='ocrx_word' id='word_1_850' title='bbox 1382 2612 1472 2647; x_wconf 86' lang='lat' dir='ltr'><strong>ipsum</strong></span> <span class='ocrx_word' id='word_1_851' title='bbox 1501 2611 1662 2642; x_wconf 84' lang='lat' dir='ltr'><strong>comedisse,</strong></span> <span class='ocrx_word' id='word_1_852' title='bbox 1697 2611 1738 2638; x_wconf 89' lang='lat' dir='ltr'><strong>la-</strong></span> 
     </span>
    </p>
   </div>
   <div class='ocr_carea' id='block_1_108' title="bbox 107 2649 1738 2692">
    <p class='ocr_par' dir='ltr' id='par_1_108' title="bbox 107 2649 1738 2692">
     <span class='ocr_line' id='line_1_108' title="bbox 107 2649 1738 2692; baseline 0.004 -17"><span class='ocrx_word' id='word_1_853' title='bbox 107 2649 230 2682; x_wconf 80' lang='lat' dir='ltr'><strong>borasse,</strong></span> <span class='ocrx_word' id='word_1_854' title='bbox 248 2654 362 2678; x_wconf 91' lang='lat' dir='ltr'><strong>mortem</strong></span> <span class='ocrx_word' id='word_1_855' title='bbox 380 2651 498 2686; x_wconf 89' lang='lat' dir='ltr'><strong>deniqtte</strong></span> <span class='ocrx_word' id='word_1_856' title='bbox 521 2651 640 2680; x_wconf 76' lang='lat' dir='ltr'><strong>Subiissc</strong></span> <span class='ocrx_word' id='word_1_857' title='bbox 660 2653 771 2687; x_wconf 89' lang='lat' dir='ltr'><strong>dicitur,</strong></span> <span class='ocrx_word' id='word_1_858' title='bbox 791 2657 842 2683; x_wconf 93' lang='lat' dir='ltr'><strong>nisi</strong></span> <span class='ocrx_word' id='word_1_859' title='bbox 868 2657 894 2683; x_wconf 89' lang='lat' dir='ltr'><strong>itt</strong></span> <span class='ocrx_word' id='word_1_860' title='bbox 914 2665 946 2684; x_wconf 93' lang='lat' dir='ltr'><strong>co</strong></span> <span class='ocrx_word' id='word_1_861' title='bbox 961 2657 1029 2689; x_wconf 88' lang='lat' dir='ltr'><strong>solo,</strong></span> <span class='ocrx_word' id='word_1_862' title='bbox 1042 2665 1122 2692; x_wconf 91' lang='lat' dir='ltr'><strong>quem</strong></span> <span class='ocrx_word' id='word_1_863' title='bbox 1140 2657 1223 2684; x_wconf 83' lang='lat' dir='ltr'><strong>Maria</strong></span> <span class='ocrx_word' id='word_1_864' title='bbox 1238 2656 1321 2692; x_wconf 79' lang='lat' dir='ltr'><strong>Virgo</strong></span> <span class='ocrx_word' id='word_1_865' title='bbox 1337 2657 1461 2692; x_wconf 84' lang='lat' dir='ltr'><strong>peperit?</strong></span> <span class='ocrx_word' id='word_1_866' title='bbox 1484 2656 1551 2690; x_wconf 69' lang='lat' dir='ltr'><strong>Qum</strong></span> <span class='ocrx_word' id='word_1_867' title='bbox 1571 2657 1642 2683; x_wconf 91' lang='lat' dir='ltr'><strong>enim</strong></span> <span class='ocrx_word' id='word_1_868' title='bbox 1676 2664 1738 2682; x_wconf 89' lang='lat' dir='ltr'><strong>eor-</strong></span> 
     </span>
    </p>
   </div>
   <div class='ocr_carea' id='block_1_109' title="bbox 108 2698 1738 2741">
    <p class='ocr_par' dir='ltr' id='par_1_109' title="bbox 108 2698 1738 2741">
     <span class='ocr_line' id='line_1_109' title="bbox 108 2698 1738 2741; baseline 0.002 -13"><span class='ocrx_word' id='word_1_869' title='bbox 108 2705 160 2732; x_wconf 73' lang='grc' dir='ltr'><strong>ρυε</strong></span> <span class='ocrx_word' id='word_1_870' title='bbox 176 2698 265 2733; x_wconf 83' lang='lat' dir='ltr'><strong>ipsum</strong></span> <span class='ocrx_word' id='word_1_871' title='bbox 292 2706 451 2734; x_wconf 86' lang='lat' dir='ltr'><strong>perpessum</strong></span> <span class='ocrx_word' id='word_1_872' title='bbox 475 2705 527 2734; x_wconf 86' lang='lat' dir='ltr'><strong>est,</strong></span> <span class='ocrx_word' id='word_1_873' title='bbox 549 2701 605 2728; x_wconf 57' lang='lat' dir='ltr'><strong>hac</strong></span> <span class='ocrx_word' id='word_1_874' title='bbox 630 2702 667 2728; x_wconf 93' lang='lat' dir='ltr'><strong>illi</strong></span> <span class='ocrx_word' id='word_1_875' title='bbox 696 2703 808 2738; x_wconf 85' lang='lat' dir='ltr'><strong>perinde</strong></span> <span class='ocrx_word' id='word_1_876' title='bbox 828 2712 861 2732; x_wconf 82' lang='lat' dir='ltr'><strong>ac</strong></span> <span class='ocrx_word' id='word_1_877' title='bbox 884 2705 907 2733; x_wconf 84' lang='lat' dir='ltr'><strong>si</strong></span> <span class='ocrx_word' id='word_1_878' title='bbox 937 2713 1049 2741; x_wconf 87' lang='lat' dir='ltr'><strong>passunt</strong></span> <span class='ocrx_word' id='word_1_879' title='bbox 1072 2709 1144 2733; x_wconf 86' lang='lat' dir='ltr'><strong>esset</strong></span> <span class='ocrx_word' id='word_1_880' title='bbox 1164 2705 1331 2732; x_wconf 85' lang='lat' dir='ltr'><strong>tribuuntur.</strong></span> <span class='ocrx_word' id='word_1_881' title='bbox 1360 2704 1457 2735; x_wconf 84' lang='lat' dir='ltr'><strong>Porro,</strong></span> <span class='ocrx_word' id='word_1_882' title='bbox 1477 2712 1539 2732; x_wconf 89' lang='lat' dir='ltr'><strong>cum</strong></span> <span class='ocrx_word' id='word_1_883' title='bbox 1567 2705 1600 2731; x_wconf 88' lang='lat' dir='ltr'><strong>de</strong></span> <span class='ocrx_word' id='word_1_884' title='bbox 1630 2704 1738 2731; x_wconf 68' lang='lat' dir='ltr'><strong>cmtcris</strong></span> 
     </span>
    </p>
   </div>
   <div class='ocr_carea' id='block_1_110' title="bbox 109 2746 1737 2826">
    <p class='ocr_par' dir='ltr' id='par_1_110' title="bbox 109 2746 1737 2826">
     <span class='ocr_line' id='line_1_110' title="bbox 109 2746 1737 2826; baseline 0.004 -54"><span class='ocrx_word' id='word_1_885' title='bbox 109 2753 200 2826; x_wconf 71' lang='lat' dir='ltr'><strong>unumr</strong></span> <span class='ocrx_word' id='word_1_886' title='bbox 215 2746 280 2773; x_wconf 88' lang='lat' dir='ltr'><strong>illud</strong></span> <span class='ocrx_word' id='word_1_887' title='bbox 298 2747 397 2781; x_wconf 85' lang='lat' dir='ltr'><strong>jactari</strong></span> <span class='ocrx_word' id='word_1_888' title='bbox 413 2748 678 2784; x_wconf 88' lang='lat' dir='ltr'><strong>soleat,-productos</strong></span> <span class='ocrx_word' id='word_1_889' title='bbox 695 2751 756 2778; x_wconf 92' lang='lat' dir='ltr'><strong>illos</strong></span> <span class='ocrx_word' id='word_1_890' title='bbox 777 2759 809 2780; x_wconf 85' lang='lat' dir='ltr'><strong>ac</strong></span> <span class='ocrx_word' id='word_1_891' title='bbox 826 2753 932 2788; x_wconf 80' lang='lat' dir='ltr'><strong>genitos</strong></span> <span class='ocrx_word' id='word_1_892' title='bbox 947 2753 1044 2786; x_wconf 83' lang='lat' dir='ltr'><strong>fuisse,</strong></span> <span class='ocrx_word' id='word_1_893' title='bbox 1060 2753 1094 2781; x_wconf 91' lang='lat' dir='ltr'><strong>de</strong></span> <span class='ocrx_word' id='word_1_894' title='bbox 1120 2753 1179 2781; x_wconf 91' lang='lat' dir='ltr'><strong>solo</strong></span> <span class='ocrx_word' id='word_1_895' title='bbox 1206 2752 1298 2780; x_wconf 77' lang='lat' dir='ltr'><strong>Mariae</strong></span> <span class='ocrx_word' id='word_1_896' title='bbox 1319 2753 1374 2780; x_wconf 82' lang='lat' dir='ltr'><strong>tilio</strong></span> <span class='ocrx_word' id='word_1_897' title='bbox 1398 2753 1499 2780; x_wconf 81' lang='lat' dir='ltr'><strong>dicitur</strong></span> <span class='ocrx_word' id='word_1_898' title='bbox 1523 2761 1530 2779; x_wconf 94' lang='lat'>:</span> <span class='ocrx_word' id='word_1_899' title='bbox 1569 2750 1603 2777; x_wconf 77' lang='lat' dir='ltr'><strong>Et</strong></span> <span class='ocrx_word' id='word_1_900' title='bbox 1626 2751 1737 2778; x_wconf 78' lang='lat' dir='ltr'><strong>Verbum</strong></span> 
     </span>
     <span class='ocr_line' id='line_1_111' title="bbox 109 2793 379 2818; baseline -0.004 0"><span class='ocrx_word' id='word_1_901' title='bbox 109 2800 172 2818; x_wconf 80' lang='lat' dir='ltr'><strong>caro</strong></span> <span class='ocrx_word' id='word_1_902' title='bbox 199 2797 287 2818; x_wconf 80' lang='lat' dir='ltr'><strong>actum</strong></span> <span class='ocrx_word' id='word_1_903' title='bbox 301 2797 339 2818; x_wconf 67' lang='lat' dir='ltr'><strong>ext</strong></span> <span class='ocrx_word' id='word_1_904' title='bbox 358 2793 379 2818; x_wconf 78' lang='grc'><strong>⁸.</strong></span> 
     </span>
    </p>
   </div>
   <div class='ocr_carea' id='block_1_111' title="bbox 108 2793 379 2818">
    <p class='ocr_par' dir='ltr' id='par_1_111' title="bbox 108 2793 379 2818">
     <span class='ocr_line' id='line_1_112' title="bbox 108 2793 379 2818; baseline -0.004 0"><span class='ocrx_word' id='word_1_905' title='bbox 108 2800 172 2818; x_wconf 80' lang='lat' dir='ltr'><strong>caro</strong></span> <span class='ocrx_word' id='word_1_906' title='bbox 186 2793 287 2818; x_wconf 80' lang='lat' dir='ltr'><strong>factum</strong></span> <span class='ocrx_word' id='word_1_907' title='bbox 301 2797 339 2818; x_wconf 67' lang='lat' dir='ltr'><strong>ext</strong></span> <span class='ocrx_word' id='word_1_908' title='bbox 358 2793 379 2818; x_wconf 78' lang='grc'><strong>⁸.</strong></span> 
     </span>
    </p>
   </div>
   <div class='ocr_carea' id='block_1_112' title="bbox 145 2859 896 2897">
    <p class='ocr_par' dir='ltr' id='par_1_112' title="bbox 145 2859 896 2897">
     <span class='ocr_line' id='line_1_113' title="bbox 145 2859 896 2897; baseline 0.005 -13"><span class='ocrx_word' id='word_1_909' title='bbox 145 2859 153 2875; x_wconf 87' lang='grc'>¹</span> <span class='ocrx_word' id='word_1_910' title='bbox 169 2868 212 2897; x_wconf 65' lang='grc' dir='ltr'>γρ.</span> <span class='ocrx_word' id='word_1_911' title='bbox 227 2859 359 2897; x_wconf 74' lang='grc' dir='ltr'>ὲσκότιτε.</span> <span class='ocrx_word' id='word_1_912' title='bbox 399 2860 408 2874; x_wconf 83' lang='grc'>¹</span> <span class='ocrx_word' id='word_1_913' title='bbox 429 2859 599 2897; x_wconf 42' lang='lat' dir='ltr'><strong>Masintham</strong></span> <span class='ocrx_word' id='word_1_914' title='bbox 609 2860 643 2887; x_wconf 87' lang='lat' dir='ltr'><strong>ab</strong></span> <span class='ocrx_word' id='word_1_915' title='bbox 654 2861 773 2889; x_wconf 87' lang='lat' dir='ltr'><strong>editione</strong></span> <span class='ocrx_word' id='word_1_916' title='bbox 786 2862 896 2888; x_wconf 75' lang='lat' dir='ltr'><strong>Athana:</strong></span> 
     </span>
    </p>
   </div>
   <div class='ocr_carea' id='block_1_113' title="bbox 947 2859 1736 2897">
    <p class='ocr_par' dir='ltr' id='par_1_113' title="bbox 974 2862 1736 2897">
     <span class='ocr_line' id='line_1_114' title="bbox 974 2862 1736 2897; baseline 0.001 -6"><span class='ocrx_word' id='word_1_917' title='bbox 974 2863 985 2879; x_wconf 85' lang='grc'><strong><em>³</em></strong></span> <span class='ocrx_word' id='word_1_918' title='bbox 1001 2863 1052 2891; x_wconf 81' lang='lat' dir='ltr'><strong>lsa.</strong></span> <span class='ocrx_word' id='word_1_919' title='bbox 1068 2863 1095 2896; x_wconf 83' lang='lat'><strong>7,</strong></span> <span class='ocrx_word' id='word_1_920' title='bbox 1110 2863 1159 2897; x_wconf 65' lang='lat' dir='ltr'><strong>l4;</strong></span> <span class='ocrx_word' id='word_1_921' title='bbox 1179 2862 1274 2891; x_wconf 85' lang='lat' dir='ltr'><strong>Matth.</strong></span> <span class='ocrx_word' id='word_1_922' title='bbox 1292 2871 1312 2896; x_wconf 89' lang='grc' dir='ltr'><strong>ι,</strong></span> <span class='ocrx_word' id='word_1_923' title='bbox 1323 2863 1368 2890; x_wconf 69' lang='grc'><strong>23.</strong></span> <span class='ocrx_word' id='word_1_924' title='bbox 1406 2863 1416 2879; x_wconf 70' lang='grc'>⁸</span> <span class='ocrx_word' id='word_1_925' title='bbox 1431 2863 1557 2896; x_wconf 79' lang='lat' dir='ltr'><strong>Rom.tx,</strong></span> <span class='ocrx_word' id='word_1_926' title='bbox 1570 2863 1596 2891; x_wconf 67' lang='grc' dir='ltr'><strong>ὃ.</strong></span> <span class='ocrx_word' id='word_1_927' title='bbox 1634 2864 1645 2880; x_wconf 85' lang='grc'><strong><em>⁸</em></strong></span> <span class='ocrx_word' id='word_1_928' title='bbox 1657 2863 1736 2892; x_wconf 74' lang='lat' dir='ltr'><strong>Jeatt.</strong></span> 
     </span>
    </p>
   </div>
   <div class='ocr_carea' id='block_1_114' title="bbox 102 2893 896 2930">
    <p class='ocr_par' dir='ltr' id='par_1_114' title="bbox 102 2893 884 2930">
     <span class='ocr_line' id='line_1_115' title="bbox 102 2893 884 2930; baseline 0.005 -9"><span class='ocrx_word' id='word_1_929' title='bbox 102 2902 156 2930; x_wconf 56' lang='lat' dir='ltr'><strong>ax,</strong></span> <span class='ocrx_word' id='word_1_930' title='bbox 169 2893 214 2922; x_wconf 70' lang='grc'><strong>28.</strong></span> <span class='ocrx_word' id='word_1_931' title='bbox 252 2895 262 2908; x_wconf 79' lang='grc'><strong>⁶</strong></span> <span class='ocrx_word' id='word_1_932' title='bbox 276 2893 342 2921; x_wconf 80' lang='lat' dir='ltr'><strong>Luc.</strong></span> <span class='ocrx_word' id='word_1_933' title='bbox 359 2901 435 2926; x_wconf 76' lang='lat' dir='ltr'><strong>unt,</strong></span> <span class='ocrx_word' id='word_1_934' title='bbox 448 2895 491 2921; x_wconf 66' lang='lat' dir='ltr'><strong>ib.</strong></span> <span class='ocrx_word' id='word_1_935' title='bbox 529 2895 538 2909; x_wconf 90' lang='grc'>⁷</span> <span class='ocrx_word' id='word_1_936' title='bbox 554 2895 634 2923; x_wconf 89' lang='lat' dir='ltr'><strong>llebr.</strong></span> <span class='ocrx_word' id='word_1_937' title='bbox 655 2898 744 2930; x_wconf 77' lang='lat' dir='ltr'><strong>tx,‘26.</strong></span> <span class='ocrx_word' id='word_1_938' title='bbox 782 2897 793 2913; x_wconf 89' lang='grc'><strong><em>⁸</em></strong></span> <span class='ocrx_word' id='word_1_939' title='bbox 807 2897 884 2926; x_wconf 79' lang='lat' dir='ltr'><strong>Joan.</strong></span> 
     </span>
    </p>
   </div>
   <div class='ocr_carea' id='block_1_115' title="bbox 947 2893 979 2930">
    <p class='ocr_par' dir='ltr' id='par_1_115' title="bbox 947 2898 979 2925">
     <span class='ocr_line' id='line_1_116' title="bbox 947 2898 979 2925; baseline 0 0"><span class='ocrx_word' id='word_1_940' title='bbox 947 2898 979 2925; x_wconf 19' lang='lat' dir='ltr'><strong>tl.</strong></span> 
     </span>
    </p>
   </div>
  </div>
