  <div class='ocr_page' id='page_1' title='image "/cluster/home/n/w/nwhite01/storage/ocr_20150623/42/njp.32101077772588/343.png"; bbox 0 0 1945 3043; ppageno 0'>
   <div class='ocr_carea' id='block_1_1' title="bbox 187 139 239 168">
    <p class='ocr_par' dir='ltr' id='par_1_1' title="bbox 187 139 239 168">
     <span class='ocr_line' id='line_1_1' title="bbox 187 139 239 168; baseline 0 -1"><span class='ocrx_word' id='word_1_1' title='bbox 187 139 239 168; x_wconf 69' lang='lat'><strong>059</strong></span> 
     </span>
    </p>
   </div>
   <div class='ocr_carea' id='block_1_2' title="bbox 897 139 1119 169">
    <p class='ocr_par' dir='ltr' id='par_1_2' title="bbox 897 139 1119 169">
     <span class='ocr_line' id='line_1_2' title="bbox 897 139 1119 169; baseline -0.005 -1"><span class='ocrx_word' id='word_1_2' title='bbox 897 139 927 169; x_wconf 89' lang='lat' dir='ltr'><strong>S.</strong></span> <span class='ocrx_word' id='word_1_3' title='bbox 948 139 1119 168; x_wconf 78' lang='lat' dir='ltr'><strong>EPIPHANII</strong></span> 
     </span>
    </p>
   </div>
   <div class='ocr_carea' id='block_1_3' title="bbox 1773 139 1828 167">
    <p class='ocr_par' dir='ltr' id='par_1_3' title="bbox 1773 139 1828 167">
     <span class='ocr_line' id='line_1_3' title="bbox 1773 139 1828 167; baseline 0.036 -2"><span class='ocrx_word' id='word_1_4' title='bbox 1773 139 1828 167; x_wconf 75' lang='lat'><strong>660</strong></span> 
     </span>
    </p>
   </div>
   <div class='ocr_carea' id='block_1_4' title="bbox 226 195 995 238">
    <p class='ocr_par' dir='ltr' id='par_1_4' title="bbox 226 199 981 238">
     <span class='ocr_line' id='line_1_4' title="bbox 226 199 981 238; baseline -0.001 -10"><span class='ocrx_word' id='word_1_5' title='bbox 226 202 331 238; x_wconf 76' lang='lat'><strong>1007</strong></span> <span class='ocrx_word' id='word_1_6' title='bbox 352 199 420 230; x_wconf 78' lang='lat' dir='ltr'>XIII.</span> <span class='ocrx_word' id='word_1_7' title='bbox 452 200 490 229; x_wconf 78' lang='lat' dir='ltr'><strong>Ex</strong></span> <span class='ocrx_word' id='word_1_8' title='bbox 515 200 615 238; x_wconf 84' lang='lat' dir='ltr'><strong>quibus</strong></span> <span class='ocrx_word' id='word_1_9' title='bbox 647 200 788 229; x_wconf 86' lang='lat' dir='ltr'><strong>evidenter</strong></span> <span class='ocrx_word' id='word_1_10' title='bbox 817 200 981 233; x_wconf 73' lang='lat' dir='ltr'><strong>ostenditur,</strong></span> 
     </span>
    </p>
   </div>
   <div class='ocr_carea' id='block_1_5' title="bbox 1048 195 1829 238">
    <p class='ocr_par' dir='ltr' id='par_1_5' title="bbox 1070 195 1829 235">
     <span class='ocr_line' id='line_1_5' title="bbox 1070 195 1829 235; baseline -0.003 -9"><span class='ocrx_word' id='word_1_11' title='bbox 1070 200 1119 227; x_wconf 85' lang='lat' dir='ltr'><strong>Il&quot;.</strong></span> <span class='ocrx_word' id='word_1_12' title='bbox 1134 198 1180 232; x_wconf 79' lang='grc' dir='ltr'><strong>Ἐξ</strong></span> <span class='ocrx_word' id='word_1_13' title='bbox 1203 195 1242 226; x_wconf 81' lang='grc' dir='ltr'>ὧν</span> <span class='ocrx_word' id='word_1_14' title='bbox 1263 198 1410 232; x_wconf 82' lang='grc' dir='ltr'><strong>δείκνυται,</strong></span> <span class='ocrx_word' id='word_1_15' title='bbox 1422 199 1464 226; x_wconf 80' lang='grc' dir='ltr'>ὅτι</span> <span class='ocrx_word' id='word_1_16' title='bbox 1486 198 1555 235; x_wconf 70' lang='grc' dir='ltr'>πρὸς</span> <span class='ocrx_word' id='word_1_17' title='bbox 1577 197 1627 234; x_wconf 74' lang='grc' dir='ltr'><strong>μὲν</strong></span> <span class='ocrx_word' id='word_1_18' title='bbox 1646 197 1710 230; x_wconf 77' lang='grc' dir='ltr'>τοὺς</span> <span class='ocrx_word' id='word_1_19' title='bbox 1729 197 1829 229; x_wconf 76' lang='grc' dir='ltr'>ἄλλους</span> 
     </span>
    </p>
   </div>
   <div class='ocr_carea' id='block_1_6' title="bbox 190 240 985 284">
    <p class='ocr_par' dir='ltr' id='par_1_6' title="bbox 190 240 985 284">
     <span class='ocr_line' id='line_1_6' title="bbox 190 240 985 284; baseline -0.001 -9"><span class='ocrx_word' id='word_1_20' title='bbox 190 256 252 275; x_wconf 86' lang='lat' dir='ltr'><strong>eum</strong></span> <span class='ocrx_word' id='word_1_21' title='bbox 269 249 295 276; x_wconf 90' lang='lat' dir='ltr'><strong>in</strong></span> <span class='ocrx_word' id='word_1_22' title='bbox 311 248 432 284; x_wconf 85' lang='lat' dir='ltr'><strong>reliquos</strong></span> <span class='ocrx_word' id='word_1_23' title='bbox 448 240 618 275; x_wconf 68' lang='lat' dir='ltr'><strong>vaticinandi</strong></span> <span class='ocrx_word' id='word_1_24' title='bbox 641 247 729 276; x_wconf 88' lang='lat' dir='ltr'><strong>solum</strong></span> <span class='ocrx_word' id='word_1_25' title='bbox 747 247 835 283; x_wconf 72' lang='lat' dir='ltr'><strong>gratia</strong></span> <span class='ocrx_word' id='word_1_26' title='bbox 855 254 916 275; x_wconf 89' lang='lat' dir='ltr'><strong>sese</strong></span> <span class='ocrx_word' id='word_1_27' title='bbox 937 245 985 274; x_wconf 79' lang='lat' dir='ltr'><strong>Dei</strong></span> 
     </span>
    </p>
   </div>
   <div class='ocr_carea' id='block_1_7' title="bbox 192 293 986 329">
    <p class='ocr_par' dir='ltr' id='par_1_7' title="bbox 192 293 986 329">
     <span class='ocr_line' id='line_1_7' title="bbox 192 293 986 329; baseline -0.001 -9"><span class='ocrx_word' id='word_1_28' title='bbox 192 294 308 322; x_wconf 81' lang='lat' dir='ltr'><strong>Verbum</strong></span> <span class='ocrx_word' id='word_1_29' title='bbox 326 294 465 326; x_wconf 83' lang='lat' dir='ltr'><strong>infuderit.</strong></span> <span class='ocrx_word' id='word_1_30' title='bbox 483 294 553 322; x_wconf 83' lang='lat' dir='ltr'><strong>idem</strong></span> <span class='ocrx_word' id='word_1_31' title='bbox 574 293 664 329; x_wconf 87' lang='lat' dir='ltr'><strong>ipsum</strong></span> <span class='ocrx_word' id='word_1_32' title='bbox 679 301 694 321; x_wconf 92' lang='lat' dir='ltr'><strong>c</strong></span> <span class='ocrx_word' id='word_1_33' title='bbox 716 293 800 321; x_wconf 79' lang='lat' dir='ltr'><strong>Maria</strong></span> <span class='ocrx_word' id='word_1_34' title='bbox 822 299 905 320; x_wconf 86' lang='lat' dir='ltr'><strong>carne</strong></span> <span class='ocrx_word' id='word_1_35' title='bbox 924 300 986 320; x_wconf 89' lang='lat' dir='ltr'><strong>sus-</strong></span> 
     </span>
    </p>
   </div>
   <div class='ocr_carea' id='block_1_8' title="bbox 190 339 986 376">
    <p class='ocr_par' dir='ltr' id='par_1_8' title="bbox 190 339 986 376">
     <span class='ocr_line' id='line_1_8' title="bbox 190 339 986 376; baseline 0 -10"><span class='ocrx_word' id='word_1_36' title='bbox 190 345 268 376; x_wconf 75' lang='lat' dir='ltr'><strong>cepta</strong></span> <span class='ocrx_word' id='word_1_37' title='bbox 284 341 419 368; x_wconf 80' lang='lat' dir='ltr'><strong>hominem</strong></span> <span class='ocrx_word' id='word_1_38' title='bbox 433 340 574 376; x_wconf 87' lang='lat' dir='ltr'><strong>prodiisse.</strong></span> <span class='ocrx_word' id='word_1_39' title='bbox 595 340 647 373; x_wconf 75' lang='lat' dir='ltr'><strong>Qui</strong></span> <span class='ocrx_word' id='word_1_40' title='bbox 661 345 689 368; x_wconf 89' lang='lat' dir='ltr'><strong>et</strong></span> <span class='ocrx_word' id='word_1_41' title='bbox 704 344 802 368; x_wconf 84' lang='lat' dir='ltr'><strong>natura</strong></span> <span class='ocrx_word' id='word_1_42' title='bbox 815 339 986 368; x_wconf 84' lang='lat' dir='ltr'><strong>substantia-</strong></span> 
     </span>
    </p>
   </div>
   <div class='ocr_carea' id='block_1_9' title="bbox 191 385 987 422">
    <p class='ocr_par' dir='ltr' id='par_1_9' title="bbox 191 385 987 422">
     <span class='ocr_line' id='line_1_9' title="bbox 191 385 987 422; baseline 0 -9"><span class='ocrx_word' id='word_1_43' title='bbox 191 395 244 422; x_wconf 85' lang='lat' dir='ltr'><strong>que</strong></span> <span class='ocrx_word' id='word_1_44' title='bbox 261 386 304 414; x_wconf 88' lang='lat' dir='ltr'><strong>Dei</strong></span> <span class='ocrx_word' id='word_1_45' title='bbox 324 386 438 413; x_wconf 76' lang='lat' dir='ltr'><strong>Verbum</strong></span> <span class='ocrx_word' id='word_1_46' title='bbox 453 391 521 420; x_wconf 79' lang='lat' dir='ltr'><strong>crat,</strong></span> <span class='ocrx_word' id='word_1_47' title='bbox 537 390 574 419; x_wconf 86' lang='lat' dir='ltr'><strong>et,</strong></span> <span class='ocrx_word' id='word_1_48' title='bbox 588 385 660 421; x_wconf 90' lang='lat' dir='ltr'><strong>quod</strong></span> <span class='ocrx_word' id='word_1_49' title='bbox 675 387 708 413; x_wconf 91' lang='lat' dir='ltr'><strong>ad</strong></span> <span class='ocrx_word' id='word_1_50' title='bbox 725 393 836 414; x_wconf 87' lang='lat' dir='ltr'><strong>carnem</strong></span> <span class='ocrx_word' id='word_1_51' title='bbox 850 386 957 417; x_wconf 88' lang='lat' dir='ltr'><strong>attinet,</strong></span> <span class='ocrx_word' id='word_1_52' title='bbox 971 392 987 413; x_wconf 87' lang='lat' dir='ltr'><strong>e</strong></span> 
     </span>
    </p>
   </div>
   <div class='ocr_carea' id='block_1_10' title="bbox 194 431 985 468">
    <p class='ocr_par' dir='ltr' id='par_1_10' title="bbox 194 431 985 468">
     <span class='ocr_line' id='line_1_10' title="bbox 194 431 985 468; baseline 0 -9"><span class='ocrx_word' id='word_1_53' title='bbox 194 432 302 460; x_wconf 85' lang='lat' dir='ltr'><strong>Davidis</strong></span> <span class='ocrx_word' id='word_1_54' title='bbox 329 433 424 468; x_wconf 84' lang='lat' dir='ltr'><strong>stirpe,</strong></span> <span class='ocrx_word' id='word_1_55' title='bbox 452 432 597 468; x_wconf 82' lang='lat' dir='ltr'><strong>Mariaeque</strong></span> <span class='ocrx_word' id='word_1_56' title='bbox 621 439 704 459; x_wconf 86' lang='lat' dir='ltr'><strong>carne</strong></span> <span class='ocrx_word' id='word_1_57' title='bbox 726 436 806 459; x_wconf 90' lang='lat' dir='ltr'><strong>natus</strong></span> <span class='ocrx_word' id='word_1_58' title='bbox 830 436 872 459; x_wconf 86' lang='lat' dir='ltr'><strong>est</strong></span> <span class='ocrx_word' id='word_1_59' title='bbox 892 431 985 464; x_wconf 85' lang='lat' dir='ltr'><strong>homo,</strong></span> 
     </span>
    </p>
   </div>
   <div class='ocr_carea' id='block_1_11' title="bbox 192 476 987 514">
    <p class='ocr_par' dir='ltr' id='par_1_11' title="bbox 192 476 987 514">
     <span class='ocr_line' id='line_1_11' title="bbox 192 476 987 514; baseline 0 -10"><span class='ocrx_word' id='word_1_60' title='bbox 192 478 420 514; x_wconf 85' lang='lat' dir='ltr'><strong>quemadmodum</strong></span> <span class='ocrx_word' id='word_1_61' title='bbox 444 478 565 506; x_wconf 73' lang='lat' dir='ltr'><strong>declarat</strong></span> <span class='ocrx_word' id='word_1_62' title='bbox 579 478 726 514; x_wconf 78' lang='lat' dir='ltr'><strong>Apostolus</strong></span> <span class='ocrx_word' id='word_1_63' title='bbox 739 477 757 505; x_wconf 88' lang='grc'><strong>¹.</strong></span> <span class='ocrx_word' id='word_1_64' title='bbox 783 477 860 505; x_wconf 88' lang='lat' dir='ltr'><strong>lquc</strong></span> <span class='ocrx_word' id='word_1_65' title='bbox 877 477 904 505; x_wconf 89' lang='lat' dir='ltr'><strong>in</strong></span> <span class='ocrx_word' id='word_1_66' title='bbox 926 476 987 504; x_wconf 87' lang='lat' dir='ltr'><strong>Jor-</strong></span> 
     </span>
    </p>
   </div>
   <div class='ocr_carea' id='block_1_12' title="bbox 192 523 987 559">
    <p class='ocr_par' dir='ltr' id='par_1_12' title="bbox 192 523 987 559">
     <span class='ocr_line' id='line_1_12' title="bbox 192 523 987 559; baseline -0.001 -8"><span class='ocrx_word' id='word_1_67' title='bbox 192 524 280 552; x_wconf 84' lang='lat' dir='ltr'><strong>dane’</strong></span> <span class='ocrx_word' id='word_1_68' title='bbox 294 529 375 559; x_wconf 80' lang='lat' dir='ltr'><strong>atque</strong></span> <span class='ocrx_word' id='word_1_69' title='bbox 391 525 417 551; x_wconf 91' lang='lat' dir='ltr'><strong>in</strong></span> <span class='ocrx_word' id='word_1_70' title='bbox 438 524 545 552; x_wconf 75' lang='lat' dir='ltr'><strong>monte’</strong></span> <span class='ocrx_word' id='word_1_71' title='bbox 566 524 646 552; x_wconf 81' lang='lat' dir='ltr'><strong>Pater</strong></span> <span class='ocrx_word' id='word_1_72' title='bbox 661 523 858 551; x_wconf 82' lang='lat' dir='ltr'><strong>demonstravit</strong></span> <span class='ocrx_word' id='word_1_73' title='bbox 871 524 912 551; x_wconf 91' lang='lat' dir='ltr'><strong>his</strong></span> <span class='ocrx_word' id='word_1_74' title='bbox 925 531 987 551; x_wconf 90' lang='lat' dir='ltr'><strong>ver-</strong></span> 
     </span>
    </p>
   </div>
   <div class='ocr_carea' id='block_1_13' title="bbox 194 570 987 605">
    <p class='ocr_par' dir='ltr' id='par_1_13' title="bbox 194 570 987 605">
     <span class='ocr_line' id='line_1_13' title="bbox 194 570 987 605; baseline -0.001 -8"><span class='ocrx_word' id='word_1_75' title='bbox 194 570 237 598; x_wconf 76' lang='lat' dir='ltr'><strong>bis</strong></span> <span class='ocrx_word' id='word_1_76' title='bbox 255 579 262 597; x_wconf 88' lang='lat'><strong>:</strong></span> <span class='ocrx_word' id='word_1_77' title='bbox 281 570 331 597; x_wconf 86' lang='lat' dir='ltr'><strong>Hic</strong></span> <span class='ocrx_word' id='word_1_78' title='bbox 347 576 386 598; x_wconf 78' lang='lat' dir='ltr'><strong>est</strong></span> <span class='ocrx_word' id='word_1_79' title='bbox 404 570 492 598; x_wconf 75' lang='lat' dir='ltr'><strong>Filius</strong></span> <span class='ocrx_word' id='word_1_80' title='bbox 509 579 581 598; x_wconf 83' lang='lat' dir='ltr'><strong>meus</strong></span> <span class='ocrx_word' id='word_1_81' title='bbox 597 570 717 603; x_wconf 74' lang='lat' dir='ltr'><strong>dilectus,</strong></span> <span class='ocrx_word' id='word_1_82' title='bbox 734 571 761 598; x_wconf 84' lang='lat' dir='ltr'><strong>in</strong></span> <span class='ocrx_word' id='word_1_83' title='bbox 776 578 826 605; x_wconf 82' lang='lat' dir='ltr'><strong>quo</strong></span> <span class='ocrx_word' id='word_1_84' title='bbox 840 570 903 597; x_wconf 79' lang='lat' dir='ltr'><strong>milii</strong></span> <span class='ocrx_word' id='word_1_85' title='bbox 916 578 987 597; x_wconf 81' lang='lat' dir='ltr'><strong>com-</strong></span> 
     </span>
    </p>
   </div>
   <div class='ocr_carea' id='block_1_14' title="bbox 192 615 987 652">
    <p class='ocr_par' dir='ltr' id='par_1_14' title="bbox 192 615 987 652">
     <span class='ocr_line' id='line_1_14' title="bbox 192 615 987 652; baseline 0.001 -10"><span class='ocrx_word' id='word_1_86' title='bbox 192 616 293 650; x_wconf 79' lang='lat' dir='ltr'><strong>placui.</strong></span> <span class='ocrx_word' id='word_1_87' title='bbox 309 616 387 644; x_wconf 86' lang='lat' dir='ltr'><strong>lIune</strong></span> <span class='ocrx_word' id='word_1_88' title='bbox 404 617 497 644; x_wconf 82' lang='lat' dir='ltr'><strong>Ariani</strong></span> <span class='ocrx_word' id='word_1_89' title='bbox 516 620 626 652; x_wconf 75' lang='lat' dir='ltr'><strong>negant,</strong></span> <span class='ocrx_word' id='word_1_90' title='bbox 643 623 694 644; x_wconf 86' lang='lat' dir='ltr'><strong>nos</strong></span> <span class='ocrx_word' id='word_1_91' title='bbox 709 616 854 644; x_wconf 87' lang='lat' dir='ltr'><strong>adorantes</strong></span> <span class='ocrx_word' id='word_1_92' title='bbox 865 615 987 651; x_wconf 80' lang='lat' dir='ltr'><strong>agnosci-</strong></span> 
     </span>
    </p>
   </div>
   <div class='ocr_carea' id='block_1_15' title="bbox 193 661 987 698">
    <p class='ocr_par' dir='ltr' id='par_1_15' title="bbox 193 661 987 698">
     <span class='ocr_line' id='line_1_15' title="bbox 193 661 987 698; baseline 0.001 -10"><span class='ocrx_word' id='word_1_93' title='bbox 193 670 266 694; x_wconf 86' lang='lat' dir='ltr'><strong>mus,</strong></span> <span class='ocrx_word' id='word_1_94' title='bbox 285 670 374 698; x_wconf 84' lang='lat' dir='ltr'><strong>neque</strong></span> <span class='ocrx_word' id='word_1_95' title='bbox 391 662 488 690; x_wconf 81' lang='lat' dir='ltr'><strong>Filium</strong></span> <span class='ocrx_word' id='word_1_96' title='bbox 504 670 519 690; x_wconf 85' lang='lat' dir='ltr'><strong>a</strong></span> <span class='ocrx_word' id='word_1_97' title='bbox 540 661 629 690; x_wconf 81' lang='lat' dir='ltr'><strong>Verbo</strong></span> <span class='ocrx_word' id='word_1_98' title='bbox 649 669 826 698; x_wconf 81' lang='lat' dir='ltr'><strong>separamus;</strong></span> <span class='ocrx_word' id='word_1_99' title='bbox 848 662 895 690; x_wconf 89' lang='lat' dir='ltr'><strong>sed</strong></span> <span class='ocrx_word' id='word_1_100' title='bbox 919 661 987 689; x_wconf 54' lang='lat' dir='ltr'><strong>Ver-</strong></span> 
     </span>
    </p>
   </div>
   <div class='ocr_carea' id='block_1_16' title="bbox 144 708 986 745">
    <p class='ocr_par' dir='ltr' id='par_1_16' title="bbox 144 708 986 745">
     <span class='ocr_line' id='line_1_16' title="bbox 144 708 986 745; baseline -0.001 -9"><span class='ocrx_word' id='word_1_101' title='bbox 144 716 147 719; x_wconf 92' lang='lat'>&#39;</span> <span class='ocrx_word' id='word_1_102' title='bbox 194 708 258 736; x_wconf 80' lang='lat' dir='ltr'><strong>bum</strong></span> <span class='ocrx_word' id='word_1_103' title='bbox 277 708 364 744; x_wconf 87' lang='lat' dir='ltr'><strong>ipsum</strong></span> <span class='ocrx_word' id='word_1_104' title='bbox 377 708 475 737; x_wconf 87' lang='lat' dir='ltr'><strong>Filiqu</strong></span> <span class='ocrx_word' id='word_1_105' title='bbox 489 717 550 737; x_wconf 87' lang='lat' dir='ltr'><strong>esse</strong></span> <span class='ocrx_word' id='word_1_106' title='bbox 564 709 880 745; x_wconf 82' lang='lat' dir='ltr'><strong>eonﬁtemur,pcrquem</strong></span> <span class='ocrx_word' id='word_1_107' title='bbox 895 708 986 735; x_wconf 88' lang='lat' dir='ltr'><strong>omnia</strong></span> 
     </span>
    </p>
   </div>
   <div class='ocr_carea' id='block_1_17' title="bbox 195 753 986 791">
    <p class='ocr_par' dir='ltr' id='par_1_17' title="bbox 195 753 986 791">
     <span class='ocr_line' id='line_1_17' title="bbox 195 753 986 791; baseline -0.001 -10"><span class='ocrx_word' id='word_1_108' title='bbox 195 753 266 782; x_wconf 78' lang='lat' dir='ltr'><strong>facta</strong></span> <span class='ocrx_word' id='word_1_109' title='bbox 290 759 365 787; x_wconf 81' lang='lat' dir='ltr'><strong>sunt,</strong></span> <span class='ocrx_word' id='word_1_110' title='bbox 391 762 496 790; x_wconf 86' lang='lat' dir='ltr'><strong>nosque</strong></span> <span class='ocrx_word' id='word_1_111' title='bbox 518 754 586 782; x_wconf 82' lang='lat' dir='ltr'><strong>adeo</strong></span> <span class='ocrx_word' id='word_1_112' title='bbox 613 754 665 791; x_wconf 83' lang='lat' dir='ltr'><strong>ipsi</strong></span> <span class='ocrx_word' id='word_1_113' title='bbox 683 754 798 782; x_wconf 88' lang='lat' dir='ltr'><strong>liberati.</strong></span> <span class='ocrx_word' id='word_1_114' title='bbox 825 753 901 781; x_wconf 76' lang='lat' dir='ltr'><strong>L’nde</strong></span> <span class='ocrx_word' id='word_1_115' title='bbox 921 753 986 780; x_wconf 86' lang='lat' dir='ltr'><strong>illud</strong></span> 
     </span>
    </p>
   </div>
   <div class='ocr_carea' id='block_1_18' title="bbox 195 799 986 836">
    <p class='ocr_par' dir='ltr' id='par_1_18' title="bbox 195 799 986 836">
     <span class='ocr_line' id='line_1_18' title="bbox 195 799 986 836; baseline -0.003 -8"><span class='ocrx_word' id='word_1_116' title='bbox 195 807 360 836; x_wconf 75' lang='lat' dir='ltr'><strong>magnopere</strong></span> <span class='ocrx_word' id='word_1_117' title='bbox 376 800 502 828; x_wconf 86' lang='lat' dir='ltr'><strong>demirati</strong></span> <span class='ocrx_word' id='word_1_118' title='bbox 521 807 628 832; x_wconf 87' lang='lat' dir='ltr'><strong>sumus,</strong></span> <span class='ocrx_word' id='word_1_119' title='bbox 643 799 780 835; x_wconf 88' lang='lat' dir='ltr'><strong>quomodo</strong></span> <span class='ocrx_word' id='word_1_120' title='bbox 793 800 834 828; x_wconf 83' lang='lat' dir='ltr'><strong>vel</strong></span> <span class='ocrx_word' id='word_1_121' title='bbox 849 799 986 827; x_wconf 84' lang='lat' dir='ltr'><strong>levissima</strong></span> 
     </span>
    </p>
   </div>
   <div class='ocr_carea' id='block_1_19' title="bbox 196 844 988 881">
    <p class='ocr_par' dir='ltr' id='par_1_19' title="bbox 196 844 988 881">
     <span class='ocr_line' id='line_1_19' title="bbox 196 844 988 881; baseline 0 -9"><span class='ocrx_word' id='word_1_122' title='bbox 196 845 268 873; x_wconf 90' lang='lat' dir='ltr'><strong>inter</strong></span> <span class='ocrx_word' id='word_1_123' title='bbox 279 852 329 873; x_wconf 89' lang='lat' dir='ltr'><strong>nos</strong></span> <span class='ocrx_word' id='word_1_124' title='bbox 343 852 375 873; x_wconf 87' lang='lat' dir='ltr'><strong>ea</strong></span> <span class='ocrx_word' id='word_1_125' title='bbox 386 845 419 873; x_wconf 91' lang='lat' dir='ltr'><strong>de</strong></span> <span class='ocrx_word' id='word_1_126' title='bbox 439 853 467 873; x_wconf 88' lang='lat' dir='ltr'><strong>re</strong></span> <span class='ocrx_word' id='word_1_127' title='bbox 481 846 666 873; x_wconf 73' lang='lat' dir='ltr'><strong>controversia</strong></span> <span class='ocrx_word' id='word_1_128' title='bbox 681 845 782 873; x_wconf 85' lang='lat' dir='ltr'><strong>moveri</strong></span> <span class='ocrx_word' id='word_1_129' title='bbox 798 845 925 881; x_wconf 84' lang='lat' dir='ltr'><strong>potuerit.</strong></span> <span class='ocrx_word' id='word_1_130' title='bbox 940 844 988 872; x_wconf 82' lang='lat' dir='ltr'><strong>Ve-</strong></span> 
     </span>
    </p>
   </div>
   <div class='ocr_carea' id='block_1_20' title="bbox 1037 243 1829 281">
    <p class='ocr_par' dir='ltr' id='par_1_20' title="bbox 1037 243 1829 281">
     <span class='ocr_line' id='line_1_20' title="bbox 1037 243 1829 281; baseline -0.003 -9"><span class='ocrx_word' id='word_1_131' title='bbox 1037 245 1140 278; x_wconf 82' lang='grc' dir='ltr'>πάντας</span> <span class='ocrx_word' id='word_1_132' title='bbox 1154 245 1264 280; x_wconf 80' lang='grc' dir='ltr'>γέγονεν</span> <span class='ocrx_word' id='word_1_133' title='bbox 1281 246 1295 271; x_wconf 80' lang='grc' dir='ltr'><strong>ὁ</strong></span> <span class='ocrx_word' id='word_1_134' title='bbox 1312 246 1397 280; x_wconf 84' lang='grc' dir='ltr'>Λόγος</span> <span class='ocrx_word' id='word_1_135' title='bbox 1414 245 1462 272; x_wconf 81' lang='grc' dir='ltr'><strong>τοῦ</strong></span> <span class='ocrx_word' id='word_1_136' title='bbox 1483 243 1664 281; x_wconf 72' lang='grc' dir='ltr'><strong>προφητεύειν</strong></span> <span class='ocrx_word' id='word_1_137' title='bbox 1684 243 1776 279; x_wconf 84' lang='grc' dir='ltr'><strong>χάριν,</strong></span> <span class='ocrx_word' id='word_1_138' title='bbox 1797 245 1829 270; x_wconf 81' lang='grc' dir='ltr'>ὲκ</span> 
     </span>
    </p>
   </div>
   <div class='ocr_carea' id='block_1_21' title="bbox 1036 288 1831 327">
    <p class='ocr_par' dir='ltr' id='par_1_21' title="bbox 1036 288 1831 327">
     <span class='ocr_line' id='line_1_21' title="bbox 1036 288 1831 327; baseline -0.006 -8"><span class='ocrx_word' id='word_1_139' title='bbox 1036 291 1145 327; x_wconf 82' lang='grc' dir='ltr'><strong>Μαρίας</strong></span> <span class='ocrx_word' id='word_1_140' title='bbox 1159 291 1240 323; x_wconf 80' lang='grc' dir='ltr'>αὐτὸς</span> <span class='ocrx_word' id='word_1_141' title='bbox 1259 292 1273 318; x_wconf 86' lang='grc' dir='ltr'>ὁ</span> <span class='ocrx_word' id='word_1_142' title='bbox 1286 291 1371 326; x_wconf 89' lang='grc' dir='ltr'>Λόγος</span> <span class='ocrx_word' id='word_1_143' title='bbox 1387 291 1476 326; x_wconf 82' lang='grc' dir='ltr'>σάρκα</span> <span class='ocrx_word' id='word_1_144' title='bbox 1498 289 1588 325; x_wconf 77' lang='grc' dir='ltr'>ἑαυτῷ</span> <span class='ocrx_word' id='word_1_145' title='bbox 1606 289 1705 319; x_wconf 78' lang='grc' dir='ltr'>λαϐὼν.</span> <span class='ocrx_word' id='word_1_146' title='bbox 1726 288 1831 324; x_wconf 55' lang='lat' dir='ltr'><strong>xm}.-</strong></span> 
     </span>
    </p>
   </div>
   <div class='ocr_carea' id='block_1_22' title="bbox 1037 336 1830 376">
    <p class='ocr_par' dir='ltr' id='par_1_22' title="bbox 1037 336 1830 376">
     <span class='ocr_line' id='line_1_22' title="bbox 1037 336 1830 376; baseline -0.005 -9"><span class='ocrx_word' id='word_1_147' title='bbox 1037 340 1082 367; x_wconf 85' lang='grc' dir='ltr'><strong>θεν</strong></span> <span class='ocrx_word' id='word_1_148' title='bbox 1095 339 1247 376; x_wconf 81' lang='grc' dir='ltr'>ἄνθρωπος,</span> <span class='ocrx_word' id='word_1_149' title='bbox 1261 341 1295 375; x_wconf 83' lang='grc' dir='ltr'><strong>τῇ</strong></span> <span class='ocrx_word' id='word_1_150' title='bbox 1311 339 1360 375; x_wconf 81' lang='grc' dir='ltr'>μὲν</span> <span class='ocrx_word' id='word_1_151' title='bbox 1375 339 1455 374; x_wconf 74' lang='grc' dir='ltr'>φύσει</span> <span class='ocrx_word' id='word_1_152' title='bbox 1469 340 1515 366; x_wconf 78' lang='grc' dir='ltr'><strong>καὶ</strong></span> <span class='ocrx_word' id='word_1_153' title='bbox 1532 339 1566 374; x_wconf 80' lang='grc' dir='ltr'>τῇ</span> <span class='ocrx_word' id='word_1_154' title='bbox 1586 338 1666 374; x_wconf 77' lang='grc' dir='ltr'>οὐσία</span> <span class='ocrx_word' id='word_1_155' title='bbox 1684 338 1771 371; x_wconf 80' lang='grc' dir='ltr'>Λόγος</span> <span class='ocrx_word' id='word_1_156' title='bbox 1793 336 1830 363; x_wconf 72' lang='grc' dir='ltr'><strong>ὢν</strong></span> 
     </span>
    </p>
   </div>
   <div class='ocr_carea' id='block_1_23' title="bbox 1036 383 1832 421">
    <p class='ocr_par' dir='ltr' id='par_1_23' title="bbox 1036 383 1832 421">
     <span class='ocr_line' id='line_1_23' title="bbox 1036 383 1832 421; baseline -0.005 -8"><span class='ocrx_word' id='word_1_157' title='bbox 1036 386 1083 413; x_wconf 79' lang='grc' dir='ltr'><strong>τοῦ</strong></span> <span class='ocrx_word' id='word_1_158' title='bbox 1110 385 1187 419; x_wconf 75' lang='grc' dir='ltr'>Θεοῦ,</span> <span class='ocrx_word' id='word_1_159' title='bbox 1202 386 1272 413; x_wconf 80' lang='grc' dir='ltr'>κατὰ</span> <span class='ocrx_word' id='word_1_160' title='bbox 1291 385 1320 413; x_wconf 79' lang='grc' dir='ltr'>δὲ</span> <span class='ocrx_word' id='word_1_161' title='bbox 1340 385 1430 421; x_wconf 85' lang='grc' dir='ltr'>σάρκα</span> <span class='ocrx_word' id='word_1_162' title='bbox 1452 385 1484 412; x_wconf 77' lang='grc' dir='ltr'>ὲκ</span> <span class='ocrx_word' id='word_1_163' title='bbox 1501 385 1657 421; x_wconf 85' lang='grc' dir='ltr'>σπέρματος</span> <span class='ocrx_word' id='word_1_164' title='bbox 1672 383 1765 414; x_wconf 75' lang='grc' dir='ltr'><strong>Δαὸὶδ,</strong></span> <span class='ocrx_word' id='word_1_165' title='bbox 1782 383 1832 410; x_wconf 78' lang='grc' dir='ltr'>καὶ</span> 
     </span>
    </p>
   </div>
   <div class='ocr_carea' id='block_1_24' title="bbox 1036 427 1832 468">
    <p class='ocr_par' dir='ltr' id='par_1_24' title="bbox 1036 427 1832 468">
     <span class='ocr_line' id='line_1_24' title="bbox 1036 427 1832 468; baseline -0.005 -9"><span class='ocrx_word' id='word_1_166' title='bbox 1036 431 1085 467; x_wconf 86' lang='grc' dir='ltr'>τῆς</span> <span class='ocrx_word' id='word_1_167' title='bbox 1095 432 1196 468; x_wconf 80' lang='grc' dir='ltr'>σαρκὸς</span> <span class='ocrx_word' id='word_1_168' title='bbox 1211 431 1320 467; x_wconf 78' lang='grc' dir='ltr'>Μαρίας</span> <span class='ocrx_word' id='word_1_169' title='bbox 1334 431 1480 466; x_wconf 78' lang='grc' dir='ltr'>γενόμενος</span> <span class='ocrx_word' id='word_1_170' title='bbox 1495 430 1648 466; x_wconf 74' lang='grc' dir='ltr'>ἄνθρωπος.</span> <span class='ocrx_word' id='word_1_171' title='bbox 1662 429 1700 462; x_wconf 86' lang='grc' dir='ltr'>ὼς</span> <span class='ocrx_word' id='word_1_172' title='bbox 1719 427 1797 456; x_wconf 74' lang='grc' dir='ltr'>εἶπεν</span> <span class='ocrx_word' id='word_1_173' title='bbox 1818 430 1832 456; x_wconf 86' lang='grc' dir='ltr'><strong>ό</strong></span> 
     </span>
    </p>
   </div>
   <div class='ocr_carea' id='block_1_25' title="bbox 1037 475 1832 513">
    <p class='ocr_par' dir='ltr' id='par_1_25' title="bbox 1037 475 1832 513">
     <span class='ocr_line' id='line_1_25' title="bbox 1037 475 1832 513; baseline -0.004 -9"><span class='ocrx_word' id='word_1_174' title='bbox 1037 477 1152 510; x_wconf 80' lang='grc' dir='ltr'>Παῦλος.</span> <span class='ocrx_word' id='word_1_175' title='bbox 1169 477 1270 505; x_wconf 80' lang='grc' dir='ltr'>Τοῦτον</span> <span class='ocrx_word' id='word_1_176' title='bbox 1285 478 1332 505; x_wconf 78' lang='grc' dir='ltr'>καὶ</span> <span class='ocrx_word' id='word_1_177' title='bbox 1355 479 1369 505; x_wconf 86' lang='grc' dir='ltr'><em>ὁ</em></span> <span class='ocrx_word' id='word_1_178' title='bbox 1385 477 1480 513; x_wconf 81' lang='grc' dir='ltr'>Πατὴρ</span> <span class='ocrx_word' id='word_1_179' title='bbox 1497 476 1634 504; x_wconf 75' lang='grc' dir='ltr'><strong>ἐδείκνυεν</strong></span> <span class='ocrx_word' id='word_1_180' title='bbox 1655 476 1685 502; x_wconf 83' lang='grc' dir='ltr'>ἐν</span> <span class='ocrx_word' id='word_1_181' title='bbox 1707 475 1747 510; x_wconf 82' lang='grc' dir='ltr'><strong>τῷ</strong></span> <span class='ocrx_word' id='word_1_182' title='bbox 1763 475 1832 510; x_wconf 85' lang='grc' dir='ltr'>Ἰορ-</span> 
     </span>
    </p>
   </div>
   <div class='ocr_carea' id='block_1_26' title="bbox 1037 521 1833 562">
    <p class='ocr_par' dir='ltr' id='par_1_26' title="bbox 1037 521 1833 562">
     <span class='ocr_line' id='line_1_26' title="bbox 1037 521 1833 562; baseline -0.004 -11"><span class='ocrx_word' id='word_1_183' title='bbox 1037 524 1104 562; x_wconf 80' lang='grc' dir='ltr'>δάνῃ</span> <span class='ocrx_word' id='word_1_184' title='bbox 1130 524 1177 551; x_wconf 70' lang='grc' dir='ltr'><strong>καὶ</strong></span> <span class='ocrx_word' id='word_1_185' title='bbox 1192 524 1221 550; x_wconf 75' lang='grc' dir='ltr'>ἐν</span> <span class='ocrx_word' id='word_1_186' title='bbox 1241 524 1280 560; x_wconf 84' lang='grc' dir='ltr'>τῷ</span> <span class='ocrx_word' id='word_1_187' title='bbox 1300 524 1370 560; x_wconf 80' lang='grc' dir='ltr'>δρει,</span> <span class='ocrx_word' id='word_1_188' title='bbox 1395 523 1499 558; x_wconf 81' lang='grc' dir='ltr'>λέγων·</span> <span class='ocrx_word' id='word_1_189' title='bbox 1522 521 1617 556; x_wconf 84' lang='grc' dir='ltr'>Οὗτός</span> <span class='ocrx_word' id='word_1_190' title='bbox 1631 522 1716 549; x_wconf 74' lang='grc' dir='ltr'>ἐστιν</span> <span class='ocrx_word' id='word_1_191' title='bbox 1733 523 1749 549; x_wconf 84' lang='grc' dir='ltr'><strong>ό</strong></span> <span class='ocrx_word' id='word_1_192' title='bbox 1766 522 1833 554; x_wconf 81' lang='grc' dir='ltr'><strong>Υιός</strong></span> 
     </span>
    </p>
   </div>
   <div class='ocr_carea' id='block_1_27' title="bbox 1034 565 1834 605">
    <p class='ocr_par' dir='ltr' id='par_1_27' title="bbox 1034 565 1834 605">
     <span class='ocr_line' id='line_1_27' title="bbox 1034 565 1834 605; baseline -0.005 -8"><span class='ocrx_word' id='word_1_193' title='bbox 1034 579 1094 605; x_wconf 81' lang='grc' dir='ltr'>μου</span> <span class='ocrx_word' id='word_1_194' title='bbox 1111 571 1127 597; x_wconf 82' lang='grc' dir='ltr'><em>ὀ</em></span> <span class='ocrx_word' id='word_1_195' title='bbox 1147 570 1309 604; x_wconf 67' lang='grc' dir='ltr'>ἀγαπητός,</span> <span class='ocrx_word' id='word_1_196' title='bbox 1330 569 1365 596; x_wconf 69' lang='grc' dir='ltr'>ἐν</span> <span class='ocrx_word' id='word_1_197' title='bbox 1386 565 1411 602; x_wconf 81' lang='grc' dir='ltr'><strong>ᾧ</strong></span> <span class='ocrx_word' id='word_1_198' title='bbox 1430 569 1598 603; x_wconf 80' lang='grc' dir='ltr'>ηὐδόκησα.</span> <span class='ocrx_word' id='word_1_199' title='bbox 1624 567 1725 595; x_wconf 85' lang='grc' dir='ltr'>Τοῦτον</span> <span class='ocrx_word' id='word_1_200' title='bbox 1740 568 1766 594; x_wconf 85' lang='grc' dir='ltr'>οἱ</span> <span class='ocrx_word' id='word_1_201' title='bbox 1782 568 1834 602; x_wconf 79' lang='grc' dir='ltr'>μὲν</span> 
     </span>
    </p>
   </div>
   <div class='ocr_carea' id='block_1_28' title="bbox 1043 613 1835 650">
    <p class='ocr_par' dir='ltr' id='par_1_28' title="bbox 1043 613 1835 650">
     <span class='ocr_line' id='line_1_28' title="bbox 1043 613 1835 650; baseline -0.003 -8"><span class='ocrx_word' id='word_1_202' title='bbox 1043 614 1178 650; x_wconf 68' lang='grc' dir='ltr'>Ἀρειανοὶ</span> <span class='ocrx_word' id='word_1_203' title='bbox 1191 615 1356 650; x_wconf 75' lang='grc' dir='ltr'>ἠρνήσαντο,</span> <span class='ocrx_word' id='word_1_204' title='bbox 1371 615 1451 650; x_wconf 78' lang='grc' dir='ltr'>ἡμεῖς</span> <span class='ocrx_word' id='word_1_205' title='bbox 1465 614 1493 641; x_wconf 78' lang='grc' dir='ltr'>δὲ</span> <span class='ocrx_word' id='word_1_206' title='bbox 1513 613 1731 649; x_wconf 79' lang='grc' dir='ltr'>ὲπιγινώσκομεν</span> <span class='ocrx_word' id='word_1_207' title='bbox 1746 623 1835 649; x_wconf 81' lang='grc' dir='ltr'>προσ-</span> 
     </span>
    </p>
   </div>
   <div class='ocr_carea' id='block_1_29' title="bbox 1038 659 1834 696">
    <p class='ocr_par' dir='ltr' id='par_1_29' title="bbox 1038 659 1834 696">
     <span class='ocr_line' id='line_1_29' title="bbox 1038 659 1834 696; baseline -0.003 -8"><span class='ocrx_word' id='word_1_208' title='bbox 1038 660 1191 693; x_wconf 78' lang='grc' dir='ltr'>κυνοῦντες·</span> <span class='ocrx_word' id='word_1_209' title='bbox 1201 661 1231 688; x_wconf 77' lang='grc' dir='ltr'>οὐ</span> <span class='ocrx_word' id='word_1_210' title='bbox 1241 660 1406 696; x_wconf 71' lang='grc' dir='ltr'>διαιροῦντες</span> <span class='ocrx_word' id='word_1_211' title='bbox 1418 660 1462 687; x_wconf 79' lang='grc' dir='ltr'>τὸν</span> <span class='ocrx_word' id='word_1_212' title='bbox 1475 660 1535 687; x_wconf 58' lang='grc' dir='ltr'>Υίον</span> <span class='ocrx_word' id='word_1_213' title='bbox 1547 661 1594 687; x_wconf 84' lang='grc' dir='ltr'>καὶ</span> <span class='ocrx_word' id='word_1_214' title='bbox 1606 660 1652 687; x_wconf 71' lang='grc' dir='ltr'>τὸν</span> <span class='ocrx_word' id='word_1_215' title='bbox 1665 660 1762 694; x_wconf 82' lang='grc' dir='ltr'>Λόγον,</span> <span class='ocrx_word' id='word_1_216' title='bbox 1775 659 1834 686; x_wconf 79' lang='grc' dir='ltr'>ἀλλ’</span> 
     </span>
    </p>
   </div>
   <div class='ocr_carea' id='block_1_30' title="bbox 1038 704 1837 742">
    <p class='ocr_par' dir='ltr' id='par_1_30' title="bbox 1038 704 1837 742">
     <span class='ocr_line' id='line_1_30' title="bbox 1038 704 1837 742; baseline -0.004 -7"><span class='ocrx_word' id='word_1_217' title='bbox 1038 708 1118 736; x_wconf 77' lang='grc' dir='ltr'>αὐτὸν</span> <span class='ocrx_word' id='word_1_218' title='bbox 1129 707 1174 734; x_wconf 77' lang='grc' dir='ltr'>τὸν</span> <span class='ocrx_word' id='word_1_219' title='bbox 1186 707 1271 742; x_wconf 76' lang='grc' dir='ltr'>Λόγον</span> <span class='ocrx_word' id='word_1_220' title='bbox 1281 707 1381 739; x_wconf 76' lang='grc' dir='ltr'>εἰδότες</span> <span class='ocrx_word' id='word_1_221' title='bbox 1393 704 1462 735; x_wconf 74' lang='grc' dir='ltr'>εἶναι</span> <span class='ocrx_word' id='word_1_222' title='bbox 1476 707 1522 734; x_wconf 76' lang='grc' dir='ltr'>τὸν</span> <span class='ocrx_word' id='word_1_223' title='bbox 1531 706 1605 738; x_wconf 79' lang='grc' dir='ltr'>Υίδν,</span> <span class='ocrx_word' id='word_1_224' title='bbox 1613 706 1646 733; x_wconf 81' lang='grc' dir='ltr'>δι’</span> <span class='ocrx_word' id='word_1_225' title='bbox 1655 704 1684 733; x_wconf 71' lang='grc' dir='ltr'><strong>οἵ)</strong></span> <span class='ocrx_word' id='word_1_226' title='bbox 1695 706 1729 733; x_wconf 81' lang='grc' dir='ltr'>τὰ</span> <span class='ocrx_word' id='word_1_227' title='bbox 1742 707 1837 733; x_wconf 78' lang='grc' dir='ltr'>πάντα</span> 
     </span>
    </p>
   </div>
   <div class='ocr_carea' id='block_1_31' title="bbox 1037 752 1838 790">
    <p class='ocr_par' dir='ltr' id='par_1_31' title="bbox 1037 752 1838 790">
     <span class='ocr_line' id='line_1_31' title="bbox 1037 752 1838 790; baseline -0.004 -9"><span class='ocrx_word' id='word_1_228' title='bbox 1037 754 1132 789; x_wconf 70' lang='grc' dir='ltr'>γέγονε</span> <span class='ocrx_word' id='word_1_229' title='bbox 1158 754 1206 781; x_wconf 63' lang='grc' dir='ltr'>καὶ</span> <span class='ocrx_word' id='word_1_230' title='bbox 1220 755 1301 790; x_wconf 77' lang='grc' dir='ltr'>ἡμεῖς</span> <span class='ocrx_word' id='word_1_231' title='bbox 1313 752 1548 789; x_wconf 69' lang='grc' dir='ltr'>ἠλευθερώθημεν.</span> <span class='ocrx_word' id='word_1_232' title='bbox 1562 754 1607 780; x_wconf 78' lang='grc' dir='ltr'><strong>Διὸ</strong></span> <span class='ocrx_word' id='word_1_233' title='bbox 1621 753 1666 780; x_wconf 71' lang='grc' dir='ltr'><strong>καὶ</strong></span> <span class='ocrx_word' id='word_1_234' title='bbox 1675 752 1838 788; x_wconf 75' lang='grc' dir='ltr'>ἐθαυμάσα-</span> 
     </span>
    </p>
   </div>
   <div class='ocr_carea' id='block_1_32' title="bbox 1040 799 1837 836">
    <p class='ocr_par' dir='ltr' id='par_1_32' title="bbox 1040 799 1837 836">
     <span class='ocr_line' id='line_1_32' title="bbox 1040 799 1837 836; baseline -0.004 -9"><span class='ocrx_word' id='word_1_235' title='bbox 1040 809 1101 836; x_wconf 85' lang='grc' dir='ltr'>μεν,</span> <span class='ocrx_word' id='word_1_236' title='bbox 1121 800 1180 832; x_wconf 80' lang='grc' dir='ltr'><strong>πῶς</strong></span> <span class='ocrx_word' id='word_1_237' title='bbox 1197 800 1265 832; x_wconf 78' lang='grc' dir='ltr'>ὅλως</span> <span class='ocrx_word' id='word_1_238' title='bbox 1289 801 1318 827; x_wconf 80' lang='grc' dir='ltr'>ὲν</span> <span class='ocrx_word' id='word_1_239' title='bbox 1346 800 1412 835; x_wconf 81' lang='grc' dir='ltr'>ἡμῖν</span> <span class='ocrx_word' id='word_1_240' title='bbox 1425 800 1490 835; x_wconf 81' lang='grc' dir='ltr'>περὶ</span> <span class='ocrx_word' id='word_1_241' title='bbox 1516 799 1618 826; x_wconf 74' lang='grc' dir='ltr'>τούτων</span> <span class='ocrx_word' id='word_1_242' title='bbox 1637 799 1722 831; x_wconf 77' lang='grc' dir='ltr'>οὕτως</span> <span class='ocrx_word' id='word_1_243' title='bbox 1736 799 1837 832; x_wconf 73' lang='grc' dir='ltr'>γέγονε</span> 
     </span>
    </p>
   </div>
   <div class='ocr_carea' id='block_1_33' title="bbox 1039 844 1839 882">
    <p class='ocr_par' dir='ltr' id='par_1_33' title="bbox 1039 844 1839 882">
     <span class='ocr_line' id='line_1_33' title="bbox 1039 844 1839 882; baseline -0.004 -8"><span class='ocrx_word' id='word_1_244' title='bbox 1039 847 1197 880; x_wconf 75' lang='grc' dir='ltr'>φιλονεικία.</span> <span class='ocrx_word' id='word_1_245' title='bbox 1222 846 1301 873; x_wconf 74' lang='grc' dir='ltr'>Ἀλλὰ</span> <span class='ocrx_word' id='word_1_246' title='bbox 1322 846 1402 882; x_wconf 78' lang='grc' dir='ltr'>χάρις</span> <span class='ocrx_word' id='word_1_247' title='bbox 1421 846 1460 881; x_wconf 82' lang='grc' dir='ltr'>τῷ</span> <span class='ocrx_word' id='word_1_248' title='bbox 1483 845 1553 881; x_wconf 77' lang='grc' dir='ltr'><strong>Θεῷ,</strong></span> <span class='ocrx_word' id='word_1_249' title='bbox 1577 846 1638 873; x_wconf 78' lang='grc' dir='ltr'>ὅσον</span> <span class='ocrx_word' id='word_1_250' title='bbox 1658 844 1839 880; x_wconf 74' lang='grc' dir='ltr'>ἐλυπήθημεν</span> 
     </span>
    </p>
   </div>
   <div class='ocr_carea' id='block_1_34' title="bbox 197 889 995 928">
    <p class='ocr_par' dir='ltr' id='par_1_34' title="bbox 197 891 987 927">
     <span class='ocr_line' id='line_1_34' title="bbox 197 891 987 927; baseline -0.004 -7"><span class='ocrx_word' id='word_1_251' title='bbox 197 899 258 920; x_wconf 90' lang='lat' dir='ltr'><strong>rum</strong></span> <span class='ocrx_word' id='word_1_252' title='bbox 280 891 412 920; x_wconf 67' lang='lat' dir='ltr'><strong>habendae</strong></span> <span class='ocrx_word' id='word_1_253' title='bbox 435 891 488 920; x_wconf 90' lang='lat' dir='ltr'><strong>Deo</strong></span> <span class='ocrx_word' id='word_1_254' title='bbox 503 893 598 927; x_wconf 70' lang='lat' dir='ltr'><strong>gratia:</strong></span> <span class='ocrx_word' id='word_1_255' title='bbox 613 896 687 925; x_wconf 84' lang='lat' dir='ltr'><strong>sunt,</strong></span> <span class='ocrx_word' id='word_1_256' title='bbox 708 891 791 927; x_wconf 72' lang='lat' dir='ltr'><strong>quod,</strong></span> <span class='ocrx_word' id='word_1_257' title='bbox 808 895 939 926; x_wconf 87' lang='lat' dir='ltr'><strong>quantum</strong></span> <span class='ocrx_word' id='word_1_258' title='bbox 954 899 987 918; x_wconf 81' lang='lat' dir='ltr'><strong>ex</strong></span> 
     </span>
    </p>
   </div>
   <div class='ocr_carea' id='block_1_35' title="bbox 1048 889 1838 928">
    <p class='ocr_par' dir='ltr' id='par_1_35' title="bbox 1048 891 1838 928">
     <span class='ocr_line' id='line_1_35' title="bbox 1048 891 1838 928; baseline -0.003 -10"><span class='ocrx_word' id='word_1_259' title='bbox 1048 892 1249 928; x_wconf 68' lang='grc' dir='ltr'>ιντυγχάνοντες</span> <span class='ocrx_word' id='word_1_260' title='bbox 1262 893 1318 924; x_wconf 79' lang='grc' dir='ltr'>τοῖς</span> <span class='ocrx_word' id='word_1_261' title='bbox 1339 892 1526 928; x_wconf 78' lang='grc' dir='ltr'>ὑπομνήμασι,</span> <span class='ocrx_word' id='word_1_262' title='bbox 1548 891 1673 918; x_wconf 79' lang='grc' dir='ltr'>τοσοῦτον</span> <span class='ocrx_word' id='word_1_263' title='bbox 1692 891 1838 926; x_wconf 71' lang='grc' dir='ltr'>ἐχάρημεν</span> 
     </span>
    </p>
   </div>
   <div class='ocr_carea' id='block_1_36' title="bbox 198 936 987 971">
    <p class='ocr_par' dir='ltr' id='par_1_36' title="bbox 198 936 987 971">
     <span class='ocr_line' id='line_1_36' title="bbox 198 936 987 971; baseline 0 -6"><span class='ocrx_word' id='word_1_264' title='bbox 198 938 308 965; x_wconf 85' lang='lat' dir='ltr'><strong>illorum</strong></span> <span class='ocrx_word' id='word_1_265' title='bbox 318 938 576 966; x_wconf 81' lang='lat' dir='ltr'><strong>commentariorum</strong></span> <span class='ocrx_word' id='word_1_266' title='bbox 589 939 705 966; x_wconf 82' lang='lat' dir='ltr'><strong>lectione</strong></span> <span class='ocrx_word' id='word_1_267' title='bbox 717 937 844 965; x_wconf 74' lang='lat' dir='ltr'><strong>tuteroris</strong></span> <span class='ocrx_word' id='word_1_268' title='bbox 853 936 987 971; x_wconf 80' lang='lat' dir='ltr'><strong>cepimus,</strong></span> 
     </span>
    </p>
   </div>
   <div class='ocr_carea' id='block_1_37' title="bbox 198 983 989 1019">
    <p class='ocr_par' dir='ltr' id='par_1_37' title="bbox 198 983 989 1019">
     <span class='ocr_line' id='line_1_37' title="bbox 198 983 989 1019; baseline -0.003 -7"><span class='ocrx_word' id='word_1_269' title='bbox 198 988 305 1012; x_wconf 82' lang='lat' dir='ltr'><strong>tantum</strong></span> <span class='ocrx_word' id='word_1_270' title='bbox 328 984 408 1013; x_wconf 89' lang='lat' dir='ltr'><strong>nobis</strong></span> <span class='ocrx_word' id='word_1_271' title='bbox 425 985 582 1012; x_wconf 78' lang='lat' dir='ltr'><strong>earumdem</strong></span> <span class='ocrx_word' id='word_1_272' title='bbox 605 984 667 1012; x_wconf 78' lang='lat' dir='ltr'><strong>linis</strong></span> <span class='ocrx_word' id='word_1_273' title='bbox 691 984 838 1019; x_wconf 81' lang='lat' dir='ltr'><strong>voluptatis</strong></span> <span class='ocrx_word' id='word_1_274' title='bbox 858 983 989 1011; x_wconf 88' lang='lat' dir='ltr'><strong>attulerit.</strong></span> 
     </span>
    </p>
   </div>
   <div class='ocr_carea' id='block_1_38' title="bbox 199 1030 990 1066">
    <p class='ocr_par' dir='ltr' id='par_1_38' title="bbox 199 1030 990 1066">
     <span class='ocr_line' id='line_1_38' title="bbox 199 1030 990 1066; baseline -0.003 -9"><span class='ocrx_word' id='word_1_275' title='bbox 199 1030 339 1066; x_wconf 73' lang='lat' dir='ltr'><strong>Siquidem</strong></span> <span class='ocrx_word' id='word_1_276' title='bbox 356 1035 451 1058; x_wconf 89' lang='lat' dir='ltr'><strong>mutua</strong></span> <span class='ocrx_word' id='word_1_277' title='bbox 464 1038 526 1058; x_wconf 93' lang='lat' dir='ltr'><strong>cum</strong></span> <span class='ocrx_word' id='word_1_278' title='bbox 544 1030 691 1058; x_wconf 86' lang='lat' dir='ltr'><strong>concordia</strong></span> <span class='ocrx_word' id='word_1_279' title='bbox 706 1030 903 1062; x_wconf 84' lang='lat' dir='ltr'><strong>discesserunt,</strong></span> <span class='ocrx_word' id='word_1_280' title='bbox 915 1037 990 1056; x_wconf 80' lang='lat' dir='ltr'><strong>eain-</strong></span> 
     </span>
    </p>
   </div>
   <div class='ocr_carea' id='block_1_39' title="bbox 199 1075 991 1113">
    <p class='ocr_par' dir='ltr' id='par_1_39' title="bbox 199 1075 991 1113">
     <span class='ocr_line' id='line_1_39' title="bbox 199 1075 991 1113; baseline -0.001 -9"><span class='ocrx_word' id='word_1_281' title='bbox 199 1075 315 1113; x_wconf 85' lang='lat' dir='ltr'><strong>demque</strong></span> <span class='ocrx_word' id='word_1_282' title='bbox 332 1077 393 1104; x_wconf 84' lang='lat' dir='ltr'><strong>Iidei</strong></span> <span class='ocrx_word' id='word_1_283' title='bbox 409 1077 595 1106; x_wconf 87' lang='lat' dir='ltr'><strong>sinceritatem</strong></span> <span class='ocrx_word' id='word_1_284' title='bbox 615 1084 647 1104; x_wconf 88' lang='lat' dir='ltr'><strong>ac</strong></span> <span class='ocrx_word' id='word_1_285' title='bbox 664 1076 790 1113; x_wconf 83' lang='lat' dir='ltr'><strong>pietatem</strong></span> <span class='ocrx_word' id='word_1_286' title='bbox 811 1075 925 1112; x_wconf 76' lang='lat' dir='ltr'><strong>professi</strong></span> <span class='ocrx_word' id='word_1_287' title='bbox 943 1083 991 1111; x_wconf 83' lang='lat' dir='ltr'><strong>pa-</strong></span> 
     </span>
    </p>
   </div>
   <div class='ocr_carea' id='block_1_40' title="bbox 199 1121 990 1158">
    <p class='ocr_par' dir='ltr' id='par_1_40' title="bbox 199 1121 990 1158">
     <span class='ocr_line' id='line_1_40' title="bbox 199 1121 990 1158; baseline -0.004 -8"><span class='ocrx_word' id='word_1_288' title='bbox 199 1129 258 1151; x_wconf 84' lang='lat' dir='ltr'><strong>cem</strong></span> <span class='ocrx_word' id='word_1_289' title='bbox 273 1123 454 1151; x_wconf 82' lang='lat' dir='ltr'><strong>retinuerunt.</strong></span> <span class='ocrx_word' id='word_1_290' title='bbox 467 1122 534 1157; x_wconf 55' lang='lat' dir='ltr'><strong>Quae</strong></span> <span class='ocrx_word' id='word_1_291' title='bbox 548 1131 591 1150; x_wconf 86' lang='lat' dir='ltr'><strong>tne</strong></span> <span class='ocrx_word' id='word_1_292' title='bbox 607 1130 650 1150; x_wconf 88' lang='lat' dir='ltr'><strong>res</strong></span> <span class='ocrx_word' id='word_1_293' title='bbox 664 1122 835 1158; x_wconf 88' lang='lat' dir='ltr'><strong>potissimum</strong></span> <span class='ocrx_word' id='word_1_294' title='bbox 852 1125 913 1156; x_wconf 85' lang='lat' dir='ltr'><strong>post</strong></span> <span class='ocrx_word' id='word_1_295' title='bbox 927 1121 990 1148; x_wconf 61' lang='lat' dir='ltr'><strong>diu-</strong></span> 
     </span>
    </p>
   </div>
   <div class='ocr_carea' id='block_1_41' title="bbox 200 1168 992 1204">
    <p class='ocr_par' dir='ltr' id='par_1_41' title="bbox 200 1168 992 1204">
     <span class='ocr_line' id='line_1_41' title="bbox 200 1168 992 1204; baseline -0.001 -9"><span class='ocrx_word' id='word_1_296' title='bbox 200 1174 308 1196; x_wconf 77' lang='lat' dir='ltr'><strong>tui-nam</strong></span> <span class='ocrx_word' id='word_1_297' title='bbox 324 1169 549 1197; x_wconf 86' lang='lat' dir='ltr'><strong>deliberationem</strong></span> <span class='ocrx_word' id='word_1_298' title='bbox 565 1168 682 1204; x_wconf 87' lang='lat' dir='ltr'><strong>impulit,</strong></span> <span class='ocrx_word' id='word_1_299' title='bbox 701 1173 728 1195; x_wconf 87' lang='lat' dir='ltr'><strong>ut</strong></span> <span class='ocrx_word' id='word_1_300' title='bbox 754 1168 811 1195; x_wconf 64' lang='lat' dir='ltr'><strong>haec</strong></span> <span class='ocrx_word' id='word_1_301' title='bbox 829 1174 916 1203; x_wconf 86' lang='lat' dir='ltr'><strong>pauca</strong></span> <span class='ocrx_word' id='word_1_302' title='bbox 931 1175 992 1202; x_wconf 85' lang='lat' dir='ltr'><strong>per-</strong></span> 
     </span>
    </p>
   </div>
   <div class='ocr_carea' id='block_1_42' title="bbox 199 1213 992 1250">
    <p class='ocr_par' dir='ltr' id='par_1_42' title="bbox 199 1213 992 1250">
     <span class='ocr_line' id='line_1_42' title="bbox 199 1213 992 1250; baseline -0.003 -8"><span class='ocrx_word' id='word_1_303' title='bbox 199 1215 366 1248; x_wconf 84' lang='lat' dir='ltr'><strong>scriberem;</strong></span> <span class='ocrx_word' id='word_1_304' title='bbox 388 1215 501 1243; x_wconf 82' lang='lat' dir='ltr'><strong>verebar</strong></span> <span class='ocrx_word' id='word_1_305' title='bbox 522 1215 605 1248; x_wconf 88' lang='lat' dir='ltr'><strong>enim,</strong></span> <span class='ocrx_word' id='word_1_306' title='bbox 628 1222 662 1242; x_wconf 91' lang='lat' dir='ltr'><strong>ne</strong></span> <span class='ocrx_word' id='word_1_307' title='bbox 683 1214 730 1250; x_wconf 85' lang='lat' dir='ltr'><strong>qui</strong></span> <span class='ocrx_word' id='word_1_308' title='bbox 755 1214 835 1242; x_wconf 85' lang='lat' dir='ltr'><strong>nobis</strong></span> <span class='ocrx_word' id='word_1_309' title='bbox 857 1213 992 1249; x_wconf 82' lang='lat' dir='ltr'><strong>gaudendi</strong></span> 
     </span>
    </p>
   </div>
   <div class='ocr_carea' id='block_1_43' title="bbox 200 1260 992 1295">
    <p class='ocr_par' dir='ltr' id='par_1_43' title="bbox 200 1260 992 1295">
     <span class='ocr_line' id='line_1_43' title="bbox 200 1260 992 1295; baseline -0.001 -8"><span class='ocrx_word' id='word_1_310' title='bbox 200 1261 344 1289; x_wconf 80' lang='lat' dir='ltr'><strong>materiam</strong></span> <span class='ocrx_word' id='word_1_311' title='bbox 366 1261 550 1290; x_wconf 88' lang='lat' dir='ltr'><strong>consensione</strong></span> <span class='ocrx_word' id='word_1_312' title='bbox 570 1268 620 1289; x_wconf 85' lang='lat' dir='ltr'><strong>sua</strong></span> <span class='ocrx_word' id='word_1_313' title='bbox 646 1260 837 1295; x_wconf 72' lang='lat' dir='ltr'><strong>prtebuissent.</strong></span> <span class='ocrx_word' id='word_1_314' title='bbox 859 1260 893 1288; x_wconf 90' lang='lat' dir='ltr'><strong>iis</strong></span> <span class='ocrx_word' id='word_1_315' title='bbox 908 1260 992 1287; x_wconf 90' lang='lat' dir='ltr'><strong>silen-</strong></span> 
     </span>
    </p>
   </div>
   <div class='ocr_carea' id='block_1_44' title="bbox 201 1306 991 1342">
    <p class='ocr_par' dir='ltr' id='par_1_44' title="bbox 201 1306 991 1342">
     <span class='ocr_line' id='line_1_44' title="bbox 201 1306 991 1342; baseline -0.001 -9"><span class='ocrx_word' id='word_1_316' title='bbox 201 1307 269 1334; x_wconf 88' lang='lat' dir='ltr'><strong>tiutn</strong></span> <span class='ocrx_word' id='word_1_317' title='bbox 297 1311 421 1335; x_wconf 87' lang='lat' dir='ltr'><strong>nostrum</strong></span> <span class='ocrx_word' id='word_1_318' title='bbox 451 1315 501 1342; x_wconf 85' lang='lat' dir='ltr'><strong>pro</strong></span> <span class='ocrx_word' id='word_1_319' title='bbox 527 1306 619 1334; x_wconf 68' lang='lat' dir='ltr'><strong>laetitia</strong></span> <span class='ocrx_word' id='word_1_320' title='bbox 647 1306 769 1334; x_wconf 90' lang='lat' dir='ltr'><strong>dolorem</strong></span> <span class='ocrx_word' id='word_1_321' title='bbox 795 1306 991 1334; x_wconf 84' lang='lat' dir='ltr'><strong>conscisceret.</strong></span> 
     </span>
    </p>
   </div>
   <div class='ocr_carea' id='block_1_45' title="bbox 202 1350 992 1386">
    <p class='ocr_par' dir='ltr' id='par_1_45' title="bbox 202 1350 992 1386">
     <span class='ocr_line' id='line_1_45' title="bbox 202 1350 992 1386; baseline -0.001 -8"><span class='ocrx_word' id='word_1_322' title='bbox 202 1351 384 1385; x_wconf 85' lang='lat' dir='ltr'><strong>Qunmobrem</strong></span> <span class='ocrx_word' id='word_1_323' title='bbox 407 1359 470 1379; x_wconf 94' lang='lat' dir='ltr'><strong>cum</strong></span> <span class='ocrx_word' id='word_1_324' title='bbox 492 1359 508 1378; x_wconf 85' lang='lat' dir='ltr'><strong>a</strong></span> <span class='ocrx_word' id='word_1_325' title='bbox 529 1355 555 1379; x_wconf 92' lang='lat' dir='ltr'><strong>te</strong></span> <span class='ocrx_word' id='word_1_326' title='bbox 573 1351 655 1379; x_wconf 89' lang='lat' dir='ltr'><strong>etiam</strong></span> <span class='ocrx_word' id='word_1_327' title='bbox 676 1356 756 1386; x_wconf 87' lang='lat' dir='ltr'><strong>atque</strong></span> <span class='ocrx_word' id='word_1_328' title='bbox 774 1351 856 1378; x_wconf 88' lang='lat' dir='ltr'><strong>etiam</strong></span> <span class='ocrx_word' id='word_1_329' title='bbox 872 1350 992 1386; x_wconf 78' lang='lat' dir='ltr'><strong>postulo,</strong></span> 
     </span>
    </p>
   </div>
   <div class='ocr_carea' id='block_1_46' title="bbox 203 1397 991 1433">
    <p class='ocr_par' dir='ltr' id='par_1_46' title="bbox 203 1397 991 1433">
     <span class='ocr_line' id='line_1_46' title="bbox 203 1397 991 1433; baseline -0.001 -9"><span class='ocrx_word' id='word_1_330' title='bbox 203 1401 261 1425; x_wconf 89' lang='lat' dir='ltr'><strong>tum</strong></span> <span class='ocrx_word' id='word_1_331' title='bbox 279 1405 326 1426; x_wconf 89' lang='lat' dir='ltr'><strong>eos</strong></span> <span class='ocrx_word' id='word_1_332' title='bbox 340 1397 385 1433; x_wconf 85' lang='lat' dir='ltr'><strong>qui</strong></span> <span class='ocrx_word' id='word_1_333' title='bbox 407 1398 464 1425; x_wconf 70' lang='lat' dir='ltr'><strong>haec</strong></span> <span class='ocrx_word' id='word_1_334' title='bbox 478 1397 590 1425; x_wconf 88' lang='lat' dir='ltr'><strong>audient</strong></span> <span class='ocrx_word' id='word_1_335' title='bbox 610 1401 718 1432; x_wconf 75' lang='lat' dir='ltr'><strong>rogatos</strong></span> <span class='ocrx_word' id='word_1_336' title='bbox 736 1397 881 1425; x_wconf 82' lang='lat' dir='ltr'><strong>admodum</strong></span> <span class='ocrx_word' id='word_1_337' title='bbox 899 1397 991 1432; x_wconf 80' lang='lat' dir='ltr'><strong>cupio,</strong></span> 
     </span>
    </p>
   </div>
   <div class='ocr_carea' id='block_1_47' title="bbox 204 1442 991 1479">
    <p class='ocr_par' dir='ltr' id='par_1_47' title="bbox 204 1442 991 1479">
     <span class='ocr_line' id='line_1_47' title="bbox 204 1442 991 1479; baseline 0.001 -9"><span class='ocrx_word' id='word_1_338' title='bbox 204 1447 233 1470; x_wconf 90' lang='lat' dir='ltr'><strong>ut</strong></span> <span class='ocrx_word' id='word_1_339' title='bbox 243 1451 275 1472; x_wconf 90' lang='lat' dir='ltr'><strong>ea</strong></span> <span class='ocrx_word' id='word_1_340' title='bbox 289 1443 396 1472; x_wconf 88' lang='lat' dir='ltr'><strong>sincera</strong></span> <span class='ocrx_word' id='word_1_341' title='bbox 408 1451 470 1471; x_wconf 90' lang='lat' dir='ltr'><strong>cum</strong></span> <span class='ocrx_word' id='word_1_342' title='bbox 482 1443 649 1471; x_wconf 88' lang='lat' dir='ltr'><strong>conscientia</strong></span> <span class='ocrx_word' id='word_1_343' title='bbox 664 1442 826 1478; x_wconf 86' lang='lat' dir='ltr'><strong>percipiant.</strong></span> <span class='ocrx_word' id='word_1_344' title='bbox 839 1443 877 1470; x_wconf 84' lang='lat' dir='ltr'><strong>Ae</strong></span> <span class='ocrx_word' id='word_1_345' title='bbox 888 1443 911 1471; x_wconf 88' lang='lat' dir='ltr'><strong>si</strong></span> <span class='ocrx_word' id='word_1_346' title='bbox 926 1444 991 1479; x_wconf 89' lang='lat' dir='ltr'><strong>quid</strong></span> 
     </span>
    </p>
   </div>
   <div class='ocr_carea' id='block_1_48' title="bbox 203 1488 993 1524">
    <p class='ocr_par' dir='ltr' id='par_1_48' title="bbox 203 1488 993 1524">
     <span class='ocr_line' id='line_1_48' title="bbox 203 1488 993 1524; baseline 0.003 -7"><span class='ocrx_word' id='word_1_347' title='bbox 203 1489 237 1517; x_wconf 85' lang='lat' dir='ltr'><strong>ad</strong></span> <span class='ocrx_word' id='word_1_348' title='bbox 250 1489 377 1524; x_wconf 78' lang='lat' dir='ltr'><strong>pietatem</strong></span> <span class='ocrx_word' id='word_1_349' title='bbox 393 1489 480 1522; x_wconf 80' lang='lat' dir='ltr'><strong>deost,</strong></span> <span class='ocrx_word' id='word_1_350' title='bbox 495 1488 642 1518; x_wconf 79' lang='lat' dir='ltr'><strong>emendare</strong></span> <span class='ocrx_word' id='word_1_351' title='bbox 659 1495 692 1516; x_wconf 82' lang='lat' dir='ltr'><strong>ac</strong></span> <span class='ocrx_word' id='word_1_352' title='bbox 705 1488 860 1524; x_wconf 72' lang='lat' dir='ltr'><strong>signiﬁcare</strong></span> <span class='ocrx_word' id='word_1_353' title='bbox 878 1490 944 1517; x_wconf 91' lang='lat' dir='ltr'><strong>mihi</strong></span> <span class='ocrx_word' id='word_1_354' title='bbox 958 1497 993 1519; x_wconf 88' lang='lat' dir='ltr'><strong>ne</strong></span> 
     </span>
    </p>
   </div>
   <div class='ocr_carea' id='block_1_49' title="bbox 1041 935 1838 974">
    <p class='ocr_par' dir='ltr' id='par_1_49' title="bbox 1041 935 1838 974">
     <span class='ocr_line' id='line_1_49' title="bbox 1041 935 1838 974; baseline -0.004 -9"><span class='ocrx_word' id='word_1_355' title='bbox 1041 939 1087 965; x_wconf 76' lang='grc' dir='ltr'><strong>ἐπὶ</strong></span> <span class='ocrx_word' id='word_1_356' title='bbox 1101 938 1140 974; x_wconf 82' lang='grc' dir='ltr'>τῷ</span> <span class='ocrx_word' id='word_1_357' title='bbox 1157 938 1229 965; x_wconf 81' lang='grc' dir='ltr'>τέλει</span> <span class='ocrx_word' id='word_1_358' title='bbox 1245 937 1358 965; x_wconf 84' lang='grc' dir='ltr'>τούτων.</span> <span class='ocrx_word' id='word_1_359' title='bbox 1383 939 1460 966; x_wconf 70' lang='grc' dir='ltr'>Μετὰ</span> <span class='ocrx_word' id='word_1_360' title='bbox 1474 937 1529 974; x_wconf 80' lang='grc' dir='ltr'><strong>γὰρ</strong></span> <span class='ocrx_word' id='word_1_361' title='bbox 1548 936 1706 974; x_wconf 76' lang='grc' dir='ltr'>συμφωνίας</span> <span class='ocrx_word' id='word_1_362' title='bbox 1729 935 1838 971; x_wconf 81' lang='grc' dir='ltr'>ἀνεχώ-</span> 
     </span>
    </p>
   </div>
   <div class='ocr_carea' id='block_1_50' title="bbox 1044 983 1838 1021">
    <p class='ocr_par' dir='ltr' id='par_1_50' title="bbox 1044 983 1838 1021">
     <span class='ocr_line' id='line_1_50' title="bbox 1044 983 1838 1021; baseline -0.004 -9"><span class='ocrx_word' id='word_1_363' title='bbox 1044 993 1140 1020; x_wconf 76' lang='grc' dir='ltr'>ρησαν,</span> <span class='ocrx_word' id='word_1_364' title='bbox 1157 984 1205 1012; x_wconf 77' lang='grc' dir='ltr'>καὶ</span> <span class='ocrx_word' id='word_1_365' title='bbox 1219 985 1379 1021; x_wconf 79' lang='grc' dir='ltr'>είρήνευσαν</span> <span class='ocrx_word' id='word_1_366' title='bbox 1395 985 1442 1011; x_wconf 77' lang='grc' dir='ltr'><strong>ἐπὶ</strong></span> <span class='ocrx_word' id='word_1_367' title='bbox 1451 986 1485 1020; x_wconf 80' lang='grc' dir='ltr'><strong>τῇ</strong></span> <span class='ocrx_word' id='word_1_368' title='bbox 1498 984 1628 1019; x_wconf 77' lang='grc' dir='ltr'>ὁμολογίᾳ</span> <span class='ocrx_word' id='word_1_369' title='bbox 1639 984 1689 1018; x_wconf 76' lang='grc' dir='ltr'>τῆς</span> <span class='ocrx_word' id='word_1_370' title='bbox 1705 983 1838 1016; x_wconf 70' lang='grc' dir='ltr'>εὐσεϐοῦς</span> 
     </span>
    </p>
   </div>
   <div class='ocr_carea' id='block_1_51' title="bbox 1043 1029 1842 1067">
    <p class='ocr_par' dir='ltr' id='par_1_51' title="bbox 1043 1029 1842 1067">
     <span class='ocr_line' id='line_1_51' title="bbox 1043 1029 1842 1067; baseline -0.004 -9"><span class='ocrx_word' id='word_1_371' title='bbox 1043 1031 1090 1058; x_wconf 71' lang='grc' dir='ltr'>καὶ</span> <span class='ocrx_word' id='word_1_372' title='bbox 1102 1031 1242 1067; x_wconf 70' lang='grc' dir='ltr'>ὀρθοδόξου</span> <span class='ocrx_word' id='word_1_373' title='bbox 1258 1031 1385 1062; x_wconf 84' lang='grc' dir='ltr'>πίστεως.</span> <span class='ocrx_word' id='word_1_374' title='bbox 1401 1030 1485 1057; x_wconf 73' lang='grc' dir='ltr'>Τοῦτο</span> <span class='ocrx_word' id='word_1_375' title='bbox 1497 1030 1563 1065; x_wconf 77' lang='grc' dir='ltr'>γοῦν</span> <span class='ocrx_word' id='word_1_376' title='bbox 1581 1030 1655 1065; x_wconf 71' lang='grc' dir='ltr'><strong>κάμὲ</strong></span> <span class='ocrx_word' id='word_1_377' title='bbox 1671 1029 1757 1056; x_wconf 80' lang='grc' dir='ltr'>πολλὰ</span> <span class='ocrx_word' id='word_1_378' title='bbox 1771 1029 1842 1064; x_wconf 74' lang='grc' dir='ltr'>πρό-</span> 
     </span>
    </p>
   </div>
   <div class='ocr_carea' id='block_1_52' title="bbox 1043 1075 1841 1114">
    <p class='ocr_par' dir='ltr' id='par_1_52' title="bbox 1043 1075 1841 1114">
     <span class='ocr_line' id='line_1_52' title="bbox 1043 1075 1841 1114; baseline -0.003 -10"><span class='ocrx_word' id='word_1_379' title='bbox 1043 1086 1121 1114; x_wconf 81' lang='grc' dir='ltr'>τερον</span> <span class='ocrx_word' id='word_1_380' title='bbox 1134 1077 1304 1114; x_wconf 73' lang='grc' dir='ltr'>σκεψάμενον</span> <span class='ocrx_word' id='word_1_381' title='bbox 1329 1077 1463 1113; x_wconf 76' lang='grc' dir='ltr'>πεποίηκε</span> <span class='ocrx_word' id='word_1_382' title='bbox 1473 1077 1577 1113; x_wconf 84' lang='grc' dir='ltr'>γράψαι</span> <span class='ocrx_word' id='word_1_383' title='bbox 1594 1077 1628 1104; x_wconf 73' lang='grc' dir='ltr'><strong>τὰ</strong></span> <span class='ocrx_word' id='word_1_384' title='bbox 1646 1076 1723 1110; x_wconf 75' lang='grc' dir='ltr'>ὀλίγα</span> <span class='ocrx_word' id='word_1_385' title='bbox 1737 1075 1841 1107; x_wconf 78' lang='grc' dir='ltr'>ταῦτα,</span> 
     </span>
    </p>
   </div>
   <div class='ocr_carea' id='block_1_53' title="bbox 1042 1121 1841 1160">
    <p class='ocr_par' dir='ltr' id='par_1_53' title="bbox 1042 1121 1841 1160">
     <span class='ocr_line' id='line_1_53' title="bbox 1042 1121 1841 1160; baseline -0.004 -10"><span class='ocrx_word' id='word_1_386' title='bbox 1042 1123 1230 1160; x_wconf 72' lang='grc' dir='ltr'>λογισάμενον,</span> <span class='ocrx_word' id='word_1_387' title='bbox 1249 1123 1287 1160; x_wconf 83' lang='grc' dir='ltr'>μὴ</span> <span class='ocrx_word' id='word_1_388' title='bbox 1301 1123 1354 1160; x_wconf 76' lang='grc' dir='ltr'><strong>ἄρα</strong></span> <span class='ocrx_word' id='word_1_389' title='bbox 1369 1124 1401 1150; x_wconf 69' lang='grc' dir='ltr'>ὲκ</span> <span class='ocrx_word' id='word_1_390' title='bbox 1411 1123 1461 1159; x_wconf 81' lang='grc' dir='ltr'>τῆς</span> <span class='ocrx_word' id='word_1_391' title='bbox 1472 1123 1576 1158; x_wconf 79' lang='grc' dir='ltr'><strong>σιωπῆς</strong></span> <span class='ocrx_word' id='word_1_392' title='bbox 1588 1122 1650 1149; x_wconf 78' lang='grc' dir='ltr'>ἀντὶ</span> <span class='ocrx_word' id='word_1_393' title='bbox 1661 1122 1750 1157; x_wconf 79' lang='grc' dir='ltr'>χαρᾶς</span> <span class='ocrx_word' id='word_1_394' title='bbox 1763 1121 1841 1156; x_wconf 78' lang='grc' dir='ltr'>λύπη</span> 
     </span>
    </p>
   </div>
   <div class='ocr_carea' id='block_1_54' title="bbox 1042 1166 1842 1205">
    <p class='ocr_par' dir='ltr' id='par_1_54' title="bbox 1042 1166 1842 1205">
     <span class='ocr_line' id='line_1_54' title="bbox 1042 1166 1842 1205; baseline -0.004 -10"><span class='ocrx_word' id='word_1_395' title='bbox 1042 1169 1155 1205; x_wconf 83' lang='grc' dir='ltr'>γένηται</span> <span class='ocrx_word' id='word_1_396' title='bbox 1175 1170 1230 1202; x_wconf 79' lang='grc' dir='ltr'>τοῖς</span> <span class='ocrx_word' id='word_1_397' title='bbox 1250 1170 1283 1196; x_wconf 78' lang='grc' dir='ltr'>ἐκ</span> <span class='ocrx_word' id='word_1_398' title='bbox 1304 1169 1353 1205; x_wconf 81' lang='grc' dir='ltr'>τῆς</span> <span class='ocrx_word' id='word_1_399' title='bbox 1380 1168 1539 1204; x_wconf 72' lang='grc' dir='ltr'>συμφωνίας</span> <span class='ocrx_word' id='word_1_400' title='bbox 1553 1168 1689 1203; x_wconf 73' lang='grc' dir='ltr'>πρόφασιν</span> <span class='ocrx_word' id='word_1_401' title='bbox 1708 1166 1756 1194; x_wconf 73' lang='grc' dir='ltr'>τοῦ</span> <span class='ocrx_word' id='word_1_402' title='bbox 1776 1167 1842 1202; x_wconf 85' lang='grc' dir='ltr'>χαί-</span> 
     </span>
    </p>
   </div>
   <div class='ocr_carea' id='block_1_55' title="bbox 1044 1213 1843 1251">
    <p class='ocr_par' dir='ltr' id='par_1_55' title="bbox 1044 1213 1843 1251">
     <span class='ocr_line' id='line_1_55' title="bbox 1044 1213 1843 1251; baseline -0.005 -9"><span class='ocrx_word' id='word_1_403' title='bbox 1044 1223 1101 1251; x_wconf 82' lang='grc' dir='ltr'>ρειν</span> <span class='ocrx_word' id='word_1_404' title='bbox 1116 1215 1303 1250; x_wconf 74' lang='grc' dir='ltr'>παρασχοῦσιν</span> <span class='ocrx_word' id='word_1_405' title='bbox 1317 1215 1392 1251; x_wconf 79' lang='grc' dir='ltr'>ἡμῖν.</span> <span class='ocrx_word' id='word_1_406' title='bbox 1413 1214 1493 1248; x_wconf 82' lang='grc' dir='ltr'>’Λξιὼ</span> <span class='ocrx_word' id='word_1_407' title='bbox 1510 1214 1600 1241; x_wconf 81' lang='grc' dir='ltr'>τοίνυν</span> <span class='ocrx_word' id='word_1_408' title='bbox 1623 1213 1843 1249; x_wconf 75' lang='grc' dir='ltr'>προηγουμένως</span> 
     </span>
    </p>
   </div>
   <div class='ocr_carea' id='block_1_56' title="bbox 1043 1258 1844 1297">
    <p class='ocr_par' dir='ltr' id='par_1_56' title="bbox 1043 1258 1844 1297">
     <span class='ocr_line' id='line_1_56' title="bbox 1043 1258 1844 1297; baseline -0.002 -11"><span class='ocrx_word' id='word_1_409' title='bbox 1043 1261 1093 1296; x_wconf 78' lang='grc' dir='ltr'>τὴν</span> <span class='ocrx_word' id='word_1_410' title='bbox 1106 1261 1156 1297; x_wconf 84' lang='grc' dir='ltr'>σὴν</span> <span class='ocrx_word' id='word_1_411' title='bbox 1163 1261 1372 1293; x_wconf 75' lang='grc' dir='ltr'>εὐλάϐειαν,κα“ι</span> <span class='ocrx_word' id='word_1_412' title='bbox 1385 1260 1510 1296; x_wconf 80' lang='grc' dir='ltr'>δεύτερον</span> <span class='ocrx_word' id='word_1_413' title='bbox 1520 1261 1582 1292; x_wconf 70' lang='grc' dir='ltr'>τοὺς</span> <span class='ocrx_word' id='word_1_414' title='bbox 1595 1259 1745 1290; x_wconf 68' lang='grc' dir='ltr'>ἀκοὺοπας</span> <span class='ocrx_word' id='word_1_415' title='bbox 1769 1258 1844 1293; x_wconf 73' lang='grc' dir='ltr'>μετὰ</span> 
     </span>
    </p>
   </div>
   <div class='ocr_carea' id='block_1_57' title="bbox 1046 1304 1845 1344">
    <p class='ocr_par' dir='ltr' id='par_1_57' title="bbox 1046 1304 1845 1344">
     <span class='ocr_line' id='line_1_57' title="bbox 1046 1304 1845 1344; baseline -0.005 -10"><span class='ocrx_word' id='word_1_416' title='bbox 1046 1308 1224 1344; x_wconf 80' lang='grc' dir='ltr'>συνειδήσεως</span> <span class='ocrx_word' id='word_1_417' title='bbox 1249 1307 1355 1343; x_wconf 79' lang='grc' dir='ltr'>ἀγαθῆς</span> <span class='ocrx_word' id='word_1_418' title='bbox 1381 1307 1468 1335; x_wconf 80' lang='grc' dir='ltr'>ταῦτα</span> <span class='ocrx_word' id='word_1_419' title='bbox 1492 1305 1639 1339; x_wconf 79' lang='grc' dir='ltr'>δέξασθαι,</span> <span class='ocrx_word' id='word_1_420' title='bbox 1667 1305 1713 1332; x_wconf 71' lang='grc' dir='ltr'>καὶ</span> <span class='ocrx_word' id='word_1_421' title='bbox 1737 1305 1762 1331; x_wconf 75' lang='grc' dir='ltr'><strong>εί</strong></span> <span class='ocrx_word' id='word_1_422' title='bbox 1791 1304 1845 1339; x_wconf 85' lang='grc' dir='ltr'>μὲν</span> 
     </span>
    </p>
   </div>
   <div class='ocr_carea' id='block_1_58' title="bbox 1046 1351 1845 1389">
    <p class='ocr_par' dir='ltr' id='par_1_58' title="bbox 1046 1351 1845 1389">
     <span class='ocr_line' id='line_1_58' title="bbox 1046 1351 1845 1389; baseline -0.006 -8"><span class='ocrx_word' id='word_1_423' title='bbox 1046 1354 1113 1389; x_wconf 74' lang='grc' dir='ltr'>πρὸς</span> <span class='ocrx_word' id='word_1_424' title='bbox 1128 1354 1269 1381; x_wconf 71' lang='grc' dir='ltr'>εὐσέϐειαν</span> <span class='ocrx_word' id='word_1_425' title='bbox 1288 1354 1375 1381; x_wconf 76' lang='grc' dir='ltr'>λείπει</span> <span class='ocrx_word' id='word_1_426' title='bbox 1395 1354 1484 1386; x_wconf 75' lang='grc' dir='ltr'>τοῦτο,</span> <span class='ocrx_word' id='word_1_427' title='bbox 1505 1351 1702 1388; x_wconf 74' lang='grc' dir='ltr'>διορθώσασθαι</span> <span class='ocrx_word' id='word_1_428' title='bbox 1730 1351 1779 1378; x_wconf 72' lang='grc' dir='ltr'>καὶ</span> <span class='ocrx_word' id='word_1_429' title='bbox 1791 1351 1845 1385; x_wconf 81' lang='grc' dir='ltr'><strong>δη-</strong></span> 
     </span>
    </p>
   </div>
   <div class='ocr_carea' id='block_1_59' title="bbox 1045 1397 1846 1436">
    <p class='ocr_par' dir='ltr' id='par_1_59' title="bbox 1045 1397 1846 1436">
     <span class='ocr_line' id='line_1_59' title="bbox 1045 1397 1846 1436; baseline -0.006 -9"><span class='ocrx_word' id='word_1_430' title='bbox 1045 1399 1131 1427; x_wconf 81' lang='grc' dir='ltr'>λῶσαί</span> <span class='ocrx_word' id='word_1_431' title='bbox 1155 1408 1214 1436; x_wconf 78' lang='grc' dir='ltr'>μοι’</span> <span class='ocrx_word' id='word_1_432' title='bbox 1238 1401 1262 1427; x_wconf 89' lang='grc' dir='ltr'><strong>εί</strong></span> <span class='ocrx_word' id='word_1_433' title='bbox 1283 1400 1313 1427; x_wconf 74' lang='grc' dir='ltr'>δὲ</span> <span class='ocrx_word' id='word_1_434' title='bbox 1337 1400 1375 1432; x_wconf 85' lang='grc' dir='ltr'>ὡς</span> <span class='ocrx_word' id='word_1_435' title='bbox 1388 1400 1465 1436; x_wconf 72' lang='grc' dir='ltr'>παρὰ</span> <span class='ocrx_word' id='word_1_436' title='bbox 1489 1399 1594 1426; x_wconf 75' lang='grc' dir='ltr'>ἰδιώτου</span> <span class='ocrx_word' id='word_1_437' title='bbox 1617 1398 1657 1434; x_wconf 84' lang='grc' dir='ltr'><strong>τῷ</strong></span> <span class='ocrx_word' id='word_1_438' title='bbox 1666 1397 1749 1433; x_wconf 80' lang='grc' dir='ltr'>λόγῳ,</span> <span class='ocrx_word' id='word_1_439' title='bbox 1772 1397 1846 1433; x_wconf 74' lang='grc' dir='ltr'>μηδὲ</span> 
     </span>
    </p>
   </div>
   <div class='ocr_carea' id='block_1_60' title="bbox 1045 1444 1847 1483">
    <p class='ocr_par' dir='ltr' id='par_1_60' title="bbox 1045 1444 1847 1483">
     <span class='ocr_line' id='line_1_60' title="bbox 1045 1444 1847 1483; baseline -0.006 -9"><span class='ocrx_word' id='word_1_440' title='bbox 1045 1446 1106 1474; x_wconf 83' lang='grc' dir='ltr'>κατ’</span> <span class='ocrx_word' id='word_1_441' title='bbox 1120 1447 1208 1481; x_wconf 77' lang='grc' dir='ltr'>ἀξίαν,</span> <span class='ocrx_word' id='word_1_442' title='bbox 1219 1447 1286 1483; x_wconf 78' lang='grc' dir='ltr'>μηδὲ</span> <span class='ocrx_word' id='word_1_443' title='bbox 1298 1447 1409 1479; x_wconf 79' lang='grc' dir='ltr'>τελείως</span> <span class='ocrx_word' id='word_1_444' title='bbox 1425 1447 1590 1482; x_wconf 78' lang='grc' dir='ltr'>γέγραπται,</span> <span class='ocrx_word' id='word_1_445' title='bbox 1606 1444 1759 1480; x_wconf 75' lang='grc' dir='ltr'>συγγνῶναι</span> <span class='ocrx_word' id='word_1_446' title='bbox 1773 1444 1847 1470; x_wconf 77' lang='grc' dir='ltr'><strong>πάν-</strong></span> 
     </span>
    </p>
   </div>
   <div class='ocr_carea' id='block_1_61' title="bbox 1045 1490 1844 1530">
    <p class='ocr_par' dir='ltr' id='par_1_61' title="bbox 1045 1490 1844 1530">
     <span class='ocr_line' id='line_1_61' title="bbox 1045 1490 1844 1530; baseline -0.003 -10"><span class='ocrx_word' id='word_1_447' title='bbox 1045 1501 1095 1526; x_wconf 82' lang='grc' dir='ltr'><strong>τας</strong></span> <span class='ocrx_word' id='word_1_448' title='bbox 1112 1494 1146 1529; x_wconf 79' lang='grc' dir='ltr'><strong>τῇ</strong></span> <span class='ocrx_word' id='word_1_449' title='bbox 1165 1493 1288 1530; x_wconf 72' lang='grc' dir='ltr'>ἡμετέρᾳ</span> <span class='ocrx_word' id='word_1_450' title='bbox 1310 1493 1374 1529; x_wconf 71' lang='grc' dir='ltr'>περὶ</span> <span class='ocrx_word' id='word_1_451' title='bbox 1389 1493 1420 1520; x_wconf 78' lang='grc' dir='ltr'>τὸ</span> <span class='ocrx_word' id='word_1_452' title='bbox 1431 1493 1521 1527; x_wconf 67' lang='grc' dir='ltr'>λέγειν</span> <span class='ocrx_word' id='word_1_453' title='bbox 1536 1491 1672 1526; x_wconf 73' lang='grc' dir='ltr'>ἀσθενείᾳ.</span> <span class='ocrx_word' id='word_1_454' title='bbox 1688 1490 1844 1526; x_wconf 71' lang='grc' dir='ltr'>Ἔρρωσθε.</span> 
     </span>
    </p>
   </div>
   <div class='ocr_carea' id='block_1_62' title="bbox 204 1532 1848 1576">
    <p class='ocr_par' dir='ltr' id='par_1_62' title="bbox 204 1532 1848 1576">
     <span class='ocr_line' id='line_1_62' title="bbox 204 1532 1848 1576; baseline 0.002 -15"><span class='ocrx_word' id='word_1_455' title='bbox 204 1539 373 1570; x_wconf 68' lang='lat' dir='ltr'><strong>graventur:</strong></span> <span class='ocrx_word' id='word_1_456' title='bbox 387 1535 461 1570; x_wconf 86' lang='lat' dir='ltr'><strong>quod</strong></span> <span class='ocrx_word' id='word_1_457' title='bbox 477 1535 501 1564; x_wconf 89' lang='lat' dir='ltr'><strong>si</strong></span> <span class='ocrx_word' id='word_1_458' title='bbox 530 1534 622 1564; x_wconf 82' lang='lat' dir='ltr'><strong>minus</strong></span> <span class='ocrx_word' id='word_1_459' title='bbox 655 1542 705 1572; x_wconf 90' lang='lat' dir='ltr'><strong>pro</strong></span> <span class='ocrx_word' id='word_1_460' title='bbox 726 1535 766 1563; x_wconf 84' lang='lat' dir='ltr'><strong>rei</strong></span> <span class='ocrx_word' id='word_1_461' title='bbox 787 1535 921 1572; x_wconf 70' lang='lat' dir='ltr'><strong>dignitate</strong></span> <span class='ocrx_word' id='word_1_462' title='bbox 947 1538 1079 1574; x_wconf 78' lang='lat' dir='ltr'><strong>perfecta,</strong></span> <span class='ocrx_word' id='word_1_463' title='bbox 1097 1543 1193 1576; x_wconf 77' lang='lat' dir='ltr'><strong>utpote</strong></span> <span class='ocrx_word' id='word_1_464' title='bbox 1207 1540 1284 1570; x_wconf 84' lang='lat' dir='ltr'><strong>rudis</strong></span> <span class='ocrx_word' id='word_1_465' title='bbox 1302 1545 1385 1576; x_wconf 73' lang='lat' dir='ltr'><strong>atque</strong></span> <span class='ocrx_word' id='word_1_466' title='bbox 1409 1539 1530 1575; x_wconf 88' lang='lat' dir='ltr'><strong>imperiti</strong></span> <span class='ocrx_word' id='word_1_467' title='bbox 1561 1532 1848 1574; x_wconf 32' lang='lat' dir='ltr'><strong>botuinisfvideatur</strong></span> 
     </span>
    </p>
   </div>
   <div class='ocr_carea' id='block_1_63' title="bbox 204 1579 1531 1617">
    <p class='ocr_par' dir='ltr' id='par_1_63' title="bbox 204 1579 1531 1617">
     <span class='ocr_line' id='line_1_63' title="bbox 204 1579 1531 1617; baseline 0.005 -9"><span class='ocrx_word' id='word_1_468' title='bbox 204 1581 313 1614; x_wconf 89' lang='lat' dir='ltr'><strong>oratio,</strong></span> <span class='ocrx_word' id='word_1_469' title='bbox 340 1580 461 1617; x_wconf 85' lang='lat' dir='ltr'><strong>idipsum</strong></span> <span class='ocrx_word' id='word_1_470' title='bbox 489 1579 612 1609; x_wconf 74' lang='lat' dir='ltr'><strong>infantia:</strong></span> <span class='ocrx_word' id='word_1_471' title='bbox 639 1580 875 1617; x_wconf 81' lang='lat' dir='ltr'><strong>irnbecillitatique</strong></span> <span class='ocrx_word' id='word_1_472' title='bbox 901 1587 1004 1613; x_wconf 68' lang='lat' dir='ltr'><strong>nostra</strong></span> <span class='ocrx_word' id='word_1_473' title='bbox 1016 1584 1227 1612; x_wconf 86' lang='lat' dir='ltr'><strong>condonandum</strong></span> <span class='ocrx_word' id='word_1_474' title='bbox 1241 1585 1409 1614; x_wconf 78' lang='lat' dir='ltr'><strong>existiment.</strong></span> <span class='ocrx_word' id='word_1_475' title='bbox 1427 1584 1531 1614; x_wconf 83' lang='lat' dir='ltr'><strong>Valete.</strong></span> 
     </span>
    </p>
   </div>
   <div class='ocr_carea' id='block_1_64' title="bbox 241 1626 683 1663">
    <p class='ocr_par' dir='ltr' id='par_1_64' title="bbox 241 1626 683 1663">
     <span class='ocr_line' id='line_1_64' title="bbox 241 1626 683 1663; baseline 0.002 -9"><span class='ocrx_word' id='word_1_476' title='bbox 241 1626 380 1655; x_wconf 81' lang='lat' dir='ltr'><strong>Hactenus</strong></span> <span class='ocrx_word' id='word_1_477' title='bbox 394 1627 537 1655; x_wconf 80' lang='lat' dir='ltr'><strong>Athanasii</strong></span> <span class='ocrx_word' id='word_1_478' title='bbox 556 1626 683 1663; x_wconf 83' lang='lat' dir='ltr'><strong>epistola.</strong></span> 
     </span>
    </p>
   </div>
   <div class='ocr_carea' id='block_1_65' title="bbox 239 1672 1001 1710">
    <p class='ocr_par' dir='ltr' id='par_1_65' title="bbox 239 1672 1001 1710">
     <span class='ocr_line' id='line_1_65' title="bbox 239 1672 1001 1710; baseline 0.003 -10"><span class='ocrx_word' id='word_1_479' title='bbox 239 1672 311 1700; x_wconf 73' lang='lat' dir='ltr'><strong>XIV.</strong></span> <span class='ocrx_word' id='word_1_480' title='bbox 328 1673 396 1701; x_wconf 88' lang='lat' dir='ltr'><strong>Cum</strong></span> <span class='ocrx_word' id='word_1_481' title='bbox 413 1674 496 1709; x_wconf 79' lang='lat' dir='ltr'><strong>igitur</strong></span> <span class='ocrx_word' id='word_1_482' title='bbox 514 1673 572 1702; x_wconf 70' lang='lat' dir='ltr'><strong>hmo</strong></span> <span class='ocrx_word' id='word_1_483' title='bbox 592 1681 608 1702; x_wconf 85' lang='lat' dir='ltr'><strong>a</strong></span> <span class='ocrx_word' id='word_1_484' title='bbox 632 1673 712 1702; x_wconf 83' lang='lat' dir='ltr'><strong>nobis</strong></span> <span class='ocrx_word' id='word_1_485' title='bbox 731 1672 864 1709; x_wconf 82' lang='lat' dir='ltr'><strong>producta</strong></span> <span class='ocrx_word' id='word_1_486' title='bbox 883 1674 920 1703; x_wconf 89' lang='lat' dir='ltr'><strong>sit</strong></span> <span class='ocrx_word' id='word_1_487' title='bbox 943 1675 1001 1710; x_wconf 82' lang='lat' dir='ltr'><strong>epi-</strong></span> 
     </span>
    </p>
   </div>
   <div class='ocr_carea' id='block_1_66' title="bbox 207 1719 1001 1756">
    <p class='ocr_par' dir='ltr' id='par_1_66' title="bbox 207 1719 1001 1756">
     <span class='ocr_line' id='line_1_66' title="bbox 207 1719 1001 1756; baseline 0 -8"><span class='ocrx_word' id='word_1_488' title='bbox 207 1721 291 1754; x_wconf 87' lang='lat' dir='ltr'><strong>stola,</strong></span> <span class='ocrx_word' id='word_1_489' title='bbox 308 1727 340 1748; x_wconf 84' lang='lat' dir='ltr'><strong>ac</strong></span> <span class='ocrx_word' id='word_1_490' title='bbox 362 1728 415 1748; x_wconf 87' lang='lat' dir='ltr'><strong>non</strong></span> <span class='ocrx_word' id='word_1_491' title='bbox 440 1721 521 1748; x_wconf 88' lang='lat' dir='ltr'><strong>modo</strong></span> <span class='ocrx_word' id='word_1_492' title='bbox 545 1727 577 1748; x_wconf 80' lang='lat' dir='ltr'><strong>ex</strong></span> <span class='ocrx_word' id='word_1_493' title='bbox 597 1720 631 1748; x_wconf 90' lang='lat' dir='ltr'><strong>iis</strong></span> <span class='ocrx_word' id='word_1_494' title='bbox 653 1728 714 1756; x_wconf 73' lang='lat' dir='ltr'><strong>qua:</strong></span> <span class='ocrx_word' id='word_1_495' title='bbox 736 1719 778 1747; x_wconf 86' lang='lat' dir='ltr'><strong>vel</strong></span> <span class='ocrx_word' id='word_1_496' title='bbox 795 1720 898 1749; x_wconf 73' lang='lat' dir='ltr'><strong>abillis</strong></span> <span class='ocrx_word' id='word_1_497' title='bbox 911 1721 952 1748; x_wconf 85' lang='lat' dir='ltr'><strong>vel</strong></span> <span class='ocrx_word' id='word_1_498' title='bbox 967 1720 1001 1748; x_wconf 89' lang='lat' dir='ltr'><strong>ab</strong></span> 
     </span>
    </p>
   </div>
   <div class='ocr_carea' id='block_1_67' title="bbox 207 1766 1001 1799">
    <p class='ocr_par' dir='ltr' id='par_1_67' title="bbox 207 1766 1001 1799">
     <span class='ocr_line' id='line_1_67' title="bbox 207 1766 1001 1799; baseline -0.001 -5"><span class='ocrx_word' id='word_1_499' title='bbox 207 1767 268 1795; x_wconf 85' lang='lat' dir='ltr'><strong>aliis</strong></span> <span class='ocrx_word' id='word_1_500' title='bbox 282 1766 447 1799; x_wconf 86' lang='lat' dir='ltr'><strong>audivimus.</strong></span> <span class='ocrx_word' id='word_1_501' title='bbox 464 1767 633 1795; x_wconf 81' lang='lat' dir='ltr'><strong>utadversus</strong></span> <span class='ocrx_word' id='word_1_502' title='bbox 646 1774 693 1794; x_wconf 89' lang='lat' dir='ltr'><strong>eos</strong></span> <span class='ocrx_word' id='word_1_503' title='bbox 708 1766 902 1798; x_wconf 83' lang='lat' dir='ltr'><strong>scriberemus,</strong></span> <span class='ocrx_word' id='word_1_504' title='bbox 921 1766 1001 1794; x_wconf 87' lang='lat' dir='ltr'><strong>indu-</strong></span> 
     </span>
    </p>
   </div>
   <div class='ocr_carea' id='block_1_68' title="bbox 207 1811 1001 1848">
    <p class='ocr_par' dir='ltr' id='par_1_68' title="bbox 207 1811 1001 1848">
     <span class='ocr_line' id='line_1_68' title="bbox 207 1811 1001 1848; baseline -0.003 -8"><span class='ocrx_word' id='word_1_505' title='bbox 207 1813 243 1840; x_wconf 88' lang='lat' dir='ltr'><strong>cti</strong></span> <span class='ocrx_word' id='word_1_506' title='bbox 258 1813 363 1844; x_wconf 82' lang='lat' dir='ltr'><strong>simus.</strong></span> <span class='ocrx_word' id='word_1_507' title='bbox 381 1813 428 1841; x_wconf 89' lang='lat' dir='ltr'><strong>sed</strong></span> <span class='ocrx_word' id='word_1_508' title='bbox 447 1816 475 1841; x_wconf 91' lang='lat' dir='ltr'><strong>et</strong></span> <span class='ocrx_word' id='word_1_509' title='bbox 497 1812 608 1840; x_wconf 86' lang='lat' dir='ltr'><strong>aliunde</strong></span> <span class='ocrx_word' id='word_1_510' title='bbox 619 1812 729 1848; x_wconf 87' lang='lat' dir='ltr'><strong>planum</strong></span> <span class='ocrx_word' id='word_1_511' title='bbox 752 1812 852 1840; x_wconf 79' lang='lat' dir='ltr'><strong>factum</strong></span> <span class='ocrx_word' id='word_1_512' title='bbox 872 1812 918 1843; x_wconf 83' lang='lat' dir='ltr'><strong>sit,</strong></span> <span class='ocrx_word' id='word_1_513' title='bbox 934 1811 1001 1839; x_wconf 91' lang='lat' dir='ltr'><strong>nihil</strong></span> 
     </span>
    </p>
   </div>
   <div class='ocr_carea' id='block_1_69' title="bbox 209 1858 1003 1893">
    <p class='ocr_par' dir='ltr' id='par_1_69' title="bbox 209 1858 1003 1893">
     <span class='ocr_line' id='line_1_69' title="bbox 209 1858 1003 1893; baseline -0.001 -6"><span class='ocrx_word' id='word_1_514' title='bbox 209 1867 260 1888; x_wconf 86' lang='lat' dir='ltr'><strong>nos</strong></span> <span class='ocrx_word' id='word_1_515' title='bbox 276 1860 304 1887; x_wconf 86' lang='lat' dir='ltr'><strong>in</strong></span> <span class='ocrx_word' id='word_1_516' title='bbox 319 1860 394 1893; x_wconf 86' lang='lat' dir='ltr'><strong>ipsos</strong></span> <span class='ocrx_word' id='word_1_517' title='bbox 413 1858 584 1886; x_wconf 87' lang='lat' dir='ltr'><strong>ealumniose</strong></span> <span class='ocrx_word' id='word_1_518' title='bbox 605 1858 756 1886; x_wconf 86' lang='lat' dir='ltr'><strong>contulisse</strong></span> <span class='ocrx_word' id='word_1_519' title='bbox 772 1868 779 1885; x_wconf 91' lang='lat'><strong>:</strong></span> <span class='ocrx_word' id='word_1_520' title='bbox 793 1858 921 1893; x_wconf 78' lang='lat' dir='ltr'><strong>deinceps</strong></span> <span class='ocrx_word' id='word_1_521' title='bbox 940 1865 1003 1886; x_wconf 80' lang='lat' dir='ltr'><strong>sus-</strong></span> 
     </span>
    </p>
   </div>
   <div class='ocr_carea' id='block_1_70' title="bbox 209 1903 1002 1941">
    <p class='ocr_par' dir='ltr' id='par_1_70' title="bbox 209 1903 1002 1941">
     <span class='ocr_line' id='line_1_70' title="bbox 209 1903 1002 1941; baseline -0.004 -8"><span class='ocrx_word' id='word_1_522' title='bbox 209 1911 316 1941; x_wconf 85' lang='lat' dir='ltr'><strong>ceptam</strong></span> <span class='ocrx_word' id='word_1_523' title='bbox 341 1905 368 1932; x_wconf 91' lang='lat' dir='ltr'><strong>in</strong></span> <span class='ocrx_word' id='word_1_524' title='bbox 388 1906 450 1933; x_wconf 91' lang='lat' dir='ltr'><strong>illos</strong></span> <span class='ocrx_word' id='word_1_525' title='bbox 469 1903 682 1939; x_wconf 76' lang='lat' dir='ltr'><strong>disputationem</strong></span> <span class='ocrx_word' id='word_1_526' title='bbox 704 1908 835 1939; x_wconf 86' lang='lat' dir='ltr'><strong>repetam,</strong></span> <span class='ocrx_word' id='word_1_527' title='bbox 853 1912 887 1931; x_wconf 88' lang='lat' dir='ltr'><strong>ne</strong></span> <span class='ocrx_word' id='word_1_528' title='bbox 905 1905 946 1931; x_wconf 86' lang='lat' dir='ltr'><strong>vel</strong></span> <span class='ocrx_word' id='word_1_529' title='bbox 962 1909 1002 1931; x_wconf 88' lang='lat' dir='ltr'><strong>te-</strong></span> 
     </span>
    </p>
   </div>
   <div class='ocr_carea' id='block_1_71' title="bbox 210 1948 1003 1979">
    <p class='ocr_par' dir='ltr' id='par_1_71' title="bbox 210 1948 1003 1979">
     <span class='ocr_line' id='line_1_71' title="bbox 210 1948 1003 1979; baseline -0.003 -1"><span class='ocrx_word' id='word_1_530' title='bbox 210 1951 372 1979; x_wconf 88' lang='lat' dir='ltr'><strong>nuissimam</strong></span> <span class='ocrx_word' id='word_1_531' title='bbox 389 1950 423 1979; x_wconf 84' lang='lat' dir='ltr'><strong>de</strong></span> <span class='ocrx_word' id='word_1_532' title='bbox 443 1950 524 1978; x_wconf 87' lang='lat' dir='ltr'><strong>nobis</strong></span> <span class='ocrx_word' id='word_1_533' title='bbox 547 1950 691 1977; x_wconf 75' lang='lat' dir='ltr'><strong>calumnia:</strong></span> <span class='ocrx_word' id='word_1_534' title='bbox 713 1953 809 1977; x_wconf 87' lang='lat' dir='ltr'><strong>contra</strong></span> <span class='ocrx_word' id='word_1_535' title='bbox 833 1948 930 1977; x_wconf 81' lang='lat' dir='ltr'><strong>fratres</strong></span> <span class='ocrx_word' id='word_1_536' title='bbox 954 1957 1003 1977; x_wconf 93' lang='lat' dir='ltr'><strong>no-</strong></span> 
     </span>
    </p>
   </div>
   <div class='ocr_carea' id='block_1_72' title="bbox 210 1996 1001 2032">
    <p class='ocr_par' dir='ltr' id='par_1_72' title="bbox 210 1996 1001 2032">
     <span class='ocr_line' id='line_1_72' title="bbox 210 1996 1001 2032; baseline -0.001 -8"><span class='ocrx_word' id='word_1_537' title='bbox 210 2001 284 2027; x_wconf 83' lang='lat' dir='ltr'><strong>stros</strong></span> <span class='ocrx_word' id='word_1_538' title='bbox 300 1996 483 2032; x_wconf 51' lang='lat' dir='ltr'><strong>suspicionem</strong></span> <span class='ocrx_word' id='word_1_539' title='bbox 507 1996 669 2031; x_wconf 82' lang='lat' dir='ltr'><strong>relinquant.</strong></span> <span class='ocrx_word' id='word_1_540' title='bbox 694 1996 855 2031; x_wconf 79' lang='lat' dir='ltr'><strong>Quanquam</strong></span> <span class='ocrx_word' id='word_1_541' title='bbox 875 1996 1001 2030; x_wconf 85' lang='lat' dir='ltr'><strong>cquidcm</strong></span> 
     </span>
    </p>
   </div>
   <div class='ocr_carea' id='block_1_73' title="bbox 211 2043 1003 2079">
    <p class='ocr_par' dir='ltr' id='par_1_73' title="bbox 211 2043 1003 2079">
     <span class='ocr_line' id='line_1_73' title="bbox 211 2043 1003 2079; baseline 0.001 -9"><span class='ocrx_word' id='word_1_542' title='bbox 211 2043 263 2070; x_wconf 85' lang='lat' dir='ltr'><strong>hoc</strong></span> <span class='ocrx_word' id='word_1_543' title='bbox 283 2043 405 2078; x_wconf 91' lang='lat' dir='ltr'><strong>ipsorum</strong></span> <span class='ocrx_word' id='word_1_544' title='bbox 428 2050 512 2071; x_wconf 88' lang='lat' dir='ltr'><strong>causa</strong></span> <span class='ocrx_word' id='word_1_545' title='bbox 540 2043 689 2071; x_wconf 89' lang='lat' dir='ltr'><strong>etiamnttm</strong></span> <span class='ocrx_word' id='word_1_546' title='bbox 719 2051 825 2079; x_wconf 84' lang='lat' dir='ltr'><strong>precor,</strong></span> <span class='ocrx_word' id='word_1_547' title='bbox 844 2044 952 2079; x_wconf 77' lang='lat'><strong>1008</strong></span> <span class='ocrx_word' id='word_1_548' title='bbox 973 2048 1003 2072; x_wconf 88' lang='lat' dir='ltr'><strong>ut</strong></span> 
     </span>
    </p>
   </div>
   <div class='ocr_carea' id='block_1_74' title="bbox 210 2089 1004 2125">
    <p class='ocr_par' dir='ltr' id='par_1_74' title="bbox 210 2089 1004 2125">
     <span class='ocr_line' id='line_1_74' title="bbox 210 2089 1004 2125; baseline 0 -7"><span class='ocrx_word' id='word_1_549' title='bbox 210 2097 272 2125; x_wconf 74' lang='lat' dir='ltr'><strong>qua:</strong></span> <span class='ocrx_word' id='word_1_550' title='bbox 285 2089 416 2118; x_wconf 67' lang='lat' dir='ltr'><strong>molestiae</strong></span> <span class='ocrx_word' id='word_1_551' title='bbox 430 2090 553 2118; x_wconf 88' lang='lat' dir='ltr'><strong>nonnihil</strong></span> <span class='ocrx_word' id='word_1_552' title='bbox 579 2089 658 2118; x_wconf 89' lang='lat' dir='ltr'><strong>nobis</strong></span> <span class='ocrx_word' id='word_1_553' title='bbox 683 2091 833 2122; x_wconf 85' lang='lat' dir='ltr'><strong>attulerint,</strong></span> <span class='ocrx_word' id='word_1_554' title='bbox 857 2090 1004 2125; x_wconf 84' lang='lat' dir='ltr'><strong>aliquando</strong></span> 
     </span>
    </p>
   </div>
   <div class='ocr_carea' id='block_1_75' title="bbox 211 2135 1004 2172">
    <p class='ocr_par' dir='ltr' id='par_1_75' title="bbox 211 2135 1004 2172">
     <span class='ocr_line' id='line_1_75' title="bbox 211 2135 1004 2172; baseline 0 -9"><span class='ocrx_word' id='word_1_555' title='bbox 211 2135 361 2171; x_wconf 79' lang='lat' dir='ltr'><strong>corrigam,</strong></span> <span class='ocrx_word' id='word_1_556' title='bbox 383 2143 417 2163; x_wconf 90' lang='lat' dir='ltr'><strong>ne</strong></span> <span class='ocrx_word' id='word_1_557' title='bbox 437 2140 463 2163; x_wconf 86' lang='lat' dir='ltr'><strong>et</strong></span> <span class='ocrx_word' id='word_1_558' title='bbox 483 2135 521 2163; x_wconf 92' lang='lat' dir='ltr'><strong>illi</strong></span> <span class='ocrx_word' id='word_1_559' title='bbox 552 2135 639 2164; x_wconf 88' lang='lat' dir='ltr'><strong>nostri</strong></span> <span class='ocrx_word' id='word_1_560' title='bbox 663 2140 690 2163; x_wconf 89' lang='lat' dir='ltr'><strong>et</strong></span> <span class='ocrx_word' id='word_1_561' title='bbox 710 2136 818 2163; x_wconf 89' lang='lat' dir='ltr'><strong>illorum</strong></span> <span class='ocrx_word' id='word_1_562' title='bbox 843 2144 893 2164; x_wconf 90' lang='lat' dir='ltr'><strong>nos</strong></span> <span class='ocrx_word' id='word_1_563' title='bbox 914 2137 1004 2172; x_wconf 85' lang='lat' dir='ltr'><strong>jactu-</strong></span> 
     </span>
    </p>
   </div>
   <div class='ocr_carea' id='block_1_76' title="bbox 212 2181 1003 2221">
    <p class='ocr_par' dir='ltr' id='par_1_76' title="bbox 212 2181 1003 2221">
     <span class='ocr_line' id='line_1_76' title="bbox 212 2181 1003 2221; baseline -0.001 -10"><span class='ocrx_word' id='word_1_564' title='bbox 212 2189 271 2221; x_wconf 81' lang='lat' dir='ltr'><strong>ratn</strong></span> <span class='ocrx_word' id='word_1_565' title='bbox 290 2181 432 2210; x_wconf 74' lang='lat' dir='ltr'><strong>faciamus.</strong></span> <span class='ocrx_word' id='word_1_566' title='bbox 458 2181 515 2210; x_wconf 86' lang='lat' dir='ltr'><strong>Hoc</strong></span> <span class='ocrx_word' id='word_1_567' title='bbox 537 2182 610 2210; x_wconf 90' lang='lat' dir='ltr'><strong>enim</strong></span> <span class='ocrx_word' id='word_1_568' title='bbox 633 2189 820 2217; x_wconf 73' lang='lat' dir='ltr'><strong>smpenumero</strong></span> <span class='ocrx_word' id='word_1_569' title='bbox 833 2190 882 2218; x_wconf 87' lang='lat' dir='ltr'><strong>per</strong></span> <span class='ocrx_word' id='word_1_570' title='bbox 901 2182 1003 2218; x_wconf 78' lang='lat' dir='ltr'><strong>legatos</strong></span> 
     </span>
    </p>
   </div>
   <div class='ocr_carea' id='block_1_77' title="bbox 1013 1630 1282 1667">
    <p class='ocr_par' dir='ltr' id='par_1_77' title="bbox 1013 1630 1282 1667">
     <span class='ocr_line' id='line_1_77' title="bbox 1013 1630 1282 1667; baseline 0.004 -10"><span class='ocrx_word' id='word_1_571' title='bbox 1013 1631 1037 1663; x_wconf 86' lang='lat' dir='ltr'>c</span> <span class='ocrx_word' id='word_1_572' title='bbox 1087 1630 1282 1667; x_wconf 81' lang='grc' dir='ltr'>Πεπλήρωται.</span> 
     </span>
    </p>
   </div>
   <div class='ocr_carea' id='block_1_78' title="bbox 1086 1674 1847 1713">
    <p class='ocr_par' dir='ltr' id='par_1_78' title="bbox 1086 1674 1847 1713">
     <span class='ocr_line' id='line_1_78' title="bbox 1086 1674 1847 1713; baseline -0.003 -9"><span class='ocrx_word' id='word_1_573' title='bbox 1086 1676 1135 1704; x_wconf 86' lang='grc' dir='ltr'><strong>1Δ¹.</strong></span> <span class='ocrx_word' id='word_1_574' title='bbox 1159 1677 1236 1704; x_wconf 78' lang='grc' dir='ltr'>Ἐπεὶ</span> <span class='ocrx_word' id='word_1_575' title='bbox 1247 1674 1295 1704; x_wconf 80' lang='grc' dir='ltr'>οὖν</span> <span class='ocrx_word' id='word_1_576' title='bbox 1311 1678 1359 1704; x_wconf 76' lang='grc' dir='ltr'>καὶ</span> <span class='ocrx_word' id='word_1_577' title='bbox 1369 1677 1386 1712; x_wconf 81' lang='grc' dir='ltr'><strong>ἠ</strong></span> <span class='ocrx_word' id='word_1_578' title='bbox 1401 1676 1529 1713; x_wconf 69' lang='grc' dir='ltr'>ἐπιστολὴ</span> <span class='ocrx_word' id='word_1_579' title='bbox 1543 1676 1677 1711; x_wconf 74' lang='grc' dir='ltr'>ὲνιτάγη,</span> <span class='ocrx_word' id='word_1_580' title='bbox 1694 1675 1743 1703; x_wconf 78' lang='grc' dir='ltr'><strong>καὶ</strong></span> <span class='ocrx_word' id='word_1_581' title='bbox 1755 1675 1787 1702; x_wconf 80' lang='grc' dir='ltr'><strong>οὺ</strong></span> <span class='ocrx_word' id='word_1_582' title='bbox 1802 1676 1847 1711; x_wconf 56' lang='grc' dir='ltr'><strong>μίν</strong></span> 
     </span>
    </p>
   </div>
   <div class='ocr_carea' id='block_1_79' title="bbox 1050 1719 1845 1758">
    <p class='ocr_par' dir='ltr' id='par_1_79' title="bbox 1050 1719 1845 1758">
     <span class='ocr_line' id='line_1_79' title="bbox 1050 1719 1845 1758; baseline 0 -10"><span class='ocrx_word' id='word_1_583' title='bbox 1050 1729 1096 1748; x_wconf 88' lang='grc' dir='ltr'><strong>νον</strong></span> <span class='ocrx_word' id='word_1_584' title='bbox 1124 1722 1154 1756; x_wconf 79' lang='grc' dir='ltr'><strong>ἐξ</strong></span> <span class='ocrx_word' id='word_1_585' title='bbox 1178 1719 1216 1750; x_wconf 79' lang='grc' dir='ltr'><strong>ὧν</strong></span> <span class='ocrx_word' id='word_1_586' title='bbox 1232 1723 1296 1758; x_wconf 71' lang='grc' dir='ltr'>παρ’</span> <span class='ocrx_word' id='word_1_587' title='bbox 1312 1722 1402 1750; x_wconf 77' lang='grc' dir='ltr'>αὐτῶν</span> <span class='ocrx_word' id='word_1_588' title='bbox 1418 1722 1585 1758; x_wconf 76' lang='grc' dir='ltr'>ἠκούσαμεν,</span> <span class='ocrx_word' id='word_1_589' title='bbox 1600 1722 1617 1758; x_wconf 73' lang='grc' dir='ltr'>ἦ</span> <span class='ocrx_word' id='word_1_590' title='bbox 1644 1723 1711 1758; x_wconf 76' lang='lat' dir='ltr'><strong>mp‘</strong></span> <span class='ocrx_word' id='word_1_591' title='bbox 1731 1721 1845 1758; x_wconf 80' lang='grc' dir='ltr'>ἐτέρων,</span> 
     </span>
    </p>
   </div>
   <div class='ocr_carea' id='block_1_80' title="bbox 1051 1768 1849 1805">
    <p class='ocr_par' dir='ltr' id='par_1_80' title="bbox 1051 1768 1849 1805">
     <span class='ocr_line' id='line_1_80' title="bbox 1051 1768 1849 1805; baseline 0 -10"><span class='ocrx_word' id='word_1_592' title='bbox 1051 1768 1122 1797; x_wconf 74' lang='grc' dir='ltr'>κατὰ</span> <span class='ocrx_word' id='word_1_593' title='bbox 1144 1769 1198 1796; x_wconf 82' lang='grc' dir='ltr'><strong>τῶν</strong></span> <span class='ocrx_word' id='word_1_594' title='bbox 1216 1769 1371 1805; x_wconf 82' lang='grc' dir='ltr'>λεγομένων</span> <span class='ocrx_word' id='word_1_595' title='bbox 1391 1769 1562 1805; x_wconf 81' lang='grc' dir='ltr'>ὡρμήσαμεν</span> <span class='ocrx_word' id='word_1_596' title='bbox 1573 1768 1678 1804; x_wconf 78' lang='grc' dir='ltr'>γράψαι</span> <span class='ocrx_word' id='word_1_597' title='bbox 1689 1788 1696 1801; x_wconf 87' lang='lat'><strong>,</strong></span> <span class='ocrx_word' id='word_1_598' title='bbox 1712 1768 1781 1796; x_wconf 71' lang='grc' dir='ltr'>ἀλλὰ</span> <span class='ocrx_word' id='word_1_599' title='bbox 1800 1768 1849 1796; x_wconf 83' lang='grc' dir='ltr'>καὶ</span> 
     </span>
    </p>
   </div>
   <div class='ocr_carea' id='block_1_81' title="bbox 1051 1815 1846 1851">
    <p class='ocr_par' dir='ltr' id='par_1_81' title="bbox 1051 1815 1846 1851">
     <span class='ocr_line' id='line_1_81' title="bbox 1051 1815 1846 1851; baseline 0 -10"><span class='ocrx_word' id='word_1_600' title='bbox 1051 1815 1119 1842; x_wconf 80' lang='grc' dir='ltr'>πᾶσι</span> <span class='ocrx_word' id='word_1_601' title='bbox 1133 1815 1250 1850; x_wconf 71' lang='grc' dir='ltr'>φανερὸν</span> <span class='ocrx_word' id='word_1_602' title='bbox 1262 1815 1393 1851; x_wconf 77' lang='grc' dir='ltr'>κατέστη.</span> <span class='ocrx_word' id='word_1_603' title='bbox 1405 1815 1447 1842; x_wconf 77' lang='grc' dir='ltr'>ὅτι</span> <span class='ocrx_word' id='word_1_604' title='bbox 1460 1815 1556 1842; x_wconf 65' lang='grc' dir='ltr'>οὐδένα</span> <span class='ocrx_word' id='word_1_605' title='bbox 1569 1815 1832 1850; x_wconf 73' lang='grc' dir='ltr'>ἐσυκοφαντήσαμεν</span> <span class='ocrx_word' id='word_1_606' title='bbox 1840 1823 1846 1829; x_wconf 88' lang='grc'>·</span> 
     </span>
    </p>
   </div>
   <div class='ocr_carea' id='block_1_82' title="bbox 1052 1860 1848 1897">
    <p class='ocr_par' dir='ltr' id='par_1_82' title="bbox 1052 1860 1848 1897">
     <span class='ocr_line' id='line_1_82' title="bbox 1052 1860 1848 1897; baseline -0.003 -9"><span class='ocrx_word' id='word_1_607' title='bbox 1052 1860 1116 1894; x_wconf 75' lang='grc' dir='ltr'><strong>ἑξῆς</strong></span> <span class='ocrx_word' id='word_1_608' title='bbox 1136 1860 1165 1887; x_wconf 76' lang='grc' dir='ltr'>δὲ</span> <span class='ocrx_word' id='word_1_609' title='bbox 1184 1861 1354 1897; x_wconf 60' lang='grc' dir='ltr'>ἐπιλήψομαι</span> <span class='ocrx_word' id='word_1_610' title='bbox 1369 1861 1419 1896; x_wconf 84' lang='grc' dir='ltr'><strong>τῆς</strong></span> <span class='ocrx_word' id='word_1_611' title='bbox 1438 1861 1498 1889; x_wconf 78' lang='grc' dir='ltr'>κατ’</span> <span class='ocrx_word' id='word_1_612' title='bbox 1514 1861 1604 1889; x_wconf 80' lang='grc' dir='ltr'>αὐτῶν</span> <span class='ocrx_word' id='word_1_613' title='bbox 1621 1860 1788 1893; x_wconf 76' lang='grc' dir='ltr'>ὑποθέσεως,</span> <span class='ocrx_word' id='word_1_614' title='bbox 1804 1860 1848 1887; x_wconf 78' lang='grc' dir='ltr'><strong>ἵνα</strong></span> 
     </span>
    </p>
   </div>
   <div class='ocr_carea' id='block_1_83' title="bbox 1052 1906 1849 1943">
    <p class='ocr_par' dir='ltr' id='par_1_83' title="bbox 1052 1906 1849 1943">
     <span class='ocr_line' id='line_1_83' title="bbox 1052 1906 1849 1943; baseline -0.003 -9"><span class='ocrx_word' id='word_1_615' title='bbox 1052 1908 1085 1934; x_wconf 80' lang='grc' dir='ltr'>ὲκ</span> <span class='ocrx_word' id='word_1_616' title='bbox 1098 1906 1264 1942; x_wconf 81' lang='grc' dir='ltr'>πανταχόθεν</span> <span class='ocrx_word' id='word_1_617' title='bbox 1287 1907 1324 1943; x_wconf 82' lang='grc' dir='ltr'>μὴ</span> <span class='ocrx_word' id='word_1_618' title='bbox 1335 1907 1538 1943; x_wconf 76' lang='grc' dir='ltr'>ὑποληφθῶμέν</span> <span class='ocrx_word' id='word_1_619' title='bbox 1557 1915 1628 1934; x_wconf 78' lang='grc' dir='ltr'>τισιν</span> <span class='ocrx_word' id='word_1_620' title='bbox 1652 1907 1691 1939; x_wconf 80' lang='grc' dir='ltr'><strong>ὡς</strong></span> <span class='ocrx_word' id='word_1_621' title='bbox 1714 1914 1849 1941; x_wconf 79' lang='grc' dir='ltr'>συκοφαν-</span> 
     </span>
    </p>
   </div>
   <div class='ocr_carea' id='block_1_84' title="bbox 1052 1953 1848 1989">
    <p class='ocr_par' dir='ltr' id='par_1_84' title="bbox 1052 1953 1848 1989">
     <span class='ocr_line' id='line_1_84' title="bbox 1052 1953 1848 1989; baseline -0.001 -9"><span class='ocrx_word' id='word_1_622' title='bbox 1052 1953 1161 1985; x_wconf 80' lang='grc' dir='ltr'>τοῦντες</span> <span class='ocrx_word' id='word_1_623' title='bbox 1174 1954 1237 1986; x_wconf 83' lang='grc' dir='ltr'>τοὺς</span> <span class='ocrx_word' id='word_1_624' title='bbox 1251 1953 1404 1989; x_wconf 75' lang='grc' dir='ltr'>ἡμετέρους</span> <span class='ocrx_word' id='word_1_625' title='bbox 1421 1953 1561 1988; x_wconf 76' lang='grc' dir='ltr'>ἀδελφούς.</span> <span class='ocrx_word' id='word_1_626' title='bbox 1580 1953 1676 1980; x_wconf 78' lang='grc' dir='ltr'>Καίτοι</span> <span class='ocrx_word' id='word_1_627' title='bbox 1690 1961 1723 1987; x_wconf 89' lang='grc' dir='ltr'><strong>γε</strong></span> <span class='ocrx_word' id='word_1_628' title='bbox 1734 1953 1848 1988; x_wconf 78' lang='grc' dir='ltr'>εὐχόμε-</span> 
     </span>
    </p>
   </div>
   <div class='ocr_carea' id='block_1_85' title="bbox 1053 1998 1849 2035">
    <p class='ocr_par' dir='ltr' id='par_1_85' title="bbox 1053 1998 1849 2035">
     <span class='ocr_line' id='line_1_85' title="bbox 1053 1998 1849 2035; baseline 0 -9"><span class='ocrx_word' id='word_1_629' title='bbox 1053 2007 1097 2032; x_wconf 85' lang='grc' dir='ltr'><strong>νος</strong></span> <span class='ocrx_word' id='word_1_630' title='bbox 1112 2000 1204 2032; x_wconf 79' lang='grc' dir='ltr'>αὐτοῖς</span> <span class='ocrx_word' id='word_1_631' title='bbox 1217 1999 1263 2026; x_wconf 77' lang='grc' dir='ltr'>καὶ</span> <span class='ocrx_word' id='word_1_632' title='bbox 1278 1999 1317 2031; x_wconf 81' lang='grc' dir='ltr'><strong>είς</strong></span> <span class='ocrx_word' id='word_1_633' title='bbox 1333 1999 1412 2035; x_wconf 81' lang='grc' dir='ltr'>δεῦρο</span> <span class='ocrx_word' id='word_1_634' title='bbox 1425 1999 1570 2035; x_wconf 77' lang='grc' dir='ltr'>διορθῶσαι</span> <span class='ocrx_word' id='word_1_635' title='bbox 1584 2001 1619 2026; x_wconf 77' lang='grc' dir='ltr'>τὰ</span> <span class='ocrx_word' id='word_1_636' title='bbox 1632 1998 1764 2026; x_wconf 75' lang='grc' dir='ltr'>δοκοῦντα</span> <span class='ocrx_word' id='word_1_637' title='bbox 1775 2000 1849 2034; x_wconf 77' lang='grc' dir='ltr'>ἡμᾶς</span> 
     </span>
    </p>
   </div>
   <div class='ocr_carea' id='block_1_86' title="bbox 1053 2045 1849 2081">
    <p class='ocr_par' dir='ltr' id='par_1_86' title="bbox 1053 2045 1849 2081">
     <span class='ocr_line' id='line_1_86' title="bbox 1053 2045 1849 2081; baseline -0.001 -9"><span class='ocrx_word' id='word_1_638' title='bbox 1053 2045 1158 2078; x_wconf 79' lang='grc' dir='ltr'><strong>λυπεῖν,</strong></span> <span class='ocrx_word' id='word_1_639' title='bbox 1176 2046 1219 2073; x_wconf 81' lang='grc' dir='ltr'>ἵνα</span> <span class='ocrx_word' id='word_1_640' title='bbox 1236 2045 1274 2081; x_wconf 85' lang='grc' dir='ltr'><strong>μὴ</strong></span> <span class='ocrx_word' id='word_1_641' title='bbox 1298 2045 1376 2072; x_wconf 74' lang='grc' dir='ltr'>αὐτοὶ</span> <span class='ocrx_word' id='word_1_642' title='bbox 1392 2046 1466 2081; x_wconf 79' lang='grc' dir='ltr'>ἡμᾶς</span> <span class='ocrx_word' id='word_1_643' title='bbox 1489 2045 1659 2081; x_wconf 80' lang='grc' dir='ltr'>ζημιωοῶσι,</span> <span class='ocrx_word' id='word_1_644' title='bbox 1685 2045 1754 2081; x_wconf 77' lang='grc' dir='ltr'>μηδὲ</span> <span class='ocrx_word' id='word_1_645' title='bbox 1769 2046 1849 2081; x_wconf 78' lang='grc' dir='ltr'>ἡμεῖς</span> 
     </span>
    </p>
   </div>
   <div class='ocr_carea' id='block_1_87' title="bbox 1054 2091 1848 2127">
    <p class='ocr_par' dir='ltr' id='par_1_87' title="bbox 1054 2091 1848 2127">
     <span class='ocr_line' id='line_1_87' title="bbox 1054 2091 1848 2127; baseline -0.003 -9"><span class='ocrx_word' id='word_1_646' title='bbox 1054 2092 1163 2124; x_wconf 75' lang='grc' dir='ltr'>αὐτούς.</span> <span class='ocrx_word' id='word_1_647' title='bbox 1191 2092 1325 2124; x_wconf 82' lang='grc' dir='ltr'>Πολλάκις</span> <span class='ocrx_word' id='word_1_648' title='bbox 1348 2092 1402 2127; x_wconf 86' lang='grc' dir='ltr'><strong>γὰρ</strong></span> <span class='ocrx_word' id='word_1_649' title='bbox 1426 2091 1506 2118; x_wconf 80' lang='grc' dir='ltr'>τοῦτο</span> <span class='ocrx_word' id='word_1_650' title='bbox 1533 2091 1775 2126; x_wconf 76' lang='grc' dir='ltr'>ἑπρεσὸεύσαμεν,</span> <span class='ocrx_word' id='word_1_651' title='bbox 1802 2091 1848 2117; x_wconf 70' lang='grc' dir='ltr'><strong>καὶ</strong></span> 
     </span>
    </p>
   </div>
   <div class='ocr_carea' id='block_1_88' title="bbox 1054 2135 1849 2173">
    <p class='ocr_par' dir='ltr' id='par_1_88' title="bbox 1054 2135 1849 2173">
     <span class='ocr_line' id='line_1_88' title="bbox 1054 2135 1849 2173; baseline -0.004 -9"><span class='ocrx_word' id='word_1_652' title='bbox 1054 2137 1292 2173; x_wconf 79' lang='grc' dir='ltr'>παρεκαλέσαμεν,</span> <span class='ocrx_word' id='word_1_653' title='bbox 1314 2137 1362 2164; x_wconf 81' lang='grc' dir='ltr'>καὶ</span> <span class='ocrx_word' id='word_1_654' title='bbox 1384 2137 1423 2163; x_wconf 77' lang='grc' dir='ltr'>ἔτι</span> <span class='ocrx_word' id='word_1_655' title='bbox 1443 2136 1610 2172; x_wconf 78' lang='grc' dir='ltr'>ὲπιμένομεν</span> <span class='ocrx_word' id='word_1_656' title='bbox 1626 2135 1849 2172; x_wconf 76' lang='grc' dir='ltr'>παρακαλοῦντες</span> 
     </span>
    </p>
   </div>
   <div class='ocr_carea' id='block_1_89' title="bbox 1055 2180 1848 2219">
    <p class='ocr_par' dir='ltr' id='par_1_89' title="bbox 1055 2180 1848 2219">
     <span class='ocr_line' id='line_1_89' title="bbox 1055 2180 1848 2219; baseline -0.004 -9"><span class='ocrx_word' id='word_1_657' title='bbox 1055 2180 1119 2218; x_wconf 83' lang='grc' dir='ltr'>ἆραι</span> <span class='ocrx_word' id='word_1_658' title='bbox 1134 2182 1183 2219; x_wconf 81' lang='grc' dir='ltr'>τὴν</span> <span class='ocrx_word' id='word_1_659' title='bbox 1199 2183 1374 2218; x_wconf 81' lang='grc' dir='ltr'>φιλονεικίαν,</span> <span class='ocrx_word' id='word_1_660' title='bbox 1388 2182 1436 2210; x_wconf 74' lang='grc' dir='ltr'>καὶ</span> <span class='ocrx_word' id='word_1_661' title='bbox 1454 2182 1635 2218; x_wconf 75' lang='grc' dir='ltr'>ἀκολουθῆσαι</span> <span class='ocrx_word' id='word_1_662' title='bbox 1657 2182 1696 2217; x_wconf 83' lang='grc' dir='ltr'>τῷ</span> <span class='ocrx_word' id='word_1_663' title='bbox 1712 2182 1766 2208; x_wconf 83' lang='grc' dir='ltr'>τῶν</span> <span class='ocrx_word' id='word_1_664' title='bbox 1780 2182 1848 2208; x_wconf 74' lang='grc' dir='ltr'>ἁπο-</span> 
     </span>
    </p>
   </div>
   <div class='ocr_carea' id='block_1_90' title="bbox 213 2221 995 2264">
    <p class='ocr_par' dir='ltr' id='par_1_90' title="bbox 213 2227 995 2264">
     <span class='ocr_line' id='line_1_90' title="bbox 213 2227 995 2264; baseline 0 -10"><span class='ocrx_word' id='word_1_665' title='bbox 213 2227 247 2255; x_wconf 86' lang='lat' dir='ltr'><strong>ub</strong></span> <span class='ocrx_word' id='word_1_666' title='bbox 261 2227 295 2256; x_wconf 89' lang='lat' dir='ltr'><strong>iis</strong></span> <span class='ocrx_word' id='word_1_667' title='bbox 313 2227 511 2264; x_wconf 81' lang='lat' dir='ltr'><strong>postulavimus</strong></span> <span class='ocrx_word' id='word_1_668' title='bbox 528 2227 684 2263; x_wconf 85' lang='lat' dir='ltr'><strong>hortatique</strong></span> <span class='ocrx_word' id='word_1_669' title='bbox 698 2235 804 2261; x_wconf 86' lang='lat' dir='ltr'><strong>sumus,</strong></span> <span class='ocrx_word' id='word_1_670' title='bbox 819 2232 846 2255; x_wconf 89' lang='lat' dir='ltr'><strong>et</strong></span> <span class='ocrx_word' id='word_1_671' title='bbox 866 2227 938 2256; x_wconf 85' lang='lat' dir='ltr'><strong>idem</strong></span> <span class='ocrx_word' id='word_1_672' title='bbox 952 2228 995 2255; x_wconf 30' lang='lat' dir='ltr'><strong>imi</strong></span> 
     </span>
    </p>
   </div>
   <div class='ocr_carea' id='block_1_91' title="bbox 1048 2221 1849 2264">
    <p class='ocr_par' dir='ltr' id='par_1_91' title="bbox 1054 2227 1849 2264">
     <span class='ocr_line' id='line_1_91' title="bbox 1054 2227 1849 2264; baseline -0.003 -9"><span class='ocrx_word' id='word_1_673' title='bbox 1054 2229 1164 2262; x_wconf 84' lang='grc' dir='ltr'>στόλων,</span> <span class='ocrx_word' id='word_1_674' title='bbox 1179 2229 1225 2257; x_wconf 79' lang='grc' dir='ltr'>καὶ</span> <span class='ocrx_word' id='word_1_675' title='bbox 1239 2229 1450 2264; x_wconf 76' lang='grc' dir='ltr'>εὐαγγελιστῶν,</span> <span class='ocrx_word' id='word_1_676' title='bbox 1467 2230 1514 2256; x_wconf 65' lang='grc' dir='ltr'><strong>καὶ</strong></span> <span class='ocrx_word' id='word_1_677' title='bbox 1527 2229 1657 2264; x_wconf 83' lang='grc' dir='ltr'>Πατέρων</span> <span class='ocrx_word' id='word_1_678' title='bbox 1668 2229 1733 2263; x_wconf 82' lang='grc' dir='ltr'>Θείῳ</span> <span class='ocrx_word' id='word_1_679' title='bbox 1745 2227 1849 2262; x_wconf 76' lang='grc' dir='ltr'>θεσμῷ,</span> 
     </span>
    </p>
   </div>
   <div class='ocr_carea' id='block_1_92' title="bbox 214 2273 1004 2308">
    <p class='ocr_par' dir='ltr' id='par_1_92' title="bbox 214 2273 1004 2308">
     <span class='ocr_line' id='line_1_92' title="bbox 214 2273 1004 2308; baseline 0.001 -7"><span class='ocrx_word' id='word_1_680' title='bbox 214 2279 320 2308; x_wconf 77' lang='lat' dir='ltr'><strong>petrare</strong></span> <span class='ocrx_word' id='word_1_681' title='bbox 338 2274 420 2302; x_wconf 88' lang='lat' dir='ltr'><strong>modo</strong></span> <span class='ocrx_word' id='word_1_682' title='bbox 437 2273 589 2308; x_wconf 80' lang='lat' dir='ltr'><strong>studemus,</strong></span> <span class='ocrx_word' id='word_1_683' title='bbox 604 2279 643 2307; x_wconf 89' lang='lat' dir='ltr'><strong>ut,</strong></span> <span class='ocrx_word' id='word_1_684' title='bbox 657 2274 730 2302; x_wconf 88' lang='lat' dir='ltr'><strong>omni</strong></span> <span class='ocrx_word' id='word_1_685' title='bbox 749 2275 925 2302; x_wconf 75' lang='lat' dir='ltr'><strong>contentione</strong></span> <span class='ocrx_word' id='word_1_686' title='bbox 939 2274 1004 2302; x_wconf 79' lang='lat' dir='ltr'><strong>sub-</strong></span> 
     </span>
    </p>
   </div>
   <div class='ocr_carea' id='block_1_93' title="bbox 215 2319 1005 2357">
    <p class='ocr_par' dir='ltr' id='par_1_93' title="bbox 215 2319 1005 2357">
     <span class='ocr_line' id='line_1_93' title="bbox 215 2319 1005 2357; baseline 0.001 -10"><span class='ocrx_word' id='word_1_687' title='bbox 215 2320 279 2353; x_wconf 80' lang='lat' dir='ltr'><strong>lata,</strong></span> <span class='ocrx_word' id='word_1_688' title='bbox 295 2320 493 2355; x_wconf 83' lang='lat' dir='ltr'><strong>apestolorum,</strong></span> <span class='ocrx_word' id='word_1_689' title='bbox 505 2321 734 2357; x_wconf 72' lang='lat' dir='ltr'><strong>evangelistarum</strong></span> <span class='ocrx_word' id='word_1_690' title='bbox 758 2327 790 2348; x_wconf 89' lang='lat' dir='ltr'><strong>ae</strong></span> <span class='ocrx_word' id='word_1_691' title='bbox 804 2319 917 2348; x_wconf 91' lang='lat' dir='ltr'><strong>Patrum</strong></span> <span class='ocrx_word' id='word_1_692' title='bbox 933 2319 1005 2348; x_wconf 87' lang='lat' dir='ltr'><strong>divi-</strong></span> 
     </span>
    </p>
   </div>
   <div class='ocr_carea' id='block_1_94' title="bbox 1058 2274 1849 2312">
    <p class='ocr_par' dir='ltr' id='par_1_94' title="bbox 1058 2274 1849 2312">
     <span class='ocr_line' id='line_1_94' title="bbox 1058 2274 1849 2312; baseline -0.004 -10"><span class='ocrx_word' id='word_1_693' title='bbox 1058 2274 1106 2302; x_wconf 79' lang='grc' dir='ltr'><strong>καὶ</strong></span> <span class='ocrx_word' id='word_1_694' title='bbox 1128 2275 1260 2312; x_wconf 82' lang='grc' dir='ltr'>ὁμολογίᾳ</span> <span class='ocrx_word' id='word_1_695' title='bbox 1284 2276 1334 2312; x_wconf 83' lang='grc' dir='ltr'>τῆς</span> <span class='ocrx_word' id='word_1_696' title='bbox 1359 2276 1477 2308; x_wconf 77' lang='grc' dir='ltr'>πίστεως</span> <span class='ocrx_word' id='word_1_697' title='bbox 1508 2275 1558 2311; x_wconf 83' lang='grc' dir='ltr'>τῆς</span> <span class='ocrx_word' id='word_1_698' title='bbox 1590 2275 1778 2310; x_wconf 79' lang='grc' dir='ltr'>ἀπεριέργου,</span> <span class='ocrx_word' id='word_1_699' title='bbox 1807 2274 1849 2300; x_wconf 71' lang='grc' dir='ltr'>καὶ</span> 
     </span>
    </p>
   </div>
   <div class='ocr_carea' id='block_1_95' title="bbox 1058 2320 1851 2357">
    <p class='ocr_par' dir='ltr' id='par_1_95' title="bbox 1058 2320 1851 2357">
     <span class='ocr_line' id='line_1_95' title="bbox 1058 2320 1851 2357; baseline -0.001 -11"><span class='ocrx_word' id='word_1_700' title='bbox 1058 2320 1180 2356; x_wconf 79' lang='grc' dir='ltr'>ἑδραίας,</span> <span class='ocrx_word' id='word_1_701' title='bbox 1192 2322 1240 2349; x_wconf 73' lang='grc' dir='ltr'>καὶ</span> <span class='ocrx_word' id='word_1_702' title='bbox 1250 2322 1462 2357; x_wconf 79' lang='grc' dir='ltr'>ἀμετακινήτου,</span> <span class='ocrx_word' id='word_1_703' title='bbox 1475 2321 1521 2348; x_wconf 73' lang='grc' dir='ltr'>καὶ</span> <span class='ocrx_word' id='word_1_704' title='bbox 1531 2320 1702 2355; x_wconf 79' lang='grc' dir='ltr'>δικαιοτάτης</span> <span class='ocrx_word' id='word_1_705' title='bbox 1717 2320 1746 2346; x_wconf 81' lang='grc' dir='ltr'>ἐν</span> <span class='ocrx_word' id='word_1_706' title='bbox 1759 2321 1851 2347; x_wconf 70' lang='grc' dir='ltr'>πᾶσιν.</span> 
     </span>
    </p>
   </div>
   <div class='ocr_carea' id='block_1_96' title="bbox 215 2367 1852 2406">
    <p class='ocr_par' dir='ltr' id='par_1_96' title="bbox 215 2367 1852 2406">
     <span class='ocr_line' id='line_1_96' title="bbox 215 2367 1852 2406; baseline -0.001 -11"><span class='ocrx_word' id='word_1_707' title='bbox 215 2368 259 2395; x_wconf 92' lang='lat' dir='ltr'><strong>nis</strong></span> <span class='ocrx_word' id='word_1_708' title='bbox 285 2368 473 2396; x_wconf 81' lang='lat' dir='ltr'><strong>sanctionibus</strong></span> <span class='ocrx_word' id='word_1_709' title='bbox 501 2368 642 2402; x_wconf 81' lang='lat' dir='ltr'><strong>insistant,</strong></span> <span class='ocrx_word' id='word_1_710' title='bbox 666 2376 699 2398; x_wconf 86' lang='lat' dir='ltr'><strong>ac</strong></span> <span class='ocrx_word' id='word_1_711' title='bbox 720 2370 846 2402; x_wconf 71' lang='lat' dir='ltr'><strong>sincerae,</strong></span> <span class='ocrx_word' id='word_1_712' title='bbox 866 2369 972 2401; x_wconf 66' lang='lat' dir='ltr'><strong>solidae,</strong></span> <span class='ocrx_word' id='word_1_713' title='bbox 1004 2368 1176 2398; x_wconf 75' lang='lat' dir='ltr'><strong>inconcussa:</strong></span> <span class='ocrx_word' id='word_1_714' title='bbox 1199 2374 1224 2398; x_wconf 84' lang='lat' dir='ltr'><strong>et</strong></span> <span class='ocrx_word' id='word_1_715' title='bbox 1264 2369 1443 2406; x_wconf 80' lang='lat' dir='ltr'><strong>undecunque</strong></span> <span class='ocrx_word' id='word_1_716' title='bbox 1471 2369 1632 2405; x_wconf 75' lang='lat' dir='ltr'><strong>justissima:</strong></span> <span class='ocrx_word' id='word_1_717' title='bbox 1654 2368 1716 2396; x_wconf 79' lang='lat' dir='ltr'><strong>tidei</strong></span> <span class='ocrx_word' id='word_1_718' title='bbox 1744 2367 1852 2403; x_wconf 81' lang='lat' dir='ltr'><strong>profes-</strong></span> 
     </span>
    </p>
   </div>
   <div class='ocr_carea' id='block_1_97' title="bbox 216 2413 512 2442">
    <p class='ocr_par' dir='ltr' id='par_1_97' title="bbox 216 2413 512 2442">
     <span class='ocr_line' id='line_1_97' title="bbox 216 2413 512 2442; baseline 0 0"><span class='ocrx_word' id='word_1_719' title='bbox 216 2413 321 2442; x_wconf 75' lang='grc' dir='ltr'>εἰοιιοιιι</span> <span class='ocrx_word' id='word_1_720' title='bbox 338 2417 512 2442; x_wconf 84' lang='lat' dir='ltr'><strong>conservent.</strong></span> 
     </span>
    </p>
   </div>
   <div class='ocr_carea' id='block_1_98' title="bbox 251 2458 1008 2497">
    <p class='ocr_par' dir='ltr' id='par_1_98' title="bbox 251 2458 1008 2497">
     <span class='ocr_line' id='line_1_98' title="bbox 251 2458 1008 2497; baseline 0.003 -11"><span class='ocrx_word' id='word_1_721' title='bbox 251 2458 385 2487; x_wconf 76' lang='lat' dir='ltr'><strong>Czeterum</strong></span> <span class='ocrx_word' id='word_1_722' title='bbox 406 2460 517 2488; x_wconf 87' lang='lat' dir='ltr'><strong>memini</strong></span> <span class='ocrx_word' id='word_1_723' title='bbox 540 2460 593 2489; x_wconf 89' lang='lat' dir='ltr'><strong>hoc</strong></span> <span class='ocrx_word' id='word_1_724' title='bbox 616 2468 632 2489; x_wconf 86' lang='lat' dir='ltr'><strong>a</strong></span> <span class='ocrx_word' id='word_1_725' title='bbox 659 2460 822 2497; x_wconf 85' lang='lat' dir='ltr'><strong>quibusdam</strong></span> <span class='ocrx_word' id='word_1_726' title='bbox 842 2469 874 2489; x_wconf 85' lang='lat' dir='ltr'><strong>ex</strong></span> <span class='ocrx_word' id='word_1_727' title='bbox 899 2461 1008 2488; x_wconf 90' lang='lat' dir='ltr'><strong>illorum</strong></span> 
     </span>
    </p>
   </div>
   <div class='ocr_carea' id='block_1_99' title="bbox 217 2505 1007 2541">
    <p class='ocr_par' dir='ltr' id='par_1_99' title="bbox 217 2505 1007 2541">
     <span class='ocr_line' id='line_1_99' title="bbox 217 2505 1007 2541; baseline 0.003 -9"><span class='ocrx_word' id='word_1_728' title='bbox 217 2512 298 2541; x_wconf 73' lang='lat' dir='ltr'><strong>grege</strong></span> <span class='ocrx_word' id='word_1_729' title='bbox 312 2505 403 2533; x_wconf 86' lang='lat' dir='ltr'><strong>minus</strong></span> <span class='ocrx_word' id='word_1_730' title='bbox 416 2513 477 2535; x_wconf 86' lang='lat' dir='ltr'><strong>esse</strong></span> <span class='ocrx_word' id='word_1_731' title='bbox 489 2511 630 2535; x_wconf 83' lang='lat' dir='ltr'><strong>narratum</strong></span> <span class='ocrx_word' id='word_1_732' title='bbox 646 2516 653 2535; x_wconf 88' lang='lat'><strong>:</strong></span> <span class='ocrx_word' id='word_1_733' title='bbox 670 2516 679 2533; x_wconf 76' lang='grc' dir='ltr'><strong>ι</strong></span> <span class='ocrx_word' id='word_1_734' title='bbox 699 2506 838 2535; x_wconf 84' lang='lat' dir='ltr'><strong>Christum</strong></span> <span class='ocrx_word' id='word_1_735' title='bbox 862 2506 1007 2534; x_wconf 89' lang='lat' dir='ltr'><strong>Dominum</strong></span> 
     </span>
    </p>
   </div>
   <div class='ocr_carea' id='block_1_100' title="bbox 217 2551 1007 2589">
    <p class='ocr_par' dir='ltr' id='par_1_100' title="bbox 217 2551 1007 2589">
     <span class='ocr_line' id='line_1_100' title="bbox 217 2551 1007 2589; baseline -0.001 -9"><span class='ocrx_word' id='word_1_736' title='bbox 217 2560 272 2581; x_wconf 91' lang='lat' dir='ltr'><strong>non</strong></span> <span class='ocrx_word' id='word_1_737' title='bbox 287 2551 358 2579; x_wconf 84' lang='lat' dir='ltr'><strong>hanc</strong></span> <span class='ocrx_word' id='word_1_738' title='bbox 372 2556 494 2580; x_wconf 84' lang='lat' dir='ltr'><strong>nostram</strong></span> <span class='ocrx_word' id='word_1_739' title='bbox 508 2552 692 2589; x_wconf 86' lang='lat' dir='ltr'><strong>assumpsisse</strong></span> <span class='ocrx_word' id='word_1_740' title='bbox 704 2559 826 2584; x_wconf 87' lang='lat' dir='ltr'><strong>carnem,</strong></span> <span class='ocrx_word' id='word_1_741' title='bbox 841 2552 891 2580; x_wconf 82' lang='lat' dir='ltr'><strong>sed</strong></span> <span class='ocrx_word' id='word_1_742' title='bbox 905 2551 1007 2580; x_wconf 89' lang='lat' dir='ltr'><strong>diversi</strong></span> 
     </span>
    </p>
   </div>
   <div class='ocr_carea' id='block_1_101' title="bbox 217 2597 1009 2635">
    <p class='ocr_par' dir='ltr' id='par_1_101' title="bbox 217 2597 1009 2635">
     <span class='ocr_line' id='line_1_101' title="bbox 217 2597 1009 2635; baseline -0.001 -9"><span class='ocrx_word' id='word_1_743' title='bbox 217 2598 325 2635; x_wconf 75' lang='lat' dir='ltr'><strong>generis</strong></span> <span class='ocrx_word' id='word_1_744' title='bbox 343 2598 436 2626; x_wconf 89' lang='lat' dir='ltr'><strong>aliam.</strong></span> <span class='ocrx_word' id='word_1_745' title='bbox 455 2607 464 2624; x_wconf 76' lang='grc' dir='ltr'><strong>ι</strong></span> <span class='ocrx_word' id='word_1_746' title='bbox 477 2598 556 2632; x_wconf 81' lang='lat' dir='ltr'><strong>Quod</strong></span> <span class='ocrx_word' id='word_1_747' title='bbox 583 2599 688 2626; x_wconf 90' lang='lat' dir='ltr'><strong>utinam</strong></span> <span class='ocrx_word' id='word_1_748' title='bbox 712 2606 744 2627; x_wconf 75' lang='lat' dir='ltr'><strong>ex</strong></span> <span class='ocrx_word' id='word_1_749' title='bbox 759 2598 856 2626; x_wconf 66' lang='lat' dir='ltr'><strong>affectu</strong></span> <span class='ocrx_word' id='word_1_750' title='bbox 880 2597 1009 2625; x_wconf 88' lang='lat' dir='ltr'><strong>laudandi</strong></span> 
     </span>
    </p>
   </div>
   <div class='ocr_carea' id='block_1_102' title="bbox 219 2641 1007 2679">
    <p class='ocr_par' dir='ltr' id='par_1_102' title="bbox 219 2641 1007 2679">
     <span class='ocr_line' id='line_1_102' title="bbox 219 2641 1007 2679; baseline -0.004 -7"><span class='ocrx_word' id='word_1_751' title='bbox 219 2643 427 2679; x_wconf 88' lang='lat' dir='ltr'><strong>honorandique</strong></span> <span class='ocrx_word' id='word_1_752' title='bbox 438 2643 584 2678; x_wconf 85' lang='lat' dir='ltr'><strong>jactarent.</strong></span> <span class='ocrx_word' id='word_1_753' title='bbox 599 2642 666 2671; x_wconf 83' lang='lat' dir='ltr'><strong>Nam</strong></span> <span class='ocrx_word' id='word_1_754' title='bbox 686 2648 713 2672; x_wconf 83' lang='lat' dir='ltr'><strong>et</strong></span> <span class='ocrx_word' id='word_1_755' title='bbox 734 2651 784 2672; x_wconf 85' lang='lat' dir='ltr'><strong>nos</strong></span> <span class='ocrx_word' id='word_1_756' title='bbox 800 2647 926 2672; x_wconf 84' lang='lat' dir='ltr'><strong>sanctum</strong></span> <span class='ocrx_word' id='word_1_757' title='bbox 940 2641 1007 2670; x_wconf 88' lang='lat' dir='ltr'><strong>illud</strong></span> 
     </span>
    </p>
   </div>
   <div class='ocr_carea' id='block_1_103' title="bbox 219 2687 1008 2725">
    <p class='ocr_par' dir='ltr' id='par_1_103' title="bbox 219 2687 1008 2725">
     <span class='ocr_line' id='line_1_103' title="bbox 219 2687 1008 2725; baseline -0.003 -8"><span class='ocrx_word' id='word_1_758' title='bbox 219 2697 280 2718; x_wconf 86' lang='lat' dir='ltr'><strong>esse</strong></span> <span class='ocrx_word' id='word_1_759' title='bbox 301 2697 402 2725; x_wconf 87' lang='lat' dir='ltr'><strong>corpus</strong></span> <span class='ocrx_word' id='word_1_760' title='bbox 429 2689 619 2724; x_wconf 89' lang='lat' dir='ltr'><strong>illibatumque</strong></span> <span class='ocrx_word' id='word_1_761' title='bbox 645 2689 781 2722; x_wconf 81' lang='lat' dir='ltr'><strong>dicimus,</strong></span> <span class='ocrx_word' id='word_1_762' title='bbox 811 2689 912 2724; x_wconf 86' lang='lat' dir='ltr'><strong>quippe</strong></span> <span class='ocrx_word' id='word_1_763' title='bbox 934 2687 1008 2723; x_wconf 78' lang='lat' dir='ltr'><strong>quod</strong></span> 
     </span>
    </p>
   </div>
   <div class='ocr_carea' id='block_1_104' title="bbox 219 2734 1009 2771">
    <p class='ocr_par' dir='ltr' id='par_1_104' title="bbox 219 2734 1009 2771">
     <span class='ocr_line' id='line_1_104' title="bbox 219 2734 1009 2771; baseline -0.003 -7"><span class='ocrx_word' id='word_1_764' title='bbox 219 2736 324 2765; x_wconf 84' lang='lat' dir='ltr'><strong>nullum</strong></span> <span class='ocrx_word' id='word_1_765' title='bbox 346 2742 469 2771; x_wconf 87' lang='lat' dir='ltr'><strong>unquam</strong></span> <span class='ocrx_word' id='word_1_766' title='bbox 494 2739 636 2771; x_wconf 83' lang='lat' dir='ltr'><strong>peccatum</strong></span> <span class='ocrx_word' id='word_1_767' title='bbox 650 2735 805 2768; x_wconf 83' lang='lat' dir='ltr'><strong>commisit,</strong></span> <span class='ocrx_word' id='word_1_768' title='bbox 829 2743 880 2764; x_wconf 85' lang='lat' dir='ltr'><strong>nec</strong></span> <span class='ocrx_word' id='word_1_769' title='bbox 903 2735 930 2762; x_wconf 94' lang='lat' dir='ltr'><strong>in</strong></span> <span class='ocrx_word' id='word_1_770' title='bbox 949 2734 1009 2770; x_wconf 87' lang='lat' dir='ltr'><strong>ejus</strong></span> 
     </span>
    </p>
   </div>
   <div class='ocr_carea' id='block_1_105' title="bbox 259 2857 1000 2892">
    <p class='ocr_par' dir='ltr' id='par_1_105' title="bbox 259 2857 1000 2892">
     <span class='ocr_line' id='line_1_105' title="bbox 259 2857 1000 2892; baseline 0 -4"><span class='ocrx_word' id='word_1_771' title='bbox 259 2858 268 2877; x_wconf 74' lang='grc'>⁸</span> <span class='ocrx_word' id='word_1_772' title='bbox 288 2858 364 2888; x_wconf 70' lang='lat' dir='ltr'><strong>Itoni.</strong></span> <span class='ocrx_word' id='word_1_773' title='bbox 383 2867 403 2892; x_wconf 84' lang='grc' dir='ltr'>ι.</span> <span class='ocrx_word' id='word_1_774' title='bbox 417 2858 444 2887; x_wconf 84' lang='lat'><strong>3.</strong></span> <span class='ocrx_word' id='word_1_775' title='bbox 482 2860 491 2875; x_wconf 83' lang='lat'>&#39;</span> <span class='ocrx_word' id='word_1_776' title='bbox 505 2858 602 2887; x_wconf 71' lang='lat' dir='ltr'><strong>Matth.</strong></span> <span class='ocrx_word' id='word_1_777' title='bbox 619 2866 661 2892; x_wconf 85' lang='lat' dir='ltr'><strong>ui,</strong></span> <span class='ocrx_word' id='word_1_778' title='bbox 678 2858 720 2886; x_wconf 81' lang='grc' dir='ltr'><strong>ΓΙ.</strong></span> <span class='ocrx_word' id='word_1_779' title='bbox 769 2857 886 2886; x_wconf 60' lang='grc' dir='ltr'>’Μαιιιη</span> <span class='ocrx_word' id='word_1_780' title='bbox 906 2866 960 2886; x_wconf 70' lang='lat' dir='ltr'><strong>xw.</strong></span> 
     </span>
    </p>
   </div>
   <div class='ocr_carea' id='block_1_106' title="bbox 1098 2453 1852 2493">
    <p class='ocr_par' dir='ltr' id='par_1_106' title="bbox 1098 2453 1852 2493">
     <span class='ocr_line' id='line_1_106' title="bbox 1098 2453 1852 2493; baseline -0.001 -8"><span class='ocrx_word' id='word_1_781' title='bbox 1098 2458 1189 2485; x_wconf 85' lang='grc' dir='ltr'>’Λλλοι</span> <span class='ocrx_word' id='word_1_782' title='bbox 1202 2457 1231 2485; x_wconf 82' lang='grc' dir='ltr'>δὲ</span> <span class='ocrx_word' id='word_1_783' title='bbox 1245 2457 1285 2489; x_wconf 86' lang='grc' dir='ltr'><strong>εἰς</strong></span> <span class='ocrx_word' id='word_1_784' title='bbox 1299 2457 1379 2493; x_wconf 77' lang='grc' dir='ltr'>ἡμῶν</span> <span class='ocrx_word' id='word_1_785' title='bbox 1402 2453 1460 2484; x_wconf 74' lang='grc' dir='ltr'>ὦτα</span> <span class='ocrx_word' id='word_1_786' title='bbox 1479 2457 1632 2493; x_wconf 79' lang='grc' dir='ltr'>εἰρήκασιν,</span> <span class='ocrx_word' id='word_1_787' title='bbox 1649 2456 1690 2483; x_wconf 76' lang='grc' dir='ltr'>ὅτι</span> <span class='ocrx_word' id='word_1_788' title='bbox 1706 2465 1716 2482; x_wconf 75' lang='lat' dir='ltr'><strong>t</strong></span> <span class='ocrx_word' id='word_1_789' title='bbox 1735 2457 1774 2484; x_wconf 71' lang='grc' dir='ltr'><strong>οὗ</strong></span> <span class='ocrx_word' id='word_1_790' title='bbox 1788 2458 1852 2484; x_wconf 71' lang='grc' dir='ltr'><strong>ταὺ-</strong></span> 
     </span>
    </p>
   </div>
   <div class='ocr_carea' id='block_1_107' title="bbox 1061 2500 1854 2539">
    <p class='ocr_par' dir='ltr' id='par_1_107' title="bbox 1061 2500 1854 2539">
     <span class='ocr_line' id='line_1_107' title="bbox 1061 2500 1854 2539; baseline -0.009 -8"><span class='ocrx_word' id='word_1_791' title='bbox 1061 2513 1110 2539; x_wconf 78' lang='grc' dir='ltr'>την</span> <span class='ocrx_word' id='word_1_792' title='bbox 1125 2503 1174 2539; x_wconf 84' lang='grc' dir='ltr'>τὴν</span> <span class='ocrx_word' id='word_1_793' title='bbox 1193 2502 1331 2538; x_wconf 84' lang='grc' dir='ltr'>ἡμετέραν</span> <span class='ocrx_word' id='word_1_794' title='bbox 1353 2502 1453 2537; x_wconf 79' lang='grc' dir='ltr'>σάρκα,</span> <span class='ocrx_word' id='word_1_795' title='bbox 1475 2501 1536 2528; x_wconf 78' lang='grc' dir='ltr'>οὐδὲ</span> <span class='ocrx_word' id='word_1_796' title='bbox 1555 2500 1651 2534; x_wconf 76' lang='grc' dir='ltr'>ὁμοίαν</span> <span class='ocrx_word' id='word_1_797' title='bbox 1671 2500 1751 2536; x_wconf 81' lang='grc' dir='ltr'>ἡμῶν</span> <span class='ocrx_word' id='word_1_798' title='bbox 1769 2501 1854 2527; x_wconf 76' lang='grc' dir='ltr'>ἐλθὼν</span> 
     </span>
    </p>
   </div>
   <div class='ocr_carea' id='block_1_108' title="bbox 1061 2546 1854 2584">
    <p class='ocr_par' dir='ltr' id='par_1_108' title="bbox 1061 2546 1854 2584">
     <span class='ocr_line' id='line_1_108' title="bbox 1061 2546 1854 2584; baseline -0.004 -8"><span class='ocrx_word' id='word_1_799' title='bbox 1061 2549 1156 2576; x_wconf 75' lang='grc' dir='ltr'>ἐλαὸεν</span> <span class='ocrx_word' id='word_1_800' title='bbox 1170 2550 1184 2576; x_wconf 83' lang='grc' dir='ltr'>ὁ</span> <span class='ocrx_word' id='word_1_801' title='bbox 1198 2549 1310 2584; x_wconf 78' lang='grc' dir='ltr'>Κύριος,</span> <span class='ocrx_word' id='word_1_802' title='bbox 1321 2547 1389 2576; x_wconf 69' lang='lat' dir='ltr'><strong>am</strong></span> <span class='ocrx_word' id='word_1_803' title='bbox 1403 2547 1486 2582; x_wconf 79' lang='grc' dir='ltr'>ἄλλην</span> <span class='ocrx_word' id='word_1_804' title='bbox 1502 2546 1579 2582; x_wconf 73' lang='grc' dir='ltr'>παρὰ</span> <span class='ocrx_word' id='word_1_805' title='bbox 1596 2546 1647 2582; x_wconf 76' lang='grc' dir='ltr'>τὴν</span> <span class='ocrx_word' id='word_1_806' title='bbox 1659 2546 1749 2582; x_wconf 75' lang='grc' dir='ltr'>ἡμῶν.</span> <span class='ocrx_word' id='word_1_807' title='bbox 1772 2556 1781 2572; x_wconf 74' lang='grc' dir='ltr'><strong>ι</strong></span> <span class='ocrx_word' id='word_1_808' title='bbox 1802 2546 1854 2573; x_wconf 80' lang='grc' dir='ltr'><strong>Καὶ</strong></span> 
     </span>
    </p>
   </div>
   <div class='ocr_carea' id='block_1_109' title="bbox 1062 2592 1854 2629">
    <p class='ocr_par' dir='ltr' id='par_1_109' title="bbox 1062 2592 1854 2629">
     <span class='ocr_line' id='line_1_109' title="bbox 1062 2592 1854 2629; baseline -0.008 -6"><span class='ocrx_word' id='word_1_809' title='bbox 1062 2595 1117 2623; x_wconf 83' lang='grc' dir='ltr'>εἴθε</span> <span class='ocrx_word' id='word_1_810' title='bbox 1132 2595 1202 2622; x_wconf 83' lang='grc' dir='ltr'>κατὰ</span> <span class='ocrx_word' id='word_1_811' title='bbox 1216 2594 1372 2629; x_wconf 77' lang='grc' dir='ltr'>δοξολογίαν</span> <span class='ocrx_word' id='word_1_812' title='bbox 1392 2593 1485 2628; x_wconf 73' lang='grc' dir='ltr'>ἔλεγον</span> <span class='ocrx_word' id='word_1_813' title='bbox 1504 2592 1551 2619; x_wconf 86' lang='grc' dir='ltr'>καὶ</span> <span class='ocrx_word' id='word_1_814' title='bbox 1571 2592 1642 2620; x_wconf 77' lang='grc' dir='ltr'>κατὰ</span> <span class='ocrx_word' id='word_1_815' title='bbox 1660 2592 1783 2620; x_wconf 62' lang='grc' dir='ltr'>ἔπαινον.</span> <span class='ocrx_word' id='word_1_816' title='bbox 1801 2593 1854 2619; x_wconf 79' lang='grc' dir='ltr'><strong>Καὶ</strong></span> 
     </span>
    </p>
   </div>
   <div class='ocr_carea' id='block_1_110' title="bbox 1062 2637 1852 2677">
    <p class='ocr_par' dir='ltr' id='par_1_110' title="bbox 1062 2637 1852 2677">
     <span class='ocr_line' id='line_1_110' title="bbox 1062 2637 1852 2677; baseline -0.005 -8"><span class='ocrx_word' id='word_1_817' title='bbox 1062 2642 1140 2669; x_wconf 75' lang='grc' dir='ltr'>αὐτοὶ</span> <span class='ocrx_word' id='word_1_818' title='bbox 1150 2641 1204 2677; x_wconf 83' lang='grc' dir='ltr'>γάρ</span> <span class='ocrx_word' id='word_1_819' title='bbox 1220 2649 1311 2677; x_wconf 76' lang='grc' dir='ltr'>φαμεν</span> <span class='ocrx_word' id='word_1_820' title='bbox 1325 2640 1403 2675; x_wconf 74' lang='grc' dir='ltr'>ἅγιον</span> <span class='ocrx_word' id='word_1_821' title='bbox 1414 2637 1484 2667; x_wconf 80' lang='grc' dir='ltr'>εἶναι</span> <span class='ocrx_word' id='word_1_822' title='bbox 1499 2640 1530 2666; x_wconf 87' lang='grc' dir='ltr'>τὸ</span> <span class='ocrx_word' id='word_1_823' title='bbox 1545 2638 1626 2674; x_wconf 72' lang='grc' dir='ltr'>σῶμα</span> <span class='ocrx_word' id='word_1_824' title='bbox 1642 2639 1689 2666; x_wconf 76' lang='grc' dir='ltr'>καὶ</span> <span class='ocrx_word' id='word_1_825' title='bbox 1704 2639 1852 2675; x_wconf 68' lang='grc' dir='ltr'>ἄχραντον·</span> 
     </span>
    </p>
   </div>
   <div class='ocr_carea' id='block_1_111' title="bbox 1062 2683 1855 2723">
    <p class='ocr_par' dir='ltr' id='par_1_111' title="bbox 1062 2683 1855 2723">
     <span class='ocr_line' id='line_1_111' title="bbox 1062 2683 1855 2723; baseline -0.008 -9"><span class='ocrx_word' id='word_1_826' title='bbox 1062 2687 1200 2723; x_wconf 73' lang='grc' dir='ltr'>ἁμαρτίαν</span> <span class='ocrx_word' id='word_1_827' title='bbox 1219 2686 1273 2722; x_wconf 85' lang='grc' dir='ltr'>γὰρ</span> <span class='ocrx_word' id='word_1_828' title='bbox 1297 2685 1348 2712; x_wconf 81' lang='grc' dir='ltr'>οὐκ</span> <span class='ocrx_word' id='word_1_829' title='bbox 1371 2685 1499 2721; x_wconf 76' lang='grc' dir='ltr'>ἐποίησεν</span> <span class='ocrx_word' id='word_1_830' title='bbox 1511 2693 1517 2700; x_wconf 89' lang='grc'>·</span> <span class='ocrx_word' id='word_1_831' title='bbox 1542 2683 1603 2710; x_wconf 80' lang='grc' dir='ltr'>οὐδὲ</span> <span class='ocrx_word' id='word_1_832' title='bbox 1619 2683 1720 2719; x_wconf 67' lang='grc' dir='ltr'>εὑρέθη</span> <span class='ocrx_word' id='word_1_833' title='bbox 1737 2683 1812 2715; x_wconf 85' lang='grc' dir='ltr'>δόλος</span> <span class='ocrx_word' id='word_1_834' title='bbox 1828 2684 1855 2709; x_wconf 79' lang='grc' dir='ltr'>ὲν</span> 
     </span>
    </p>
   </div>
   <div class='ocr_carea' id='block_1_112' title="bbox 1065 2727 1856 2770">
    <p class='ocr_par' dir='ltr' id='par_1_112' title="bbox 1065 2727 1856 2770">
     <span class='ocr_line' id='line_1_112' title="bbox 1065 2727 1856 2770; baseline -0.008 -9"><span class='ocrx_word' id='word_1_835' title='bbox 1065 2734 1178 2770; x_wconf 70' lang='grc' dir='ltr'>στόματι</span> <span class='ocrx_word' id='word_1_836' title='bbox 1193 2731 1285 2761; x_wconf 73' lang='grc' dir='ltr'>αὐτοῦ.</span> <span class='ocrx_word' id='word_1_837' title='bbox 1300 2732 1356 2761; x_wconf 72' lang='grc' dir='ltr'><strong>Καὶ</strong></span> <span class='ocrx_word' id='word_1_838' title='bbox 1376 2731 1457 2758; x_wconf 81' lang='grc' dir='ltr'>παντί</span> <span class='ocrx_word' id='word_1_839' title='bbox 1482 2739 1522 2767; x_wconf 81' lang='grc' dir='ltr'>τῳ</span> <span class='ocrx_word' id='word_1_840' title='bbox 1545 2729 1626 2766; x_wconf 82' lang='grc' dir='ltr'>δῆλόν</span> <span class='ocrx_word' id='word_1_841' title='bbox 1650 2730 1709 2756; x_wconf 64' lang='grc' dir='ltr'>ἐστι</span> <span class='ocrx_word' id='word_1_842' title='bbox 1726 2728 1806 2756; x_wconf 75' lang='grc' dir='ltr'>τοῦτο</span> <span class='ocrx_word' id='word_1_843' title='bbox 1819 2727 1856 2764; x_wconf 77' lang='grc' dir='ltr'>τῷ</span> 
     </span>
    </p>
   </div>
  </div>
