1945 3043
89 133 144 161 θοι

399 134 584 164 ADVLRSUS
604 136 775 165 llAiliESiiS
794 138 861 166 LIB.
883 138 925 166 Ill.
947 139 1030 168 ΤΟΜ.
1050 139 1081 168 ll.
1095 156 1128 160 —
1144 139 1278 168 HKERES.
1299 141 1428 170 LXXVII.

1675 146 1729 175 662

84 194 210 225 εὐσεῦὦς
226 195 288 230 περὶ
304 194 422 229 Χριστοῦ
439 195 544 230 λέγοντι
566 197 612 224 καὶ
631 197 745 226 νοοῦντι.
759 199 767 214 ¹
786 199 880 235 Ἡμεῖς

934 208 981 228 ore
993 200 1074 229 dolus
1089 201 1216 229 inventus
1231 205 1275 229 est
1289 202 1319 230 ':
1335 202 1409 238 qttod
1432 202 1543 238 quidem
1570 211 1650 232 nano
1670 213 1725 234 non

85 240 116 268 δὲ
134 241 159 268 εί
174 241 223 268 καὶ
236 240 302 267 αὐτὸ
316 240 347 267 τὸ
371 240 452 276 σῶμα
467 240 595 277 λέγομεν,
611 243 682 279 ὅπερ
698 243 745 270 καὶ
774 244 840 271 αὐτὸ
859 245 881 271 τὶ

937 247 1074 283 intelligit,
1087 248 1134 283 qui
1149 248 1183 276 de
1204 248 1314 277 Christo
1330 249 1373 284 pie
1394 250 1554 285 proﬁteatur
1569 258 1601 279 ac
1618 252 1725 280 sentiat-

88 287 169 324 ἡμῶν
180 287 275 323 εἴληφε
287 288 354 324 παρ’
369 287 443 321 αὐτῷ
458 288 488 314 τὺ
502 288 636 324 ἄχραντον
649 289 731 316 αὐτοῦ
745 290 836 326 σῶμα,
854 291 883 318 ἐν

87 336 156 370 ἡμῖν
167 335 224 366 τοῖς
235 333 511 368 πεπλημμεληκόσιν,
522 334 553 360 οὺ
564 333 608 360 διὰ
620 334 650 361 τὸ
664 335 804 371 ἀλλότριον
816 334 886 364 εἶναι

86 380 119 408 τὸ
136 379 227 415 σῶμα,
240 379 287 406 καὶ
301 378 445 406 ἀλλόκοτον
468 378 499 405 τὸ
523 379 634 411 exosae;
659 380 706 407 καὶ
725 380 884 416 ἠλαττωμέ-

87 434 144 457 νον,
164 424 233 452 ἀλλὰ
248 424 292 451 διὰ
313 424 348 451 τὰ
365 424 443 460 ἡμῶν
460 424 646 460 ἁμαρτήματα
667 425 715 452 καὶ
731 427 882 462 παραπτώ-

88 480 174 507 ματα,
188 470 282 498 τούτου
303 470 396 497 ἕνεκα.
425 470 461 497 οὐ
482 470 536 506 γὰρ
562 470 626 497 ἄλλο
638 470 717 506 σῶμα
739 472 753 499 ὁ
780 472 881 508 Κύριος

87 516 180 549 ἔλαϐε,
193 515 240 542 καὶ
253 514 318 542 ἄλλο
333 515 415 551 ἡμεῖς
433 514 542 551 ἔχομεν,
553 515 610 542 ἀλλ’
626 516 691 543 αὐτὸ
709 516 740 543 τὸ
761 517 840 553 σῶμα
853 518 882 545 ὲν

87 562 163 598 αὐτῷ
176 560 383 596 πεφυλαγμένον
397 561 444 588 καὶ
459 562 593 597 ἄχραντον
605 561 845 599 διατετηρημένον.

937 293 1036 321 Verum
1052 294 1104 321 etsi
1121 301 1219 329 purum
1241 294 1432 331 integrumque
1451 304 1551 332 corpus
1565 297 1638 325 illius
1655 299 1726 332 quod

931 339 1095 374 assumpsit,
1113 339 1182 367 idem
1196 347 1257 367 esse
1270 347 1332 367 cum
1346 344 1442 368 nostro
1459 341 1603 376 fateamur,
1618 346 1661 370 est
1674 342 1727 370 hoc

932 383 1021 418 ipsum
1045 389 1136 412 tamen
1161 384 1188 412 in
1218 385 1307 419 nobis,
1331 386 1377 421 qui
1402 386 1512 422 quidem
1540 388 1726 422 peccavimus,

933 430 1090 458 conditione
1104 438 1136 458 ac
1156 431 1290 466 dignitate
1307 432 1422 459 multum
1439 433 1566 467 inferius,
1585 442 1641 461 non
1655 434 1726 470 quod

934 475 1052 504 alienum
1065 477 1099 504 ab
1115 477 1162 504 illo
1177 478 1214 506 sit
1234 483 1262 505 et
1282 478 1445 510 abhorrens,
1459 479 1506 507 sed
1526 479 1598 515 quod
1615 483 1727 515 peccata

933 525 998 549 sunt
1021 529 1037 548 a
1063 523 1142 550 nobis
1165 523 1319 560 delictaque
1344 525 1542 560 quampluritna
1567 526 1724 553 commissa.

933 566 1024 600 Quare
1036 575 1090 596 non
1104 568 1179 596 aliud
1195 576 1228 597 ac
1242 577 1293 598 nos
1315 570 1447 598 habemus
1462 577 1478 597 a
1502 571 1612 599 Christo
1626 578 1726 606 corpus

87 612 258 643 assumptum
271 611 333 640 est;
348 606 395 634 sed
414 607 484 634 idem
502 607 614 635 oumino
626 615 727 643 corpus
740 612 793 638 est.
809 609 881 644 quod
901 611 928 639 in
950 613 996 642 illo
1013 618 1153 642 servatum
1184 620 1211 643 et
1228 614 1263 643 ab
1279 615 1354 643 omni
1370 616 1531 651 contagione
1559 617 1725 644 vindicatum

87 659 138 684 εει.

123 702 174 730 1Ε’.
192 702 283 730 Ἄλλοι
301 702 330 729 δὲ
349 701 379 734 ἐξ
395 701 485 728 αὐτῶν
504 702 552 728 καὶ
566 702 631 737 ἄχρι
649 701 699 737 τῆς
713 702 793 738 δεῦρο
809 703 884 737 φιλο-

85 749 177 785 νεικίᾳ
207 749 260 777 τινὶ
276 748 439 784 φερόμενοι,
458 748 598 780 ὑπονοίαις
624 748 779 785 ἀλλοτρίαις
798 757 882 785 προσ-

40 812 47 824 ,
84 795 224 831 αχθέντες,
243 795 274 822 οὗ
301 794 372 822 κατὰ
396 795 447 830 τὴν
461 794 571 830 διδαχὴν
595 794 649 822 τῶν
668 795 808 831 Πατέρων.
823 795 883 822 οὐδὲ

972 703 1029 732 διν.
1044 704 1178 733 Ρι-οειοιιοο
1200 709 1265 733 sunt
1284 705 1355 734 inter
1378 706 1439 734 illos
1456 707 1548 742 aliqui,
1563 707 1610 743 qui
1627 708 1660 736 ad
1674 709 1726 736 hoc

937 757 1025 785 usque
1047 753 1155 785 tempus
1177 751 1361 779 contentionis
1384 752 1466 785 avidi,
1493 760 1525 780 ac
1548 754 1725 788 perabsurtlis

937 796 1112 831 opinionibus
1137 797 1252 830 irretiti,
1275 804 1329 824 non
1350 797 1481 826 doctrina:
1502 798 1615 826 Patrum
1642 799 1726 827 inhae-

85 843 246 878 κατέχοντες
263 841 312 878 τὴν
329 841 448 877 κεφαλὴν
467 842 518 877 τῆς
539 841 655 873 πίστεως
665 850 671 857 ·
689 841 720 875 ἐξ
733 839 763 869 οὗ
780 843 834 870 πᾶν
849 843 879 869 τὸ

936 846 1038 875 rentes,
1051 850 1139 878 neque
1158 843 1218 871 ﬁdei
1239 849 1321 879 caput
1339 844 1507 879 retinentes;
1529 852 1562 873 ex
1575 853 1630 880 quo
1644 853 1725 874 onuie

84 888 167 924 σῶμα
185 888 228 915 διὰ
248 888 304 916 τῶν
323 888 400 923 ἁφῶν
422 887 468 915 καὶ
493 887 547 914 τῶν
572 887 727 923 συνδέσμων
748 889 878 924 ἐπιχορης

83 935 218 971 γοὺμενον
249 935 296 962 καὶ
322 934 556 969 συμΰιὸαζὸμενον
583 932 660 966 αὒξει
686 933 735 970 τὴν
763 933 878 969 αὖξησιν

83 981 129 1008 τοῦ
145 974 224 1015 Θεοῦ,
237 982 275 1013 ὡς
291 982 306 1008 ὁ
320 981 480 1012 ’Λπόστολος
492 980 585 1015 λέγει’
603 980 671 1007 ἀλλὰ
687 981 757 1016 τάχα
771 980 808 1012 ὡς
825 980 879 1007 ὑπὸ

83 1027 233 1063 ἀλλοτρίων
256 1026 337 1053 τινῶν
361 1026 524 1058 οολωθέντες
543 1025 594 1058 τὰς
612 1025 698 1057 ἀκοὰς
722 1026 879 1061 πλησιαιτέ-

85 1082 140 1108 ρως
158 1072 343 1107 οὑαλεντίνῳ,
359 1072 407 1099 καὶ
426 1071 581 1106 Μαρκίωνι,
594 1071 641 1098 καὶ
661 1071 813 1106 Μανιχαίῳ,
832 1071 879 1098 καὶ.

84 1119 164 1146 αὐτοὶ
179 1118 261 1154 δῆθεν
276 1119 317 1150 εἰς
333 1117 415 1154 τιμὴν
433 1117 553 1153 Χριστοῦ
576 1116 757 1152 φαντάζονται
780 1117 879 1152 μᾶλλον

85 1166 158 1201 ἧπαρ
171 1164 360 1200 ἀληθεύουσιν.
383 1163 468 1191 Ἐπὰν
490 1163 628 1191 ἀκούσωσι
648 1164 714 1199 παρ’
729 1163 818 1199 ἡμῶν,
837 1164 879 1190 ὅτι

85 1212 149 1247 ἔσχε
170 1211 286 1246 Χριστος
315 1209 395 1245 σῶμα
422 1210 452 1236 τὸ
478 1209 623 1246 ἡμέτερον,
651 1210 732 1241 εὐθὺς
753 1210 792 1241 εἰς
816 1210 879 1242 τοὺς

85 1257 190 1292 μύθους
211 1257 357 1292 τρέπονται
381 1256 444 1287 τοὺς
469 1255 550 1288 ἰδίους
574 1256 623 1291 τῆς
645 1255 822 1290 φιλονεικίας,
837 1255 880 1282 λέ-

85 1312 180 1338 γοντες
196 1303 295 1338 ὄνυχας
311 1302 392 1329 αὑτὸν
407 1302 562 1337 ἐσχηκέναι,
577 1302 625 1328 καὶ
644 1302 743 1337 σάρκα,
759 1301 807 1328 καὶ
822 1301 880 1337 τρί-

86 1357 145 1384 χας,
159 1348 206 1375 καὶ
223 1349 250 1375 εἷ
261 1357 287 1375 τι
302 1348 409 1383 ἕτερον’
425 1347 456 1374 οὺ
473 1347 609 1379 τοιούτους
633 1347 661 1374 δὲ
675 1348 784 1379 ὁποίους
799 1348 880 1383 ἡμεῖς

86 1393 194 1429 ἔχομεν,
209 1393 277 1420 ἀλλὰ
291 1393 387 1425 ἄλλους
400 1393 498 1428 ὄνυχας
524 1393 680 1428 ἐσχηκέναι,
705 1394 752 1420 καὶ
776 1393 881 1428 σάρκας

86 1439 181 1472 ἄλλας,
196 1439 243 1465 καὶ
261 1438 296 1465 τὰ
314 1438 383 1466 ἄλλα
399 1438 488 1466 πάντα
509 1438 558 1473 οὐχ
576 1439 655 1465 ὁποῖα
670 1439 750 1474 ἡμεῖς
771 1438 880 1474 ἔχομεν,

86 1486 155 1512 ἀλλὰ
171 1485 263 1512 ἀλλοῖα
279 1484 355 1521 παρὰ
372 1483 406 1511 τὰ
429 1483 569 1519 ἡμέτεραθ
590 1485 669 1520 δῆθεν
688 1484 768 1513 πάλιν
793 1484 881 1519 βουλό-

929 896 1028 923 corpus
1058 897 1107 924 per
1125 897 1269 925 compages
1293 894 1320 918 et
1344 890 1450 918 vincula
1472 891 1673 926 suppeditatum
1699 900 1725 921 et

928 939 1147 971 coagmentatum
1171 941 1287 971 augetur
1307 936 1476 965 incremento
1504 937 1572 970 Dei,
1602 942 1632 964 ut
1644 937 1720 973 Apo-

929 981 992 1009 stoli
1006 981 1096 1009 verbis
1111 981 1208 1016 utar‘;
1225 981 1274 1010 sed
1289 988 1370 1010 aures
1381 990 1446 1010 suas
1462 983 1613 1011 alienorum
1633 983 1723 1011 homi-

929 1035 994 1054 num
1011 1027 1216 1056 narrationibus
1236 1028 1391 1063 perturbari
1408 1028 1553 1063 patientes,
1569 1036 1624 1056 non
1640 1028 1722 1056 dissi-

929 1071 986 1099 mili
1002 1079 1034 1099 ac
1052 1071 1225 1105 Valentinus,
1240 1072 1341 1101 Marcio
1365 1072 1586 1108 Matiiehteusque
1606 1073 1723 1107 ratione,

929 1117 1046 1146 conficta
1058 1117 1193 1152 quredam,
1208 1118 1235 1145 in
1253 1118 1383 1147 honorem
1397 1118 1501 1146 scilicet
1517 1118 1631 1150 Christi,
1647 1127 1721 1146 men-

929 1163 1006 1192 dacia
1023 1171 1071 1199 pro
1091 1164 1162 1192 veris
1180 1164 1352 1199 dogmatibus
1366 1164 1526 1192 obtrudunt.
1538 1164 1606 1192 Cum
1616 1165 1690 1192 enim
1704 1172 1720 1192 a

930 1210 1009 1238 nobis
1017 1210 1140 1243 audiunt,
1149 1210 1287 1238 Christum
1296 1214 1397 1238 .nostro
1407 1210 1490 1238 fuisse
1505 1218 1619 1245 corpore
1627 1211 1723 1245 praedi-

930 1261 998 1288 tum,
1015 1256 1105 1284 statim
1121 1256 1155 1283 ad
1171 1256 1266 1284 inanes
1279 1264 1311 1284 ac
1330 1257 1486 1292 pertinacia:
1501 1264 1557 1285 sua:
1576 1262 1723 1284 consenta~

930 1311 996 1331 neas
1015 1311 1076 1331 sese
1089 1303 1195 1331 fabulas
1209 1302 1386 1330 transferunt.
1403 1301 1471 1330 Nam
1486 1311 1590 1339 ungues
1606 1303 1681 1330 illum
1697 1309 1723 1331 ct

930 1357 1041 1378 carnem
1056 1357 1088 1377 ac
1100 1350 1213 1384 capillos
1229 1353 1380 1384 caeteraque
1397 1348 1489 1376 omnia
1509 1356 1563 1376 non
1577 1348 1722 1383 ejusmodi.

930 1395 1022 1431 qualia
1046 1395 1073 1423 in
1099 1395 1177 1423 nobis
1203 1395 1307 1429 insunt,
1331 1395 1461 1423 habuisse
1486 1395 1651 1430 praedicant,
1676 1395 1724 1423 sed

931 1449 1037 1476 ungues
1061 1448 1077 1468 a
1101 1440 1204 1468 nostris
1224 1439 1358 1471 diversos,
1382 1440 1529 1475 itidemque
1553 1447 1663 1467 carnem
1693 1447 1725 1467 ac

932 1488 1036 1523 reliqua
1051 1487 1077 1514 id
1092 1494 1178 1522 genus
1197 1494 1251 1514 non
1271 1486 1370 1514 similia
1387 1489 1554 1518 nostrorum,
1575 1486 1621 1514 sed
1641 1486 1676 1513 ab
1692 1486 1726 1514 iis

88 1540 165 1566 μενοι
181 1530 343 1566 σοφιστικῶς
361 1529 400 1565 τῷ
424 1529 535 1564 Χριστῷ
553 1530 727 1566 χαρίσασθαι,
750 1530 820 1558 κατὰ
834 1530 881 1558 τὸν

934 1533 1013 1568 longe
1029 1532 1222 1567 discrepantia.
1244 1531 1350 1567 1009
1372 1531 1505 1559 Nimirum
1532 1536 1562 1560 ut
1592 1531 1725 1559 Valentini

87 1577 262 1604 Οὐαλεντῖνον
279 1577 325 1604 καὶ
343 1576 393 1609 τὰς
413 1576 564 1611 εἰρημένας
589 1578 721 1612 αίρέσεις,
740 1577 803 1609 τοὺς
828 1585 882 1612 μα-

87 1624 181 1651 ταίους
201 1623 304 1658 λόγους.
329 1623 446 1658 Λέγουσι
471 1626 540 1659 γὰρ,
589 1624 653 1651 ὅταν
675 1622 794 1658 Χριστοῦ
818 1624 883 1657 ὁμο⁴

88 1671 250 1706 λογήσωμεν
272 1670 383 1703 τελείως
407 1671 441 1698 τὰ
467 1670 568 1702 πάντα,
598 1669 764 1706 περιέργως,
782 1669 884 1705 γέγρα-

89 1724 156 1744 πται
172 1716 182 1731 ¹
197 1715 262 1752 περὶ
275 1715 330 1743 τῶν
344 1715 474 1744 τοιούτων
488 1715 542 1743 τῶν
553 1713 820 1751 περιεργαζομένων,
836 1714 884 1741 καὶ

90 1761 175 1797 μηδὲν
198 1761 405 1797 ἐργαζομένων
430 1760 579 1797 πτύροντες
606 1761 660 1796 γὰρ
688 1760 739 1795 τὴν
763 1759 884 1787 διάνοιαν

89 1806 144 1834 τῶν
160 1807 372 1843 ἀκεραιοτέρων,
402 1806 484 1838 εὐθὺς
498 1806 637 1841 λέγουσιν·
665 1805 770 1833 οὐκοῦν
791 1805 884 1841 χρείαν

90 1852 153 1888 ἔσχε
175 1852 231 1887 (93)
257 1852 311 1886 τῷν
335 1852 406 1880 κατὰ
428 1853 478 1888 τῆς
503 1851 604 1888 σαρκὸς
637 1851 792 1887 συνήθειαν,
813 1851 830 1887 ἢ
849 1851 884 1878 τὰ

90 1899 159 1934 πρὸς
176 1899 352 1935 ὲκτοπισμὺν,
369 1899 386 1934 ἢ
405 1898 441 1926 τὰ
461 1898 530 1934 πρὸς
553 1897 707 1934 ἀφεδρῶνα,
723 1898 741 1933 ἢ
757 1897 792 1924 τὰ
805 1896 883 1930 ἄλλα,

90 1946 196 1981 ὅσαπερ
218 1945 291 1972 δοκεί
309 1943 379 1972 εἶναι
401 1945 480 1980 σοφὰ,
505 1944 581 1971 δεινὰ
600 1944 629 1971 δὲ
647 1943 814 1979 τυγχάνοντα
838 1943 884 1971 καὶ

90 1990 199 2026 ληρώδη
225 1990 335 2025 μᾶλλον,
360 1989 398 2022 ὣς
423 1997 506 2024 φησιν
533 1989 547 2015 ὁ
574 1989 731 2024 προφήτης·
758 1989 806 2022 Τίς
829 1989 885 2024 γὰρ

90 2036 215 2070 ἐζήτησε
231 2036 324 2062 ταῦτα
344 2035 379 2062 ἐκ
397 2035 457 2063 τῶν
475 2035 582 2070 χειρῶν
598 2034 704 2069 ῠμῶν;
726 2034 794 2070 Περὶ
813 2034 884 2066 τινος

91 2079 145 2116 γὰρ
159 2079 214 2106 τῶν
229 2078 325 2113 ἁγίων,
338 2079 427 2106 καίτοι
439 2087 472 2113 γε
486 2079 638 2114 ἀνθρώπων
651 2079 735 2107 ὄντων
748 2079 803 2106 τῶν
815 2088 884 2115 προς

91 2123 195 2158 φητῶν,
212 2123 260 2150 καὶ
275 2123 306 2150 οὐ
321 2123 399 2154 θεῶν,
421 2124 469 2152 καὶ
487 2123 698 2158 εὐαγγελιστῶν,
717 2124 765 2152 καὶ
783 2124 885 2151 λοιπῶν

90 2170 146 2197 τῶν
162 2171 194 2198 ἐκ
209 2170 299 2206 ψυχῆς
316 2172 362 2198 καὶ
383 2171 484 2207 σαρκὸς
504 2171 600 2203 ὄντων,
620 2171 681 2198 καθ’
701 2171 776 2206 ἡμᾶς
792 2171 821 2198 δὲ
839 2171 883 2197 δν-

91 2225 162 2248 των,
189 2217 236 2244 καὶ
266 2217 303 2252 μὴ
329 2217 590 2252 ἀμφιδαλλομένων,
613 2217 720 2252 ἐγράφη
745 2218 809 2253 περὶ
829 2218 883 2244 τῶν

91 2262 219 2289 τοιούτων
238 2263 425 2298 πραγμάτων;
443 2263 497 2290 [ίοῦ
519 2263 548 2290 δὲ
574 2263 635 2297 οὐχὶ
660 2263 758 2298 μᾶλλον
781 2262 816 2290 τὰ
839 2272 882 2290 σει

93 2307 210 2343 μνότερα
223 2307 432 2344 ἐπεμαρτύρησε
451 2309 506 2340 τοῖς
521 2308 608 2343 ἁγίοις
623 2310 640 2344 ἡ
655 2308 750 2344 Γραφὴ
766 2310 831 2344 μήτι
850 2318 882 2343 γε

93 2354 188 2389 Κυρίῳ
204 2354 313 2390 Χριστῷ
326 2363 333 2387 ς

933 1586 966 1606 ac
980 1584 1149 1610 exterarum,
1164 1585 1234 1613 quas
1247 1582 1327 1606 antea
1342 1578 1626 1610 commemoravimus,
1642 1577 1726 1605 luere-

933 1632 999 1652 seon
1032 1632 1118 1658 more,
1144 1624 1312 1652 cavillatoria
1340 1623 1457 1658 quadam
1486 1624 1590 1659 argutia
1616 1623 1727 1651 Christo

933 1669 1079 1705 gratiﬁcari
1096 1669 1248 1696 videantur.
1267 1667 1343 1696 Unde
1363 1676 1425 1695 cum
1440 1676 1472 1695 ea
1492 1669 1582 1696 omnia
1600 1677 1660 1703 quin
1683 1669 1722 1696 in-

934 1719 999 1743 sunt
1014 1715 1041 1742 in
1057 1714 1179 1747 Christo,
1199 1714 1319 1750 perfecte
1344 1714 1521 1748 absolulcque
1539 1714 1726 1748 proﬁteamur,

934 1761 1018 1789 multa
1040 1761 1078 1788 illi
1103 1760 1137 1788 de
1159 1759 1254 1788 eodem
1276 1759 1394 1787 absurde
1408 1767 1441 1786 ac
1458 1759 1566 1787 curiose
1585 1758 1727 1794 disputare

934 1808 1033 1835 solent.
1054 1806 1091 1835 De
1107 1814 1161 1842 Quo
1172 1806 1312 1834 hominum
1335 1813 1445 1842 genere,
1468 1806 1515 1841 qui
1541 1813 1603 1834 cum
1628 1807 1727 1834 multa-

934 1861 995 1880 rum
1014 1861 1105 1881 rerum
1122 1857 1257 1888 satagant,
1270 1852 1336 1880 nihil
1361 1856 1451 1880 tamen
1475 1856 1569 1888 agunt,
1586 1851 1726 1887 Scriptura

935 1898 1068 1926 meminit.
1099 1897 1204 1926 Etenim
1231 1905 1286 1933 quo
1313 1897 1454 1925 rudiorum
1479 1897 1586 1925 animos
1608 1897 1726 1933 quodam

936 1945 1008 1973 velut
1020 1945 1134 1973 horrore
1144 1944 1318 1981 perfundant.
1338 1944 1395 1972 haec
1412 1944 1558 1972 identidem
1571 1944 1705 1979 objiciunt
1719 1952 1726 1971 :

935 1990 1005 2026 Ergo
1028 1990 1181 2018 istiusmodi
1213 1990 1338 2025 corporis
1365 1990 1577 2018 necessitatibus
1591 2009 1599 2022 ,
1622 1997 1684 2024 quae
1701 1990 1727 2017 ei

935 2037 1082 2065 familiares
1113 2041 1188 2069 sunt,
1209 2037 1359 2063 obstrictus
1383 2035 1445 2068 fuit,
1461 2036 1550 2071 qualis
1569 2037 1672 2071 θεοειὶο
1685 2041 1726 2064 est

935 2091 967 2110 ac
983 2082 1130 2111 secessus?
1147 2082 1257 2109 Addunt
1279 2086 1307 2109 et
1329 2082 1382 2108 alia
1399 2081 1537 2117 pleraque,
1553 2090 1614 2116 qua:
1630 2081 1728 2109 callida

934 2135 967 2155 ac
985 2127 1093 2156 subtilia
1110 2127 1236 2155 videntur
1248 2146 1256 2159 ,
1284 2126 1332 2154 sed
1352 2126 1487 2154 horrenda
1508 2126 1660 2153 otiosorum
1679 2126 1726 2154 ho-

935 2174 1039 2201 minum
1064 2173 1170 2200 ludicra
1195 2178 1268 2200 sunt.
1293 2172 1372 2205 Nam,
1399 2176 1427 2199 ut
1445 2172 1482 2199 ait
1505 2171 1646 2206 propheta,
1661 2171 1727 2205 Quis

935 2219 991 2247 hac
1008 2227 1022 2246 ε
1036 2219 1156 2246 manibus
1179 2219 1270 2246 vestris
1293 2218 1411 2253 requisiit
1424 2217 1455 2244 ⁸1
1473 2217 1509 2245 Dc
1527 2225 1646 2253 quonam
1663 2225 1727 2245 vero

935 2273 968 2292 ex
983 2264 1111 2292 onmibns
1132 2264 1254 2296 sanctis,
1280 2264 1387 2290 tametsi
1410 2263 1534 2291 homines
1556 2268 1648 2290 essent
1663 2271 1725 2298 pro-

935 2310 1033 2346 pheta},
1053 2318 1105 2337 non
1119 2309 1167 2342 dii,
1188 2313 1217 2336 ut
1231 2313 1259 2337 et
1273 2309 1446 2344 evangelista:
1459 2309 1615 2344 exterique.
1632 2309 1677 2344 qui
1693 2317 1725 2336 ex

936 2356 1027 2383 anima
1043 2359 1071 2383 et
1083 2363 1166 2383 carne
1182 2355 1356 2387 constabant,
1372 2362 1403 2382 ac
1418 2355 1477 2382 sine
1491 2355 1544 2382 ulla
1558 2354 1725 2382 dubitatione

93 2402 178 2429 nostri
196 2402 298 2431 similes
311 2407 407 2437 erant;
425 2403 486 2439 quis
498 2403 606 2436 horum,
627 2404 749 2439 inquam,
766 2405 881 2436 exstitit,
901 2405 934 2432 de
946 2413 1000 2440 quo
1013 2403 1149 2439 ejusmodi
1173 2403 1295 2438 quaedam
1321 2402 1477 2437 conscripta
1502 2401 1619 2430 iuerint?
1632 2401 1725 2430 Nonne

93 2449 183 2484 potius
201 2449 393 2478 honestissima
407 2459 522 2486 quzeque
543 2451 577 2479 de
600 2452 716 2484 sanctis,
729 2452 828 2480 nedum
850 2453 884 2481 de
902 2452 1013 2480 Christo
1026 2451 1152 2483 Domino.
1167 2451 1306 2486 Scriptura
1321 2450 1457 2478 testatur?

128 2497 171 2531 ις
171 2501 188 2524 ⁷.
202 2497 364 2532 Λεγέτωσαν
385 2499 415 2525 δὲ
431 2499 496 2534 ἡμῖν
511 2500 535 2526 οἱ
552 2500 722 2536 ὲκοαμὸηταὶ
745 2500 799 2528 τῶν
816 2509 882 2536 προ-

94 2542 184 2570 ϐάτων
195 2562 203 2574 ,
225 2543 272 2569 καὶ
288 2543 406 2580 πτύρται
421 2543 476 2570 τῶν
494 2544 676 2580 περιστερῶν,
701 2545 749 2572 καὶ
770 2544 884 2579 σοϐηταὶ

93 2587 148 2615 τῶν
161 2588 210 2616 τοῦ
225 2589 342 2624 Χριστοῦ
358 2590 460 2625 ἀρνίων
475 2596 505 2615 τε
514 2588 560 2616 καὶ
568 2587 742 2625 ορεμμάτων,
754 2587 805 2615 ποῦ
815 2599 886 2626 παρ-

129 2657 137 2672 ¹
151 2655 251 2696 Vitium
272 2657 527 2696 subcst_h_uieloco.
637 2660 701 2696 περὶ
716 2660 833 2696 Χριστοῦ
853 2661 881 2696 ὸι

953 2660 1072 2692 τελείως,
1086 2660 1120 2688 τὰ
1134 2660 1223 2688 πάντα
1233 2660 1376 2696 περίεργα,
1387 2660 1425 2692 ὡς
1439 2659 1518 2695 γέγρ.

94 2690 137 2718 22.
176 2691 188 2707 ⁵
203 2691 302 2727 Ephes.
318 2700 355 2726 Iv,
370 2693 413 2721 ili.
451 2695 462 2710 ⁵
478 2694 530 2723 lsa.
545 2702 565 2728 1,
580 2695 624 2722 12.

129 2752 186 2793 ςθᾷ)
204 2755 322 2793 οΙςζκοῦν
340 2756 444 2789 χρείαν
465 2756 548 2793 ἐᾳχε.
562 2755 638 2793 fuit
662 2755 720 2784 haec
745 2755 879 2793 Valentini

95 2788 198 2823 opinio,
219 2788 364 2817 Christum
384 2795 458 2817 tanta
483 2788 637 2825 frugalitate
660 2799 692 2818 ac
712 2791 880 2825 parcimouia

97 2830 176 2850 usum
188 2831 260 2860 esse.
275 2825 340 2860 nihil
357 2829 386 2852 ut
402 2824 537 2860 egereretl
550 2824 677 2853 Testatur
690 2824 808 2860 iiiipsuut
822 2827 880 2853 Cle-

96 2864 175 2888 mens
187 2859 336 2888 Alexandr.
349 2868 379 2889 ut
396 2859 496 2889 Strom.
516 2860 563 2893 qui
579 2869 612 2889 ex
628 2859 748 2889 mmet
761 2861 834 2890 illius
845 2861 880 2888 ad

973 2499 1041 2527 XVI.
1062 2500 1160 2528 Dicant
1183 2500 1262 2527 nobis
1285 2499 1302 2527 ii
1325 2499 1373 2534 qui
1389 2502 1417 2526 et
1433 2506 1497 2534 oves
1516 2498 1726 2530 absterrent,et

938 2545 1079 2572 columbas
1098 2545 1221 2580 abigunt,
1242 2549 1270 2571 et
1288 2543 1390 2571 Christi
1408 2550 1493 2578 agnos
1511 2550 1544 2570 ac
1562 2550 1660 2578 pecora
1683 2541 1727 2569 fu-

939 2594 1014 2626 gant,
1032 2591 1145 2618 ubinam
1165 2589 1273 2626 Moyses
1287 2589 1353 2618 totis
1363 2589 1417 2617 illis
1430 2589 1612 2625 quadraginta
1629 2588 1728 2616 diebus

1561 2659 1573 2675 ⁸
1585 2658 1593 2685 l
1607 2658 1680 2686 Petr.
1695 2664 1726 2691 ιι,

934 2755 1130 2791 Agatltopodem
1149 2755 1271 2791 cpistola
1299 2755 1351 2782 ista
1372 2752 1494 2791 profert:
1531 2747 1652 2791 'llaOtav,
1679 2751 1726 2791 agi

935 2783 1027 2817 ἐτῖινεν
1037 2783 1113 2822 ’ἰδίως
1129 2783 1179 2817 οὐκ
1193 2791 1335 2822 ἀποδιδοὺς
1350 2783 1386 2815 τά
1401 2788 1532 2824 βρώματα
1544 2796 1551 2801 ·
1566 2786 1676 2824 τοιαύτη
1692 2783 1726 2820 ἦν

935 2825 1010 2861 αὐτῷ
1031 2821 1194 2861 ἐγκρατείας
1211 2825 1336 2860 δύναμις,
1352 2821 1423 2851 ὥστε
1443 2821 1578 2858 φθαρῆναι
1595 2821 1645 2855 τὴν
1663 2829 1725 2853 τρο·

936 2860 988 2897 φὴν
1003 2861 1033 2888 ἐν
1046 2860 1130 2895 αὐτῷ.
