1945 3043
153 143 208 172 665

481 131 664 174 ADVERSUS
683 141 854 173 ll'tEﬂESliS
874 145 936 173 LIB.
956 145 1000 173 lll.
1020 145 1102 174 TOM.
1120 146 1188 174 Il.—-
1209 146 1346 175 llAEltES.
1369 147 1498 176 LXXVII.

1736 147 1789 176 666

153 202 227 228 λίνου
238 209 245 216 '
257 201 292 228 τὰ
302 201 330 229 δὲ
345 202 377 229 ὲκ
389 201 461 229 λίνου
475 203 522 229 καὶ
539 203 568 237 ἐξ
583 203 662 240 ἐρέας
675 204 846 239 γεγενημένα
857 203 949 239 ἄψυχα

1003 211 1084 239 super
1106 208 1208 232 vestem
1225 205 1285 240 ejus
1305 205 1438 233 miserunt
1455 204 1585 234 sortem‘.
1601 204 1679 238 Quod
1696 205 1718 232 si
1741 205 1786 232 ho-

152 257 216 275 τινα
226 245 260 284 ἦν
276 249 322 274 καὶ
332 248 493 284 ἀναίσθητα.
515 249 585 276 Ἀλλ’
600 250 643 276 ὅτε
660 249 775 285 ἠθέλησε
792 249 876 282 δεῖξαι
897 250 945 276 αύ-

153 294 201 321 τοῦ
215 295 245 321 τὸ
261 295 374 322 δυνατὸν
391 296 439 330 τῆς
456 295 594 331 θεότητος,
609 296 845 332 μεταμορφωθεὶς,
862 296 946 328 ἔδειξε

153 339 184 364 τὸ
198 339 345 375 πρόσωπον
359 340 442 368 αὑτοῦ
458 341 496 372 ὠς
509 341 556 368 τὸν
572 341 647 376 ἥλιον
659 360 666 373 ,
683 341 729 368 καὶ
744 341 778 368 τὰ
790 341 885 376 ἱμάτια
898 340 947 367 αύ-

153 385 201 411 τοῦ
215 385 300 413 λευκὰ
319 386 384 412 ὡσεὶ
398 386 486 422 χιόνα.
507 388 599 414 Πάντα
614 387 669 423 γὰρ
685 387 723 422 τῷ
745 387 851 422 δυνατῷ
865 388 945 414 δυνα-

154 429 205 462 τὰ,
233 431 273 462 είς
291 431 322 458 τὸ
341 431 486 468 ὑποθήξειν
507 433 514 448 ¹
538 433 612 468 παρὰ
641 433 818 468 προσδοκίαν,
843 433 890 459 καὶ
913 432 947 459 τὰ

155 476 307 513 ἀναίσθητα
322 478 369 504 καὶ
387 478 420 505 τὰ
439 479 528 507 ᾶπνοα
549 481 589 512 είς
615 479 694 512 δόξαν
712 480 757 506 καὶ
779 479 947 514 φαιδρότητα

157 523 360 557 μετασκευάσαι
371 533 378 540 ·
394 524 431 556 ὡς
445 525 494 560 τὴν
506 524 602 561 ῥάϐδον
614 525 681 552 Μωῦ
687 525 766 557 σέως,
779 526 816 557 ὡς
834 525 867 552 τὰ
880 525 946 552 ὑπο-

154 568 263 603 δήματα
280 569 335 596 τῶν
350 570 416 597 υἱῶν
447 571 564 606 Ἰσραήλ.
585 572 655 599 Πᾶσι
682 571 736 607 γὰρ
762 571 945 607 ὡμολόγηται,

154 612 196 656 ὅτι
212 614 237 640 οἱ
258 614 402 642 ἀπόστολοι
420 616 492 651 ἆγιοι
507 617 645 653 ἅνθρωποι
665 615 735 653 ἦσαν
747 637 755 650 ,
773 617 888 652 φθαρτοὶ
913 617 948 643 τὰ

157 659 269 695 σώματα
284 662 324 694 είς
338 662 413 698 ἡμᾶς
425 664 447 695 ¹,
474 663 606 700 ἄφθαρτοι
634 664 661 690 δὲ
680 664 722 690 διὰ
738 663 787 699 τὴν
804 663 948 699 ἐνοικήσα-

156 713 207 733 σαν
221 707 313 739 αὐτοῖς
330 707 398 735 Θεοῦ
426 709 514 742 δόξαν.
533 710 588 736 Καὶ
609 709 673 736 σκιὰ
695 710 744 746 μὲν
759 709 863 745 Πέτρου
878 709 947 736 πάν-

154 759 206 783 τας
230 753 294 784 τοὺς
317 755 556 790 προσφερομένους
579 755 690 791 ἔχοντας
709 756 850 788 ἀσθενείας
867 756 925 782 ἰᾶτο
940 762 946 769 ·

156 797 202 824 καὶ
222 798 353 834 σουδάρια
366 819 372 830 ,
397 801 443 827 καί⁸
462 801 612 836 σιμικίνθια
628 801 682 828 τῶν
710 801 825 836 ἱματίων
841 800 948 827 Παύλου

155 842 284 878 δυνάμεις
299 844 472 880 ἐργάζονται.

1000 250 1103 276 ininum
1120 251 1237 278 artilicio
1254 252 1339 279 vestis
1359 255 1419 279 erat
1438 252 1482 279 illa
1504 251 1642 283 confecta,
1663 251 1755 286 utique
1774 259 1791 279 ο

999 295 1060 322 lana
1079 297 1188 332 linoque
1212 303 1339 325 contexta
1366 299 1463 325 fuerat.
1488 298 1554 331 Qua:
1574 302 1664 325 autem
1679 305 1711 325 ex
1735 297 1791 324 lino

998 346 1089 369 essent
1111 342 1205 370 lanave
1228 343 1309 375 facta,
1328 344 1435 379 opinor,
1452 344 1542 371 anima
1559 351 1591 371 ac
1610 351 1693 372 sensu
1714 351 1791 371 care-

999 387 1073 414 bant.
1091 387 1191 415 Verum
1206 389 1250 416 ubi
1262 389 1415 416 divinitatis
1433 397 1489 417 sua:
1504 390 1651 424 potentiam
1669 388 1791 415 indicare

998 433 1087 460 visunt
1103 438 1154 463 est.
1168 435 1364 463 transformato
1377 443 1502 471 corpore,
1520 436 1616 463 facienti
1630 443 1708 463 suam
1723 435 1791 462 Solis

999 479 1087 507 instar
1105 481 1209 516 1011
1231 482 1417 516 splendentetn
1430 491 1461 509 ac
1473 483 1636 510 vestimenta
1659 489 1708 509 sua
1720 482 1790 509 nivis

1000 533 1076 552 more
1088 526 1233 554 candentia
1246 529 1409 556 monstravit
1418 530 1439 555 ⁸.
1449 529 1520 556 Nihil
1532 534 1574 556 est
1583 529 1654 555 enim
1663 536 1716 555 non
1725 536 1792 563 pra:-

1000 573 1102 608 potenti
1119 573 1173 600 Deo
1189 575 1329 609 possibile,
1347 581 1376 604 ut
1393 577 1433 604 vel
1447 584 1477 603 ea
1493 584 1614 612 quoque.
1628 584 1688 610 qua:
1701 582 1785 602 sensu

999 626 1030 644 ac
1044 619 1140 653 spiritu
1159 624 1280 653 careant,
1302 625 1440 649 momento
1455 629 1487 648 ac
1508 626 1605 656 pra-ter
1621 629 1728 648 omnem
1743 628 1790 646 cx-

999 666 1202 698 Spectationeut
1214 666 1241 693 in
1254 667 1368 702 gloriam
1384 667 1472 702 possit
1485 668 1714 702 splemloromque
1723 675 1789 693 con-

999 715 1105 738 vertere
1120 721 1125 738 :
1143 714 1372 747 quemadmodum
1400 715 1426 742 in
1455 715 1555 750 Moysis
1572 715 1645 749 virga
1661 719 1688 741 et
1705 713 1791 741 Israe-

1000 755 1109 783 litarum
1146 758 1341 787 calceamentis
1375 761 1504 788 ostendit.
1539 760 1585 786 Est
1620 760 1692 787 enim
1717 759 1788 793 apud

999 809 1096 830 omnes
1107 803 1132 830 in
1153 804 1292 837 confesso,
1309 807 1449 842 ap05tolos
1460 806 1652 834 sanctissimos
1664 806 1789 833 homines

1001 847 1087 876 fuisse
1109 850 1220 878 eosdem
1246 852 1411 886 corporibus
1437 852 1552 887 perinde
1568 859 1600 878 ac
1621 860 1672 878 nos
1691 858 1788 878 corru-

157 890 277 924 ptibiles.
301 897 339 921 et.
362 897 462 927 praeter
496 894 616 922 divinam
637 894 753 930 gloriam
782 901 843 929 qua:
863 894 891 921 in
926 893 981 922 illis
1002 895 1147 930 insidebat,
1175 897 1352 934 incorruptos
1375 900 1526 927 exstitisse.
1553 899 1736 933 Quamobrem
1763 901 1791 924 ct

157 939 255 967 utnhra
275 939 348 968 Petri
375 942 476 970 oblatis
506 943 587 978 aegris
618 943 747 971 omnibus
770 943 913 970 sanitatem
935 945 1084 977 contulit“,
1103 949 1131 973 et
1151 946 1263 974 sudaria
1283 954 1316 974 ac
1347 947 1518 975 semicinctio
1538 955 1553 974 e
1574 946 1650 974 Pauli
1670 945 1791 973 vestibus

157 985 318 1014 admiranda
331 989 456 1023 quiedam
473 991 596 1026 prodigia
613 991 800 1025 priestiterunt
810 991 832 1017 ⁷.

193 1033 304 1062 IH’.Ka.‘t
315 1033 373 1065 πῶς
381 1031 453 1061 οὗτοι
466 1034 532 1062 Θεὸν
542 1035 815 1072 πολυπραγμονοῦσιν
827 1035 941 1070 αἰσχράς

1028 1033 1194 1068 XVlll.Quid
1206 1043 1268 1063 vero
1278 1035 1326 1062 atti
1332 1039 1375 1062 net
1384 1035 1584 1062 homunciones
1593 1035 1661 1062 istos
1667 1036 1790 1070 quaedam

156 1087 234 1111 τινας
257 1079 384 1112 ὑπονοίας
402 1081 615 1116 τεκταινόμενοι,
631 1082 676 1108 ἐτιί
688 1079 725 1108 ὧν
739 1082 852 1117 οὐδεμία
871 1083 951 1119 χρεία

157 1125 319 1161 γεγέννηται
335 1126 444 1154 πώποτε
460 1127 528 1163 πρὸς
542 1127 681 1163 διαλογὴν,
698 1128 728 1154 οὐ
747 1129 889 1164 προφήτῃ,
901 1129 952 1155 οὐκ

157 1171 338 1208 εὐαγγελιστῇ
350 1192 357 1204 ,
380 1173 431 1199 οὐκ
457 1173 599 1208 ἁποστόλῳ
611 1193 618 1203 ,
635 1174 666 1200 οὐ
694 1175 865 1209 συγγραφεῖς
882 1175 952 1200 Ὅσα

162 1218 218 1254 γὰρ
231 1219 343 1246 τοιαῦτα
358 1217 431 1247 οὗτοι
447 1220 568 1254 λέγουσι,
580 1220 632 1247 κᾶν
648 1220 734 1256 μυρία
749 1220 878 1248 ἐπέκεινα
891 1220 952 1247 τού-

158 1273 214 1291 ¹των
248 1264 342 1296 κακῶς
374 1265 561 1300 ὑπονοήσωσιν
576 1285 583 1297 ,
614 1266 664 1293 οὑκ
690 1266 874 1302 ἀνατρέψουσι
902 1265 952 1301 τὴν

160 1311 297 1346 πατρικὴν
314 1310 393 1346 ἡμῶν
409 1310 511 1343 πίστιν,
524 1311 573 1346 τὴν
587 1313 621 1347 τῇ
635 1311 749 1348 ἀληθείᾳ
765 1314 882 1347 Χριστὸν
892 1323 958 1342 κατ-

160 1353 355 1388 αγγέλλουσαν.
401 1357 548 1393 Ἐγεννήθη
564 1358 618 1393 γὰρ
632 1357 749 1393 Χριστὸς
762 1358 791 1384 ὲν
806 1358 888 1393 σαρκὶ
904 1366 953 1385 κα-

161 1403 199 1430 τὰ
209 1402 339 1438 ἀλήθειαν
349 1403 404 1430 ἀπὸ
416 1403 526 1440 Μαρίας
533 1403 583 1438 τῆς
603 1403 795 1439 ’Λειπαρθένου
811 1403 856 1430 διὰ
868 1402 954 1430 Πνεύ-

163 1456 248 1483 ματος
264 1448 354 1483 ἁγίου·
372 1449 420 1476 καὶ
448 1449 529 1481 εὐθὺς
557 1450 610 1476 ἀπὸ
631 1451 756 1485 κυήσεως
778 1448 952 1484 Ἐμμανουήλ

161 1494 295 1527 καλεῖται,
316 1495 330 1522 ὅ
353 1495 422 1529 ἐστι,
436 1495 508 1528 Θεὸς
519 1496 585 1530 μεθ’
610 1494 700 1530 ἡμῶν·
720 1495 812 1522 οὐκέτι
827 1495 953 1531 δεύτερον

161 1541 300 1574 γεννᾶται.
321 1541 375 1568 Καὶ
390 1540 495 1576 ἀπέδρα
517 1541 557 1572 είς
577 1540 627 1576 τὴν
645 1540 781 1574 Αἴγυπτον
798 1540 828 1566 τὸ
848 1540 953 1567 παιδίον

164 1586 234 1622 μετὰ
259 1585 358 1621 Ἰωπὴφ
367 1585 414 1613 καὶ
427 1586 546 1621 Μαρίας,
562 1585 657 1621 ἐπειδὴ
673 1585 786 1621 ἐζήτουν
800 1584 848 1620 τὴν
863 1584 953 1620 ψυχὴν

160 1631 210 1659 τοῦ
223 1632 341 1662 παιδίου,
361 1631 399 1664 ὡς
415 1631 568 1667 δυναμένου
585 1631 668 1657 αὑτοῦ
683 1631 712 1657 ἐν
726 1631 807 1666 σαρκὶ
818 1631 953 1657 ἀποκταν-

162 1678 251 1714 θῆναι.
274 1678 355 1705 Ἀλλὰ
366 1677 557 1714 προσεκυνὴοη
573 1677 625 1704 ὑπὸ
641 1677 695 1703 τῶν
715 1678 810 1713 μάγων
824 1676 861 1708 ὡς
885 1675 952 1708 θεὸς

161 1723 289 1760 ἀληθινὸς
301 1744 308 1756 ,
326 1724 355 1751 ὲν
370 1724 452 1759 σαρκὶ
464 1723 603 1759 γεννηθεὶς
616 1742 624 1755 ,
649 1722 696 1749 καὶ
711 1722 741 1748 ού
755 1722 875 1758 δοκήσει.
898 1721 953 1748 Καὶ

163 1769 281 1796 ἀνελθὼν
307 1769 362 1797 ἀπὸ
380 1769 517 1804 Αἰγύπτου
535 1769 605 1796 κατὰ
622 1768 704 1803 φόϐον
726 1767 773 1795 τοῦ
794 1767 891 1803 Ἰωσὴφ
904 1767 954 1793 οὐκ

162 1816 287 1852 εἰσῆλθεν
305 1817 346 1848 εἰς
367 1810 560 1852 Ἰερουσαλὴμ,
580 1815 613 1843 δι’
637 1815 791 1851 ’Δρχέ).αον,
814 1813 852 1846 ὡς
873 1813 953 1841 δυνα-

164 1863 247 1897 μένου
258 1862 305 1889 τοῦ
329 1862 435 1890 παιδίου
455 1862 643 1897 κρατηθῆναι.
659 1861 706 1888 καὶ
726 1860 778 1896 πρὸ
791 1859 839 1887 τοῦ
857 1859 953 1896 καιροῦ

163 1909 192 1935 ὲν
209 1909 291 1944 σαρκὶ
306 1908 401 1935 παθεῖν
419 1909 487 1943 ὅπερ
499 1907 596 1943 ἔμελλε
613 1907 739 1942 πάσχειν.
763 1905 844 1933 Ἀλλὰ
859 1905 955 1932 διεκω-

163 1954 231 1990 λύθη
251 1954 305 1981 ύπὺ
336 1954 458 1981 Ἰωάννου
472 1973 479 1985 ,
508 1953 687 1988 ἐπιγνωσθεὶς
713 1951 765 1979 ὑπὸ
794 1951 841 1978 τοῦ
860 1951 954 1978 δούλου

163 1999 317 2036 Δεσπότης,
341 2001 382 2028 ὅτι
399 2000 465 2032 Θεὸς
485 1998 519 2036 ἦν
546 1999 760 2036 ὲνανθρωπήσας
783 1999 812 2025 ὲν
829 1997 953 2034 ἀληθείᾳ.

164 2047 202 2075 Οὐ
217 2046 378 2080 κατεδέξατο
393 2047 421 2074 δὲ
438 2048 487 2083 τὴν
510 2047 558 2074 τοῦ
579 2047 644 2073 ἰδίου
660 2046 755 2074 δούλου
772 2046 801 2072 ἐν
815 2047 847 2082 τῇ
863 2045 954 2072 τοιαύ-

163 2101 199 2130 τῃ
212 2093 338 2120 ὑποθέσει
351 2093 445 2129 τιμὴν,
463 2093 507 2119 ἵνα
521 2091 653 2128 πληρώσῃ
670 2093 759 2119 πᾶσαν
782 2091 955 2126 δικαιοσύνην

164 2140 193 2166 ἑν
209 2140 300 2176 σαρκὶ,
316 2140 345 2166 ὲν
359 2139 483 2175 ἀληθεία,
498 2139 544 2166 καὶ
563 2138 655 2174 τελείᾳ
670 2137 874 2174 ὲνανθρωπήσει
887 2158 895 2169 ,
909 2136 955 2164 τὸν

165 2185 347 2222 ὑπογραμμὸν
360 2185 408 2220 τῆς
423 2185 558 2220 σωτηρίας
573 2185 638 2220 ἡμῖν
649 2183 853 2219 ὑπολιμπάνων.
875 2182 955 2209 Ἀλλὰ

164 2231 211 2257 καὶ
230 2231 370 2266 κέκμηκεν
384 2231 439 2258 ἀπὸ
462 2231 512 2266 τῆς
536 2230 690 2266 ὁδοιπορίας
709 2230 739 2256 ὲν
754 2229 887 2265 ἀληθείᾳ·
908 2229 954 2257 καὶ

163 2276 213 2311 οὐχ
230 2275 322 2308 ἁπλῶς
342 2275 444 2311 ἔκαμεν
456 2297 463 2309 ,
486 2275 554 2303 ἀλλὰ
569 2275 617 2302 καὶ
636 2274 782 2310 ὲκαθέσθη.
798 2274 872 2301 Διότι
888 2274 955 2310 ἀλη-

164 2321 244 2353 θινῶς
258 2321 467 2358 ἐνηνορώτι-ησεν
481 2341 489 2354 ,
500 2320 564 2348 ἐϐόα
579 2323 589 2338 ³
601 2321 686 2356 λέγων
698 2330 705 2337 -
722 2320 821 2352 Δεῦτε,
843 2319 955 2354 πάντες

1003 1082 1146 1116 subturpia
1162 1082 1331 1117 cogitatione
1349 1082 1482 1117 (iungentes
1497 1082 1523 1108 in
1539 1082 1663 1109 divinum
1688 1090 1790 1109 numen

1002 1126 1140 1154 curiosius
1155 1127 1306 1162 inquirere,
1322 1135 1385 1154 cum
1407 1127 1441 1155 de
1459 1127 1502 1154 his
1525 1128 1618 1154 nnllus
1645 1128 1790 1162 propheta,

1002 1173 1043 1200 vel
1057 1174 1235 1208 evangelista,
1255 1174 1296 1201 vel
1313 1174 1464 1209 apostolus,
1488 1174 1528 1201 vel
1552 1174 1666 1201 alterius
1679 1174 1790 1208 generis

1002 1219 1122 1253 scriptor
1140 1219 1282 1254 disputare
1295 1219 1347 1246 sibi
1362 1219 1548 1246 necessarium
1562 1219 1689 1246 duxerit‘!
1703 1219 1792 1246 Enini-

1003 1272 1067 1292 vero
1092 1265 1227 1300 quidquid
1253 1265 1290 1292 illi
1310 1270 1435 1296 narrant,
1458 1273 1490 1292 ac
1515 1265 1578 1292 licet
1605 1265 1711 1292 inﬁnita
1739 1265 1791 1292 alia

1004 1315 1134 1345 prtcterca
1151 1311 1220 1338 falsa
1236 1312 1296 1338 sine
1313 1311 1441 1346 opinione
1458 1311 1626 1345 contingant,
1649 1319 1791 1345 nunquam

1003 1360 1094 1383 tamen
1111 1356 1238 1384 traditam
1253 1364 1268 1383 ει
1290 1357 1440 1392 majoribus
1455 1357 1557 1384 nostris
1575 1357 1664 1388 tidem,
1682 1364 1744 1391 qua:
1759 1357 1793 1384 de

1003 1401 1113 1430 Christo
1131 1402 1240 1430 sincere
1253 1403 1345 1429 omnia
1360 1402 1502 1437 praedicat,
1515 1405 1644 1437 poterunt
1657 1407 1792 1429 evertere.

1003 1449 1132 1477 Christus
1146 1450 1218 1477 enim
1232 1458 1264 1477 ex
1283 1449 1367 1477 Maria
1385 1449 1497 1486 Virgine
1514 1449 1666 1477 secundum
1683 1457 1793 1476 carnem

1004 1503 1099 1522 revera
1121 1495 1154 1522 de
1177 1494 1280 1530 Spiritu
1306 1500 1402 1523 sancto
1423 1495 1531 1530 genitus
1553 1498 1606 1522 est.
1634 1494 1673 1521 Ac
1700 1494 1793 1522 statim

1004 1544 1066 1574 post
1087 1545 1195 1575 partum
1223 1540 1395 1572 Emmanuel,
1422 1541 1474 1568 hoc
1497 1545 1539 1568 est
1558 1539 1702 1567 Nobiscum
1725 1539 1794 1566 Deus

1005 1587 1195 1622 appellatur“;
1214 1594 1266 1614 nec
1281 1587 1337 1622 jam
1355 1586 1478 1615 secundo
1493 1586 1626 1621 gignitur.
1651 1585 1717 1613 Post
1736 1585 1794 1612 ha-c

1006 1633 1097 1660 infans
1113 1633 1140 1660 in
1157 1632 1304 1668 Egyptum
1327 1640 1390 1661 cum
1411 1632 1531 1667 Josepho
1553 1640 1586 1660 ac
1601 1631 1685 1658 Maria
1704 1635 1794 1658 trans-

1007 1677 1085 1712 fugit,
1100 1677 1232 1712 quoniam
1247 1678 1406 1713 quaerebant
1419 1678 1537 1704 animam
1554 1677 1630 1711 pueri
1641 1677 1664 1706 ’.
1683 1680 1712 1703 ut
1726 1676 1794 1703 iliud

1007 1727 1168 1756 argumento
1181 1723 1217 1750 sit
1233 1723 1309 1749 illtttn
1324 1723 1352 1749 in
1366 1730 1450 1750 carne
1470 1722 1561 1750 necari
1586 1722 1718 1756 potuisse.
1742 1720 1793 1747 Vo.-

1007 1775 1066 1795 rum
1086 1775 1102 1794 a
1119 1767 1206 1803 magis
1229 1768 1361 1796 adoratus
1385 1771 1438 1801 est,
1466 1771 1596 1802 tanquam
1615 1774 1696 1794 verus
1722 1765 1794 1793 Deus

1005 1822 1090 1842 carne
1105 1821 1176 1849 ipsa,
1196 1821 1251 1842 non
1275 1814 1333 1842 sola
1356 1813 1448 1850 specie
1466 1813 1731 1847 adumbrationeque
1746 1820 1793 1838 na-

1006 1865 1060 1889 tus.
1075 1860 1177 1888 Deinde
1191 1868 1253 1888 cum
1270 1868 1303 1888 ex
1314 1860 1433 1896 Egypto
1446 1860 1616 1890 revertisset,
1630 1857 1793 1885 Archelaum

1005 1908 1096 1936 adhuc
1111 1911 1250 1936 metuente
1262 1906 1394 1943 Josepho,
1411 1905 1628 1941 Hierosolymam
1647 1911 1702 1932 non
1715 1903 1794 1936 adiit,

1005 1957 1100 1990 utpote
1112 1961 1175 1982 cum
1189 1957 1216 1982 et
1236 1953 1328 1982 infans
1346 1951 1543 1989 comprehendi
1564 1956 1666 1986 posset,
1681 1955 1710 1978 et
1731 1953 1794 1977 ante

1005 2005 1114 2036 tempus
1132 2000 1158 2027 in
1177 2007 1261 2027 carne
1275 1999 1389 2034 perpeti,
1406 2006 1467 2034 quae
1483 2002 1541 2026 erat
1561 1996 1708 2033 aliquando
1730 2004 1794 2032 pas-

1005 2054 1098 2075 surus.
1125 2045 1226 2074 Prmter
1245 2046 1303 2073 hzec
1323 2053 1338 2072 ιι
1353 2044 1458 2072 Joanne
1480 2043 1636 2079 prohibitus
1657 2047 1710 2075 est,
1730 2049 1794 2069 cum

1008 2094 1149 2125 dominum
1173 2099 1270 2119 servus
1290 2090 1460 2125 agnovisset,
1477 2089 1561 2116 Deum
1585 2096 1648 2116 esse
1674 2087 1795 2115 hominis

1006 2143 1105 2166 natura
1122 2145 1217 2166 revera
1238 2137 1380 2172 praalitum
1395 2135 1428 2164 ‘°.
1445 2136 1480 2162 At
1494 2135 1518 2162 is
1533 2134 1654 2162 habitum
1673 2133 1724 2161 sibi
1745 2133 1794 2160 ho-

1005 2191 1101 2212 norem
1125 2191 1141 2210 a
1165 2190 1244 2211 servo
1259 2183 1286 2210 in
1301 2189 1334 2210 eo
1350 2189 1449 2216 genere
1465 2180 1626 2208 detrectavit
1642 2187 1749 2206 onmem
1766 2179 1794 2205 in

1005 2237 1088 2258 carne
1107 2237 1139 2257 ex
1158 2229 1196 2256 rei
1221 2229 1346 2260 veritate,
1364 2231 1394 2254 ut
1417 2226 1443 2254 in
1466 2225 1586 2261 perfecta
1611 2224 1729 2252 hominis
1745 2232 1794 2251 ua-

1005 2280 1068 2303 tura
1087 2274 1221 2310 justitiam
1244 2273 1378 2308 impleret.
1400 2271 1458 2304 Qua
1477 2271 1504 2297 in
1518 2278 1547 2297 re
1569 2270 1690 2296 salutare
1714 2269 1794 2296 nobis

1006 2321 1161 2356 exemplum
1177 2319 1297 2354 reliquit.
1314 2317 1386 2351 Quin
1399 2317 1481 2345 etiam
1498 2323 1561 2344 vere
1581 2315 1615 2344 de
1636 2315 1679 2343 via
1696 2314 1794 2350 fatiga-

164 2369 191 2394 σί
204 2367 367 2401 κοπιῶντες
389 2367 438 2395 καὶ
454 2368 696 2403 πεφορτισμένοι,
714 2367 796 2401 κάγὼ
819 2367 951 2394 ἀναπαύ-

1007 2370 1052 2394 tus
1064 2370 1116 2397 est,
1129 2371 1180 2392 nec
1197 2363 1324 2400 fatigatus
1336 2362 1428 2394 modo.
1449 2361 1496 2390 sed
1509 2361 1591 2389 etiam
1607 2368 1662 2396 prae
1683 2360 1794 2387 lassitu-

163 2420 209 2440 σω
227 2413 321 2448 ὑμᾶς·
344 2414 387 2441 ἵνα
402 2413 477 2450 δείξῃ
491 2413 539 2449 τὴν
562 2413 645 2440 αὐτοῦ
661 2413 776 2448 θεότητα
794 2413 889 2448 ίκανὴν
908 2410 953 2440 οὗ-

164 2467 213 2485 σαν
230 2459 318 2486 πάντα
340 2458 375 2485 τὰ
394 2458 483 2494 πλήθη
509 2458 555 2486 τοῦ
584 2459 687 2493 κόσμου
715 2458 751 2485 τὰ
776 2458 844 2494 πρὸς
874 2459 954 2486 αὑτὸν

164 2504 351 2539 ἀφικνούμενα
367 2504 533 2530 ἀναπαῦσαι.
564 2503 644 2530 Ἀλλὰ
658 2503 706 2530 καὶ
726 2504 876 2540 ἐπειράσθη
901 2504 954 2531 ὑπὸ

163 2549 210 2575 τοῦ
225 2548 360 2580 διαϐόλου,
378 2548 425 2574 καὶ
444 2548 535 2583 ἔμεινε
546 2548 750 2584 τεσσαράκοντα
765 2548 871 2584 ἡμέρας
885 2548 953 2584 μήτε

164 2594 272 2628 ἐσθίων,
288 2595 358 2630 μήτε
374 2595 460 2621 πίνων
469 2603 476 2610 ·
491 2595 535 2621 ἵνα
553 2593 625 2629 δείξῃ
635 2594 666 2620 τὺ
676 2594 798 2625 ἀνενδεὲς
809 2594 858 2629 τῆς
871 2594 954 2621 αὑτοῦ

165 2642 301 2677 θεότητος.
317 2643 355 2669 Οὐ
368 2642 423 2678 γὰρ
438 2641 538 2669 πεινῶν
550 2642 708 2677 ὑπέμεινεν,
722 2641 760 2673 ὡς
772 2641 955 2676 ιριλοσοφικῶς

166 2687 225 2715 καθ’
239 2689 312 2724 ἡμᾶς
328 2688 561 2723 ἐγκρατευόμενος
572 2708 579 2720 ,
601 2689 649 2715 καὶ
667 2688 747 2715 αὑτὸν
773 2687 866 2723 ἄγχων
877 2707 885 2720 ,
907 2688 955 2714 καὶ

165 2733 341 2770 βιαζόμενος,
357 2734 425 2761 ἀλλὰ
435 2734 624 2771 ἀνυστερήτως
634 2733 678 2760 διὰ
694 2734 743 2769 τὴν
760 2733 890 2768 ἀληθινὴν
905 2734 954 2760 αὺ-

201 2793 210 2808 ¹
224 2793 290 2820 Cor.
307 2791 439 2825 ὑπόθιξιν.
479 2792 489 2807 ²
504 2790 534 2818 F.
547 2791 586 2822 ὡς
601 2791 692 2827 ἡμεῖς.
731 2790 742 2806 ³
759 2790 788 2817 F.
805 2791 852 2817 καὶ
863 2790 938 2817 ἐϐόα.

201 2832 245 2854 tet.
259 2835 284 2859 ν,
302 2827 344 2853 l5.
382 2827 391 2841 ⁷
413 2827 472 2854 Act.
491 2834 547 2859 ιιι,
568 2826 610 2854 12.
647 2827 659 2842 ⁸
676 2826 768 2853 Matth.
784 2833 802 2857 I.
815 2826 860 2853 25.
899 2825 909 2841 ’
922 2825 951 2852 M4

1007 2789 1087 2817 Joan.
1102 2796 1158 2819 ιιι,
1185 2787 1325 2818 ΞιιΡειιΙ.
1350 2793 1407 2818 ιιι,
1425 2785 1466 2812 19.

1007 2843 1014 2851 .
1027 2832 1056 2859 ιι,
1074 2823 1106 2852 l5
1116 2831 1176 2859 sqq.
1216 2823 1238 2839 "
1255 2822 1349 2850 Matth.
1369 2828 1411 2854 ut,
1429 2820 1462 2848 ιι

1007 2843 1014 2851 .
1027 2842 1056 2859 η,
1075 2842 1106 2852 ιν
1116 2842 1176 2859 νιν,-

165 2828 245 2854 ⁸Λει.
259 2835 284 2859 v.
302 2827 344 2853 l5.
382 2827 391 2841 ⁷
413 2827 472 2854 Act.
491 2834 547 2859 tux,
568 2826 610 2854 12.
647 2827 659 2842 ⁸
676 2826 768 2853 Matth.
784 2833 802 2857 I.
815 2826 860 2853 25.

166 2862 189 2879 ¹³
203 2862 301 2891 Matth.
315 2869 354 2892 ιι,
371 2861 416 2889 ‘28.

1005 2413 1070 2440 diue
1092 2411 1192 2439 resedit
1207 2411 1239 2437 “.
1256 2409 1296 2437 Ad
1317 2409 1374 2436 haec
1387 2409 1516 2444 quoniam
1531 2415 1585 2435 non
1601 2407 1661 2434 lictc
1677 2407 1794 2434 hominis

1006 2461 1132 2484 naturam
1176 2457 1354 2490 susceperat,
1385 2457 1514 2481 contenta
1542 2461 1608 2480 voce
1642 2452 1792 2480 clamavit:

1007 2503 1113 2538 1012
1139 2502 1239 2533 Venite,
1254 2509 1341 2528 omnes
1355 2500 1401 2536 qui
1414 2499 1542 2527 laboratis
1557 2504 1581 2526 et
1597 2500 1700 2526 onerati
1719 2499 1793 2529 estis,

1004 2554 1028 2575 et
1047 2557 1094 2583 ego
1113 2547 1231 2582 reﬁciant
1248 2555 1291 2574 vos
1305 2547 1326 2563 ¹¹
1341 2556 1347 2573 :
1361 2549 1390 2573 ut
1402 2546 1436 2573 ad
1452 2554 1547 2574 omnes
1562 2546 1638 2573 orbis
1659 2549 1792 2572 terrarum

1007 2595 1142 2627 homines,
1160 2593 1204 2629 qui
1224 2593 1256 2620 ad
1272 2601 1332 2621 sese
1347 2592 1536 2627 confugerent,
1552 2591 1716 2619 recreandos
1733 2590 1794 2616 ido-

1006 2649 1085 2670 neam
1103 2648 1164 2669 esse
1179 2639 1354 2667 Divinitatem
1371 2646 1449 2666 suam
1467 2638 1632 2666 ostenderet.
1659 2636 1791 2663 Praeterea

1006 2692 1126 2715 tentatus
1140 2695 1155 2714 ιι
1169 2686 1278 2714 diabolo
1291 2689 1342 2716 est,
1356 2689 1383 2712 ct
1394 2684 1573 2720 quadraginta
1586 2684 1643 2710 dies
1661 2683 1720 2710 sine
1738 2683 1793 2709 ullo

1005 2734 1067 2761 cibo
1093 2736 1213 2768 potaque
1237 2731 1398 2767 permansit,
1418 2735 1446 2757 ut
1470 2729 1593 2758 eamdem
1619 2728 1790 2755 divinitatem

1517 2785 1529 2800 ⁵
1550 2783 1645 2810 Matth.
1678 2789 1745 2813 ινιι,
1762 2782 1790 2811 ιι,

1216 2816 1238 2839 ¹⁴
1255 2822 1349 2850 Matth.
1369 2816 1411 2854 ui,
1429 2820 1462 2848 ιι
1481 2827 1541 2855 Sqq.
1580 2818 1600 2834 ί·
1613 2816 1693 2846 Joan.
1711 2825 1749 2851 ιγ,
1764 2818 1790 2845 6.
