1945 3043
152 137 202 166 667

846 137 874 164 5.
896 136 1065 164 El’li'llANll

1728 132 1784 161 668

151 194 254 221 nullius
279 194 317 221 rei
340 193 461 229 indigere
482 198 654 222 monstraret.
682 193 775 230 Neque
789 195 861 222 enim
878 201 935 222 tum

998 195 1034 222 ποῦ
1053 193 1183 230 θεότητα,
1203 193 1249 221 καὶ
1262 192 1375 228 ὕστερον
1387 212 1395 225 ,
1410 192 1492 228 φησὶν
1507 192 1523 227 ὴ
1537 190 1633 227 Γραφὴ
1647 211 1653 222 ,
1668 190 1781 217 ἐπείνα-

153 239 250 266 lamem
275 239 439 270 sustinebat.
466 240 544 274 quasi
571 239 702 267 severiori
728 240 846 275 quodam
877 241 940 268 vita:

152 285 277 311 instituto
293 284 343 311 sibi
358 284 551 312 abstinentiam
569 284 724 317 indixisset,
747 293 862 320 seseque
882 286 940 313 iue-

150 330 195 356 dia
222 331 347 358 cruciare
367 338 399 357 ae
425 331 585 365 perdomare
612 331 709 365 vellet;
736 331 783 359 sed
810 336 939 367 tanquam

153 383 243 404 veram
266 377 293 403 in
316 385 377 404 sese
395 377 565 405 divinitatem
583 378 687 406 habens
703 378 805 405 nullius
819 378 938 413 egebat:

152 427 245 456 postea
261 427 363 454 tamen,
387 427 416 450 ut
442 423 582 458 Scriptura
607 425 737 456 narrat‘,
755 424 861 452 esuriit.
882 423 941 456 Qua

152 468 257 495 ratione
273 476 335 496 vere
357 477 386 496 se
407 469 543 497 hominem
564 469 666 497 factum
683 478 746 498 esse
763 470 939 505 significavit.

151 522 212 541 cum
227 520 397 549 assumptum
411 522 426 542 a
454 523 483 543 se
499 523 599 550 corpus
620 516 692 544 veris
709 523 741 543 ac
756 517 856 543 rationi
874 523 941 543 con-

151 560 290 587 sentaneis
310 561 525 588 necessitatibus
544 561 693 588 obnoxium
709 569 771 589 esse
787 561 878 588 divina
892 568 941 588 na-

151 612 212 633 tura
229 606 373 639 voluisset,
388 615 432 638 ne,
446 607 520 642 quod
532 615 564 635 ex
579 607 638 642 ipsa
656 615 751 635 revera
767 615 941 642 consequens

150 658 212 678 esse
234 651 388 684 videbatur,
413 659 505 679 veram
534 653 660 679 humanae
677 656 782 679 natura:
806 651 941 679 conditio-

151 705 213 724 nem
227 697 422 733 exstingueret.
446 697 523 726 Unde
541 703 568 725 et
586 698 617 725 ad
638 698 718 725 ticum
736 698 861 726 arborem
876 705 940 725 esu—

151 743 198 769 riit
211 744 238 773 '.
253 747 280 770 et
294 751 388 770 verum
405 744 491 771 lutum
509 744 573 772 fecit
584 744 594 760 ³
605 764 612 771 .
631 744 672 771 Ad
688 744 815 772 eamdem
831 751 896 772 vero
909 744 940 771 il-

151 789 203 814 lam
219 788 298 815 iicttm
315 796 375 816 eum
393 790 524 817 noumtlla
544 789 668 821 dixisset,
690 798 732 823 ea,
757 790 796 817 uti
815 790 937 822 dixerat,

151 833 310 861 acciderunt
321 834 342 862 ⁸.
361 834 424 862 Item
452 835 479 862 in
499 835 609 870 navigio
630 843 693 862 cum
720 840 831 862 ventum
853 835 942 863 incre-

991 250 1052 268 σεν’
1067 242 1108 268 ἵνα
1123 241 1196 276 δείξῃ
1215 241 1264 275 τὴν
1287 239 1416 275 ἀληθινὴν
1431 238 1637 274 ὲνανορώπησιν
1657 237 1705 272 τῆς
1716 234 1783 263 Θεό-

990 296 1070 323 τητος
1081 306 1089 319 ,
1114 286 1266 322 ἐνδιδούσης
1282 287 1315 321 τῇ
1331 286 1456 321 ἐνσάρκῳ
1472 284 1608 321 παρουσίᾳ
1633 283 1687 310 τῶν
1705 283 1783 310 εὐλό-

990 341 1046 367 γων
1069 332 1169 368 χρειῶν
1197 332 1243 359 καὶ
1269 331 1403 367 ἀληθινῶν
1435 330 1560 366 μετέχειν
1577 338 1583 344 ·
1611 330 1654 356 ἕνα
1682 330 1719 364 μὴ
1749 328 1783 355 τὸ

991 377 1117 412 ἀληθινὸν
1130 377 1181 411 τῆς
1196 377 1354 409 ἀκολουθίας
1369 376 1488 412 ἀφανίσῃ
1502 375 1550 411 τὴν
1564 375 1692 410 ἀληθινὴν
1709 374 1784 400 ἐναν-

992 423 1141 459 θρώπησιν.
1151 423 1215 461 ‘Kat
1228 423 1282 459 γὰρ
1298 423 1344 450 καὶ
1360 422 1406 449 ἐπὶ
1424 422 1473 457 τῆς
1490 422 1575 456 συκῆς
1589 420 1724 449 ἐπείνασε.
1735 420 1784 446 καὶ

991 468 1076 505 πηλὸν
1096 467 1222 503 ἀληθινὸν
1245 467 1384 503 ἐποίησεν.
1408 465 1489 494 Ἀλλὰ
1516 465 1595 501 λόγον
1625 462 1685 491 εἶπε
1713 464 1784 500 πρὸς

991 515 1042 551 τὴν
1068 515 1155 550 συκῆν
1182 515 1196 541 ὁ
1216 514 1299 546 Θεὸς.
1325 513 1372 541 καὶ
1387 512 1504 547 ἐγένετο.
1526 511 1580 538 Καὶ
1594 511 1640 537 ἐπὶ
1656 510 1704 545 τῆς
1718 509 1784 544 νηὸς

992 561 1141 597 ἐπετίμησε
1155 560 1195 595 τῷ
1211 560 1324 596 ἀνέμῳ,
1342 559 1388 586 καὶ
1414 559 1562 585 ἐπαύσατο.
1588 556 1643 584 Καὶ
1669 555 1713 582 διὰ
1733 554 1782 582 τοῦ

992 606 1151 641 πτύσματος
1169 605 1217 632 καὶ
1245 604 1331 640 πηλοῦ
1345 623 1352 636 ,
1377 603 1416 639 τῷ
1429 603 1500 638 λόγῳ
1519 603 1567 637 τῆς
1583 600 1664 628 αὐτοῦ
1684 601 1783 636 Θεόεη-

991 660 1038 682 τος
1049 671 1057 682 ,
1085 650 1133 678 xai.
1152 650 1192 686 τῷ
1222 649 1360 685 πτύσματι
1376 650 1426 684 τῆς
1442 647 1524 675 αὑτοῦ
1539 645 1782 682 ἐνανθρωπήσεως,

992 697 1039 724 καὶ
1054 697 1092 732 τῷ
1109 696 1187 732 πηλῷ
1200 696 1280 723 πάλιν
1291 716 1300 729 ,
1310 695 1347 726 ὡς
1363 693 1401 729 τῷ
1422 694 1508 728 Ἀδὰμ
1518 713 1526 725 ,
1539 692 1586 719 καὶ
1597 691 1683 726 τούτῳ
1696 690 1725 717 τὸ
1740 691 1785 717 ἐλ-

992 742 1070 774 λιπὲς
1085 742 1165 778 μέλος
1191 741 1316 768 πλάττων
1342 740 1489 775 ἐχαρίσατο
1503 747 1510 753 ·
1530 738 1584 765 τῶν
1611 738 1718 764 πάντων
1737 745 1784 762 τε-

992 788 1071 815 λείων
1084 789 1112 814 ἐν
1123 787 1197 822 αὐτῷ
1208 787 1302 819 ὄντων,
1320 787 1349 813 ἐν
1361 786 1443 822 σαρκὶ
1457 784 1625 820 πασχόντων,
1635 784 1664 810 ὲν
1677 783 1786 817 Θεότητι

994 835 1023 861 δὲ
1036 833 1148 861 ἀπαθῶν
1163 833 1247 859 ὄντων
1257 853 1265 867 ,
1282 833 1334 864 ἓως
1351 832 1450 867 ἀνέστη
1465 832 1497 858 ἐκ
1511 831 1565 857 τῶν
1579 829 1683 865 νεκρῶν
1693 849 1700 861 ,
1716 828 1785 860 ὅλως

152 883 254 911 posset,
270 878 315 906 hie
331 879 422 906 sul-ito
436 880 518 907 desiit
528 880 550 906 '.
566 879 635 906 Tum
654 887 719 907 vero
734 884 816 915 sputo
832 887 892 913 suo,
906 888 938 907 ac

998 880 1027 915 ιὴ
1047 880 1159 914 πάσχων
1173 878 1282 910 λοιπὸν,
1299 878 1367 910 ὅλως
1384 878 1483 914 μηκέτι
1500 877 1689 912 ἀποθνήσκων.

151 924 219 956 luto,
246 931 308 951 cum
334 924 488 952 Divinilatis
520 933 576 954 sure
607 932 743 956 sermone,
781 929 838 951 tum
864 925 992 956 hominis,
1026 932 1106 959 quem
1129 927 1326 959 assumpserat,
1346 929 1441 958 sputo,
1465 923 1530 955 luto,
1567 923 1688 957 inquam,
1718 922 1791 948 sicut

150 970 254 997 Adamo
276 970 426 1005 quondam,
447 971 484 998 ita
502 978 577 998 caeco
605 971 645 998 illi
665 970 739 1006 quod
763 970 797 997 ad
811 971 993 1006 integritatem
1014 970 1107 998 deerat
1127 970 1280 997 membrqu
1299 969 1378 996 finxit
1391 977 1423 996 ac
1437 969 1554 996 reddidit
1569 968 1609 996 :si
1630 967 1737 1003 quidem
1757 967 1786 993 in

150 1024 183 1044 eo
198 1021 276 1044 erant
298 1017 390 1044 omnia
412 1017 544 1052 perfecta,
559 1017 629 1044 adeo
645 1021 676 1044 ut
701 1017 729 1043 in
756 1023 840 1044 carne
857 1019 1025 1051 paterentur,
1054 1016 1082 1043 in
1108 1015 1252 1043 divinitate
1272 1023 1338 1043 vero
1356 1015 1412 1050 pati
1436 1015 1502 1042 nihil
1527 1018 1647 1050 possent,
1669 1013 1755 1041 donec
1770 1021 1787 1040 a

150 1063 266 1091 mortuis
278 1063 413 1091 excitatus
424 1068 475 1096 est,
488 1063 555 1090 nihil
568 1063 686 1094 amplius
698 1062 811 1090 omnino
822 1063 938 1098 patiens,
961 1071 1050 1099 neque
1065 1062 1186 1090 moriens
1202 1062 1315 1090 omnino
1329 1062 1349 1089 '.

185 1108 286 1141 Quodsi
298 1109 431 1141 nonnulli,
449 1117 498 1144 pro
510 1117 543 1137 eo
556 1110 629 1144 quod
642 1117 656 1136 ει
669 1109 739 1136 virili
753 1114 812 1136 satu
840 1116 940 1144 corpus

151 1162 205 1181 non
221 1155 369 1189 acceperit,
388 1154 488 1182 diversi
507 1155 650 1189 cujusdam
667 1161 728 1182 esse
742 1155 850 1190 generis
867 1155 944 1182 arbi-

151 1203 267 1231 trentur,
282 1207 336 1227 non
348 1204 390 1227 est
402 1200 474 1235 quod
488 1206 630 1235 propterea
643 1201 730 1228 nostri
745 1200 871 1235 corporis
881 1208 943 1228 esse

151 1245 285 1272 dissimile
310 1249 416 1280 putent.
441 1245 589 1280 Postquam
612 1247 685 1274 enim
709 1254 724 1274 e
746 1245 830 1273 Maria
847 1250 941 1272 natmu

151 1297 214 1317 esse
228 1294 306 1317 extra
319 1290 518 1318 dubitationem
532 1299 638 1319 omnem
653 1296 705 1323 est.
720 1295 845 1319 nostrum
859 1291 944 1319 fuisse

153 1343 268 1363 necesse
284 1340 337 1368 est,
356 1336 440 1363 Maria
461 1337 561 1372 quippe
578 1345 632 1364 non
649 1337 773 1370 alterius,
791 1345 872 1372 quam
893 1344 944 1364 cu-

151 1381 198 1415 jus
213 1389 328 1416 corpora
342 1385 436 1410 nostra
458 1387 533 1415 sunt.
557 1383 723 1411 conditionis
743 1384 848 1411 exstitit
861 1393 867 1411 :
880 1390 943 1410 nam

153 1431 181 1454 et
197 1427 318 1455 Adamus
332 1434 347 1454 a
361 1427 422 1454 viro
435 1427 544 1463 genitus
559 1435 613 1455 non
632 1427 693 1460 fuit,
709 1428 757 1455 sed
772 1435 787 1455 e
800 1432 874 1454 terra
891 1427 944 1454 for-

155 1473 278 1506 matus',
293 1480 344 1500 nec
365 1472 427 1500 ideo
446 1473 571 1508 sequitur
585 1473 659 1508 quod
676 1481 730 1500 non
750 1481 766 1501 e
785 1473 856 1500 virili
871 1477 943 1505 satu,

1028 1110 1060 1136 Εί
1076 1109 1104 1136 δέ
1122 1117 1211 1141 τινες,
1238 1107 1282 1136 διὰ
1294 1109 1324 1135 τὸ
1350 1108 1387 1144 μὴ
1402 1109 1457 1135 ἀπὸ
1472 1107 1628 1143 σπέρματος
1644 1106 1740 1142 ἀνδρὺς
1754 1106 1787 1132 τὸ

995 1156 1075 1191 σῶμα
1089 1154 1169 1181 αὑτὸν
1183 1154 1333 1190 εἰληφέναι,
1346 1154 1451 1181 ἀλλοῖον
1465 1154 1618 1189 νοήσουσιν.
1630 1153 1660 1178 οὐ
1675 1152 1786 1184 πάντως

994 1200 1038 1227 διὰ
1051 1200 1131 1226 τοῦτο
1153 1200 1204 1226 οὐκ
1222 1200 1281 1226 ἐστι
1294 1199 1364 1226 κατὰ
1385 1198 1415 1225 τὸ
1431 1199 1564 1234 ἡμέτερον
1579 1198 1667 1234 σῶμα.
1694 1197 1786 1230 Ἐξότε

996 1244 1051 1281 γὰρ
1071 1244 1125 1272 ἀπὸ
1150 1244 1260 1281 Μαρίας
1282 1244 1454 1280 ὡμολόγηται
1469 1264 1476 1276 ,
1501 1244 1635 1279 ἡμέτερον
1660 1241 1704 1278 ἦν.
1731 1243 1788 1270 Καὶ

996 1291 1051 1327 γὰρ
1069 1291 1164 1326 Μαρια
1180 1291 1229 1317 οὐκ
1243 1291 1310 1326 ἄλλη
1324 1288 1358 1326 ἦν
1373 1289 1447 1326 παρὰ
1461 1289 1496 1316 τὰ
1515 1289 1635 1326 ἡμέτερα
1649 1288 1761 1324 σώματα
1778 1298 1785 1304 ·

996 1337 1058 1363 ἐπεὶ
1072 1337 1119 1363 καὶ
1132 1338 1146 1363 ὁ
1163 1336 1248 1371 mea};
1263 1336 1313 1362 οὐκ
1329 1335 1381 1362 ἀπὸ
1395 1335 1552 1370 σπέρματος
1564 1334 1659 1370 ἀνδρὸς
1670 1332 1714 1369 ἦν,
1728 1334 1787 1361 ἀλλ’

997 1384 1030 1409 ἐκ
1053 1383 1102 1418 τῆς
1117 1382 1169 1418 γῆς
1193 1381 1394 1417 πεπλασμένος.
1419 1381 1472 1408 Καὶ
1488 1381 1518 1407 οὗ
1545 1380 1655 1412 πάντως
1668 1401 1675 1413 ,
1693 1380 1787 1416 ἐπειδὴ

997 1428 1052 1455 ἀπὸ
1073 1428 1123 1464 τῆς
1139 1428 1192 1463 γῆς
1214 1426 1248 1464 ἦν
1262 1448 1269 1460 ,
1296 1428 1343 1455 καὶ
1359 1428 1410 1454 οὐκ
1435 1427 1490 1454 ἀπὸ
1507 1427 1663 1462 σπέρματος
1678 1427 1785 1461 ἀνδρὸς,

997 1474 1102 1506 ἀλλοῖος
1125 1472 1160 1509 ἦν
1177 1473 1253 1510 παρὰ
1277 1473 1313 1500 τὰ
1339 1474 1460 1509 ἡμέτερα
1475 1472 1598 1508 σώματα,
1620 1471 1715 1507 Ἡμεῖς
1732 1471 1788 1506 γὰρ

156 1518 204 1546 sed
214 1518 248 1546 de
259 1523 329 1546 terra
343 1517 484 1553 prodierit,
500 1518 637 1546 diversam
648 1519 794 1554 quamdam
810 1527 824 1546 a
841 1519 942 1548 nostris

998 1519 1026 1552 ἐξ
1043 1519 1125 1546 αὑτοῦ
1143 1519 1340 1555 γεγεννήμεθα.
1360 1519 1404 1545 καὶ
1421 1519 1470 1545 οὐκ
1488 1518 1570 1553 ἐσμὲν
1588 1517 1688 1544 ἀλλοῖοι
1709 1517 1788 1553 παρὰ

155 1563 318 1599 corporibus
338 1567 464 1591 naturam
480 1571 542 1592 esse
559 1564 696 1592 sortitum.
719 1564 823 1592 Etenim
847 1572 897 1592 nos
911 1565 945 1592 ab

155 1608 204 1635 illo
221 1608 306 1644 geniti
326 1609 361 1636 ab
375 1608 497 1644 ejusdem
511 1616 626 1645 corpore
641 1609 742 1638 diversi
759 1618 815 1638 non
830 1618 944 1644 sumus;

155 1654 264 1682 tantetsi
280 1654 382 1682 evirili
408 1659 469 1683 satu
493 1654 627 1684 fuerimus
663 1663 695 1684 ac
720 1656 844 1685 mulieris
867 1660 946 1684 utero

156 1700 308 1736 propagati.
335 1699 388 1729 Sed
409 1701 467 1729 hac
489 1701 615 1729 nonnulli
639 1702 769 1730 subtilius
797 1702 945 1730 identidem

155 1749 306 1774 tractantes
321 1750 350 1774 et
369 1746 397 1774 in
417 1747 509 1774 animo
525 1751 682 1780 versantes,
702 1755 717 1775 a
735 1755 820 1783 scopo
836 1748 945 1783 penitus

156 1791 331 1819 aberrarunt.
352 1791 405 1819 Alii
430 1800 513 1828 porro
533 1800 566 1821 ex
593 1793 699 1828 1013
718 1793 763 1825 iis,
779 1793 826 1829 qui
844 1793 877 1821 ad
896 1801 946 1822 nos

156 1838 337 1870 ventitabant.
376 1838 482 1866 inﬁnita
506 1838 629 1874 quadam
657 1839 711 1866 alia
734 1839 944 1871 deblaterantes,

156 1883 244 1910 virum
260 1883 478 1911 landatissimum
495 1884 553 1913 suis
567 1885 805 1913 eriminationibus
820 1885 946 1912 traduce—

157 1929 231 1956 bant.
256 1929 296 1955 Ac
320 1929 550 1957 vehementiorem
570 1930 693 1964 quidem,
710 1938 791 1965 quam
810 1938 859 1965 par
875 1933 944 1962 erat,

162 1974 308 2001 tumultum
323 1975 516 2007 euneitarunt,
534 1975 592 2003 sive
604 1983 636 2003 ex
654 1976 774 2008 inscitia,
793 1976 851 2004 sive
873 1976 946 2011 quod

157 2020 191 2047 ab
207 2027 240 2047 eo
251 2020 353 2047 dictum
365 2025 424 2048 erat
435 2021 546 2049 minime
561 2021 759 2057 pereepissent,
773 2025 800 2049 et
814 2022 848 2049 ab
862 2029 896 2049 eo
905 2022 947 2049 di-

158 2065 246 2098 gressi
263 2074 323 2101 quae
339 2065 482 2093 audierant
494 2066 622 2102 dogmata
638 2067 828 2102 pnedicarent.
845 2067 945 2095 Verum

157 2111 192 2138 de
203 2112 417 2146 supervacaneis
437 2112 511 2140 hisce
530 2113 726 2148 quaestionibus
746 2113 888 2141 hactenus.
910 2113 946 2140 ll-

995 1566 1025 1593 τδ
1038 1566 1145 1592 ἐκείνου
1161 1566 1250 1602 σῶμα,
1271 1566 1360 1593 καίτοι
1374 1575 1404 1600 γε
1417 1566 1448 1592 ἐκ
1462 1565 1617 1600 σπέρματος
1630 1563 1727 1600 ἀνδρὸς
1740 1562 1788 1590 καὶ

995 1611 1050 1639 ἀπὸ
1077 1612 1184 1648 μήτρας
1209 1612 1338 1648 γυναικὸς
1368 1611 1570 1647 γεγεννημένοι.
1602 1610 1682 1638 Ἀλλὰ
1700 1609 1788 1637 ταῦτα
1829 1626 1833 1630 -

997 1657 1047 1693 μέν
1060 1667 1132 1690 τινες
1163 1658 1332 1695 σοφιζόμενοι
1352 1657 1483 1690 πολλάκις
1494 1678 1501 1690 ,
1518 1658 1565 1684 καὶ
1582 1657 1612 1684 ἐν
1634 1657 1667 1692 τῇ
1683 1655 1789 1691 διανοίᾳ

996 1703 1123 1739 ἔχοντες,
1148 1704 1181 1731 ἐκ
1204 1703 1252 1730 τοῦ
1276 1703 1458 1740 προκειμένου
1486 1703 1614 1736 ἐξέπεσον
1630 1710 1636 1717 ·
1664 1701 1737 1734 τινὲς
1758 1701 1787 1728 δὲ

996 1750 1077 1777 πάλιν
1102 1750 1132 1783 ἐξ
1160 1749 1250 1777 αὐτῶν
1270 1750 1324 1777 τῶν
1343 1750 1409 1785 πρὸς
1439 1749 1513 1784 ἡμᾶς
1529 1747 1701 1785 ἐρχομένων,
1718 1746 1787 1774 ἄλλα

998 1796 1084 1832 μυρίοι
1108 1796 1156 1823 καὶ
1172 1796 1300 1822 ἐπέκεινα
1327 1793 1598 1831 περιττολογοῧντες,
1628 1792 1675 1819 τὺν
1702 1791 1787 1827 ἄνδρα

996 1842 1041 1868 τὸν
1060 1841 1088 1868 ἐν
1103 1840 1211 1873 πολλοῖς
1231 1840 1352 1873 ἐπαίνοις
1370 1840 1554 1875 φημιζόμενον
1568 1837 1716 1865 διέϐαλλον.
1734 1837 1789 1864 Καὶ

996 1886 1035 1923 τῷ
1054 1887 1103 1923 μὲν
1117 1887 1173 1914 ὄντι
1190 1887 1380 1923 περιττότερον
1394 1884 1471 1922 οἶμαι
1487 1884 1534 1912 τοῦ
1549 1885 1654 1916 δέοντος
1668 1884 1703 1919 ,ἢ
1718 1883 1789 1910 κατὰ

999 1934 1129 1966 ίδιωτίαν,
1145 1934 1161 1970 ἢ
1177 1933 1247 1961 κατὰ
1262 1932 1519 1969 παρακολουθησίαν
1533 1932 1554 1963 °,
1572 1931 1588 1967 ἢ
1609 1930 1675 1966 παρ’
1689 1929 1788 1961 αὐτοὺς

997 1979 1183 2016 ἐξερχόμενοι,
1198 1980 1246 2007 καὶ
1259 1979 1506 2015 ἀποφθεγγόμενοι,
1521 1974 1572 2013 τὴν
1587 1975 1709 2012 ταραχὴν
1729 1975 1788 2010 εἱρ-

997 2026 1126 2060 γάσαντο.
1152 2025 1231 2054 Ἀλλὰ
1247 2025 1296 2052 νῦν
1316 2034 1361 2061 μοι
1374 2025 1502 2061 περὶτῶν
1518 2023 1652 2059 περιττῶν
1670 2023 1722 2053 ἕως
1738 2018 1788 2048 ὦδε

997 2071 1118 2107 ἀρκείτω
1137 2073 1151 2098 ό
1167 2071 1245 2107 λόγος
1255 2092 1262 2104 ,
1285 2071 1429 2098 συνιόντων
1440 2071 1494 2097 τῶν
1506 2068 1732 2104 ἐντυγχανόντων,
1748 2067 1788 2094 ὅτι

997 2116 1059 2144 οὔτε
1084 2117 1174 2153 φθόνῳ
1188 2117 1333 2153 τετηκότες
1346 2137 1354 2149 ,
1371 2116 1433 2143 οὗτε
1454 2116 1527 2151 μίσει
1547 2115 1586 2150 τῷ
1601 2115 1670 2150 πρὸς
1684 2113 1729 2140 τὸν
1742 2113 1788 2139 ἇν-

158 2157 203 2187 lud
215 2165 279 2185 vero
290 2157 406 2186 lectores
419 2166 515 2186 omnes
532 2159 718 2188 intellecturos
730 2159 859 2192 arbitror,
872 2160 942 2187 nulla

998 2165 1058 2200 δρα.
1077 2164 1220 2200 Εὐχόμεοα
1246 2164 1300 2200 γὰρ
1315 2163 1394 2190 αὑτὸν
1423 2163 1460 2198 μὴ
1475 2161 1638 2198 μερισθῆναι
1663 2159 1718 2187 ἀπὸ
1738 2158 1788 2193 τῆς

157 2211 208 2232 nos
222 2207 268 2230 aut
280 2204 392 2238 invidia,
412 2209 458 2232 aut
469 2205 532 2232 odio
548 2205 576 2233 in
594 2205 730 2233 hominem
746 2214 808 2234 esse
822 2214 942 2234 commo-

998 2209 1044 2235 τοῦ
1068 2208 1185 2245 Χριστοῦ
1216 2208 1378 2244 Ἐκκλησία;
1403 2208 1450 2234 καὶ
1474 2208 1523 2242 τῆς
1547 2206 1715 2241 γλυκύτητος
1738 2205 1789 2239 τῆς

157 2253 210 2277 tos.
230 2250 303 2277 istud
324 2251 397 2278 enim
417 2251 444 2278 in
467 2251 562 2286 primis
578 2258 704 2287 optamus
720 2259 751 2279 ac
768 2253 896 2287 petimus,
916 2256 942 2280 ut

998 2251 1088 2286 πάσης
1111 2251 1299 2286 ἀδελφότητος,
1317 2251 1385 2278 ἀλλὰ
1410 2251 1558 2278 ἀποοὲσῦαι
1583 2251 1663 2277 αὐτὸν
1678 2250 1726 2284 τῆς
1741 2248 1788 2275 τοῦ

158 2304 192 2326 ne
207 2297 241 2324 ab
269 2296 391 2325 Ecclesia
416 2298 518 2325 Christi
542 2302 623 2333 atque
643 2298 677 2326 ab
697 2299 860 2326 suavissima
887 2299 944 2326 fra-

158 2346 229 2369 trum
244 2343 374 2370 societate
388 2342 544 2374 divellatur,
559 2344 605 2371 sed
619 2348 649 2371 ut
659 2344 793 2379 ejusmodi
809 2344 944 2379 dogmatis

159 2387 270 2416 nimium
288 2387 409 2414 studium
423 2390 683 2424 contentionemque
705 2389 823 2425 deponat
838 2397 869 2416 ac
883 2398 944 2417 sese

159 2433 191 2458 ad
208 2433 319 2460 meliora
341 2438 499 2467 convertat,
521 2435 592 2462 sicut
618 2436 750 2469 scriptum
768 2439 831 2463 est:
851 2435 945 2463 Rever-

997 2296 1077 2330 λόγου
1090 2296 1185 2323 τούτου
1202 2297 1367 2332 φιλονεικίας
1383 2297 1432 2332 τὴν
1448 2297 1583 2328 ἔνστασιν,
1605 2297 1651 2323 καὶ
1663 2295 1788 2331 ἐπιστρέ-

997 2342 1046 2377 ψαι
1061 2342 1130 2369 κατὰ
1140 2342 1170 2369 τὸ
1184 2343 1339 2378 εἰρημένον·
1367 2344 1551 2378 Ἐπίστρεφε,
1566 2343 1585 2376 ἡ
1601 2341 1788 2376 Σουναμῖτις,

997 2389 1169 2423 ἐπίστρεφε,
1190 2389 1239 2416 καὶ
1255 2390 1390 2424 ὀψόμεθα
1405 2391 1440 2417 ἐν
1455 2391 1515 2417 σοί.
1538 2389 1635 2425 ’Ὸμως
1661 2390 1724 2424 περὶ
1740 2388 1788 2414 τοῦ

1000 2437 1180 2472 προκειμένου
1198 2435 1275 2469 αὖθις
1288 2437 1455 2472 ἐπιλήψομαι
1467 2437 1519 2472 τῆς
1534 2436 1706 2467 ἀκολουθίας.

160 2484 222 2508 tere,
238 2476 395 2511 Suuamitis,
411 2484 552 2512 revertere,
571 2483 595 2507 et
611 2480 754 2508 videbimus
771 2481 798 2507 iu
818 2485 841 2507 te
849 2481 870 2507 ⁸.
890 2479 981 2509 Redeo
997 2480 1053 2516 jam
1068 2482 1102 2510 ad
1120 2482 1146 2509 id
1175 2482 1248 2518 quod
1266 2483 1344 2510 initio
1364 2490 1571 2517 proposueram,
1589 2487 1616 2510 et
1636 2481 1707 2518 quod
1723 2488 1789 2508 cou-

158 2531 276 2558 sequens
290 2528 332 2552 est
345 2529 473 2554 attexam.

195 2570 264 2599 XIX.
286 2571 371 2606 Negat
388 2579 403 2599 a
423 2572 533 2600 Christo
554 2573 701 2608 perfectam
718 2573 837 2602 hominis
858 2577 939 2600 natu-

160 2624 218 2644 ram
232 2625 292 2645 esse
308 2622 474 2653 susceptam.
489 2619 545 2646 lmo
558 2623 586 2647 et
597 2619 744 2647 nonnullos
759 2620 793 2647 ab
809 2620 883 2647 omni
899 2627 947 2654 spe

160 2663 258 2692 salutis
277 2664 380 2699 dejicit,
397 2665 574 2693 vehementer
601 2665 663 2694 illos
687 2666 817 2694 territans
848 2673 880 2693 ac
902 2665 945 2692 di-

161 2718 239 2745 cens,
255 2719 309 2740 non
322 2719 383 2739 esse
398 2711 471 2747 quod
489 2711 638 2747 perfectam
659 2712 735 2740 illum
761 2712 880 2740 hominis
902 2719 946 2739 na-

199 2810 208 2824 ‘
223 2808 317 2836 Matth.
347 2817 384 2841 tv,
409 2810 437 2836 '2.
500 2811 510 2826 '
527 2809 623 2838 Matth.
641 2819 678 2840 χι.
693 2812 735 2838 l3.

788 2813 798 2828 ἰ
814 2813 849 2828 Im

199 2811 208 2824 '
223 2811 317 2836 Matth.
347 2817 384 2841 tv,
409 2811 437 2836 2.
500 2811 510 2826 ¹
527 2811 623 2838 Matth.
641 2819 678 2840 χι.
693 2812 735 2838 l3.
788 2813 798 2828 ³
810 2811 888 2838 Joan.
919 2820 942 2838 Ix

165 2842 175 2857 '
187 2842 254 2872 Gen.
270 2851 301 2877 tt,
321 2845 350 2872 ’1.
386 2845 397 2862 ⁸
413 2845 492 2874 Cant.
508 2854 545 2880 vt,
561 2846 603 2874 12.
636 2847 646 2863 ⁸
660 2846 690 2875 F.
709 2847 942 2883 ἀπαρακολουοησέ

998 2833 1004 2838 .
1049 2814 1059 2828 δ
1076 2811 1142 2840 Luc.
1174 2820 1231 2843 vru.
1250 2813 1295 2840 ει.

1005 2847 1037 2875 Et
1053 2855 1115 2876 mox
1131 2848 1196 2884 παρ’
1209 2848 1301 2876 αὑτοῦ.

1035 2572 1085 2599 ΙΘν.
1103 2571 1215 2599 Τελείαν
1231 2573 1261 2599 οὐ
1276 2572 1399 2606 βούλεται
1410 2572 1499 2608 λέγειν
1517 2573 1566 2609 τὴν
1580 2574 1711 2610 ἔνσαρκον
1722 2575 1787 2610 Χρι-

1002 2617 1065 2645 στοῦ
1079 2617 1238 2653 παρουσίαν,
1255 2618 1323 2645 ἀλλὰ
1338 2619 1383 2645 καὶ
1394 2619 1444 2654 τὴν
1458 2619 1596 2654 σωτηρίαν
1608 2619 1789 2655 ἀποκρούεται

1001 2673 1091 2696 τινων,
1113 2663 1195 2698 φόϐον
1216 2664 1336 2699 ἐμποιῶν
1359 2665 1406 2692 καὶ
1423 2665 1518 2698 λέγων,
1547 2665 1588 2692 ὖτι
1605 2674 1615 2690 Ι
1632 2666 1669 2692 Οὐ
1687 2666 1728 2692 δεῖ
1744 2666 1788 2692 τέ-

1000 2710 1070 2738 λειον
1084 2710 1226 2746 ἄνθρωπον
1236 2711 1281 2738 τὸν
1296 2711 1377 2738 αὑτὸν
1388 2711 1561 2747 ἀνειληφέναι
1572 2711 1673 2746 λέγειν,
1686 2721 1696 2738 ι
1708 2712 1789 2748 δῆθεν

1049 2814 1059 2828 ι
1076 2811 1142 2840 Luc.
1174 2820 1231 2843 vin.
1250 2813 1295 2840 ει.
1347 2814 1357 2830 ⁸
1374 2813 1452 2842 Joan.
1466 2821 1505 2847 Ix.
1521 2813 1547 2842 6.
1586 2815 1597 2830 ⁸
1612 2813 1691 2843 lioru.
1707 2821 1745 2848 Vl,
1762 2819 1787 2846 9.
