1945 3043
169 147 226 174 εει»

456 145 641 174 ADVEIISUS
662 147 832 175 IIAZRESES
851 148 916 177 LIB.
937 149 979 176 lll.
1002 148 1083 178 TOM.
1103 150 1137 178 ll.
1156 165 1190 171 ——
1205 150 1340 179 leERES.
1360 150 1489 180 LXXVII.

1738 152 1792 180 670

170 203 225 230 ἀπὸ
239 203 288 230 τοῦ
301 202 386 238 ῥητοῦ
401 203 544 239 εἰρημένου
557 212 564 219 '
585 204 814 240 ’Araluyé’drur
826 204 929 241 πραεῖς
941 209 956 235 d

1009 213 1096 236 turam
1109 209 1293 244 assumpsisse
1317 209 1452 237 dicamus.
1466 209 1523 238 lloc
1538 217 1601 238 vero
1619 209 1789 244 potissimm

171 249 287 283 Κύριος.
313 248 397 276 Οὐδὲν
414 249 444 275 δὲ
466 249 633 284 θαυμαστὸν,
658 249 719 278 οὕτε
751 251 883 288 διαφοράν
898 248 957 280 τινά

171 294 295 330 ἐντούτῳ
311 303 353 326 τις
369 294 425 330 ἔχει
441 294 537 328 δεῖξᾶι,
551 295 590 332 τῷ
608 296 695 322 εἰπεῖν
708 297 852 323 ἀναλαῆεϊν
869 298 958 334 σάρκα

171 342 214 368 τὸν
239 341 352 377 Κύριον,
380 341 396 378 ἢ
421 341 539 370 λαϐόντα
564 342 669 370 τελείαν
693 344 912 380 ὲνανθρώπησιν,
939 345 956 380 ἢ

169 387 264 422 ὥσπερ
290 386 420 419 πολλάκις
441 387 470 414 ἐν
494 388 560 423 ἡμῖν
580 387 732 424 ὁμωνύμως
751 389 847 417 πολλαὶ
871 389 958 424 λέξεις

170 432 359 467 τυγχάνουσιν,
383 432 614 468 Ἀναλαμϐἀνων
632 433 697 470 γὰρ,
725 435 802 470 φησὶ,
823 435 926 469 πραεῖς
940 437 957 463 ὁ

169 479 291 512 Κύριος·
319 479 376 510 καὶ,
389 477 524 506 Ἀγέλασέ
546 488 584 514 με
604 479 639 507 ἐκ
662 479 721 507 τῶν
741 482 885 516 ποιμνίων
898 482 958 510 τῶν

169 523 338 556 προϐάτων·
366 524 423 556 καὶ,
451 524 630 560 Ἄνελήφθη·
647 525 696 552 καὶ
716 523 802 553 εἷπον
829 527 882 554 δύο
904 527 957 554 ἄν·

168 569 247 603 δρες·
265 570 295 597 Tz’
305 570 461 603 ἑστήκατε,
472 569 580 605 ἄνδρες
590 571 745 598 Γαλιλαῖοι
754 581 764 604 ;
772 570 865 606 Οὗτος
875 574 891 600 ό
906 573 956 607 ἀφ’

169 615 253 650 ὑμῶν
273 616 491 650 dra/1715508150..
504 617 558 642 Καὶ
574 616 604 642 οὐ
622 616 730 649 πάντως
743 617 773 644 τὸ
793 618 955 645 ἀναλαϐεῖν

170 662 234 696 μίαν
247 661 303 697 ἔχει
317 661 457 698 διαφορὰν,
476 663 504 688 έν
517 662 555 698 τῷ
568 662 667 697 λέγειν,
681 663 839 696 ἀνέλαϐεν,
859 664 876 700 ἢ
893 664 960 692 ἕλα-

168 709 229 740 ΰεν,
248 707 264 742 ἦ
282 708 477 735 ἀνεπλάσατο
501 709 541 740 είς
558 709 652 735 ἑαυτὸν
672 709 722 744 τὴν
739 709 806 737 ἰδίαν
823 711 957 747 ὲνανθρώ-

168 760 250 786 πησιν
260 760 267 767 ·
286 752 336 778 οὐκ
354 752 409 778 ἀπὸ
421 752 470 788 τῆς
488 752 587 785 λέξεως
603 754 676 790 ἡμᾶς
689 750 789 791 ταύτης
804 756 955 791 πτύρουσιν

167 798 191 824 οἱ
201 797 356 833 βουλόμενοι
366 798 436 825 κατὰ
445 798 499 825 τῶν
506 799 642 835 ἀκεραίων
653 800 853 836 ἐπεγείρεσθαι.
863 802 956 834 Οὕτως

168 844 221 880 χρὴ
239 844 340 878 λέγειν.
360 845 415 872 Καὶ
431 845 468 881 μή
489 854 531 878 τις
547 846 644 882 νομίσῃ
662 847 813 874 διαϐάλλειν
837 849 922 883 ἡμᾶς,
938 848 954 883 ἢ

168 890 352 925 ﬂuctuum};
372 890 461 925 λέγειν
481 891 546 926 περὶ
560 891 610 927 τῆς
633 892 787 924 ὑποθέσεως
804 892 905 928 ταύτης
921 893 955 919 τὰ
972 888 991 914 Β

169 936 290 971 ῥήματα.
306 935 439 967 Πολλάκις
451 935 505 971 γὰρ
521 936 681 972 ἐσκεψάμην
695 937 759 973 περὶ
776 937 871 963 τούτου
887 937 955 972 γρά-

169 988 229 1014 φειν
239 988 246 995 ·
260 979 304 1006 ἵνα
321 980 357 1015 μὴ
372 988 413 1012 τις
434 980 533 1016 νομίσῃ
547 981 620 1016 ἡμᾶς
645 981 705 1008 κατ’
721 980 820 1017 ἔχθραν
836 982 896 1008 κατ’
906 982 956 1008 αύ-

168 1026 215 1052 τοῦ
232 1025 434 1061 ἐπεγείρεσθαι.
458 1025 539 1052 Οὐδὲν
560 1026 614 1062 γὰρ
632 1026 706 1062 ἡμᾶς
724 1026 811 1058 οὐδεὶς
830 1027 954 1062 ἔϐλαψεν,

167 1072 205 1104 ὼς
217 1072 288 1098 κατὰ
301 1071 331 1098 τὸ
341 1071 509 1107 ἀνθρώπινον
518 1071 599 1106 λέγω,
612 1071 672 1098 οὐδὲ
687 1071 721 1098 τὰ
730 1071 809 1107 ἡμῶν
823 1073 851 1099 έν
862 1073 955 1108 κόσμῳ

168 1117 341 1152 ἀφήρπασεν.
360 1116 546 1151 Σκεπτόμενος
561 1116 589 1143 δὲ
604 1116 650 1143 τοῦ
666 1116 702 1152 μὴ
724 1117 851 1152 γράφειν,
869 1119 954 1152 ἡναγ-

168 1164 273 1200 κάσοην
292 1164 338 1190 ὑπ’
351 1164 435 1199 αὐτῆς
451 1164 501 1199 τῆς
513 1163 653 1199 ἀληθείας,
667 1164 710 1190 ἴνα
724 1164 760 1199 μὴ
773 1165 779 1179 ¹
797 1164 955 1200 παραλείχῐω

167 1210 222 1238 τῶν
236 1210 311 1246 παρὰ
321 1209 370 1245 τὴν
385 1209 476 1238 πίστιν
489 1218 515 1236 τι
529 1211 739 1246 πεφρονηκότων
751 1221 757 1226 -
772 1210 810 1242 ὡς
823 1211 870 1237 καὶ
881 1211 956 1237 ὕστε-

168 1265 215 1292 ρον
239 1257 264 1282 οι
284 1255 419 1288 θεοσεϐεῖς
438 1255 595 1291 ἐντυχόντες
616 1256 821 1290 ὲπιγνώσονται,
845 1256 885 1282 ὅτι
906 1256 955 1292 οὐχ

168 1300 249 1328 ἓνεκα
273 1301 353 1337 ζήλου
379 1302 512 1337 κοσμικοῦ
536 1302 602 1337 ἡμῖν
625 1303 639 1328 ὁ
663 1302 750 1336 λόγος.
775 1302 882 1329 Μᾶλλον
901 1303 956 1338 γὰρ

167 1347 268 1382 ὠφελεῖ
290 1349 364 1383 ἡμᾶς
381 1349 394 1375 ό
413 1348 482 1384 ἀνὴρ
494 1348 528 1375 τὰ
552 1347 666 1383 μέγιστα
686 1348 741 1375 τῶν
760 1348 831 1376 κατὰ
854 1348 955 1384 κόσμον

167 1395 215 1422 καὶ
239 1395 310 1421 κατὰ
336 1395 386 1431 τὴν
410 1395 530 1429 ἀγάπην,
549 1395 627 1430 είπερ
645 1394 803 1430 ὁμοφρὸνως
825 1396 858 1430 τῇ
889 1395 955 1431 ἁγίᾳ

167 1440 236 1467 Θεοῦ
259 1440 407 1476 Ἐκκλησίᾳ
430 1440 501 1467 κατὰ
523 1439 613 1467 πάντα
634 1442 689 1472 τοῖς
709 1441 776 1467 πᾶσι
793 1440 954 1474 συνετίθετο,

168 1487 215 1514 καὶ
236 1486 274 1523 μὴ
288 1487 363 1520 ξένον
382 1495 409 1513 τι
421 1486 610 1523 παρεισήγαγε
633 1486 718 1522 ῥῆμα.
735 1487 813 1513 Ἤτοι
828 1484 874 1513 οὖν
888 1487 954 1522 παρ’

1009 254 1159 289 Scriptura:
1174 255 1330 283 testimonio
1350 255 1626 290 nititur18uuipiens
1645 260 1793 282 mansuetos

1007 299 1136 328 Dominus
1146 301 1166 327 '.
1180 300 1279 328 Verum
1292 302 1359 329 nihil
1374 301 1520 329 admodum
1538 301 1581 328 his
1598 301 1625 329 in
1639 301 1728 328 verbis
1744 301 1792 328 ad-

1007 345 1152 373 miratione
1166 345 1279 382 dignum
1292 350 1343 379 est,
1354 354 1405 374 nec
1424 347 1479 374 ulla
1499 350 1589 382 potest
1600 346 1627 374 in
1648 354 1681 374 eo
1699 346 1792 374 diver-

1008 391 1077 419 sitas
1093 392 1209 425 ostendi,
1227 392 1301 428 quod
1315 399 1424 419 carnem
1439 391 1570 420 Dominus
1581 395 1628 419 aut
1643 391 1790 428 perfectam

1007 437 1129 466 hominis
1142 443 1268 466 naturam
1286 438 1443 474 suscepisse
1460 438 1577 466 dicatur.
1595 437 1663 465 Nam
1679 445 1695 465 a
1711 438 1792 465 nobis

1006 483 1106 518 saepius
1136 484 1272 511 nonnullaa
1297 483 1443 516 dictiones,
1470 482 1628 518 ὁμωνύμως
1655 490 1792 518 usurpan-

1007 531 1061 561 tur,
1074 528 1147 556 velut
1162 528 1214 556 ista
1229 532 1313 556 sunt:
1326 527 1477 563 Suscipiem
1487 530 1635 554 mansuetos
1643 526 1792 560 Dominus;

1006 578 1033 601 ct
1047 584 1052 601 :
1065 573 1184 608 Suscepit
1201 582 1239 601 me
1249 573 1280 602 de
1292 574 1412 609 gregibus
1428 573 1531 600 ovium‘
1543 582 1550 606 ;
1564 573 1628 601 item
1639 573 1704 600 illud
1720 581 1726 599 :
1740 573 1792 599 As-

1006 625 1124 653 sumptus
1138 625 1187 651 est,
1203 625 1227 646 et
1241 619 1293 646 duo
1318 620 1367 646 viri
1380 619 1502 646 dixerunt
1524 627 1531 646 :
1556 618 1624 651 Quid
1638 619 1727 650 statis,
1743 618 1791 645 tiri

1008 665 1114 692 Galilu'i
1123 667 1135 693 1’
1145 666 1205 698 Hic,
1219 666 1263 701 qui
1277 670 1426 700 assumptus
1438 673 1454 692 a
1462 664 1533 692 vobis
1542 665 1564 697 ',
1572 668 1626 693 etc.
1637 663 1691 692 Nec
1704 664 1730 691 in
1744 664 1791 691 illo

1007 711 1161 739 assumendi
1182 711 1315 739 vocabulo
1338 711 1409 744 inest
1432 711 1485 738 ulla
1510 711 1643 742 varietas,
1669 711 1692 738 si
1715 709 1792 737 dica-

1007 765 1078 789 mus,
1094 757 1249 791 assumpsit,
1280 761 1327 784 aut
1343 757 1465 791 sumpsit,
1486 760 1532 784 aut
1550 756 1677 790 expressit
1699 755 1794 784 huma-

1006 810 1069 829 nam
1082 803 1110 829 in
1128 810 1191 830 sese
1202 808 1341 830 naturam.
1359 801 1455 838 Neque
1469 802 1519 830 hac
1537 802 1643 837 objecta
1655 808 1721 828 voce
1737 806 1791 828 ler-

1009 857 1068 877 rere
1097 858 1146 877 nos
1164 853 1290 884 possunt,
1306 849 1352 884 qui
1376 849 1509 877 adversus
1520 847 1662 884 imperitos
1680 855 1713 875 ac
1726 848 1792 875 sim-

1008 895 1091 930 plices
1110 895 1266 929 insurgunt.
1283 893 1403 922 Omnino
1420 901 1486 922 vcro
1502 894 1540 920 ita
1561 893 1634 928 loqui
1652 892 1790 920 convenit.

1006 941 1044 967 Ac
1067 948 1101 967 ne
1124 939 1187 974 quis
1206 940 1371 967 calumniari
1389 947 1433 966 me
1455 942 1543 974 putet,
1568 942 1615 966 aut
1637 937 1791 966 istiusmodi

1006 986 1149 1013 vocabulis
1175 986 1202 1012 in
1223 993 1256 1013 eo
1279 990 1442 1021 argumento
1464 984 1599 1019 cavillari,
1620 984 1700 1012 velim
1725 982 1793 1010 illud

1006 1039 1101 1059 omnes
1123 1031 1289 1066 intelligant,
1309 1030 1357 1058 diu
1370 1038 1433 1063 nos,
1450 1034 1596 1065 antequam
1610 1036 1643 1057 ea
1657 1028 1793 1056 scribere-

1006 1086 1078 1109 mus.
1095 1078 1266 1113 multumque
1281 1077 1449 1105 deliberasse
1462 1086 1469 1104 :
1484 1084 1518 1104 ne
1530 1076 1592 1111 quis
1607 1075 1724 1103 fortasse
1743 1082 1792 1109 per

1006 1124 1173 1151 simuitatem
1185 1124 1209 1150 ei
1221 1131 1273 1152 nos
1283 1123 1432 1151 insultasse
1443 1122 1578 1149 crederet.
1594 1121 1675 1156 Atqui
1689 1121 1791 1147 nullam

1006 1170 1058 1197 iste
1073 1170 1163 1202 nobis,
1183 1173 1212 1196 ut
1229 1170 1353 1196 humano
1367 1176 1442 1196 more
1464 1168 1571 1203 loquar,
1587 1167 1715 1201 iniuriam
1738 1166 1792 1193 im—

1006 1216 1115 1251 posuit;
1134 1223 1184 1242 nec
1200 1222 1261 1250 qua:
1281 1214 1308 1241 in
1323 1214 1377 1241 hoc
1392 1213 1494 1241 mundo
1511 1212 1719 1247 possidebamus
1737 1218 1794 1238 οτι-ι

1006 1261 1075 1296 puit.
1093 1260 1146 1288 Sed
1172 1268 1234 1287 cum
1254 1260 1281 1286 in
1299 1259 1345 1287 illa
1364 1258 1561 1287 deliberatione
1574 1258 1606 1284 de
1621 1257 1663 1284 his
1680 1260 1793 1291 praster-

1006 1305 1146 1332 mittendis
1166 1307 1331 1340 cogitarem,
1356 1311 1371 1330 a
1395 1303 1510 1331 veritale
1531 1301 1638 1338 1014
1653 1301 1710 1336 ipsa
1732 1308 1792 1327 sum

1006 1356 1132 1384 coactus,
1148 1359 1181 1378 ne
1192 1357 1461 1385 quemquameorum
1477 1348 1657 1384 prtulel‘il‘cm,
1668 1346 1713 1381 qui
1726 1353 1794 1373 con-

1007 1400 1047 1423 Ira
1064 1396 1142 1423 iidem
1159 1395 1261 1431 aliquid
1280 1395 1441 1423 sensissent.
1454 1393 1508 1422 Nec
1525 1393 1632 1424 dubito,
1649 1393 1714 1427 quin
1731 1391 1793 1426 pius

1006 1442 1092 1470 lcctor
1105 1442 1183 1470 facile
1198 1442 1264 1469 illud
1285 1444 1437 1477 agnoscat,
1455 1440 1531 1467 nulla
1550 1447 1582 1466 ex
1603 1438 1685 1472 hujus
1699 1436 1790 1463 mumli

1007 1489 1119 1524 pmpria
1138 1488 1313 1515 mmulatione
1328 1493 1482 1515 sermouem
1500 1485 1576 1512 illum
1592 1487 1715 1511 nostrum
1730 1488 1791 1509 esse

168 1533 254 1568 αὐτῷ,
271 1534 288 1568 ἢ
310 1534 366 1564 τοῖς
383 1533 450 1568 παρ’
471 1532 553 1559 αὑτοῦ
576 1533 828 1568 μεμαοητευμένοις
844 1533 858 1559 ὁ
878 1532 955 1567 λόγος

1008 1535 1168 1570 proiectum.
1188 1533 1256 1561 Nam
1271 1541 1287 1561 e
1307 1533 1445 1561 contrario
1461 1531 1546 1559 multo
1566 1531 1627 1565 plus
1643 1529 1688 1556 ille
1702 1528 1791 1561 nobis,

155 1579 256 1611 -ᾶλλως
269 1578 412 1615 νοούμενος
424 1578 469 1606 διὰ
480 1577 527 1605 τοῦ
539 1578 659 1605 τοιούτου
675 1579 813 1614 σχήματος
824 1578 871 1606 καὶ
886 1587 954 1614 προ-

167 1626 277 1661 φάσεως
290 1627 319 1654 ὲν
332 1626 440 1662 παρόδῳ
452 1625 556 1662 ᾄδεται,
571 1625 622 1652 οὐκ
636 1624 691 1660 έχω
704 1624 804 1659 λέγειν.
822 1624 956 1657 Πολλάκις

167 1671 197 1699 δὶ
207 1671 394 1708 διενοήοημεν,
408 1672 456 1699 καὶ.
466 1671 615 1707 έκπληκτοι
627 1671 790 1706 γεγόναμεν,
806 1671 847 1697 δτι
863 1670 957 1698 ἕνεκεν

166 1716 216 1745 τοῦ
229 1717 308 1752 λόγου
323 1717 420 1745 τούτου
435 1718 452 1754 ὴ
466 1717 591 1748 ἔνστασις
602 1717 652 1753 τῆς
666 1716 831 1752 φιλονεικίας
846 1717 894 1744 καὶ
909 1716 957 1744 τοῦ

167 1761 274 1796 ἀγῶνος
289 1762 342 1794 ἓως
360 1762 476 1789 θανάτου
492 1761 557 1798 παρ’
570 1761 660 1789 αὐτῶν
678 1761 836 1788 ὲκδικεῖται.
853 1761 909 1789 Καὶ
925 1762 957 1789 ἐκ

167 1808 264 1836 τούτου
284 1807 418 1844 ἔγνωμεν,
432 1808 473 1835 an
487 1807 557 1842 τάχα
577 1807 756 1844 περι-ποτέρᾳ
776 1807 829 1834 τινὶ
844 1806 958 1844 ὑπονοίᾳ

167 1854 233 1890 παρ’
246 1853 337 1886 αὐτοῖς
355 1854 369 1881 ὁ
379 1853 457 1888 λόγος
471 1852 574 1889 ᾄδεται.

1007 1580 1080 1615 quod
1099 1579 1132 1606 ad
1145 1584 1273 1607 externas
1286 1578 1446 1613 disciplinas
1466 1581 1493 1605 ct
1506 1575 1669 1604 charitatem
1685 1573 1794 1605 attinet,

1006 1625 1136 1653 utilitatis
1157 1624 1278 1657 aﬂ'erret,
1292 1623 1316 1651 si
1329 1630 1394 1651 cum
1409 1625 1504 1650 sancta
1523 1621 1570 1649 Dei
1592 1619 1714 1648 Ecclesia
1729 1625 1795 1646 con-

1005 1671 1128 1698 c0rditcr
1142 1670 1169 1697 in
1187 1669 1316 1698 omnibus
1327 1667 1488 1696 consentire
1501 1666 1592 1698 vellet,
1609 1672 1660 1692 nec
1674 1663 1795 1699 pcregri—

1006 1724 1071 1744 num
1086 1715 1189 1752 aliquid
1203 1719 1231 1744 et
1253 1714 1408 1743 inauditum
1423 1712 1574 1741 inveheret.
1590 1710 1655 1737 Sive
1667 1710 1750 1745 igitur
1761 1708 1795 1735 ab

1011 1762 1058 1790 illo
1072 1762 1217 1797 iactatum,
1233 1761 1292 1789 sive
1305 1761 1340 1788 ab
1358 1759 1418 1794 ejus
1439 1757 1583 1794 discipulis
1603 1756 1684 1783 aliter
1706 1755 1791 1782 inter-

1007 1812 1142 1843 pretatum
1156 1806 1255 1842 dogma
1279 1806 1332 1834 sub
1344 1803 1477 1841 ejusmodi
1491 1803 1581 1840 specie
1594 1810 1626 1829 ac
1646 1805 1789 1837 pmtextu.

1005 1854 1080 1880 velut
1097 1853 1132 1880 ab
1151 1851 1225 1879 aliud
1246 1851 1390 1887 agentibus
1411 1849 1558 1881 occinitur,
1586 1848 1620 1875 de
1642 1854 1698 1882 quo
1725 1844 1792 1871 certi

167 1900 236 1928 nihil
251 1900 386 1927 allii-mare
409 1906 531 1935 possum.
549 1898 615 1927 Illud
639 1897 748 1934 quidem
779 1905 851 1933 saepe
877 1898 968 1926 animo
991 1899 1170 1932 vcrsavimus,
1189 1905 1222 1926 ac
1238 1897 1370 1933 majorem
1385 1896 1412 1924 in
1440 1895 1549 1923 modum
1577 1892 1791 1928 obstupuimus,

169 1947 245 1975 hisce
259 1946 286 1973 in
300 1945 475 1982 opinionibus
493 1945 697 1980 propugnamlis
725 1948 801 1972 tanta
816 1944 878 1972 illos
898 1952 959 1972 cum
979 1945 1062 1972 animi
1084 1944 1258 1972 contentione
1272 1951 1304 1971 ac
1314 1941 1452 1979 pugnandi
1476 1940 1588 1968 libidine
1599 1939 1638 1967 vel
1661 1938 1694 1964 ad
1723 1943 1795 1963 mor-

169 1998 222 2022 tem
240 2001 327 2029 usque
343 1993 514 2029 pertinaciter
535 1992 671 2020 insistere.
690 1991 730 2019 Ex
755 1999 809 2028 quo
839 1992 971 2027 suspicari
996 1992 1061 2019 illud
1081 1991 1210 2025 occurrit,
1231 1999 1264 2019 ex
1291 1990 1344 2018 alio
1371 1989 1485 2025 quodam
1510 1987 1690 2016 reconditiore
1713 1992 1795 2012 sensu

169 2041 325 2076 opinionem
343 2040 415 2067 illam
427 2047 489 2067 esse
508 2038 664 2067 deductam.

204 2088 247 2115 K’.
263 2087 348 2114 Ὅταν
364 2086 419 2122 γὰρ
442 2087 582 2122 ἐρωτήσῃς
599 2085 676 2116 τινὰς
696 2084 726 2117 ἐξ
748 2084 845 2115 αὐτῶν,
863 2084 956 2118 διαφό-

170 2143 226 2170 ρως
248 2133 297 2169 μὲν
316 2134 341 2160 οἱ
360 2133 460 2164 πάντες
483 2131 693 2166 ἀναγγέλλουσι·
710 2131 784 2164 τινὲς
804 2131 832 2157 δὲ
846 2131 956 2165 λέγουσι

171 2179 209 2215 μὴ
221 2179 326 2205 τελείαν
339 2178 478 2214 εἰληφέναι
487 2177 532 2204 τὸν
543 2177 644 2213 Κύριον
659 2176 873 2212 ὲνανορώπησιν,
888 2175 955 2210 μηδὲ

1046 2081 1102 2108 XX.
1116 2080 1182 2107 Nam
1201 2087 1263 2106 cum
1281 2085 1375 2106 eorum
1391 2076 1500 2113 aliquos
1515 2074 1737 2109 interrogateris,
1751 2083 1772 2099 γ.
1784 2088 1795 2097 η

1008 2127 1057 2154 riis
1082 2126 1120 2153 illi
1146 2125 1235 2154 modis
1257 2123 1422 2159 respondere
1435 2122 1542 2153 solent;
1568 2128 1619 2147 nec
1635 2120 1734 2147 desunt
1751 2122 1795 2155 qui

1009 2173 1159 2208 perfectam
1177 2170 1296 2197 hominis
1312 2173 1438 2196 naturam
1451 2166 1596 2194 Dominum
1611 2166 1794 2199 assumpsisse

169 2211 272 2254 τέλειον
284 2225 365 2252 αὑτὸν
381 2211 521 2259 γεγονέναι
536 2211 689 2259 ἄνθρωπον.
711 2211 818 2257 Ἐπειδῆ
834 2222 862 2248 δὲ
877 2221 956 2248 τοῦτο

1010 2222 1107 2254 negent
1120 2225 1151 2244 ac
1170 2216 1320 2251 perfectqu
1336 2213 1472 2241 hominem
1492 2212 1642 2240 exstitisse.
1656 2211 1733 2243 Quod
1748 2219 1791 2237 an»

170 2271 285 2306 φευκτὸν
312 2270 417 2304 ἐγίνετο
439 2269 557 2300 πολλοῖς,
579 2268 671 2295 λοιπὸν
693 2267 806 2303 ὕστερον
831 2267 958 2302 εἰρωνείᾳ.

171 2316 328 2352 ἐκέχρηντο,
339 2315 376 2348 ὡς
388 2315 500 2351 ὕστερον
511 2315 543 2341 ὲκ
555 2314 601 2341 τοῦ
616 2314 748 2350 στόματος
760 2312 843 2340 αὑτοῦ
858 2314 867 2329 ⁸
880 2313 958 2348 ἀκρι-

170 2362 226 2394 ϐῶς
245 2361 456 2397 μεμαθήκαμεν,
478 2360 540 2388 Ἐπὶ
558 2360 607 2395 τῆς
627 2358 786 2394 Ἀντιοχέων
808 2357 863 2394 γὰρ
881 2357 958 2391 γενύ-

173 2417 258 2444 μενοι,
273 2408 328 2439 τοῖς
338 2406 502 2443 ἀκραίμοσιν
516 2405 605 2433 αὐτῶν
618 2404 863 2440 συντετυχήκάμεν,
877 2403 906 2429 ὲν
917 2400 958 2435 οἷς

172 2453 219 2481 καὶ
233 2452 356 2484 Βιτάλιος
371 2452 386 2478 ὁ
406 2451 554 2483 ἐπίσκοπος
571 2450 626 2485 (94)
644 2449 777 2484 ὑπῆρχεν,
797 2447 959 2474 εὐλαὸἐστα-

171 2508 217 2531 τος
225 2499 294 2535 ἀνὴρ
304 2498 343 2534 τῷ
357 2497 406 2533 βίῳ
419 2498 466 2524 καὶ
481 2498 514 2532 τῇ
529 2495 704 2527 καταστάσει,
718 2495 765 2520 καὶ
775 2494 808 2529 τῇ
824 2492 956 2528 πολιτείᾳ.

177 2545 321 2580 Ἐλέγομεν
346 2543 375 2570 δὲ
398 2542 637 2578 συμϐουλεύοντες,
665 2540 712 2567 καὶ
737 2537 958 2574 παρακαλοῦντες

174 2591 354 2627 συμφωνῆσαι
371 2591 404 2625 τῇ
428 2589 519 2616 πίστει
538 2587 588 2623 τῆς
611 2586 691 2621 ἁγίας
714 2584 887 2621 Ἐκκλησίας,
913 2583 959 2610 καὶ

1008 2270 1061 2293 tem
1080 2264 1114 2291 ab
1132 2271 1164 2290 eo
1187 2261 1344 2296 complures
1363 2259 1561 2289 abhorrebant,
1578 2258 1797 2284 dissimulatione

1009 2309 1106 2336 deinde
1115 2308 1153 2335 uti
1169 2310 1320 2341 co‘perunt,
1335 2305 1360 2331 id
1375 2303 1447 2338 quod
1462 2311 1511 2330 nos
1522 2310 1554 2330 ex
1570 2303 1678 2329 illorum
1693 2310 1794 2329 serum-

1010 2354 1092 2381 nibus
1103 2356 1231 2379 accurate
1241 2354 1336 2386 postea
1351 2347 1542 2383 cognovimus.
1561 2346 1629 2373 Nam
1642 2354 1704 2373 cum
1721 2355 1794 2373 esse-

1011 2407 1072 2426 mus
1095 2397 1255 2428 Antiochiae,
1283 2396 1311 2423 in
1337 2394 1482 2431 primarios
1502 2394 1612 2420 illorum
1639 2393 1797 2424 incidimus,

1012 2445 1082 2471 inter
1097 2451 1165 2479 quos
1185 2446 1244 2468 erat
1262 2440 1359 2468 Vitalis
1380 2439 1540 2475 episcopus,
1561 2437 1644 2465 homo
1661 2437 1726 2469 vita,
1744 2445 1794 2462 mo-

1012 2490 1087 2517 ribus
1103 2494 1129 2517 et
1145 2489 1271 2516 instituto
1292 2485 1528 2522 religiosissimus;
1549 2485 1589 2511 Ae
1602 2491 1665 2510 cum
1688 2491 1794 2516 magno-

1011 2544 1075 2572 pere
1090 2536 1165 2562 illmn
1182 2535 1390 2562 adhortarentur
1410 2538 1437 2560 et
1458 2536 1587 2560 auctores
1610 2538 1734 2558 essemus
1768 2536 1794 2556 lll

1011 2589 1073 2609 cum
1092 2581 1220 2609 Ecclesia:
1239 2580 1381 2608 catholica:
1403 2579 1456 2607 [ide
1476 2577 1658 2609 consentiret,
1677 2584 1710 2603 ac
1729 2584 1793 2602 con-

210 2668 218 2684 '
236 2667 268 2697 F.
285 2667 397 2704 μηδένα.
435 2667 445 2682 ³
458 2666 489 2694 F.
509 2665 608 2692 αὐτῶν.
647 2664 658 2680 ³
676 2663 748 2692 Psal.
764 2670 838 2695 XLVI,
849 2661 875 2690 6.
913 2661 924 2678 ⁵
941 2659 956 2688 Ρ

1008 2679 1014 2687 .
1031 2666 1134 2692 ωιινιι,
1149 2658 1193 2686 70.
1230 2657 1241 2674 '
1256 2659 1318 2685 Act.
1331 2665 1351 2690 ι,
1366 2656 1394 2689 9,
1413 2656 1456 2684 l0.

209 2724 265 2759 (94)
286 2726 338 2751 Ἐν
363 2721 409 2756 οἷς
430 2722 478 2759 καί
495 2757 499 2759 Δ
515 2721 652 2759 namhoc
710 2720 886 2759 ἐπίσκοπος.
907 2716 957 2759 llic

173 2753 215 2789 est
232 2753 327 2787 Vitalis
348 2753 404 2786 ille-
414 2757 512 2786 Melelii
527 2753 690 2784 Autioclieui
714 2756 864 2791 presbyter,
877 2753 956 2792 quina

174 2795 306 2825 Flaviano
323 2794 480 2821 desciscens
495 2800 525 2821 se
539 2792 573 2819 ad
592 2791 773 2825 Apollinarem
789 2791 956 2825 aggregavit.

173 2837 212 2863 ct,
227 2830 299 2865 quod
321 2829 419 2863 insigni
438 2829 537 2865 pietate
558 2827 687 2865 przeditus
705 2829 787 2857 esset,
813 2827 957 2865 plerosque

176 2861 301 2894 eiuuilcin
316 2865 343 2892 in
357 2861 477 2892 errorem
489 2861 604 2898 impulit.
619 2861 716 2890 Postea
730 2867 795 2889 vero
807 2862 887 2888 secta:
900 2865 957 2887 sua

1010 2717 1157 2754 episcopus
1180 2713 1340 2754 estfactum
1416 2719 1470 2746 quo
1496 2708 1731 2754 δομριιιςηιιελίίιξ.
1757 2717 1791 2736 vt.

1035 2751 1078 2788 ide
1091 2743 1291 2788 e't‘Grcgorium
1299 2743 1506 2788 Nazianzgorat.
1521 2745 1556 2772 5'2
1565 2743 1777 2788 μιάίέίιξσοζιξιξιιι
1786 2767 1793 2776 ,

1010 2786 1056 2814 ubi
1072 2789 1099 2813 et
1118 2783 1199 2820 hujus
1219 2788 1247 2814 et
1277 2783 1536 2819 Apollinaristarum
1558 2785 1681 2808 omnium
1697 2785 1790 2806 versu-

1011 2821 1075 2850 tiam
1091 2820 1201 2857 detegit.
