1945 3043
170 142 219 169 οτι

171 197 316 224 ιιιιιιὶοεξιιη
335 197 407 224 illam
425 204 518 224 vocem
535 200 767 231 przetcrnntteret,
790 197 823 224 ad
843 197 898 225 hare
923 197 959 224 ita
975 205 996 229 Α

171 243 269 270 Vitalis
284 243 465 270 occurrebat:
479 242 550 275 Quid
565 246 618 274 cst,
635 243 736 278 inquit,
752 247 960 271 contrm'ersum

172 290 245 316 inter
273 297 324 317 nos
339 293 365 317 et
380 288 559 323 ambiguum?
581 289 708 316 Habebat
726 294 815 316 autem
836 289 961 316 nonnihil

171 343 233 362 cum
250 335 364 362 Paulino
379 335 509 369 episcopo
529 334 658 370 religioso
672 339 754 370 atque
770 336 878 370 egregio
903 336 961 363 viro

172 381 327 413 discordias,
343 380 519 416 vicissimque
533 380 663 409 Paulinus
675 389 689 408 a
703 381 795 413 Vitali,
811 389 891 416 quem
905 386 961 408 tum

172 426 379 457 accersivimus.
401 425 565 454 dissidebat.
584 425 659 460 Quos
676 426 786 461 quidem
809 426 882 454 inter
903 434 964 454 sese

172 473 320 500 conciliare
333 472 490 500 studuimus
509 482 515 499 ε
541 473 622 499 ambo
646 472 718 500 enim
734 479 796 499 cum
812 477 914 499 rectam
931 479 963 499 ac

173 518 308 545 sinceram
323 517 403 545 ﬁdem
418 518 539 552 proﬁteri
552 517 721 550 viderentur,
732 517 816 545 certis
829 518 862 545 de
872 518 964 544 causis

173 571 187 590 a
207 572 237 590 se
251 568 347 591 mutuo
361 563 563 590 dissentiebant
579 573 585 590 :
600 571 663 590 nam
677 562 775 591 Vitalis
787 563 902 590 Paulino
914 563 964 590 Sa-

174 610 282 636 luelliani
299 609 446 644 quamdam
459 609 595 644 dogmatis
606 617 700 637 vocem
717 609 873 644 objiciebat.
888 609 966 637 Unde

173 663 237 682 cum
258 663 291 682 eo
308 663 358 682 nos
375 655 606 688 accessisscmns,
624 656 659 682 ab
676 655 800 683 absoluta
818 663 880 683 cum
895 655 965 683 Pau-

174 701 230 728 lino
245 700 439 728 communione
453 700 676 736 temperavimus.
694 701 781 728 donec
796 701 887 728 oblata
904 701 965 729 ﬁdei

173 746 361 781 professione,
377 754 456 780 quam
482 747 587 782 scripto
607 748 869 782 comprehenderat,
891 747 966 774 aliud

175 791 331 826 persuasit:
350 799 430 825 quam
447 791 558 826 quidem
582 791 779 826 professionem
799 792 905 827 1015
920 800 966 820 as-

175 837 305 863 scnsionc
316 844 365 864 sua
383 836 560 863 confirmarat
577 841 668 869 antea,
686 845 748 865 cum
764 845 794 865 se
808 838 878 873 apud
899 838 963 865 bea-

175 887 232 909 tum
241 882 421 909 Athanasium
437 885 578 917 purgaret.
592 882 679 918 Hujus
689 883 772 918 igitur
787 884 866 911 nobis
877 891 965 911 exein-
983 876 1004 904 Β

176 929 266 964 plum,
286 929 330 955 cui
352 929 573 963 subscripserat,
589 929 688 956 obtulit
709 938 716 956 :
740 929 767 956 in
791 937 845 964 quo
871 937 965 957 sacro-

176 977 278 1000 sancta:
298 972 440 1000 Trinitatis
455 980 487 1000 ac
500 973 610 1005 mentis,
626 981 686 1008 quae
700 974 727 1001 in
738 974 855 1001 humana
864 973 967 1002 Christi

175 1022 274 1044 natura
290 1017 372 1049 inest,
389 1018 556 1045 mentionem
569 1023 743 1053 expresserat
760 1028 767 1046 :
788 1024 902 1054 eratque
920 1020 966 1047 illa

175 1064 234 1098 ipsa
249 1063 398 1090 beatissimi
408 1063 497 1091 Patris
511 1064 599 1091 nostri
609 1064 750 1092 Athanasii
762 1072 842 1091 manu
852 1065 967 1101 scripta.

176 1109 252 1136 llanc
268 1117 318 1137 nos
332 1109 531 1144 subjiciendam
552 1110 604 1137 hoc
621 1110 681 1137 loco
695 1112 859 1145 putavimus.

178 1165 334 1200 Eremplum
354 1166 526 1201 professionis
541 1165 613 1200 ﬁdei,
625 1175 704 1201 quam
720 1166 850 1194 Paulinus
867 1167 968 1201 episco-

337 1210 386 1236 pus
400 1210 450 1228 sua
465 1210 546 1228 manu
563 1203 688 1236 scriptam
704 1202 809 1229 obtulit.

212 1257 283 1285 XXI.
304 1257 361 1293 Ego
374 1257 506 1285 Paulinus
529 1258 570 1286 sic
587 1259 690 1290 sentio.
707 1259 936 1294 quemadmodum
952 1267 967 1287 a

177 1303 303 1331 l’atribus
318 1304 409 1338 accepi
433 1313 440 1331 :
461 1303 528 1332 Esse
542 1308 569 1331 et
590 1305 742 1332 subsistere
755 1306 904 1340 perfectum
919 1306 967 1333 Pa-

177 1356 257 1382 trem,
273 1355 300 1377 et
314 1350 465 1377 subsistere
478 1350 627 1385 perfectum
643 1349 754 1382 Filium,
769 1355 796 1378 ct
818 1352 968 1380 subsistere

177 1394 296 1430 denique
313 1395 464 1429 perfectum
481 1394 614 1430 Spiritum
630 1400 767 1423 sanctum.
784 1396 874 1429 Quare
894 1401 921 1424 et
936 1397 967 1424 il-

179 1441 232 1467 lam
252 1440 335 1467 trium
352 1440 548 1476 hypostaseon,
573 1444 600 1468 et
618 1441 700 1469 unius
721 1441 890 1476 hypostasis,
911 1442 969 1470 sivo

178 1486 340 1514 substantia:
361 1486 618 1522 interpretationem
642 1495 704 1514 cum
724 1487 758 1515 iis
782 1487 829 1523 qui
852 1488 888 1514 ita
907 1495 970 1515 sen-

179 1532 266 1564 tiunt,
285 1532 444 1567 amplector.
473 1531 520 1559 Est
542 1532 615 1559 enim
638 1532 730 1567 pietati
743 1527 968 1568 consentaneum,

179 1576 340 1604 Trinitatem
353 1577 381 1604 in
394 1585 446 1604 una
465 1577 610 1605 Divinitate
627 1585 776 1614 agnoscere
787 1585 819 1605 ac
830 1578 965 1605 conﬁteri.

179 1622 218 1650 De
236 1622 426 1650 incarnatione
442 1630 534 1658 porro,
550 1631 631 1658 quam
649 1628 760 1658 propter
777 1631 827 1652 nos
846 1623 966 1651 Verbum

180 1669 270 1697 Patris
298 1669 430 1704 suscepit,
446 1669 493 1702 ita,
507 1675 536 1697 ut
552 1675 616 1697 ante
634 1670 767 1704 scriptum
788 1668 966 1702 est,"scntio:

179 1712 320 1746 nimirum,
337 1717 364 1741 ut
380 1713 499 1742 Joannes
517 1714 638 1751 scripsit,
653 1714 772 1742 Verbum
786 1722 895 1742 carnem
907 1722 969 1742 esse

181 1759 282 1786 factum
298 1759 317 1785 '.
333 1757 426 1794 Neque
439 1759 511 1786 enim
533 1760 625 1794 impiis
651 1767 683 1786 ac
701 1760 844 1787 sceleratis
860 1760 913 1788 illis
927 1768 969 1787 as-

179 1805 294 1837 sentior,
311 1805 357 1839 qui
372 1808 506 1832 mutatum
521 1805 596 1832 illum
607 1813 668 1833 esse
682 1805 828 1839 deliniant,
848 1805 896 1833 sed
918 1814 966 1840 po-

181 1851 233 1878 tius
255 1851 393 1878 hominem
416 1859 477 1878 esse
496 1855 589 1879 nostra
615 1859 698 1878 causa
713 1851 826 1885 factum,
852 1855 934 1887 atque
953 1859 969 1880 c

181 1897 356 1923 sanctissima
372 1895 480 1931 Virgine
492 1896 525 1923 de
536 1895 641 1931 Spiritu
651 1899 747 1924 sancto
762 1904 823 1924 esse
833 1898 967 1932 genitum.

181 1943 276 1976 Neque
292 1949 365 1971 _vero
387 1945 434 1968 aut
450 1941 610 1972 inanimum,
628 1945 675 1968 aut
695 1948 793 1969 sensus
814 1949 846 1968 ac
869 1942 969 1970 mentis

182 1994 279 2021 expers
296 1994 395 2021 corpus
406 1985 531 2013 Salvator
542 1985 646 2013 habuit.
666 1985 746 2021 [lllud
760 1994 870 2022 quoque
885 1987 970 2014 Atha-

181 2033 250 2060 nasii
266 2032 386 2068 episcopi
401 2039 483 2059 mauu
503 2031 593 2059 fuerat
607 2031 766 2069 adjectum}J
783 2032 853 2060 Fieri
868 2034 968 2069 quippe

181 2086 235 2105 non
254 2081 354 2113 potest,
372 2082 401 2104 ut
413 2077 519 2104 Domini
533 2078 630 2109 nostri,
644 2078 690 2112 qui
700 2082 809 2113 propter
822 2086 872 2106 nus
887 2078 970 2105 homo

181 2124 270 2152 factus
287 2129 339 2157 est,
358 2124 458 2151 mentis
480 2131 577 2159 expers
590 2131 691 2159 corpus
713 2124 758 2151 sit.
783 2123 859 2151 Unde
878 2128 905 2152 et
923 2132 970 2152 eos

181 2179 276 2198 oinnes
295 2171 467 2198 anathemate
484 2170 595 2204 damno,
619 2170 666 2206 qui
685 2171 854 2206 propositam
876 2178 907 2198 ac
926 2179 971 2199 re-

161 2220 287 2252 wcptam
306 2217 333 2244 in
351 2217 459 2244 Nicazna
479 2217 585 2253 synodo
610 2217 689 2245 ﬁdem
707 2222 851 2252 respuunt,
884 2225 971 2253 neque
990 2234 1010 2261 Β

181 2261 281 2290 Filium
296 2270 311 2291 e
330 2263 421 2291 Patris
439 2263 593 2292 subStantia
608 2264 792 2299 processisse,
807 2269 855 2291 aut
882 2264 971 2293 eidem

181 2309 443 2338 consubstantialem
459 2318 521 2338 esse
540 2311 716 2338 confitentur.
739 2310 791 2339 Sed
807 2315 834 2339 et
849 2311 910 2339 illos
932 2311 974 2338 in-

182 2363 265 2390 super
278 2356 441 2388 condemno,
456 2356 503 2391 qui
521 2356 653 2391 Spiritum
672 2361 799 2385 sanctum
814 2361 970 2385 creaturam

181 2408 243 2428 esse
255 2407 303 2436 per
323 2399 421 2428 Filium
438 2401 598 2435 productam
614 2406 753 2430 asserunt.
767 2402 910 2430 Postremo
925 2402 973 2430 Sa-

183 2445 255 2472 f-ellii
280 2453 312 2473 ac
331 2445 452 2477 Photini,
470 2447 591 2482 adeoque
606 2448 726 2483 reliquas
743 2457 838 2476 omnes
854 2448 972 2477 hatrcscs

871 141 898 168 S.
922 139 1092 168 lil‘ll'llANll

1756 135 1824 162 (ΠΩ

1012 197 1091 224 ἐάσαι
1116 195 1146 221 τὸ
1174 194 1324 229 φιλόνεικον
1351 193 1434 228 ῥῆμα.
1458 192 1486 219 '0
1510 191 1538 218 δέ
1564 190 1686 222 Βιτάλιος
1708 190 1815 225 ἐλεγε-

1012 242 1045 269 Τί
1072 241 1128 277 γάρ
1153 241 1210 266 ἐστι
1233 239 1264 266 τδ
1285 238 1419 274 ἀναμέσον
1442 237 1536 273 ἡμῶν;
1565 234 1628 271 Εἶχε
1656 235 1710 271 γὰρ
1727 234 1822 267 οὗτος

1012 289 1153 315 διάστασιν
1171 286 1240 322 πρὸς
1263 284 1403 320 αἰδέσιμον
1419 292 1480 310 τινα
1492 283 1577 318 ἄνδρα
1596 283 1641 309 καὶ
1658 282 1820 317 ἐπίσημον,

1013 333 1146 360 Παυλῖνον
1159 332 1204 358 τὸν
1218 331 1377 362 ἐπίσκοπον,
1393 329 1440 356 καὶ
1452 328 1583 360 Παυλῖνος
1595 328 1663 363 πρὸς
1673 328 1719 354 τὸν
1730 328 1820 363 εἱρηο

1015 380 1095 415 μένον
1111 377 1244 408 Βιτάλιον,
1260 377 1305 412 ὑφ’
1322 375 1400 412 ἡμῶν
1415 373 1628 411 μετακληθέντα.
1644 373 1820 408 Βουλόμενοι

1013 426 1103 452 τοίνυν
1122 424 1293 459 ἀμφοτέρους
1309 423 1348 454 εἰς
1361 422 1472 457 εἰρήνην
1487 419 1670 455 συιιῦιΰάσαι·
1688 419 1820 454 ἀμφότε-

1016 480 1056 506 ροι
1071 470 1125 506 γὰρ
1137 469 1245 497 ἐδόκουν
1254 467 1394 504 ὁρθόδοξον
1407 467 1498 493 πίστιν
1513 465 1667 501 κηρύττειν,
1680 465 1727 491 καὶ
1743 464 1820 491 ἕκα-

1016 524 1077 548 στος
1099 516 1239 542 διάστασιν
1260 513 1316 549 εἶχε
1337 513 1382 540 διά
1398 521 1458 540 τινα
1481 512 1634 548 πρόφασιν
1647 513 1662 538 ὁ
1686 512 1736 546 μὲν
1754 511 1820 547 γὰρ

1017 560 1139 592 Βιτάλιος
1155 560 1282 594 Παυλίνῳ
1295 558 1438 593 ἐπέφερεν,
1454 557 1492 589 ὡς
1511 556 1574 594 περὶ
1587 556 1733 583 Σαϐελλίω
1750 556 1819 582 ὀνύ-

1018 615 1102 643 ματος
1115 607 1201 642 ῥῆμα.
1218 605 1273 638 Διὸ,
1287 605 1440 640 γενομένων
1453 604 1540 639 ἡμῶν,
1558 603 1747 638 ἐπεσχέθημεν
1760 601 1818 636 τῆς

1017 653 1086 689 πρὸς
1101 652 1147 679 τὸν
1167 652 1299 679 Παυλῖνον
1309 651 1414 682 τελείας
1438 649 1591 680 κοινωνίας.
1604 648 1657 680 ἕως
1676 648 1722 675 ὅτε
1740 647 1816 683 μετὰ

1017 699 1152 729 ἐκθέσεως
1164 699 1237 733 ἡμᾶς
1260 697 1400 732 ἐγγράφου
1417 695 1526 722 ἔπεισεν
1537 704 1543 710 ·
1562 691 1595 730 ἧς
1609 693 1659 729 ἤδη
1675 694 1820 729 πρότερον

1017 743 1165 777 ἀπολογίας
1189 742 1269 776 χάριν
1302 740 1370 777 πρὸς
1391 739 1437 766 τὸν
1465 739 1620 775 μακαρίτην
1651 738 1817 765 Ἀθανάσιον

1018 788 1165 823 ἐποιήσατο
1188 788 1237 822 τὴν
1254 785 1465 820 συγκατάθεσιν,
1488 785 1662 820 Προσήνεγκε
1686 783 1741 819 γὰρ
1764 784 1817 810 καὶ

1017 833 1154 859 ἐπέδωκεν
1168 833 1235 868 ἡμῖν
1256 831 1358 866 ταύτης
1373 829 1403 857 τὸ
1422 829 1588 864 ἀντίγραφον
1612 828 1671 863 μεθ’
1687 827 1815 863 ὑπογρα-

1018 881 1071 916 φῆς
1089 879 1182 912 σαφῶς
1208 878 1272 914 περὶ
1299 876 1414 912 Τριάδος
1430 875 1489 911 ἕχον
1509 874 1589 910 ὁμοῦ,
1606 875 1653 901 καὶ
1675 875 1741 910 περὶ
1765 874 1817 901 νοῦ

1017 927 1066 962 τῆς
1080 926 1126 952 τοῦ
1151 924 1269 960 Χριστοῦ
1294 923 1540 958 ἐνανθρωπήσεως,
1562 921 1633 957 χειρὶ
1656 921 1741 947 αὐτοῦ
1763 921 1815 947 τοῦ

1019 971 1170 1007 μακαρίτου
1188 970 1295 1006 Πατρὸς
1310 969 1388 1005 ἡμῶν
1409 967 1578 1001 Ἀθανασίου,
1594 968 1626 1003 ἣν
1637 966 1744 994 ἔκθεσιν
1754 963 1818 990 καυ-

1018 1013 1150 1049 υπέταξα.
1181 1016 1236 1044 Καί
1252 1017 1326 1044 ἐστιν
1340 1016 1399 1051 ἥδε.

1043 1179 1235 1214 Ἀντιγραφον
1253 1177 1353 1213 χειρὸς
1365 1177 1518 1205 Παυλίνου
1536 1176 1588 1203 τοῦ
1604 1175 1788 1203 ἐπισκόπου.

1055 1258 1120 1285 KA’.
1147 1257 1217 1292 Ἐγὼ
1241 1257 1372 1289 Παυλῖνος
1391 1257 1405 1283 ὁ
1429 1256 1578 1287 ἐπίσκοπος
1598 1255 1684 1286 οὕτως
1708 1255 1813 1290 φρονῶ,

1019 1303 1110 1335 καθὼς
1139 1304 1291 1340 παρέλαϐον
1322 1303 1377 1330 ἀπὸ
1404 1303 1458 1329 τῶν
1473 1302 1621 1338 Πατέρων,
1651 1302 1735 1328 Ὄντα
1764 1301 1812 1327 καὶ

1019 1350 1162 1384 ὑφεστῶτα
1186 1349 1295 1384 Πατέρα
1315 1349 1434 1379 τέλειον,
1460 1347 1507 1375 καὶ
1528 1347 1668 1382 ὑφεστῶτα
1689 1347 1752 1373 Υἰδν
1766 1346 1812 1373 τέ-

1019 1397 1105 1428 λειον,
1120 1396 1167 1422 καὶ
1183 1395 1306 1431 ὑφεστὼς
1320 1394 1350 1421 τὺ
1366 1394 1479 1429 Πνεῦμα
1498 1393 1529 1419 τὺ
1545 1393 1621 1427 ἅγιον
1635 1392 1747 1419 τέλειον.
1766 1391 1812 1418 Arb

1019 1443 1068 1470 καὶ
1112 1442 1279 1477 ἀποδέχομαι
1309 1440 1359 1476 τὴν
1381 1439 1630 1476 προγεγραμμένην
1665 1437 1813 1474 ἑρμηνείαν

1021 1487 1102 1523 τριῶν
1117 1487 1293 1513 ὑποστάσεων
1303 1505 1311 1517 ,
1333 1484 1382 1512 καὶ
1396 1485 1445 1520 τῆς
1461 1485 1524 1519 μιᾶς
1540 1483 1715 1514 ὑποστάσεως
1726 1503 1733 1514 ,
1753 1482 1812 1517 ἦτοι

1020 1533 1126 1564 οὐσίας,
1150 1532 1196 1558 καὶ
1218 1532 1281 1563 τοὺς
1305 1530 1472 1566 φρονοῦντας
1499 1529 1596 1561 οὕτως.
1620 1528 1738 1560 Εὑσεϐἐς
1759 1527 1812 1563 γάρ

1022 1579 1080 1605 ἐστι
1104 1578 1211 1613 φρονεῖν
1230 1577 1277 1604 καὶ
1296 1576 1436 1612 ὁμολογεῖν
1450 1576 1499 1610 τὴν
1514 1575 1618 1610 Τριάδα
1633 1576 1662 1601 ἐν
1686 1575 1736 1609 μιᾷ
1748 1573 1812 1599 Θεό-

1020 1631 1092 1658 τητι.
1110 1624 1165 1650 Καὶ
1181 1623 1245 1658 περὶ
1257 1623 1306 1658 τῆς
1323 1621 1557 1658 ἐνανθρωπήσεως
1571 1621 1620 1657 τῆς
1632 1621 1666 1648 δι’
1679 1621 1753 1656 ἡμᾶς
1766 1628 1813 1655 γε-

1021 1669 1137 1705 νομένης
1153 1669 1200 1695 τοῦ
1219 1669 1305 1703 Λόγου
1323 1669 1369 1696 τοῦ
1392 1668 1497 1704 Πατρὺς
1514 1667 1584 1694 οὕτω
1598 1667 1706 1704 φρονῶ,
1723 1667 1812 1698 καθὼς

1023 1715 1240 1751 προγέγραπται,
1256 1715 1296 1741 ὅτι
1311 1714 1383 1742 κατὰ
1399 1714 1445 1741 τὸν
1464 1714 1592 1748 Ἰωάννην
1609 1714 1622 1739 ὁ
1634 1713 1730 1747 ,Λόγος
1746 1712 1810 1748 σὰρξ

1009 1761 1140 1798 ,ἐγένετο
1165 1762 1202 1788 Οὑ
1223 1761 1278 1797 γὰρ
1303 1761 1373 1788 κατὰ
1389 1761 1452 1793 τοὺς
1470 1759 1669 1790 ἀσεϐεστάτους
1684 1759 1748 1790 τοὺς
1766 1758 1808 1785 λέ-

1022 1816 1119 1842 γοντας
1132 1807 1283 1843 μεταϐολὴν
1297 1807 1378 1834 αὑτὸν
1390 1806 1563 1837 πεπονθέναι,
1577 1805 1634 1832 ἀλλ’
1646 1806 1687 1832 ὅτι
1697 1804 1730 1831 δι’

1022 1853 1165 1890 ἄνθρωπος
1181 1854 1309 1891 γέγονεν,
1327 1852 1359 1880 ἔκ
1381 1861 1412 1879 τε
1431 1852 1482 1887 τῆς
1499 1852 1581 1886 ἁγίας
1605 1850 1745 1887 Παρθένου
1767 1850 1811 1877 καὶ

1022 1897 1100 1932 ἁγίου
1117 1897 1275 1933 Πνεύματος
1296 1897 1446 1933 γεννηθείς.
1461 1896 1528 1924 Οὑτε
1550 1896 1605 1932 γὰρ
1622 1896 1735 1931 ἄψυχον,
1753 1895 1810 1922 οὔτε

1022 1944 1195 1979 ἀναίσθητον,
1211 1943 1272 1971 οὗτε
1288 1944 1402 1979 ἀνόητον
1415 1943 1493 1978 σῶμα
1506 1941 1579 1978 εἶχεν
1593 1944 1607 1969 ὁ
1623 1943 1729 1978 Σωτήρ.
1745 1942 1807 1978 [Καὶ

1023 1992 1052 2018 ἐν
1077 1991 1111 2026 τῇ
1137 1989 1209 2025 χειρὶ
1233 1989 1280 2016 τοῦ
1301 1990 1451 2016 ἐπισκόπου
1472 1988 1630 2015 ’Λθανασίου
1641 1987 1676 2023 ⁸.]
1700 1987 1738 2013 Οὑ
1760 1987 1810 2022 γὰρ

1023 2035 1077 2063 οἷόν
1091 2046 1120 2063 τε
1136 2033 1170 2072 ἧν
1182 2035 1229 2063 τοῦ
1244 2035 1347 2071 Κυρίου
1364 2034 1507 2071 ἀνθρώπου
1524 2033 1556 2060 δι’
1571 2033 1644 2069 ἡμᾶς
1660 2031 1809 2067 γενομένου,

1024 2083 1135 2118 ἀνόητον
1159 2082 1241 2109 αὑτοῦ
1267 2079 1337 2108 εἶναι
1360 2081 1390 2108 τὸ
1412 2080 1501 2116 σῶμα.
1518 2079 1598 2107 Ὅθεν
1622 2078 1807 2113 ἁναθεματίξω

1024 2130 1087 2162 τοὺς
1112 2128 1275 2160 ἁθετοῦντας
1289 2128 1339 2163 τὴν
1359 2128 1388 2154 ἐν
1406 2126 1508 2162 Νικαίᾳ.
1534 2125 1745 2162 ὁμολογηθεῖσαν
1767 2124 1809 2151 πί-

1025 2184 1094 2209 στιν,
1112 2175 1159 2202 καὶ
1175 2174 1212 2210 μὴ
1228 2173 1425 2210 ὁμολογοῦντας
1448 2174 1480 2199 ἐκ
1494 2172 1544 2208 τῆς
1559 2171 1669 2204 οὐσίας,
1684 2171 1701 2206 ἢ
1718 2169 1809 2206 ὁμοού-

1026 2230 1082 2248 σιον
1097 2219 1167 2248 εἶναι
1186 2220 1231 2247 τὸν
1249 2220 1312 2246 Υίδν
1327 2219 1366 2255 τῷ
1383 2218 1479 2253 Πατρί.
1500 2216 1705 2252 Ἀναθεματίζω
1727 2216 1754 2242 δὲ
1767 2215 1809 2242 καὶ

1025 2268 1087 2300 τοὺς
1106 2267 1234 2301 λέγοντας
1250 2266 1280 2292 τὸ
1302 2265 1414 2300 Πνεῦμα
1433 2265 1464 2291 τὸ
1484 2266 1561 2298 ἅγιον
1578 2263 1680 2298 κτίσμα
1707 2261 1751 2289 διὰ
1766 2261 1808 2287 τοῦ

1024 2312 1090 2340 Υἱοῦ
1107 2312 1228 2347 γεγονός.
1243 2312 1303 2338 Ἔτι
1328 2311 1357 2337 δέ
1372 2308 1564 2345 ἀναθεματίζω
1586 2308 1636 2344 τὴν
1661 2306 1808 2337 Σαὸελλίου,

1024 2359 1071 2385 καὶ
1087 2357 1238 2388 Φωτεινοῦ,
1257 2357 1303 2384 καὶ
1321 2357 1412 2383 πᾶσαν
1432 2356 1554 2391 αἵρεσιν,
1581 2352 1695 2388 ποιχῶν
1715 2353 1748 2387 τῇ
1768 2351 1807 2377 πί-

1024 2413 1081 2431 στει
1099 2405 1132 2440 τῇ
1155 2404 1225 2431 κατὰ
1244 2404 1362 2430 Νίκαιαν
1379 2403 1427 2429 καὶ
1443 2402 1511 2429 πᾶσι
1526 2401 1582 2440 τοῖς
1604 2397 1809 2435 προγεγραμμέ-

1024 2459 1090 2483 νοις.

183 2491 284 2518 damno
298 2492 378 2526 eique
389 2491 449 2520 ﬁdei
467 2492 620 2526 subscribo,
634 2501 695 2529 quae
710 2493 736 2521 in
748 2492 857 2521 Nicaena
869 2494 974 2529 synodo
990 2494 1100 2523 decreta
1122 2501 1183 2524 est:
1199 2504 1232 2524 ac
1260 2496 1378 2532 denique
1405 2502 1436 2523 ea
1455 2493 1605 2529 amplector
1635 2491 1736 2525 omnia,
1757 2497 1809 2525 qua:

178 2543 265 2573 supra
278 2537 380 2573 scripta
398 2543 472 2565 sunt.
627 2552 630 2565 l

395 2584 529 2612 Hactenus
544 2585 605 2620 ﬁdei
620 2585 760 2621 professio.

218 2630 301 2660 XXII.
319 2630 474 2659 Secundum
506 2632 564 2659 hrec
589 2631 705 2660 Vitalem
739 2632 853 2668 ejusque
885 2633 975 2661 socios

186 2678 292 2714 1016
305 2679 346 2706 sic
360 2678 470 2706 allocuti
486 2687 582 2706 sumus
604 2688 610 2706 :
626 2679 697 2712 Quid
712 2684 803 2707 autem
823 2683 850 2707 et
869 2687 918 2707 vos
931 2679 974 2706 di-

184 2723 266 2750 citis?
290 2723 319 2750 Si
335 2723 400 2759 quid
415 2724 533 2751 invicem
555 2723 662 2751 tlissidii
685 2723 803 2754 habetis.
826 2724 974 2751 conciliata

186 2774 251 2801 pace
268 2768 376 2802 penitus
397 2769 494 2796 tollite.
511 2769 545 2796 At
568 2769 611 2797 ille
628 2777 634 2795 ε
655 2768 767 2802 Dicant,
790 2769 888 2803 inquit.
905 2768 975 2796 Tum

188 2813 382 2848 objicientibus
398 2815 459 2843 aliis
475 2823 573 2850 negare
591 2816 666 2850 ipsos
679 2815 818 2842 Christum
835 2815 972 2842 hominem

223 2872 232 2888 ¹
253 2870 331 2900 Juau.
353 2879 373 2904 ι,
390 2873 432 2900 Ν.
469 2873 478 2889 ³
503 2872 589 2901 Uncis
603 2873 710 2901 inclusa
728 2874 814 2901 aliena
834 2873 970 2901 videnlur.

1334 2585 1517 2620 Ἐπληρὼοη.

1059 2633 1124 2660 KB’.
1144 2633 1289 2668 Ἑλέγομεν
1302 2632 1329 2659 δὲ
1342 2632 1389 2659 καὶ
1402 2631 1441 2666 τῷ
1456 2629 1564 2665 ἀδελφῷ
1578 2627 1695 2662 Βιταλίῳ
1706 2627 1751 2654 καὶ
1760 2628 1807 2658 τοῖς

1025 2679 1073 2705 σὺν
1098 2679 1189 2714 αὑτῷ-
1206 2679 1238 2705 TE
1255 2679 1302 2706 καὶ
1317 2680 1399 2714 ὑμεῖς’
1410 2677 1521 2712 λέγετε;
1538 2675 1572 2702 Εἴ
1585 2675 1611 2701 τί
1629 2675 1702 2700 ἐστιν
1719 2673 1808 2708 ἀναμέ-

1025 2732 1071 2750 σον
1099 2724 1196 2758 ὑμῶν,
1227 2723 1419 2759 διορθώσασθε.
1441 2723 1470 2748 '0
1496 2721 1525 2748 δὲ
1553 2720 1622 2755 ἔφη·
1649 2718 1806 2752 Λεγέτωσαν.

1022 2769 1153 2805 Ἐφησαν
1171 2769 1210 2800 δὲ,
1233 2770 1273 2796 ὅτι
1287 2770 1317 2795 οὑ
1338 2769 1448 2802 λέγουσι
1464 2769 1509 2795 τὸν
1523 2765 1640 2801 Χριστὸν
1654 2764 1753 2790 τέλειον
1769 2770 1807 2796 γε-

1030 2816 1137 2850 γονέναι
1154 2816 1306 2852 ἄνθρωπον.
1324 2815 1353 2842 ’0
1377 2814 1406 2842 δὲ
1420 2814 1500 2846 εὐθὺς
1521 2811 1669 2847 ἀπλρίθη,
1689 2810 1729 2837 ὅτι
1744 2817 1748 2820 ’
1761 2808 1805 2835 Ναὶ
