1945 3043
127 159 180 187 673

388 154 394 161 ί
430 157 612 186 ADVEl-ISITS
637 157 804 186 IIA’I'ZIIIZSES
822 159 885 186 LIB.
908 159 951 186 111.
972 158 1054 187 T031.
1076 159 1113 186 ll.
1132 175 1165 180 ——
1185 159 1320 187 II/ERES.
1343 157 1472 186 LXXVII.

1703 157 1757 186 οτι

126 214 313 251 ὁμολογοῦμεν
329 215 375 242 τὸν
397 216 513 252 Χριστὸν
528 217 630 244 τέλειον
647 217 790 251 ἄνθρωπον
807 217 915 252 εἰληφέ-

969 225 1031 245 esse
1050 217 1212 252 perfectum,
1224 221 1319 244 contra
1336 216 1432 244 Vitalis
1445 214 1586 250 respondit
1599 223 1605 242 ί
1623 214 1678 241 Iino
1691 222 1756 241 vrro

131 268 182 286 ναι.
206 257 259 286 1'IIv
288 260 316 286 δὲ
339 260 418 286 τοῦτο
443 260 600 296 θαυμαστὸν
629 262 686 293 τοῖς
712 261 844 289 ἀκούσασι
872 263 917 288 καὶ

127 306 215 341 χαρᾶς
230 305 356 344 ξμπλεον.
371 306 478 338 Είδότες
494 307 573 342 ἡμεῖς
587 308 634 343 τὴν
651 308 771 335 διάνοναν
781 309 836 335 τῶν
850 317 917 344 προ-

127 342 239 385 φάσεων
251 351 296 377 τὸν
313 350 375 377 νοῦν
394 350 449 378 τῶν
470 351 542 378 ἰδίων
556 342 677 386 ἀδελφῶν
693 342 916 389 σφετεριζόντων,

126 396 158 422 τὸ
198 395 312 431 ἀκριϐὲς
349 397 529 432 ἐνεμείναμεν
559 397 729 433 ἐρωτῶντες,
759 399 799 426 ὅτι
836 400 918 427 Φύσει

128 443 218 478 σάρκα
230 442 370 478 ὁμολογεῖς
380 442 425 469 τὸν
436 443 555 479 Χριστὸν
565 443 705 479 εἰληφέναι
716 453 723 477 ;
734 445 762 471 '0
775 445 803 472 δὲ
814 446 919 472 συνετι-

127 487 200 520 θετο,
217 488 257 515 ὅτι
273 487 337 516 Ναί.
347 488 412 515 Ἀπὸ
423 489 534 524 Μαρίας
545 490 594 525 τῆς
607 490 688 524 ἁγίας
703 490 840 527 Παρθένου
853 491 917 518 ἄνευ

127 536 285 571 σπέρματος
305 535 419 572 ἀνδρὸς,
437 537 487 563 καὶ
514 536 559 563 διὰ
578 537 736 572 Πνεύματος
760 538 848 572 ἀγίον;
885 537 917 565 '0

125 580 154 607 δὲ
170 581 218 607 καὶ
241 580 320 607 τοῦτο
336 580 481 616 ὡμολόγει.
505 581 586 607 Φύσει
602 582 635 608 ἐκ
649 581 698 616 τῆς
713 581 853 617 Παρθένου
875 582 915 609 ὲλ-

125 625 180 652 θὼν
199 626 249 661 τὴν
267 626 357 662 σάρκα
378 625 524 662 ἀνείληφεν
539 626 554 652 ὁ
568 626 635 658 Θεὸς
654 627 741 662 Λόγος
757 628 772 653 6
788 627 852 660 Υίὸς
870 628 916 654 τοῦ

124 671 210 704 Θεοῦ;
225 671 254 697 '0
267 670 295 697 δὲ
306 670 375 706 μετὰ
386 670 485 707 βάρους
494 672 657 699 συνετίθετο.
673 673 742 709 Ἤδη
756 673 784 700 δὲ
799 674 828 700 ὲν
845 674 917 709 χαρᾷ

125 716 329 752 καθιστάμεθαδ
356 717 451 752 ἐπειδὴ
478 717 556 753 παρά
578 726 658 745 τινων
684 718 753 754 πρὸς
776 720 857 754 ἡμᾶς
878 720 917 751 είς

125 764 238 796 Κύπρον
251 763 382 790 ἐλθόντων
398 762 555 799 ἠκούσαμεν
565 763 621 790 τῶν
634 765 840 800 προειρημένων
855 765 916 792 παί-

124 808 188 842 δων,
205 808 245 834 ὃτι
263 808 316 835 οὐδ’
332 809 401 840 ὅλως
419 809 436 844 ἡ
457 807 525 844 σὰρξ
540 809 595 835 ἀπὸ
613 809 723 845 Μαρίας
740 810 915 846 ὡμολογεῖτο.

125 855 192 882 Ὅτε
207 854 235 880 δὲ
255 853 336 886 αὐτὸς
359 855 373 880 6
392 853 587 886 εὐλαϐέστατος
604 854 673 890 ἀνὴρ
692 856 724 881 ὲκ
738 855 847 891 Μαρίας
865 856 915 892 τὴν

969 263 1110 290 Christum
1139 263 1257 290 fatemur
1280 262 1431 298 perfectum
1457 261 1594 289 hominem
1624 260 1756 288 induisse.

969 308 1046 340 Ouod
1065 309 1125 343 ejus
1141 317 1302 344 responsum
1314 316 1369 336 non
1382 308 1514 335 minorem
1527 306 1700 334 audientibus
1713 314 1759 332 vo—

970 354 1100 389 luptatem
1116 362 1198 390 quam
1214 354 1423 382 admirationem
1448 353 1549 380 attulit.
1567 353 1600 379 At
1625 359 1690 383 nos,
1711 351 1758 385 qui

969 399 1130 426 callidorum
1145 399 1296 431 hominum,
1312 406 1326 425 a
1339 399 1439 433 quibus
1456 397 1554 425 fratres
1572 397 1658 424 nostri
1676 397 1703 423 in
1712 405 1758 423 er-

970 453 1060 472 rorem
1078 445 1295 477 abducehantur,
1321 445 1433 472 intimos
1453 452 1552 471 sensus
1571 451 1603 470 ac
1624 443 1757 478 tergiver-

969 492 1091 519 sationrs
1102 492 1225 527 cognitas
1235 491 1415 522 habebamus,
1430 491 1520 518 acrius
1529 490 1556 517 in
1566 489 1759 524 interrogando

970 538 1150 572 perstitimus.
1168 537 1210 569 Et,
1220 537 1409 568 Christlunne,
1427 536 1558 566 diximus.
1578 535 1688 570 proprie
1700 542 1759 561 car-

969 591 1031 610 nem
1048 583 1232 618 assumpsisse
1241 582 1546 618 profiteris?Profiteor,
1564 582 1661 617 inquit.
1678 580 1758 607 Earu-

971 628 1069 656 demne
1091 630 1124 657 de
1149 629 1233 656 Maria
1253 629 1364 664 Virgine
1393 629 1452 656 sine
1477 629 1546 656 virili
1571 632 1631 655 satu
1657 635 1689 654 ac
1710 634 1758 662 per

976 675 1107 710 Spiritum
1122 680 1248 703 sanctum
1264 676 1422 711 accrpisse?
1440 675 1479 703 Ne
1498 675 1569 704 istud
1584 675 1692 711 quidem
1718 674 1758 700 in-

970 721 1077 749 ficiatus
1106 725 1159 750 est.
1187 721 1347 749 Utrumnam
1382 723 1491 757 proprie
1532 721 1614 748 Deum
1639 720 1758 748 Verbum

970 767 1072 802 Deique
1089 767 1186 794 Filium
1202 768 1343 795 existimas
1358 775 1373 795 e
1389 768 1459 794 (σξιο
1471 767 1682 794 descendentem
1698 773 1757 792 caro

969 820 1029 840 nem
1044 814 1196 847 sumpsisse
1213 812 1246 840 de
1266 812 1393 848 Virgine?
1408 812 1504 848 Magna
1523 813 1568 840 ille
1586 820 1648 840 cum
1669 811 1756 846 gravi-

968 862 1024 886 tate
1038 866 1169 886 assensus
1188 862 1241 886 est.
1266 858 1301 885 Ea
1318 867 1362 886 res
1387 859 1468 886 nobis
1491 866 1605 886 summa:
1625 857 1757 893 voluptati

125 901 217 937 σάρκα
237 899 412 934 ἀνειληφέναι
435 900 481 927 τὸν
506 900 608 935 Κύριον
624 901 703 936 ὴμῶν
724 901 826 937 Ἰησοῦν
846 901 913 937 Χρι-

970 903 1030 930 fuit.
1046 903 1152 938 Quippe
1168 911 1183 929 a
1198 903 1340 938 discipulis
1359 904 1423 936 illis,
1439 912 1509 938 quos
1536 903 1563 930 in
1585 903 1706 939 Cyprum
1725 903 1758 930 ad

126 947 189 974 στὺν
203 947 362 982 ὡμολόγησε
373 968 380 980 ,
396 946 477 973 πάλιν
492 948 557 983 παρ’
574 947 654 983 ήμῶν
669 949 794 984 ὴρωτᾶτο
805 969 812 981 ,
828 949 852 975 εί
869 949 919 979 xui,

124 993 214 1029 ψυχὴν
231 993 351 1028 εἴληφεν.
370 994 400 1020 '0
414 993 442 1019 δὲ
459 993 506 1020 κα)¹
518 994 559 1025 εἰς
575 993 654 1020 τοῦτο
669 994 768 1030 ὁμοίως
783 995 852 1031 μετά
869 995 917 1030 βά-

127 1049 191 1075 ρους
207 1039 368 1071 συνετίθετο,
387 1039 424 1071 ὡς
437 1040 468 1066 οὺ
482 1040 534 1076 χρὴ
548 1040 635 1075 λέγειν
651 1041 749 1073 ἄλλως,
765 1041 833 1068 ἀλλὰ
846 1042 917 1068 κατά

125 1086 215 1113 πάντα
227 1085 379 1121 ἀληθεύειν.
392 1084 452 1121 Χρὴ
465 1085 519 1121 γάρ
534 1085 580 1113 τὸν
593 1086 657 1122 περὶ
671 1086 799 1122 ἀληθείας
813 1087 917 1123 ἀνθρώ-

125 1141 186 1164 ποις
199 1132 348 1168 γράφοντα,
360 1131 405 1158 τὸν
420 1131 508 1159 πάντα
518 1132 579 1158 νοῦν
591 1132 694 1165 δοῦναι,
707 1133 760 1168 πρὸ
770 1132 916 1168 ὀφθαλμῶν

127 1178 177 1214 μὲν
194 1178 241 1205 τὸν
266 1178 348 1213 φόϐον
366 1178 414 1206 τοῦ
431 1178 498 1206 Θεοῦ
519 1178 601 1213 ἔχειν,
626 1178 674 1205 καὶ
692 1179 775 1214 μηδὲν
789 1187 917 1215 παραπε-

126 1224 273 1260 ποιημένον
299 1225 341 1257 είς
367 1224 416 1260 τὴν
445 1224 496 1260 τῆς
524 1225 637 1261 Γραφῆς
661 1224 828 1259 ἐπαγγελίαν
855 1232 917 1251 συν-

124 1279 242 1299 ταττειν.

968 956 1019 976 nos
1030 948 1138 976 venisse
1152 953 1230 976 antea
1248 949 1429 982 narravimus,
1440 949 1575 984 ejusmodi
1587 958 1648 978 esse
1661 950 1758 986 dogma

968 994 1076 1022 illorum
1091 993 1276 1026 audieramus.
1298 995 1401 1023 Christi
1423 1003 1534 1024 carnem
1553 1004 1569 1024 e
1583 996 1668 1023 Maria
1684 995 1758 1023 nullo

968 1040 1050 1068 modo
1064 1048 1124 1068 esse
1145 1045 1310 1075 susceptam.
1334 1041 1426 1075 Quare
1446 1051 1509 1070 cum
1534 1043 1758 1078 religiosissimus

969 1087 1021 1114 iste
1036 1085 1133 1114 Vitalis
1150 1086 1293 1114 Dominum
1307 1093 1430 1115 nostrum
1445 1088 1685 1117 JesumChristum
1698 1097 1757 1116 car-

970 1140 1031 1159 nem
1051 1140 1066 1159 e
1087 1131 1171 1159 Maria
1194 1133 1311 1160 traxisse
1330 1133 1502 1168 praedicaret,
1521 1135 1620 1162 iterum
1640 1142 1656 1161 a
1678 1134 1757 1162 nobis

969 1178 1154 1212 interrogatus
1171 1181 1223 1208 est.
1238 1185 1302 1205 num
1321 1183 1348 1206 et
1365 1180 1483 1207 animam
1499 1180 1620 1208 indidem
1635 1180 1756 1215 accepis-

970 1228 1022 1252 set.
1044 1224 1090 1251 llle
1103 1224 1159 1259 pari
1183 1225 1314 1259 gravitate
1336 1233 1368 1252 ac
1384 1227 1540 1254 constantia
1555 1227 1693 1262 accepisse
1705 1226 1759 1255 fas-

971 1278 1018 1298 sus
1038 1272 1097 1304 est;
1113 1278 1200 1305 neque
1214 1271 1292 1297 aliter
1310 1271 1500 1305 assereudum,
1517 1272 1564 1300 sed
1585 1273 1613 1300 in
1628 1273 1758 1301 omnibus

124 1317 196 1352 quod
228 1324 321 1344 verum
344 1321 387 1345 est
405 1317 639 1352 pronuntiandum
661 1325 723 1346 esse
745 1317 824 1345 dixit.
856 1317 1002 1345 Enimvero
1035 1324 1148 1345 necesse
1168 1323 1210 1345 est
1231 1325 1309 1349 eum,
1332 1318 1380 1352 qui
1409 1319 1443 1346 de
1464 1319 1578 1347 veritate
1599 1319 1758 1347 hominibus

125 1364 237 1395 scribat,
253 1367 313 1391 toto
328 1363 412 1391 animi
428 1369 528 1392 conatu
548 1364 577 1391 in
598 1363 626 1391 id
645 1372 729 1392 unum
746 1364 915 1397 incumbere,
935 1368 965 1391 ut
988 1364 1033 1391 Dei
1050 1364 1101 1392 sibi
1116 1364 1240 1392 timorem
1266 1365 1302 1392 ob
1316 1366 1409 1394 oculos
1423 1371 1568 1402 proponat,
1593 1375 1682 1404 neque
1705 1369 1756 1396 Iat-

126 1417 185 1438 sum
199 1410 349 1445 quidquam
373 1417 404 1437 ac
422 1414 526 1438 temere
543 1410 689 1439 confictum
707 1410 740 1438 ad
755 1415 911 1446 susceptam
932 1410 1108 1445 scriptionem
1126 1409 1287 1438 admisceat.

159 1457 222 1485 ΚΓ.
248 1457 389 1494 Ὧμολόγει
406 1456 453 1486 οὖν
466 1460 481 1486 6
500 1459 623 1490 Βιτάλιος
638 1459 685 1485 καὶ
700 1458 788 1494 ψυχὴν
802 1459 852 1495 τὴν
869 1459 916 1484 ἀν-

124 1504 264 1540 θρωπίνην
290 1504 442 1540 είληφέναι.
471 1501 558 1537 Οὗτος
579 1504 634 1540 γὰρ
658 1503 692 1541 ἦν
711 1506 725 1531 ό
748 1504 844 1536 εἰπὼν,
875 1505 915 1530 ὅτι

124 1551 181 1577 Ναὶ
203 1550 304 1582 τέλειος
319 1551 461 1587 ἄνθρωπος
478 1549 513 1587 ἦν
529 1552 543 1578 6
563 1551 689 1586 Χριστός.
717 1548 784 1577 Εἶτα
799 1550 867 1585 μετὰ
886 1549 916 1576 τὸ

125 1596 264 1632 ἐρωτῆσαι
281 1597 354 1632 ἡμᾶς
376 1597 441 1632 ι’[ιτερ1⁵
464 1597 552 1632 ψυχῆς
576 1597 623 1623 καὶ
643 1595 754 1632 σαρκὸς,
768 1595 827 1622 τότε
844 1595 917 1630 ἡρω-

124 1644 263 1679 τήσαμεν·
291 1642 363 1670 Νοῦν
383 1642 478 1670 ἐλαϐεν
501 1642 586 1669 ἐλθὼν
610 1643 625 1669 ό
654 1641 789 1678 Χριστός;
828 1641 856 1668 '0
887 1641 915 1667 δὲ

125 1688 205 1720 εὐθὺς
232 1689 386 1724 ἠρνήσατο,
417 1688 520 1723 λέγων·
551 1687 627 1723 Οὐχί.
660 1685 727 1714 Εἶτα
749 1687 829 1722 ἡμεῖς
847 1686 915 1721 πρὸς

125 1734 206 1761 αὐτόν
217 1743 223 1749 -
243 1733 305 1765 Πῶς
317 1731 363 1760 οὖν
377 1733 466 1768 λέγεις
480 1733 581 1760 τέλειον
597 1732 736 1768 γεγονέναι
751 1731 894 1767 ἄνθρωπον
907 1738 914 1763 ;

130 1778 160 1806 '0
179 1778 208 1805 δὲ
229 1778 276 1805 τὸν
297 1778 426 1813 λογισμὸν
446 1777 493 1805 τὸν
515 1777 580 1804 ῐδιον
602 1777 778 1804 ἀπεκάλυπτε
795 1776 844 1811 τῆς
858 1775 916 1802 δια-

125 1825 218 1858 νοίας,
244 1825 285 1851 ὅτι
302 1825 409 1851 Τέλειον
431 1824 573 1860 ἄνθρωπον
592 1822 708 1859 λέγομεν
722 1821 809 1854 εἶναι,
827 1822 852 1849 εἰ
866 1822 916 1857 τὴν

125 1871 242 1907 θεότητα
254 1872 403 1907 ποιήσομεν
417 1870 477 1897 ἀντὶ
491 1869 539 1897 τοῦ
556 1869 613 1902 νοῦ,
627 1870 675 1896 mi.
688 1868 737 1904 τὴν
754 1869 854 1904 σάρκα,
868 1867 916 1895 καὶ

124 1917 174 1952 τὴν
190 1917 294 1953 ψυχήν·
312 1917 350 1946 ὡς
366 1914 436 1943 εἶναι
455 1916 556 1943 τέλειον
573 1915 715 1950 ἄνθρωπον
740 1914 773 1941 ὲκ
798 1914 914 1950 σαρκὸς,

125 1961 171 1989 καὶ
185 1961 285 1997 ψυχῆς,
302 1962 348 1989 καὶ
365 1961 501 1997 θεότητος,
511 1961 572 1988 ἀντὶ¹
584 1960 631 1988 τοῦ
646 1960 702 1988 νοῦ.
712 1960 767 1995 Τῆς
782 1958 828 1987 οὖν
845 1959 916 1994 φιλο-

125 2008 228 2040 νεικίας
248 2008 432 2043 γνωσθείσης,
461 2008 508 2034 καὶ
524 2006 608 2034 πολλὰ
627 2006 707 2042 ἡμῶν
730 2006 794 2041 περὶ
819 2005 914 2032 τούτου

123 2053 329 2089 διαλεχθέντων,
341 2054 389 2080 καὶ
400 2053 456 2080 ἀπό
471 2053 582 2090 Γραφῆς
592 2052 794 2087 συστησάντων,
807 2051 848 2078 ὅτι
861 2051 914 2087 χρὴ

123 2099 265 2134 ὁμολογεῖν
281 2099 315 2126 τὰ
332 2099 419 2126 πάντα
439 2099 550 2130 τελείως
569 2097 699 2133 εἰληφότα
716 2097 761 2124 τὸν
783 2097 848 2124 Θεὸν
863 2098 915 2124 Λύ-

122 2154 181 2180 γον,
194 2145 305 2177 τελείως
327 2154 356 2172 τε
379 2145 585 2180 ᾠκονομηκέναι
610 2145 638 2171 ἐν
654 2145 687 2180 τῇ
704 2144 829 2179 ὲνσάρκῳ
843 2153 914 2180 παρ·
931 2165 952 2192 D

122 2191 216 2227 ουσία,
234 2191 280 2218 καὶ
300 2193 328 2218 ὲν
343 2191 491 2226 τελειότητι
516 2190 629 2226 ταύτην,
655 2191 703 2217 καὶ
730 2190 799 2224 μετὰ
814 2190 863 2226 τὴν
883 2191 914 2216 ὲκ

120 2237 228 2273 νεκρῶν
250 2237 398 2264 ἀνάστασιν
421 2236 616 2272 συνηνωκέναι,
637 2237 684 2262 καὶ
707 2235 820 2268 ἐνδόξως
835 2244 914 2262 πνευ‹

123 2283 244 2319 ματικὴν
260 2283 345 2319 αὐτὴν
359 2283 434 2318 ὃλην,
446 2283 493 2309 κα).
506 2283 556 2309 οὐκ
572 2282 655 2317 ἄλλην
667 2283 715 2308 σὺν
731 2283 765 2317 τῇ
785 2281 836 2316 ίδίᾳ
855 2281 914 2308 θεό-

121 2338 183 2364 τητι
194 2349 202 2361 ,
220 2330 248 2355 ἐν
265 2329 353 2364 ἑαυτῴ
369 2328 511 2364 ἡνωμένην
527 2328 599 2363 ἔχειν
615 2327 663 2364 τὴν
685 2328 749 2363 ὅλην
765 2327 913 2360 τελείωσιν,

121 2376 186 2412 μίαν
202 2376 322 2410 Θεότητα
339 2375 572 2406 ἀποτετελεκέναι,
589 2374 637 2401 καὶ
651 2373 812 2405 καθέζεσθαι
829 2374 858 2399 ὲν
872 2373 914 2399 οὺ-

120 2422 197 2458 ρανῷ
209 2443 216 2454 ,
242 2423 271 2448 ὲν
287 2421 362 2457 δεξιᾷ
378 2421 426 2448 τοῦ
451 2421 558 2457 Πατρὸς
569 2440 577 2453 ,
595 2420 642 2447 ἐπὶ
659 2419 754 2455 θρόνου
771 2418 850 2454 δόξης
863 2418 913 2453 τῆς

118 2468 204 2495 αὑτοῦ
227 2467 313 2494 ἀϊδίου
337 2467 496 2502 κυριότητός
517 2475 548 2493 τε
574 2466 621 2493 καὶ
644 2465 798 2501 βασιλείας’
821 2464 914 2491 λοιπὸν

117 2513 220 2548 ἀνέστη
225 2521 275 2548 μεν
288 2513 325 2549 μὴ
339 2513 500 2545 πεπεικότες
513 2512 656 2548 ἀμφότερα
671 2511 706 2538 τὰ
720 2511 791 2547 μέρη
807 2511 851 2537 διὰ
864 2511 914 2546 τὴν

118 2559 308 2596 προκειμένην
322 2559 499 2594 φιλονεικίαν.
516 2559 649 2594 Νενόηται
670 2558 699 2585 δὲ
711 2559 787 2594 ἡμῖν,
805 2558 846 2584 ὅτι
860 2557 914 2584 ἀπὸ

116 2607 218 2634 τούτου
239 2606 287 2641 οὐχ
307 2606 401 2633 ἕνεκεν
423 2605 470 2632 τοῦ
494 2604 541 2632 νοῦ
562 2605 653 2637 αὐτοῖς
678 2605 693 2631 6
723 2604 820 2639 λόγος,
845 2603 914 2631 ἀλλὰ

117 2653 174 2680 ἀπὸ
191 2652 238 2679 τοῦ
252 2652 299 2678 νοῦ
317 2651 411 2687 ἔτερόν
431 2652 489 2678 ἐστι
504 2651 535 2677 τὸ
548 2651 685 2686 φρόνημα.
704 2650 772 2677 Ποτὲ
787 2649 842 2685 γὰρ
863 2649 913 2684 οὐχ

116 2697 278 2733 ὡμολόγουν
286 2696 347 2724 οὔτε
355 2697 445 2732 ψυχὴν
454 2696 534 2723 αὐτόν
546 2696 695 2730 εἰληφέναι.
704 2695 735 2721 'H
740 2695 798 2730 μῶν
811 2695 838 2721 δὲ
847 2693 913 2721 ἀνθ-

117 2744 325 2779 υποφερόντων,
349 2743 397 2770 καὶ
414 2743 563 2777 λεγόντων⁴
587 2742 620 2768 Τί
646 2741 700 2777 γὰρ
717 2742 791 2768 ἐστιν
804 2742 818 2767 6
832 2740 912 2773 νοῦς;

123 2789 293 2815 ’Υπόστασιν
302 2787 403 2814 τούτων
413 2789 421 2803 ¹
437 2787 560 2822 νομίζετε
574 2784 644 2813 εῖναι
656 2787 685 2813 ὲν
700 2786 738 2821 τῷ
755 2785 891 2821 ἀνθρώπῳ
903 2794 911 2818 ;

117 2834 228 2862 O-‘lzoiv
243 2833 388 2866 πολλοστός
411 2835 485 2860 ἐστιν
499 2834 513 2859 6
529 2832 680 2868 ἄνθρωπος.
697 2830 763 2859 Εἶτα
780 2833 855 2867 παρά
870 2841 912 2859 τι-

158 2894 166 2909 *
183 2891 340 2928 Legendum
357 2897 398 2920 est
409 2889 514 2919 τοῦτον.

1006 1455 1098 1483 XXIII.
1117 1455 1200 1492 Igitur
1213 1456 1311 1486 Vitalis
1328 1457 1475 1486 humanam
1493 1465 1507 1485 a
1519 1457 1628 1486 Christo
1638 1459 1758 1485 animam

930 1495 952 1525 C
968 1507 1124 1538 susceptam
1146 1510 1208 1531 esse
1234 1503 1379 1532 confessus
1398 1509 1450 1533 est.
1472 1504 1517 1532 Sic
1541 1504 1613 1532 enim
1639 1505 1728 1532 aiebat
1749 1514 1756 1532 :

968 1546 1089 1576 Omnino'
1107 1548 1242 1584 perfectus
1265 1549 1347 1577 homo
1380 1550 1507 1578 Christus
1526 1551 1641 1578 exstitit.
1657 1549 1757 1578 Deinde

967 1598 1110 1629 postquam
1127 1594 1161 1622 de
1179 1595 1269 1622 anima
1283 1599 1310 1622 et
1329 1602 1412 1623 carne
1425 1596 1558 1624 sriscitati
1571 1603 1678 1629 sumus,
1698 1600 1756 1623 tum

967 1640 1075 1666 demum
1095 1639 1168 1666 istud
1181 1640 1216 1668 ab
1232 1648 1264 1676 eo
1283 1641 1461 1675 qutesivimus
1479 1650 1485 1667 :
1509 1641 1661 1669 Mentemne
1680 1641 1755 1668 Chri-

967 1689 1027 1712 stus
1042 1684 1175 1713 Dominus
1191 1687 1313 1721 accepit?
1328 1686 1393 1714 Sine
1411 1688 1464 1714 ulla
1480 1687 1658 1714 cunctatione
1675 1695 1755 1722 nega-

966 1730 1015 1757 vit.
1039 1729 1107 1757 Tum
1130 1738 1180 1758 nos
1206 1738 1240 1758 ex
1263 1731 1379 1759 adverso
1411 1741 1418 1759 :
1452 1732 1570 1765 Quinam
1593 1732 1675 1767 igitur
1695 1741 1753 1768 per-

967 1774 1068 1802 fectum
1090 1775 1166 1802 illmn
1191 1776 1328 1804 hominem
1347 1776 1433 1805 fuisse
1448 1778 1563 1806 censes?
1582 1778 1623 1805 Ad
1639 1778 1698 1806 haac
1713 1779 1756 1806 ille

967 1821 1079 1848 intimos
1096 1822 1180 1849 animi
1197 1823 1238 1850 sui
1257 1830 1355 1850 sensus
1377 1823 1457 1851 nobis
1473 1824 1583 1860 aperuit
1601 1833 1607 1851 :
1633 1823 1665 1852 Et
1684 1830 1756 1854 eate-

967 1874 1029 1898 nus,
1056 1866 1153 1902 inquit,
1176 1867 1328 1903 perfectum
1353 1869 1492 1897 hominem
1517 1870 1602 1898 fuisse
1625 1870 1756 1904 dicimus,

966 1912 990 1939 si
1006 1911 1175 1939 divinitatem
1191 1914 1227 1940 illi
1248 1914 1308 1942 loco
1330 1916 1430 1943 mentis
1455 1916 1637 1948 ascribamus,
1652 1921 1679 1944 et
1698 1925 1756 1944 caro

966 1966 1037 1988 nem.
1053 1962 1133 1994 atque
1148 1960 1266 1987 animam
1287 1960 1486 1996 adjungamus,
1508 1962 1549 1990 sic
1571 1966 1600 1988 ut
1620 1963 1757 1997 perfectus

965 2003 1048 2031 homo
1060 2012 1093 2031 ex
1114 2012 1206 2037 carne,
1229 2006 1330 2038 anima,
1352 2006 1506 2039 divinitate,
1528 2016 1589 2042 qum
1606 2008 1641 2036 sit
1660 2010 1758 2036 mentis

965 2050 1064 2081 instar,
1077 2051 1202 2079 exsistat.
1218 2051 1274 2079 Hoc
1285 2052 1367 2088 igitur
1380 2054 1460 2081 modo
1475 2054 1644 2088 deprehensa
1665 2055 1692 2081 in
1712 2056 1757 2081 illo

965 2100 1039 2123 tanta
1050 2098 1236 2125 contentionis
1247 2098 1370 2131 libidine,
1379 2107 1442 2126 cum
1450 2099 1482 2126 ad
1496 2107 1554 2127 eam
1568 2107 1623 2127 rem
1633 2099 1756 2134 pluribus

965 2141 1196 2176 disputassemus,
1213 2143 1319 2178 1017
1340 2149 1366 2171 et
1385 2152 1416 2172 ex
1436 2151 1576 2171 sacrarum
1591 2143 1756 2172 Litterarum

968 2189 1132 2215 auctoritate
1145 2190 1414 2224 comprobasscmus,
1430 2191 1587 2217 necessario
1610 2190 1688 2217 fateri
1705 2198 1756 2218 nos

966 2239 1094 2270 oportere
1109 2255 1116 2266 ,
1133 2236 1224 2262 omnia
1238 2243 1254 2262 a
1269 2235 1363 2263 Verbo
1379 2236 1497 2271 perfecte
1516 2237 1599 2264 fuisse
1616 2242 1755 2272 suscepta,

966 2285 993 2308 et
1006 2281 1033 2308 in
1053 2286 1192 2316 assumpta
1207 2289 1292 2310 carne
1305 2282 1425 2317 perfecte
1442 2283 1535 2310 itidem
1553 2283 1756 2316 administrata,

966 2335 1047 2361 quam
1064 2331 1129 2361 post
1154 2334 1273 2354 resurret
1282 2328 1384 2354 tionem
1409 2335 1486 2355 suam
1504 2328 1623 2363 perfecte
1639 2328 1691 2356 sibi
1712 2336 1756 2355 co~

950 2383 953 2388 -
966 2372 1068 2408 pularit
1081 2381 1087 2399 :
1104 2372 1171 2400 adeo
1183 2376 1212 2399 ut
1226 2372 1350 2400 eamdem
1366 2373 1448 2400 modo
1459 2373 1631 2408 spiritualcrn
1644 2374 1757 2401 omnino

965 2419 1100 2447 redditam
1113 2440 1121 2450 ,
1142 2427 1196 2446 non
1230 2419 1312 2446 aliam
1342 2426 1374 2445 ac
1395 2419 1550 2450 diversam,
1566 2427 1628 2446 cmn
1647 2420 1757 2455 propria

967 2465 1108 2492 divinitate
1124 2465 1151 2492 in
1166 2465 1314 2499 semetipso
1330 2464 1504 2500 conjunctam
1533 2465 1640 2496 habeat,
1656 2469 1683 2492 et
1704 2474 1757 2492 una

966 2519 1000 2539 ex
1022 2511 1068 2538 illa
1084 2510 1254 2546 perfectione
1272 2510 1405 2538 divinitas
1422 2514 1590 2547 consurgat;
1609 2516 1692 2546 atque
1713 2512 1757 2538 illa

968 2561 1108 2592 postrema
1126 2561 1224 2584 natura
1240 2556 1273 2583 ad
1294 2557 1435 2584 dexteram
1451 2557 1540 2585 Patris
1554 2558 1581 2584 in
1594 2558 1675 2589 coelo,
1687 2561 1714 2583 et
1730 2557 1756 2583 in

967 2604 1142 2639 sempiterna:
1169 2603 1366 2631 dominationis
1395 2610 1427 2630 ac
1450 2603 1527 2638 regni
1561 2602 1756 2638 augustissimo

967 2649 1067 2676 throno
1081 2648 1234 2676 co:tsideat.
1257 2648 1320 2676 Hinc
1336 2648 1380 2676 ubi
1397 2648 1589 2682 disseruimus,
1608 2656 1670 2675 cum
1687 2647 1760 2674 utri~

966 2703 1019 2730 que
1035 2695 1105 2730 parti
1131 2699 1243 2730 propter
1257 2694 1411 2723 animorum
1430 2696 1609 2730 pertinaciam
1640 2699 1755 2722 conten-

967 2742 1125 2775 tionemque
1143 2741 1209 2767 nihil
1225 2740 1466 2776 persuaderemus,
1487 2749 1516 2768 re
1537 2740 1639 2768 infecta
1653 2741 1754 2768 disces-

968 2786 1064 2813 simus.
1090 2785 1260 2813 Intellectum
1287 2793 1351 2814 vero
1377 2786 1450 2813 istud
1476 2791 1530 2818 est,
1555 2793 1610 2813 non
1636 2786 1670 2814 de
1695 2787 1754 2815 sola

968 2836 1058 2860 mente
1090 2831 1305 2867 disputationem
1333 2830 1403 2859 hanc
1427 2831 1490 2860 illos
1516 2832 1675 2868 ingressas,
1707 2833 1754 2862 sed
