1945 3043
193 151 247 179 675
889 149 918 178 S.
939 149 1110 180 EPIPIIANII
1771 151 1824 181 676

195 210 295 244 prater
303 205 414 235 ill-dde
426 209 527 238 mente,
539 206 612 234 aliud
626 212 737 241 quoque
753 205 852 240 dogma
863 208 975 234 sectari.

1031 217 1073 235 σιν
1100 208 1244 244 ἐνομίζετο
1269 206 1336 235 εἶναι
1359 207 1389 235 τὸ
1410 207 1529 243 πνεῦμα,
1552 207 1583 234 τὸ
1599 207 1642 235 ἀεὶ
1660 207 1739 244 ἐντῇ
1763 207 1825 245 θείᾳ

194 254 336 281 Interdum
360 260 434 281 enim
451 261 488 279 ne
502 252 623 279 animm
646 252 756 287 quidem
779 253 918 280 Christum
935 261 977 282 as-

1035 254 1141 291 Γραφῇ,
1155 255 1184 282 ἐν
1194 255 1233 290 τῷ
1245 254 1381 290 ἀνθρώπῳ
1395 253 1533 289 ᾀδόμενον.
1549 253 1615 280 Ὅτε
1629 252 1657 279 δὲ
1670 252 1824 287 ἐδείξαμεν-

193 300 345 334 sumpsisse
370 298 502 325 ferebant.
524 297 627 325 Contra
650 305 715 333 qua
738 298 805 326 illud
830 299 977 333 ohjicieba.

1035 300 1072 331 ὡς
1084 300 1133 335 οὐχ
1146 301 1161 326 ό
1173 299 1234 331 νοῦς
1247 300 1305 326 ἐστι
1320 299 1350 326 τὺ
1365 299 1484 334 πνεῦμα,
1494 298 1541 326 τοῦ
1558 298 1718 325 ’Δποστόλου
1730 297 1825 333 σαφῶς

194 353 255 372 Inus
270 353 277 372 :
293 343 362 377 Quid
387 343 496 370 tandem
519 344 622 378 putatis
639 351 702 371 esse
720 345 859 371 mentem?
875 344 977 372 Utrum

1035 345 1173 379 λέγοντος·
1192 345 1280 372 Ψαλῶ
1297 344 1337 378 τῷ
1351 345 1408 376 νοτ,
1429 344 1517 379 ψαλῶ
1532 343 1572 377 τῷ
1586 344 1741 378 πνεύματι.
1767 343 1824 370 'Evh

193 399 255 418 nam
271 390 429 426 hypostasin
446 398 509 417 esse
520 390 668 425 quamdam
684 391 712 418 in
724 391 834 419 homine
848 392 977 420 creditisi

1035 390 1132 417 τεῦθεν
1146 390 1239 417 πολλοὶ
1252 390 1300 425 μὲν
1315 389 1384 426 ἦσαν
1401 391 1426 416 οἱ
1443 390 1517 424 λόγοι
1530 399 1536 405 ·
1548 390 1598 416 οὑκ
1610 388 1783 425 ἠδυνήθημεν
1796 389 1823 415 δὲ

193 437 330 472 Multiplex
347 440 388 463 est
405 437 486 471 igitur
506 437 596 464 homo.
618 437 659 464 Ad
678 438 734 469 htee
753 438 893 466 nonnullis
922 438 977 473 pla-

1035 437 1133 468 αὐτοὺς
1149 438 1241 464 πεῖσαι
1254 437 1483 471 φιλονεικοῦντας.

192 483 281 515 cebat,
298 482 365 509 nihil
379 490 440 510 esse
457 487 574 510 mentem
592 483 666 510 aliud
682 492 764 519 quam
782 485 917 520 spiritum,
936 485 981 520 qui
1001 484 1106 511 homini
1122 485 1223 518 passim
1241 484 1267 510 in
1286 483 1440 519 Scripturis
1464 482 1607 510 tribuitur.
1631 481 1733 509 Verum
1761 490 1822 509 cum

192 533 309 556 ruentam
347 536 520 563 nequaquam
545 529 671 562 Spiritum
698 537 761 558 esse
797 531 1074 563 demonstrat-emus,
1105 537 1138 557 ex
1179 536 1211 556 eo
1242 529 1314 564 quod
1353 530 1456 557 diserte
1493 528 1606 563 scripsit
1647 527 1819 564 Apostolus:

193 572 313 600 Psallam
331 579 425 605 mente,
451 574 565 607 psallam
580 579 605 601 et
622 575 734 608 spiritu'
751 584 758 608 ;
783 575 885 604 multus
901 584 932 604 ea
949 577 983 602 de
1002 584 1030 604 re
1044 576 1125 603 nobis
1147 578 1229 602 natus
1243 579 1285 602 est
1298 582 1402 607 sermo,
1420 582 1470 602 nec
1499 574 1566 609 ipsis
1588 577 1679 601 tamen
1707 578 1822 602 conten-

192 620 262 647 tiose
282 621 453 648 certantibus
473 620 638 655 persuadere
654 621 804 655 potuimus.

225 666 319 694 XXIV.
341 666 439 694 Postea
460 675 524 694 vero
541 675 604 694 eum
628 668 777 695 nonnullos
793 675 827 696 ex
851 668 885 695 iis
906 668 978 695 hunc

191 712 218 739 in
238 712 348 739 modum
366 712 586 747 aggrederentur.
606 712 676 746 Quid
694 714 823 741 tandem?
839 713 907 741 Num
928 713 978 750 hy-

190 757 314 792 postasin
329 765 390 784 esse
414 762 532 785 mentem
554 759 700 786 asseritis?
721 759 764 787 cui
780 766 843 787 eum
863 760 899 786 ita
919 760 979 795 qui-

190 803 253 830 dam
281 806 480 834 occurrerent,
508 807 536 829 ut
560 803 720 838 hypostasin
747 807 876 838 negarent
901 811 979 837 esse;

190 848 262 883 quod
275 849 314 875 eis
330 855 568 883 persuaseramus,
585 856 641 875 non
659 848 685 875 id
704 856 765 876 esse
788 852 917 882 mentem,
932 856 980 876 ne-

189 902 242 928 que
265 894 389 927 spiritum
416 893 511 926 illum,
534 894 580 929 qui
602 894 754 929 appellatur
772 893 902 926 hominis,
917 902 979 921 cum

189 931 321 974 scriptum
338 939 375 966 sit
391 948 398 966 :
416 939 538 966 Psallam
565 945 650 967 mente
663 959 671 971 ,
693 939 807 974 psallam
829 944 855 967 et
871 940 980 977 spiritu;

189 992 251 1012 eum
275 985 409 1012 adversus
434 985 491 1012 hmo
517 985 584 1012 nihil
609 985 742 1013 haberent
768 986 840 1021 quod
863 993 981 1021 oppone-

189 1037 250 1060 rent
270 1041 277 1059 :
305 1036 362 1059 tum
379 1041 476 1068 urgere
492 1033 533 1061 sic
549 1033 686 1069 cmpimus
698 1043 705 1061 :
719 1033 748 1061 Si
763 1041 840 1062 ruens
855 1042 910 1061 non
931 1034 980 1071 hy-

189 1079 307 1114 postasis
320 1084 379 1111 est,
397 1079 444 1106 sed
459 1079 545 1107 totius
564 1080 721 1115 hypostasis
737 1084 838 1108 nostra;
854 1081 979 1116 quaedam

189 1125 290 1157 motio,
306 1131 369 1152 eum
385 1124 526 1153 Christum
546 1129 666 1153 mentem
689 1132 752 1154 esse
772 1125 826 1153 hac
844 1133 877 1154 ex
900 1130 980 1162 parte

188 1170 290 1201 velitis,
304 1170 429 1198 eumdem
446 1170 560 1198 minime
592 1168 789 1199 subsistentem
812 1171 926 1208 fingitis,
946 1178 979 1199 ac

187 1216 278 1244 verbis
307 1219 389 1244 tenus
404 1219 432 1243 et
447 1216 538 1251 specie
551 1220 640 1244 totum
654 1216 722 1244 illud
736 1217 874 1254 negotium
888 1218 979 1246 incar-

187 1261 307 1289 nationis
318 1261 432 1289 ohiisse.
448 1260 541 1290 Nihilo
557 1261 697 1298 magis'ad
711 1262 770 1290 haec
785 1263 921 1292 rationem
936 1264 979 1291 ul-

187 1307 241 1334 lam
262 1307 397 1335 extrieare
419 1311 557 1343 poterant.
578 1307 617 1335 Ex
641 1308 675 1336 iis
690 1308 771 1344 longe
798 1309 979 1338 acerbissimo

187 1352 282 1380 dolore
306 1360 339 1379 ac
354 1353 478 1380 molestia
492 1360 590 1381 sumus
606 1353 707 1386 affecti,
733 1355 806 1390 quod
823 1355 895 1383 inter
908 1362 978 1390 prat-

187 1399 277 1427 elaros
292 1399 353 1426 illos
378 1406 411 1426 ac
438 1399 518 1426 laude
534 1398 631 1433 dignos
646 1399 746 1427 fratres
763 1404 874 1428 nostros
895 1405 978 1428 tantae

187 1445 381 1472 contentiones
405 1452 436 1472 ac
462 1444 616 1472 simultates
633 1445 835 1474 intercederent
846 1466 854 1478 ,
871 1451 900 1474 ut
915 1455 977 1482 per-

187 1494 284 1525 petuas
308 1490 335 1517 in
363 1497 414 1517 nos
440 1489 628 1518 dissensiones
653 1490 906 1526 importunissimus
931 1493 977 1521 ille

187 1581 221 1608 Et
231 1589 295 1609 vero
306 1582 354 1608 tali
370 1582 398 1609 in
412 1582 515 1610 erroris
529 1586 701 1618 argumento,
715 1582 824 1617 fratres,
838 1585 973 1620 praecipua

186 1627 311 1662 quaedam
327 1626 403 1654 fraus
416 1626 664 1656 circumveniendis
681 1628 821 1656 hominum
838 1630 975 1659 mentibus

187 1677 322 1700 versatur.
343 1672 400 1701 Nisi
425 1673 498 1700 enim
514 1672 548 1702 de
565 1681 597 1701 ea
622 1681 652 1702 re
676 1674 753 1702 initio
769 1674 839 1703 foret
857 1677 975 1704 excitata

186 1719 351 1754 disputatio,
367 1719 603 1754 simplicissimum
617 1720 747 1756 quiddam
762 1725 831 1750 erat.
853 1722 976 1757 Ecquam

186 1765 259 1792 enim
278 1764 381 1792 mundo
400 1764 510 1792 novitas
525 1765 583 1792 haec
600 1765 745 1793 utilitatem
762 1767 914 1795 conscivit?
928 1770 976 1794 aut

186 1810 251 1845 quid
271 1809 401 1838 Ecclesiae
418 1809 541 1845 profuit?
559 1809 655 1839 Nonne
675 1811 855 1840 vehementer
872 1813 975 1845 nocuit,

188 1863 249 1882 cum
270 1855 431 1883 intestinum
462 1856 557 1883 odium
586 1857 807 1892 rimultatemque
830 1857 978 1886 conflarit'.’

189 1900 241 1928 Sed
257 1901 302 1928 ubi
316 1901 400 1928 semel
418 1900 517 1936 dogma
534 1900 601 1928 illud
616 1901 700 1937 coepit
716 1909 865 1937 emergere,
883 1903 977 1930 formi-

188 1946 395 1974 dolosissimmu
412 1947 527 1974 exstitit.
552 1947 613 1975 Non
638 1948 711 1975 enim
728 1948 762 1974 ad
779 1948 977 1983 expeditiorem

190 1992 310 2027 aliquant
326 1991 423 2019 salutis
437 1996 538 2020 nostrae
553 1993 625 2020 viam
654 2000 687 2020 ac
698 1994 832 2021 rationem
849 1988 985 2021 refertur;

142 2070 150 2076 1
188 2036 351 2071 Quicunque
364 2044 430 2064 vero
444 2044 498 2064 non
514 2037 541 2064 in
559 2037 610 2064 hac
625 2036 706 2064 modo
722 2041 809 2072 parte,
834 2036 882 2065 Sed
895 2038 936 2065 vel
949 2037 977 2064 in

188 2081 327 2109 levissima
351 2081 440 2116 aliqua
464 2082 605 2109 veritatem
625 2082 738 2110 minime
765 2082 919 2117 profitetur,
946 2083 979 2110 fi-

188 2125 250 2152 dem
268 2125 291 2154 is
305 2125 428 2161 ejurasse
443 2126 612 2153 censebitur.
635 2126 740 2162 Quippe
762 2134 796 2154 ne
812 2126 839 2154 in
864 2127 978 2155 minimo

191 2171 300 2206 quidem
317 2178 333 2198 a
349 2171 473 2199 veritatis
488 2172 531 2198 via
554 2170 699 2199 deﬂectere
715 2177 833 2207 oportet.
850 2172 976 2208 Quapro-

1066 667 1130 693 KA'.
1151 663 1219 693 Εἶτα
1239 665 1320 692 πάλιν
1343 665 1414 693 τισὶν
1438 665 1518 701 ἡμῶν
1538 665 1685 700 λεγόντων·
1707 665 1740 691 Τί
1755 666 1821 701 γάρς

1034 711 1182 739 ὑπόστασιν
1211 711 1256 738 τὸν
1263 711 1327 738 νοῦν
1340 710 1408 739 εἶναι
1418 711 1525 746 Mysas;
1541 711 1627 738 Τινῶν
1640 711 1667 738 δὲ
1676 711 1765 738 αὐτῶν
1779 712 1822 738 λε-

1031 757 1134 792 γόντων
1149 757 1186 792 μὴ
1201 753 1269 783 εἶναι
1287 756 1452 790 ρπόστασιν,
1470 755 1524 782 ἀπὸ
1538 756 1585 782 τοῦ
1607 756 1683 791 ἡμᾶς
1694 756 1822 783 πεπεικέ-

1029 812 1073 830 ναι
1094 803 1202 836 αὐτοὺς,
1217 803 1258 830 ὅτι
1281 803 1311 830 οὐ
1326 802 1379 838 χρὴ
1394 801 1515 838 νομιζειν
1532 802 1623 833 αὑτὸν,
1645 802 1708 829 οὔτε
1727 803 1760 829 τὸ
1774 811 1823 829 κα-

1029 848 1161 884 λούμενον
1176 848 1334 882 ἀνθρώπου
1356 847 1484 882 πνεῦμα,
1502 847 1546 874 διὰ
1563 847 1594 874 τὺ
1613 847 1716 874 εἰπεῖν’
1733 846 1823 874 Ψαλῶ

1031 893 1072 927 τῷ
1087 894 1146 924 νοτ.
1161 894 1250 928 ψαλώ
1265 893 1315 920 καὶ
1330 892 1370 925 τῷ
1384 894 1540 928 πνεύματι,
1555 893 1592 929 μὴ
1607 894 1723 928 ἑχόντων
1733 893 1822 920 αὐτῶν

1032 939 1101 975 πρὸς
1111 939 1190 966 τοῦτο
1203 939 1230 966 τί
1245 939 1346 974 λέγειν,
1361 939 1491 974 ἐλέγομεν
1502 946 1510 953 ·
1525 939 1631 966 Οὐκοῦν
1647 940 1671 965 εἰ
1686 940 1737 966 οὐκ
1750 939 1822 966 ἔστιν

1032 986 1181 1018 ὑπόστασις
1197 987 1212 1012 ὁ
1232 986 1312 1018 νοῦς,
1339 985 1408 1012 ἀλλὰ
1430 985 1536 1019 κίνησις
1558 985 1608 1020 τῆς
1630 984 1708 1021 ἡμῶν
1732 985 1822 1020 πάσης

1032 1031 1216 1064 ὕποστάσεως,
1238 1031 1301 1058 νοῦν
1313 1031 1341 1058 δὲ
1356 1031 1450 1065 λέγετε
1465 1030 1511 1057 τὸν
1524 1030 1641 1066 Χριστὸν
1656 1030 1727 1057 κατὰ
1742 1030 1821 1057 τοῦτο

1031 1077 1062 1104 τὸ
1072 1077 1154 1113 μέρος
1164 1076 1233 1112 ’ἄρα
1245 1073 1292 1104 οὗν
1308 1075 1479 1112 φαντάζεσθε
1493 1076 1679 1103 ἀνυπόστατον
1694 1074 1763 1104 εἶναι
1776 1075 1820 1103 τὸν

1031 1122 1159 1158 Χριστὸν,
1176 1122 1224 1149 καὶ
1240 1122 1321 1157 μόνον
1339 1121 1392 1153 ἕως
1406 1120 1486 1155 λόγου
1500 1122 1547 1148 καὶ
1558 1121 1695 1157 δοκήσεως
1710 1120 1762 1157 τὴν
1779 1121 1821 1147 ἐν·

1030 1166 1131 1202 δημίαν
1144 1166 1196 1202 τῆς
1209 1165 1342 1202 ὲνσάρκου
1366 1165 1519 1202 παρουσίας
1535 1165 1617 1192 αὑτὸν
1640 1164 1819 1201 πεποιηκότα.

1036 1211 1173 1243 Ὡσαύτως
1182 1212 1233 1238 οὐκ
1246 1209 1320 1247 εῐχον
1333 1210 1480 1239 ἀποδοῦναι
1492 1211 1582 1246 λόγον.
1594 1212 1650 1238 Καὶ
1661 1211 1744 1248 πολλὴ
1755 1213 1821 1248 ἡμῖν

1030 1257 1126 1293 γέγονε
1140 1257 1201 1284 τότε
1216 1256 1327 1293 λυπηρὰ
1348 1258 1365 1292 ἡ
1387 1258 1437 1293 τῆς
1451 1257 1525 1292 ζωῆς
1539 1258 1715 1289 κατάστασις.
1731 1258 1773 1285 ὅτι
1791 1259 1820 1285 ὲν

1030 1305 1086 1335 τοῖς
1102 1303 1314 1339 προειρημένας
1333 1303 1458 1338 ἀδελφοῖς
1477 1303 1524 1329 καὶ
1539 1303 1690 1335 ἐπαινετοῖς
1706 1303 1820 1340 ἐϐλήθη-

1032 1357 1082 1376 σαν
1096 1349 1190 1381 ἁπλῶς
1202 1348 1374 1384 φιλονεικίαι,
1390 1349 1435 1376 ἵνα
1449 1349 1604 1381 διαστάσεις
1628 1350 1657 1376 ὲν
1675 1350 1742 1385 ἡμῖν
1754 1350 1820 1378 πάν-

1029 1404 1091 1423 τοτε
1105 1397 1119 1422 ὁ
1136 1394 1338 1431 προειρημένος
1352 1395 1407 1423 τῶν
1422 1394 1575 1431 ἀνθρώπων
1588 1395 1716 1430 πολέμιος
1730 1395 1820 1423 διάϐο-

1030 1441 1075 1473 λος
1088 1441 1280 1478 ἐξεργάσηται.
1292 1441 1381 1476 Πολλὴ
1397 1441 1426 1468 δέ
1441 1442 1499 1467 ἐστι
1515 1440 1566 1476 τῆς
1578 1440 1705 1476 τοιαύτης
1720 1441 1818 1472 αἰτίας,

1031 1487 1157 1522 ἀδελφοὶ,
1172 1489 1189 1523 ἡ
1204 1488 1263 1514 κατ’
1280 1486 1384 1514 ἔννοιαν
1399 1487 1496 1523 βλάϐη.
1513 1487 1545 1514 Εἰ
1559 1487 1609 1522 μὲν
1622 1487 1678 1525 γὰρ
1692 1487 1721 1520 ἐξ
1734 1487 1820 1523 ἀρχῆς

188 1535 300 1562 humani
320 1535 427 1569 generis
442 1535 530 1563 hostis
548 1534 674 1563 diabolus
704 1536 843 1565 immittat.
869 1538 977 1575 1018

1030 1535 1095 1570 περὶ
1107 1533 1203 1560 τούτου
1217 1534 1267 1560 οὐκ
1281 1533 1393 1569 ἐκινήθη
1418 1532 1508 1567 λόγος,
1524 1533 1709 1561 ἁπλούστατον
1723 1532 1757 1569 ἦν
1767 1542 1774 1550 ι
1794 1534 1820 1561 τί

1029 1579 1084 1616 γὰρ
1100 1580 1178 1607 τοῦτο
1193 1580 1239 1606 τὸν
1254 1579 1355 1615 κόσμον
1371 1579 1459 1614 ὢνησε
1473 1579 1504 1604 τὸ
1519 1578 1719 1614 καινοτόμημα,
1735 1579 1752 1615 ἢ
1772 1579 1821 1614 τὴν

1033 1626 1196 1662 Ἐκκλησίαν
1211 1626 1368 1661 ὼφέλησεν;
1387 1625 1423 1651 Ἣ
1446 1625 1506 1660 οὐχὶ
1522 1625 1623 1659 μᾶλλον
1638 1625 1749 1660 ἔϐλαψε,
1773 1626 1816 1660 μῖ-

1027 1680 1072 1704 σος
1087 1673 1134 1698 καὶ
1150 1672 1244 1699 στάσιν
1256 1671 1458 1707 ὲργασάμενονς
1475 1670 1583 1706 Ἐπειδὴ
1595 1670 1623 1697 δὲ
1635 1671 1650 1697 ὁ
1663 1671 1741 1705 λόγος
1761 1678 1822 1705 προ-

1027 1718 1139 1753 εϐλήθη,
1158 1717 1273 1753 φοϐερὸς
1295 1717 1418 1752 γέγονεν.
1442 1716 1480 1743 Oi;
1502 1716 1557 1751 γὰρ
1579 1717 1620 1748 εἰς
1642 1717 1672 1744 τὸ
1694 1718 1821 1753 κρεῖσσον

1026 1765 1076 1800 τῆς
1089 1764 1167 1800 ἡμῶν
1180 1763 1328 1800 σωτηρίας.
1346 1763 1480 1798 Ἀρνησις
1492 1763 1547 1798 γάρ
1560 1763 1633 1789 ἐστιν
1647 1763 1677 1789 οὺ
1694 1762 1774 1798 μόνον
1790 1763 1819 1789 tv

1027 1811 1115 1846 τούτῳ
1130 1810 1169 1846 τῷ
1195 1811 1272 1846 μέρει
1295 1809 1334 1845 τῷ
1358 1809 1396 1845 μὴ
1418 1809 1603 1844 ὁμολογοῦντι,
1628 1808 1697 1835 ἀλλὰ
1722 1809 1770 1836 καὶ
1790 1809 1820 1835 ὲν

1029 1856 1193 1892 βραχυτάτῳ
1207 1855 1270 1883 τινί.
1285 1856 1322 1882 UO
1335 1854 1388 1890 χρὴ
1403 1854 1457 1890 γὰρ
1471 1854 1533 1880 οὐδὲ
1549 1853 1600 1881 κᾶν
1614 1855 1642 1881 ὲν
1657 1854 1696 1889 τῷ
1710 1853 1818 1889 τυχόντι

1028 1901 1248 1938 παρεξερχεσοαι
1264 1901 1313 1936 τῆς
1327 1900 1387 1927 ὁδοῦ
1399 1900 1448 1936 τῆς
1463 1899 1605 1935 ἀληθείας.
1618 1899 1748 1934 Λέξωμεν
1764 1899 1819 1925 τοί-

1028 1957 1077 1975 νυν
1092 1948 1140 1975 καὶ
1154 1947 1224 1974 κατὰ
1239 1947 1342 1982 ταύτης
1356 1947 1406 1982 τῆς
1423 1945 1587 1978 ὑποθέσεως,
1609 1944 1765 1980 βουλόμενοι
1781 1944 1818 1980 μὴ

1029 1994 1082 2027 ἔξω
1099 1994 1148 2029 τῆς
1165 1993 1272 2020 ἑαυτῶν
1287 1992 1360 2028 ζωῆς
1377 1992 1489 2028 βαίνειν,
1514 1991 1581 2027 μηδὲ
1594 1991 1640 2017 τδν
1652 1990 1753 2017 κανόνα
1767 1999 1814 2017 κα-

1028 2038 1207 2074 ταλιμπάνειν
1222 2039 1271 2074 τῆς
1289 2038 1369 2072 ἁγίας
1386 2037 1454 2064 Θεοῦ
1475 2036 1639 2072 Ἐκκλησίας
1656 2035 1702 2062 καὶ
1727 2035 1817 2070 ὁμολο-

1029 2085 1102 2120 γίας.
1119 2084 1211 2111 Οὐδενὶ
1232 2084 1288 2120 γὰρ
1310 2084 1421 2111 πώποτε
1437 2083 1492 2110 τῶν
1513 2082 1636 2109 παλαιῶν
1649 2080 1728 2108 τοῦτο
1743 2080 1817 2117 εἴρη-

1029 2140 1085 2163 ται,
1093 2130 1155 2157 οὔτε
1168 2129 1375 2167 προφήτῃ,οὖτε
1390 2128 1541 2164 ἀποστόλῳ,
1556 2127 1617 2154 οὗτε
1628 2127 1816 2162 εὐαγγελιατῇ,

1030 2176 1060 2204 οὔ
1077 2185 1130 2204 τινι
1142 2176 1196 2204 τῶν
1219 2175 1370 2212 ἐξηγητῶν,
1395 2175 1448 2207 ἓως
1475 2174 1575 2202 τούτων
1598 2173 1652 2200 τῶν
1676 2172 1817 2208 ἡμετέρων

190 2222 250 2252 pter
263 2217 344 2245 etiam
365 2217 497 2245 adversus
522 2217 679 2252 opinionem
696 2217 769 2244 illam
793 2217 976 2252 disputemus,

1029 2223 1148 2258 χρόνων
1161 2222 1190 2255 ἐξ
1205 2219 1235 2248 οὗ
1251 2222 1347 2257 καιροῦ
1365 2221 1419 2248 ἀπὸ
1433 2219 1481 2247 τοῦ
1507 2219 1705 2256 προειρημένου
1721 2218 1815 2252 λογιω-

188 2270 251 2290 cum
263 2270 313 2290 nec
330 2262 481 2291 abhorrere
495 2270 510 2290 a
523 2263 580 2290 vita
594 2267 699 2296 nostra,
712 2271 801 2299 neque
817 2268 918 2292 sanctae
930 2264 977 2291 Dei

189 2308 317 2335 Beelesia!
334 2307 449 2343 fideique
465 2309 585 2344 regulam
609 2309 736 2337 deserere
751 2310 826 2337 omni
850 2318 903 2345 ope
917 2314 976 2338 stu-

189 2353 311 2381 deatnus.
330 2353 426 2382 Nullus
450 2354 524 2381 enim
541 2362 661 2390 unquam
685 2363 718 2382 ex
745 2356 884 2383 veteribus
907 2356 974 2384 illud
996 2366 999 2370 ·

190 2398 308 2426 asseruit
322 2407 330 2426 :
345 2406 399 2425 nou
420 2399 564 2434 propheta,
581 2407 636 2427 non
653 2401 809 2435 apostolus,
826 2409 882 2428 non
895 2409 976 2428 evan-

189 2444 302 2478 gelista,
321 2452 375 2471 non
394 2449 573 2480 interpretum
590 2447 688 2482 aliquis
699 2466 707 2479 ,
723 2448 771 2482 qui
788 2447 821 2474 ad
848 2452 974 2476 nostrum

191 2496 277 2524 usque
300 2492 407 2524 tempus
431 2491 615 2524 exstiterunt;
645 2499 660 2518 a
674 2499 729 2526 quo
749 2492 901 2527 sophistica
931 2493 976 2520 illa

171 2529 413 2571 ieavillatoriaque
432 2544 485 2563 vox
504 2545 537 2564 ex
559 2537 739 2565 eruditissimi
758 2539 831 2566 illius
857 2539 977 2567 hominis

190 2588 238 2609 ore
266 2582 409 2616 processit.
441 2581 499 2610 Non
523 2583 596 2610 enim
629 2583 793 2611 mediocrem
822 2585 976 2612 litterarum

191 2627 332 2655 scientiam
349 2626 435 2654 fuerat
449 2627 494 2655 ille
508 2632 687 2659 consecutus,
710 2636 773 2656 cum
786 2633 813 2656 et
827 2629 977 2657 humanio-

191 2673 267 2700 ribus
292 2673 448 2708 Graecisque
463 2673 617 2708 disciplinis
631 2678 705 2701 esset
719 2675 858 2708 excultus,
879 2679 907 2702 et
921 2676 976 2702 dia-

192 2721 314 2748 lecticam
331 2729 362 2748 ae
377 2721 554 2756 sophisticam
576 2725 662 2748 artem
688 2722 715 2749 in
734 2723 829 2758 primis
847 2723 972 2756 calleret;

1024 2269 1106 2296 τάτου
1122 2268 1218 2303 ἀνδρὸς
1239 2268 1269 2294 τὸ
1288 2267 1408 2294 τοιοῦτον
1424 2265 1579 2301 σοφιστικὸν
1590 2264 1711 2301 προῆλθε
1727 2263 1814 2299 ῥῆμα.

1027 2315 1136 2350 Παιδείᾳ
1153 2314 1208 2350 γὰρ
1223 2314 1254 2340 οὺ
1271 2315 1305 2350 τῇ
1319 2313 1437 2349 τυχούσῃ
1456 2314 1470 2339 ὁ
1497 2313 1567 2348 ἀνὴρ
1584 2311 1743 2347 ὲξήσκηται,
1761 2310 1815 2336 ἀπὸ

1025 2361 1075 2396 τῆς
1088 2360 1142 2387 τῶν
1158 2360 1244 2394 λόγων
1258 2358 1480 2396 προπαιδεύσεὼς
1490 2367 1521 2385 τε
1537 2359 1584 2386 καὶ
1606 2356 1766 2392 Ἑλληνικῆς
1776 2355 1814 2382 δι-

1025 2405 1172 2438 δασκαλίας
1183 2405 1352 2441 ὁρμώμενος,
1370 2405 1460 2432 πᾶσαν
1474 2413 1505 2430 τε
1519 2402 1691 2436 διαλεκτικὴν
1707 2402 1754 2428 καὶ
1768 2409 1814 2427 σο-

1028 2451 1155 2487 φιστικὴν
1177 2451 1402 2487 πεπαιδευμένος
1423 2450 1491 2477 ἀλλὰ
1512 2449 1560 2477 καὶ
1588 2448 1632 2476 τὸν
1655 2447 1733 2475 ἄλλον
1758 2447 1814 2483 βίον

1025 2498 1204 2533 σεμνότατος,
1227 2498 1273 2524 καὶ
1290 2497 1344 2524 τῶν
1359 2497 1428 2532 πρὸς
1441 2495 1597 2532 ὀρθοδόξους
1611 2494 1655 2521 ἀεὶ
1671 2494 1700 2520 ἐν
1719 2493 1813 2528 ἀγάπῃ

1024 2545 1053 2570 ὲν
1065 2543 1165 2578 πρώτῳ
1179 2543 1289 2578 ἀριθμῷ
1305 2542 1477 2578 ταττόμενος,
1487 2541 1541 2573 ἕως
1554 2540 1649 2568 τούτου
1665 2539 1714 2566 τοῦ
1735 2539 1814 2573 λόγου

1024 2588 1168 2624 διέμεινεν.
1188 2588 1268 2615 Ἀλλὰ
1285 2588 1332 2615 καὶ
1345 2587 1453 2623 ὲξορίαν
1464 2586 1605 2622 ὑπέμεινε,
1615 2585 1659 2612 διὰ
1670 2585 1701 2612 τὸ
1712 2585 1750 2620 μὴ
1760 2586 1816 2616 τοῖς

1033 2634 1181 2669 Ἀρειανοῐς
1201 2633 1418 2668 συγκαταθεῖναι.
1447 2633 1503 2660 Καὶ
1528 2632 1554 2659 τί
1574 2640 1609 2668 με
1639 2631 1680 2658 δεῖ
1710 2631 1814 2665 λέγειν;

1028 2680 1115 2715 Πολλὴ
1132 2680 1209 2715 ἡμῶν
1228 2681 1244 2714 ἡ
1259 2680 1329 2716 λύπη
1340 2700 1348 2712 ,
1366 2679 1414 2706 καὶ
1427 2678 1523 2711 πένθος
1536 2679 1552 2714 ἡ
1566 2678 1622 2713 ζωὴ
1633 2698 1642 2711 ,
1659 2677 1700 2704 ὅτι
1722 2676 1819 2702 λυπεῖν

1027 2725 1120 2751 εἴωθεν
1134 2726 1148 2752 ὁ
1162 2725 1284 2757 διάϐολος
1297 2726 1369 2761 ἡμᾶς
1383 2725 1442 2757 ἀεὶ,
1463 2724 1501 2756 ὡς
1522 2724 1571 2760 ήδη
1586 2723 1716 2754 πολλάκις
1731 2719 1818 2748 εἷπον.

190 2771 263 2795 esset
280 2767 351 2794 idem
366 2775 447 2802 porro
471 2767 608 2803 praecipua
621 2768 655 2804 ‘in
677 2769 751 2796 omni
777 2769 829 2797 vita
853 2771 988 2805 gravitate
1005 2772 1133 2806 praeditus
1149 2792 1156 2805 ,
1181 2772 1235 2800 into
1253 2780 1316 2800 vero
1340 2777 1365 2800 et
1391 2771 1551 2800 orthodoxis
1581 2770 1720 2802 omnibus,
1740 2773 1820 2796 antc~

231 2845 239 2861 '
253 2844 262 2872 l
280 2845 343 2873 Cor.
358 2854 416 2879 xxv,
440 2846 483 2874 i5.
