1945 3043
125 174 181 203 67⁸1

431 175 614 204 ADVERSUS
634 176 805 205 ιιιΕιινξεες
823 177 887 205 LIB.
909 177 951 205 ΙῗΙ.
970 177 1053 206 του.
1074 177 1154 206 11.--

1173 177 1312 207 ηειιεε.
1331 177 1460 207 LXXVII.
1707 179 1762 208 678

125 239 209 266 quam
231 230 387 259 istiusmodi
404 231 502 267 dogma
521 237 696 268 proponeret,
716 233 796 268 longe
819 233 1012 261 charissimus.
1038 233 1195 266 Quinetiam
1215 238 1243 262 et
1271 234 1398 262 exsilium
1431 233 1562 262 sustinuit
1591 233 1664 270 quod
1681 235 1761 263 Aria-

125 279 172 307 nis
188 279 318 307 assentiri
338 278 434 307 nollet.
456 278 508 307 Sed
523 280 589 315 quid
613 281 710 309 attinet
725 280 849 315 pluribus
870 281 920 309 ista
949 281 1100 316 prosequi?
1128 280 1255 317 Magnum
1285 281 1398 309 omnino
1414 281 1537 309 dolorem
1558 289 1592 309 ea
1613 289 1659 310 res
1679 281 1763 310 nobis

130 326 238 359 attulit,
258 330 287 354 et
309 326 438 354 acerbam
454 327 537 354 vitam
559 327 687 360 reddidit,
713 328 843 364 quoniam
867 328 993 356 diabolus
1009 329 1133 357 molestia
1150 337 1213 362 nos,
1227 333 1258 357 ut
1271 337 1343 365 smpe
1363 329 1443 362 dixit,
1463 330 1534 357 solet
1553 329 1671 358 allicere.

161 375 228 402 ΚΒ.
241 373 377 410 ’Λρξομαι
400 374 491 401 τοίνυν
507 375 571 411 περὶ
591 375 687 403 τούτου
706 375 753 403 τοῦ
775 376 857 412 ῥητοῦ
871 376 916 403 λέ-

1010 376 1091 404 χχν.
1113 376 1166 404 Sed
1181 385 1254 405 nunc
1267 377 1301 404 de
1316 377 1368 404 hoc
1382 381 1543 412 argumento
1555 376 1695 412 disputare
1712 385 1760 414 ag-

124 429 196 456 γειν,
204 420 249 448 ἵνα
264 421 347 456 μηδέν
361 421 444 453 τι,ὡς
454 420 533 456 ἔφην,
543 421 595 456 τῆς
606 422 733 457 ἀληθείας
745 422 916 459 παραλείψω.

124 467 159 493 Τί
173 469 249 503 ἡμᾶς
260 467 385 502 ὠφέλησε
398 467 430 493 τδ
444 467 644 503 παρεκϐάλλειν
663 468 710 495 τὸν
721 469 784 496 νοῦν
799 469 853 496 ἀπὸ
867 469 917 505 τῆς

124 514 261 551 ὲνσάρκου
274 513 425 550 παρουσίας
439 513 573 550 Χριστοῦς
595 515 627 542 Ei
641 514 695 550 γὰρ
715 514 784 547 ὅλως
794 515 844 542 τοῦ
859 515 920 551 βοη-

125 560 220 596 θῆσαι,
237 560 270 588 ἶν’
287 559 374 592 οὕτως
386 560 465 591 εἴπω,
486 560 526 595 τῷ
538 560 632 596 Κυρίῳ
651 560 732 596 ἡμῶν
749 560 837 596 Ἰησοῦ
852 562 919 596 Χρι-

125 606 240 642 stipata!
252 606 312 642 Θεῷ
329 606 409 642 Λόγῳ
426 606 474 633 καὶ
493 606 550 642 Υἱῴ
580 607 648 634 Θεοῦ
681 608 697 634 ό
725 607 858 643 ὑμέτερος
876 608 919 635 λοα

123 652 226 686 γισμδς
248 651 382 687 προήχθη,
402 651 447 678 ἵνα
474 651 511 687 μὴ
521 652 652 687 εἴπωμεν
675 652 756 680 αὑτὸν
780 653 919 689 εἰληφέναι

122 697 199 732 νοῦν,
217 698 291 730 ὃπως
308 697 345 733 μὴ
359 698 502 733 νοήσωμεν
523 698 671 725 ἐλάττωσιν
692 699 757 734 περὶ
771 698 821 734 τὴν
835 698 918 726 αὑτοῦ

125 743 258 778 θεάτητα·
272 743 364 778 πολλῷ
388 742 488 778 μᾶλλον
509 744 706 780 προτιμότερον
725 744 804 780 ἡμῶν
819 745 920 780 τυγχά-

123 796 203 815 νουσι
216 788 362 823 Μανιχαῖοι
387 787 434 814 καὶ
451 788 659 823 Μαρκιωνισταὶ
678 789 725 816 καὶ
750 790 828 817 ἄλλαι
843 790 920 827 αἱρέ-

125 842 193 866 ωις,
207 834 244 869 μὴ
260 833 349 869 σάρκα
366 834 443 869 αὐτῷ
454 834 624 870 προσάπτειν
640 835 807 871 βουλόμενοι,
819 836 864 864 ἵνα
881 837 919 873 μὴ

125 881 275 907 ἐλάττωσιν
287 881 320 916 τῇ
331 880 440 915 θεότητι
453 881 536 908 αὐτοῦ
551 883 793 918 περιποιήσωιται.
807 883 877 910 Ἀλλ’
888 884 920 910 οὐ

125 926 198 952 κατὰ
218 925 268 961 τὴν
291 925 348 952 τῶν
370 925 523 962 ἀνθρώπων
547 926 675 962 βούλησιν
690 929 708 964 ἡ
725 928 838 964 ἀλήθεια
863 929 920 964 ἔχει

124 972 175 1007 τὴν
192 972 317 1007 δύναμιν,
333 971 400 999 ἀλλά
414 972 487 1000 κατά
505 973 556 1009 τὴν
570 974 656 1010 αὐτῆς
673 974 920 1012 διακυϐερνητικὴν

126 1017 222 1052 σοφίαν
245 1017 292 1045 καὶ
317 1018 493 1053 οίκονομικὴν
512 1019 713 1055 ἀκαταληψίαν.
731 1020 826 1047 Τοίνυν
840 1021 920 1056 ἡμῶν

971 422 1094 458 gredior,
1108 430 1142 450 ne
1156 423 1249 456 ullam,
1265 428 1294 450 ut
1307 423 1384 450 initio
1397 423 1502 455 monui,
1516 423 1640 450 veritatis
1656 427 1761 459 partem

972 469 1187 503 praetermittam.
1211 468 1282 502 Quid
1303 469 1384 504 igitur
1408 477 1458 496 nos
1491 468 1613 504 adjuvat,
1631 469 1704 504 quod
1727 470 1762 497 ab

971 519 1112 550 assumpta
1130 514 1250 542 hominis
1279 514 1307 542 in
1321 514 1432 542 Christo
1457 520 1554 542 natura
1578 520 1695 543 mentem
1712 523 1762 542 ex-

970 559 1128 588 cludimus‘!
1143 559 1210 588 Nam
1233 561 1256 588 si
1280 568 1313 588 eo
1334 561 1465 596 cogitatio
1479 566 1572 589 nostra
1592 559 1761 595 perducitur,

971 609 1002 633 iit
1014 605 1130 634 Domino
1144 610 1239 634 nostro
1254 605 1319 634 Iesu
1337 607 1448 634 Christo
1465 614 1497 634 ac
1513 606 1567 634 Deo
1588 606 1678 634 Verbo
1700 606 1762 634 Dei»

970 661 1025 688 que
1045 653 1125 686 Filio,
1145 658 1175 680 ut
1190 654 1228 680 ita
1246 653 1379 685 dixerim,
1396 654 1564 686 subveniret,
1591 653 1626 687 si,
1638 654 1762 688 inquam,

970 702 1089 726 mentem
1117 698 1178 726 ideo
1201 699 1276 726 illum
1301 699 1484 734 assumpsisse
1506 704 1648 734 negemus,
1669 702 1698 725 ut
1715 705 1762 730 nc,

970 744 1044 779 quod
1065 744 1098 772 ad
1113 745 1285 773 divinitatem
1311 746 1440 781 pertinet,
1459 745 1588 773 inferiore
1604 745 1680 772 illum
1700 753 1762 772 esse

971 791 1032 819 loco
1047 791 1170 818 dicamus
1185 811 1192 823 ,
1210 791 1290 827 longe
1309 792 1388 819 nobis
1402 791 1585 827 anteponendi
1602 797 1682 819 erunt
1702 791 1761 817 Ma-

970 837 1068 864 nichaai
1093 844 1126 865 ac
1158 835 1341 865 Marcionistte
1357 843 1514 872 ceteraeque
1539 837 1668 870 haereses,
1685 844 1760 872 qua,

970 890 1005 910 ne
1027 882 1146 910 divinam
1162 883 1332 918 majestatem
1351 883 1515 911 imminuere
1529 882 1682 914 videantur,
1700 890 1762 910 car-

971 936 1032 956 nem
1057 929 1083 956 ei
1101 928 1276 956 tribuendam
1303 937 1364 957 esse
1386 937 1441 956 non
1465 929 1634 956 existimaui.
1660 928 1762 957 Verum

970 982 1026 1002 non
1050 983 1084 1002 ex
1107 975 1248 1002 hominum
1269 975 1411 1003 voluntate
1428 975 1553 1003 veritatis
1578 975 1685 1010 1019
1705 983 1764 1002 sus-

971 1028 1056 1056 pensa
1069 1021 1110 1048 vis
1129 1024 1183 1053 est,
1199 1021 1246 1048 sed
1261 1028 1294 1048 ex
1309 1020 1431 1055 ejusdem
1444 1020 1638 1056 gubernatrice
1655 1020 1764 1056 sapien-

125 1062 212 1094 οὖτως
234 1062 446 1098 ὁμολογούντων,
470 1063 517 1090 καὶ
543 1065 582 1100 μὴ
603 1066 675 1092 κατά
700 1065 745 1092 τὸν
769 1067 916 1102 Μαιιιχαῖον

972 1067 1020 1099 tia,
1038 1066 1305 1101 administrandiqiie
1328 1066 1476 1098 facultate,
1502 1073 1563 1101 quae
1583 1066 1666 1093 nullo
1681 1065 1764 1093 modo

125 1107 241 1143 ἑχόντων
264 1108 306 1143 (οὐ
327 1108 407 1144 χάριν
433 1108 489 1145 γὰρ
513 1110 617 1142 ἐκεῖνος
642 1110 733 1143 δώσει,
759 1111 844 1139 δοκῶν
874 1113 916 1144 είς

125 1154 236 1181 ἔπαινον
256 1153 377 1190 Χριστοῦ
393 1154 484 1189 σάρκα
504 1154 595 1190 λέγειν
610 1155 693 1182 αὐτὸν
712 1156 750 1192 μὴ
766 1156 919 1193 εἰληφέναι,

124 1198 193 1226 ἀλλὰ
212 1198 314 1234 μᾶλλον
333 1199 384 1235 τῆς
399 1199 529 1235 ἀληθείας
544 1201 668 1228 πεσεῖται
677 1220 686 1234 ,
700 1201 812 1238 δοκήσει
824 1203 921 1239 ὁμολο-

124 1245 181 1279 γῶν
197 1245 247 1282 τὴν
263 1245 395 1282 ἐνσαρκον
410 1245 530 1282 Χριστοῦ
551 1246 715 1283 παρουσίαν)
725 1256 733 1264 ·
745 1248 818 1276 οὕτω
828 1249 876 1276 καὶ
889 1251 921 1277 tv

125 1291 164 1327 τῷ
179 1291 293 1327 παρόντι
308 1293 366 1324 τοῖς
390 1291 537 1328 ἡμετέροις
551 1292 677 1328 ἀδελφοῖς
689 1293 766 1321 ἔσται
778 1295 795 1330 ὴ
811 1294 919 1330 Iudaic-

125 1338 202 1373 λογία
230 1338 332 1374 ματαία
355 1338 435 1374 χάρις
447 1338 631 1375 τυγχάνουσα.
657 1339 836 1375 Ὠμολόγηται
862 1341 921 1376 γὰρ

125 1384 190 1420 παρ’
205 1384 298 1416 αὐτοῖς
310 1392 340 1411 τε
359 1385 408 1412 καὶ
419 1385 486 1421 παρ’
503 1385 580 1421 ἡμῖν,
601 1384 651 1412 ὲάν
674 1384 714 1421 μὴ
726 1385 840 1413 θέλωσιν
861 1387 919 1413 ἐτέ-

126 1439 181 1467 ρως
196 1432 316 1466 φρονεῖν,
331 1430 423 1463 καθώς
435 1440 508 1463 τινες
526 1431 657 1464 πολλάκις
677 1432 725 1458 ἀπ’
738 1432 828 1460 αὐτῶν
842 1432 918 1465 ὄντες

125 1477 248 1504 ἑάλωσαν
261 1476 427 1512 πιεζόμενοι,
437 1476 482 1503 διὰ
496 1476 577 1503 τοῦτο
592 1477 640 1504 καὶ
653 1477 814 1512 ἀρνούμενοι
829 1478 920 1514 σάρκα

124 1522 254 1559 ἀληθινὴν
265 1523 312 1550 τὸν
333 1522 452 1558 Χριστὸν
467 1522 625 1558 εἰληφέναι·
645 1522 683 1555 ὡς
704 1523 761 1550 ἀνω
778 1532 823 1559 μοι
846 1524 919 1559 εἴρη-

124 1578 181 1601 ται,
199 1569 240 1596 ὅτι
252 1569 322 1600 τινὲς
337 1568 490 1604 ἐτόλμησαν
515 1567 605 1602 λέγειν
619 1567 763 1604 ὀμοούσιον
783 1567 854 1596 εἶναι
868 1569 917 1605 τὴν

126 1615 215 1651 σάρκα
228 1616 262 1650 τῇ
282 1615 365 1642 αὑτοῦ
377 1613 495 1650 θεότητι.
515 1614 584 1641 Ἀλλ’
601 1615 700 1641 ἐκεῖνοι
716 1615 766 1650 μὲν
782 1615 918 1651 παρεκϐα-

124 1660 264 1688 λέσθωσαν
279 1661 318 1692 ὡς
332 1661 530 1696 μεταγνόντες,
550 1660 598 1687 καὶ
611 1660 787 1696 ἐλεγχθέντες
811 1661 857 1688 επὶ
876 1661 918 1696 τῷ

125 1706 237 1742 τοιούτῳ
250 1706 418 1742 ἀτοπήματι,
430 1705 506 1742 παρὰ
519 1706 575 1738 τοῖς
587 1705 651 1741 περὶ
667 1706 768 1742 σαρκὸς
781 1707 810 1733 ὲν
825 1706 916 1737 αὐτοῖς

126 1752 215 1784 καλῶς
236 1752 374 1788 φρονοῦσι.
398 1750 511 1782 Πάντως
532 1751 586 1786 γάρ
605 1759 657 1778 που
677 1751 692 1778 ὁ
708 1751 789 1783 αὐτὸς
803 1751 914 1781 εὐλαϐέ-

127 1806 221 1830 στατος
241 1797 443 1832 ’Λπολλινάριος
456 1797 507 1823 οὐκ
519 1796 677 1832 amomi.

971 1112 1165 1148 comprehendi
1189 1116 1279 1148 potest
1295 1132 1304 1145 ,
1332 1111 1504 1140 aestimanda.
1532 1111 1667 1145 Quocirca
1698 1118 1763 1139 cum

970 1157 1105 1192 ejusmodi
1129 1159 1166 1186 sit
1189 1158 1252 1187 ﬁdei
1278 1162 1381 1187 nostra:
1404 1157 1558 1194 professio,
1580 1165 1669 1192 neque
1697 1163 1762 1185 cum

971 1204 1123 1233 Manichaee
1137 1205 1289 1234 sentiamus
1313 1205 1381 1241 (non
1399 1204 1473 1233 enim
1487 1204 1633 1240 gratificari
1651 1203 1697 1231 ille
1711 1211 1764 1239 pu-

970 1250 1069 1278 tandus
1083 1254 1145 1283 est,
1167 1258 1231 1279 cum
1253 1250 1289 1278 ad
1308 1249 1441 1286 majorem
1465 1249 1571 1278 Christi
1586 1248 1761 1277 commenda-

969 1295 1071 1323 tionem
1085 1303 1198 1324 carnem
1214 1295 1240 1324 ei
1259 1295 1399 1330 detrahit;
1425 1294 1473 1323 sed
1495 1301 1511 1322 a
1532 1294 1650 1323 veritate
1669 1293 1762 1330 βοείας

969 1342 1110 1375 abhorret,
1139 1342 1205 1370 dum
1229 1342 1305 1370 illius
1331 1341 1549 1370 incarnatiOnem
1579 1340 1671 1376 specie
1702 1339 1762 1367 sola

968 1392 1095 1416 constare
1121 1387 1234 1424 docet):
1264 1387 1360 1416 eodem
1389 1387 1471 1422 plane
1500 1385 1582 1413 modo
1612 1384 1760 1412 vanissima

970 1434 1085 1461 fratrum
1103 1437 1261 1461 nostrorum
1287 1433 1339 1461 erit
1364 1432 1410 1460 illa
1433 1432 1603 1467 disputatio,
1629 1430 1756 1458 inanissi—

969 1485 1097 1512 niumqiie
1114 1478 1183 1505 bene
1193 1479 1228 1505 de
1241 1477 1353 1505 Christo
1366 1477 1488 1505 merendi
1505 1475 1638 1504 studium.
1653 1473 1760 1502 Etenim

969 1527 1023 1549 tam
1041 1522 1078 1549 illi
1092 1530 1175 1557 quam
1191 1530 1242 1550 nos
1257 1523 1310 1558 ipsi
1325 1523 1358 1550 de
1370 1530 1454 1550 carne
1468 1522 1571 1550 Christi
1586 1521 1701 1549 veritate
1717 1529 1760 1548 ie-

967 1572 1010 1595 cte
1027 1568 1162 1596 sentimus
1174 1589 1181 1601 ,
1199 1568 1252 1596 nisi
1269 1568 1340 1596 forte
1364 1569 1444 1596 aliter
1469 1572 1591 1596 statuere
1606 1568 1760 1601 voluerint;

967 1614 1196 1649 quemadmodum
1207 1615 1330 1643 nonnulli
1344 1622 1415 1650 sit-pe
1427 1622 1459 1642 ex
1472 1615 1579 1642 illorum
1591 1620 1706 1641 numero
1715 1620 1761 1640 ar-

968 1663 1159 1695 gumentorum
1173 1659 1198 1687 vi
1213 1660 1299 1687 coacti
1313 1659 1487 1694 convictique
1499 1663 1574 1691 sunt,
1594 1665 1623 1686 ιιι
1637 1666 1729 1686 veram
1745 1665 1762 1685 ιι

967 1705 1078 1732 Christo
1089 1712 1199 1733 carnem
1209 1708 1377 1740 assumptum
1394 1705 1509 1732 iiitieiari
1520 1704 1662 1736 auderent,
1672 1707 1702 1730 ut
1713 1710 1762 1730 an-

967 1755 1010 1779 tea
1016 1750 1146 1781 diximus.
1154 1758 1187 1778 eo
1198 1750 1302 1778 scilicet
1312 1749 1444 1778 adductos
1453 1750 1597 1786 quosdam,
1608 1753 1637 1776 iit
1649 1757 1760 1777 carnem

969 1795 1109 1824 divinitati
1132 1796 1395 1824 consubstantialem
1414 1796 1544 1824 facerent.
1567 1795 1621 1824 Sed
1650 1800 1762 1831 praeter-

126 1844 247 1873 mittendi
272 1852 288 1871 a
312 1844 393 1873 nobis
409 1844 447 1872 illi
465 1848 546 1876 sunt,
565 1847 659 1879 utpote
685 1843 732 1879 qui
749 1843 917 1872 sententiam
938 1844 1116 1878 mutaverint,
1129 1848 1157 1872 et
1171 1851 1187 1871 a
1203 1844 1311 1872 caeteris
1334 1851 1367 1872 ex
1397 1843 1492 1872 eodem
1519 1851 1600 1880 grege
1612 1844 1645 1871 de
1657 1840 1761 1870 Christi

125 1897 206 1918 carne
231 1897 286 1917 non
310 1889 381 1917 male
415 1889 600 1917 sentientibus
630 1892 687 1916 tam
724 1888 875 1917 absurdum
904 1888 940 1917 ob
956 1896 1077 1917 errorem
1108 1889 1243 1917 confutati
1274 1889 1340 1917 sint.
1367 1888 1421 1917 Sed
1443 1887 1573 1924 quidquid
1589 1888 1624 1916 sit
1639 1888 1673 1915 de
1688 1887 1760 1920 aliis,

125 1940 199 1964 certe
215 1936 438 1972 religiosissimus
453 1935 520 1962 illud
534 1943 589 1963 non
607 1935 718 1970 negabit
734 1935 911 1970 Apollinaris.

160 1982 232 2015 KG".
243 1981 275 2008 Ei
290 1981 380 2008 τοίνυν
397 1980 488 2016 σάρκα
498 1980 609 2016 εἴληφεν
627 1979 712 2007 ἐλθὼν
725 1980 740 2006 ὁ
756 1980 853 2014 Λόγος,
865 1980 912 2007 καὶ

124 2027 178 2054 ἀπὸ
189 2027 298 2064 Μαρίας
309 2028 338 2054 ιν
352 2026 478 2062 ἀληθείᾳ,
495 2027 546 2053 οὐκ
559 2026 614 2053 ἀπὸ
630 2025 788 2061 σπέρματος
804 2026 910 2062 ἀνδρὸς,

123 2074 191 2102 ἀλλὰ
205 2073 249 2101 διὰ
262 2073 420 2109 Πνεύματος
444 2072 533 2108 ἁγίου,
546 2072 744 2108 ὲγκυμονηθεὶς
758 2072 786 2099 δὲ
799 2073 828 2099 ὲν
848 2072 915 2108 ἀλη-

123 2121 194 2158 θείᾳ,
209 2121 256 2147 καὶ
272 2119 499 2155 ἀναπλασάμενος
512 2118 620 2152 ἑαυτοῦ,
639 2118 676 2151 ὡς
693 2119 760 2151 Θεὸς
786 2120 834 2146 καὶ
850 2119 916 2147 πλόι-

124 2175 189 2202 στης
206 2166 243 2193 ὢν
264 2166 311 2193 τοῦ
330 2164 544 2202 πρωτοπλάστου
563 2163 708 2200 ἀνθρώπου
723 2165 772 2192 καὶ
787 2165 896 2192 πάντων
907 2172 915 2180 ·

122 2214 178 2249 ἄρα
187 2221 220 2248 γε
231 2213 281 2240 οὐκ
294 2211 437 2247 ἠλαττώθη
452 2211 538 2238 ἐλθὼν
553 2211 568 2237 ὁ
579 2211 674 2245 Λόγος,
690 2210 748 2238 ἀλλ’
765 2210 870 2246 ἔμεινεν
884 2211 914 2237 ὲν

121 2261 154 2296 τῇ
181 2259 235 2295 ίδίᾳ
257 2258 385 2295 ἀτρέπτῳ
400 2257 491 2292 φύσει.
507 2257 545 2284 Οὐ
566 2256 621 2292 γὰρ
647 2256 736 2283 λαϐὼν
758 2256 806 2292 τὴν
823 2256 914 2292 σάρκα

121 2305 227 2341 τροπὴν
242 2304 362 2338 ὑπέστη,
378 2302 416 2334 ὡς
429 2301 582 2336 Ιμοὺύσιος
596 2300 655 2336 Θεῷ
670 2301 758 2336 [lath
768 2320 775 2332 ,
799 2301 846 2328 καὶ
864 2300 914 2326 οὐκ

1002 1976 1096 2004 XXVI.
1118 1976 1209 2010 Quare
1221 1984 1284 2004 cum
1297 1974 1417 2005 Verbum
1436 1977 1481 2005 Dei
1497 1977 1605 2006 caelitus
1618 1977 1760 2014 delapsum

968 2031 1028 2051 vere
1049 2031 1082 2050 ex
1103 2022 1188 2050 Maria
1210 2022 1334 2058 Virgine,
1361 2030 1414 2050 non
1437 2030 1468 2050 ex
1486 2024 1557 2050 virili
1576 2024 1692 2056 semine,
1712 2025 1760 2052 sed

966 2067 1000 2096 de
1015 2067 1118 2103 Spiritu
1139 2071 1235 2095 sancto
1263 2075 1373 2095 carnem
1394 2068 1555 2101 susceperit,
1577 2070 1604 2094 et
1630 2067 1656 2094 in
1684 2067 1758 2094 illius

970 2117 1048 2141 utero
1069 2120 1098 2140 re
1111 2113 1169 2148 ipsa
1182 2117 1303 2148 gestatus
1320 2112 1366 2143 sit,
1382 2119 1414 2138 ac
1432 2111 1483 2139 sibi
1498 2119 1599 2146 corpus
1613 2111 1759 2144 eﬂinxei-it,

971 2163 1067 2195 utpote
1084 2158 1168 2190 Deus,
1189 2165 1221 2185 ac
1241 2162 1296 2184 tam
1312 2156 1392 2192 primi
1416 2156 1502 2183 nostri
1522 2156 1654 2190 parentis,
1678 2163 1760 2190 quam

969 2207 1135 2241 reliquarum
1163 2209 1286 2232 omnium
1300 2211 1391 2230 rerum
1406 2202 1484 2229 ﬁctor
1501 2209 1533 2228 ac
1555 2202 1691 2234 conditor,
1705 2209 1760 2228 non

966 2253 1060 2287 utique
1081 2251 1161 2279 Verbi
1185 2251 1258 2278 illius
1279 2255 1320 2277 est
1336 2249 1478 2277 imminuta
1505 2248 1636 2282 dignitas.
1661 2248 1708 2275 sed
1731 2248 1759 2274 in

968 2298 1078 2334 propria
1101 2302 1128 2325 et
1150 2297 1311 2325 immutabili
1335 2299 1432 2323 natura
1461 2295 1591 2330 perstitit.
1606 2293 1674 2321 Nam
1695 2302 1758 2321 cum

120 2340 262 2386 ἀλλότριος
288 2349 364 2385 παρὰ
388 2345 571 2383 τὸντῖιατὲρα
595 2347 642 2373 καὶ
663 2347 694 2373 τὺ
723 2347 799 2381 ἅγιον
828 2346 911 2373 αὑτοῦ

969 2353 1077 2373 carnem
1099 2344 1197 2375 induit,
1216 2343 1319 2370 nullam
1343 2340 1562 2369 vicissitudinem
1581 2343 1623 2367 est
1647 2347 1758 2375 passus,

120 2396 243 2432 Πνεῦμα.
269 2396 299 2423 El
315 2395 403 2422 τοίνυν
417 2394 591 2430 ὡμολόγηται
613 2393 706 2428 σαφῶς
725 2393 815 2428 σάρκα
830 2393 911 2420 αὑτὸν

120 2442 271 2477 εἰληφέναι,
286 2442 334 2468 καὶ
350 2439 498 2476 ὴδρύνθαι,
516 2440 572 2475 ἄρα
591 2439 641 2466 οὐκ
657 2439 736 2471 ἐκτὸς
753 2439 842 2475 ψυχῆς
852 2447 914 2474 τυγ-

124 2487 208 2523 (ἄνει.
224 2487 282 2513 Πᾶν
294 2486 349 2522 γὰρ
361 2485 393 2512 τὸ
403 2485 597 2521 ἅδρυνόμενον,
611 2484 681 2519 πλὴν
695 2483 750 2511 τῶν
764 2482 913 2520 ἀκινήτων,

121 2535 152 2560 ὲκ
168 2533 257 2568 ψυχῆς
276 2533 323 2559 καὶ.
344 2531 469 2567 σώματος
483 2530 632 2566 συνέστηκε
643 2550 650 2562 ,
668 2529 739 2557 κατὰ
753 2529 784 2556 τὸ
799 2529 913 2566 εἰρημέ-

120 2587 166 2606 νον
175 2587 183 2595 '
197 2579 228 2605 '0
239 2578 272 2605 δέ
289 2577 410 2612 Ἰησοῦς
424 2577 611 2612 προέκοπτεν
625 2576 661 2602 ἐν
675 2576 770 2610 σοφίᾳ
781 2576 829 2602 καί
844 2575 913 2610 ἡλι-

119 2627 171 2660 κίςι
181 2633 187 2640 ·
205 2625 249 2652 ἵνα
264 2624 340 2661 δείξῃ
353 2623 402 2659 τὴν
413 2623 523 2659 ἡλικίαν
538 2621 583 2649 διὰ
594 2622 644 2658 τὴν
659 2622 764 2657 σάρκα·
779 2621 872 2657 ἡλικία
884 2620 913 2661 δε

118 2671 175 2699 ἀπὸ
187 2671 237 2706 τῆς
253 2670 352 2706 ψυχῆς,
373 2669 410 2702 ὡς
431 2668 512 2705 ἔφην.
540 2668 588 2695 καὶ
606 2668 732 2703 σώματος
750 2667 912 2694 τελειοῦται.

119 2716 199 2745 Μετά
215 2716 242 2743 δὲ
264 2716 294 2742 τὸ
314 2716 413 2747 εἰπεῖν,
438 2714 612 2750 Προέκοτιτεν
628 2713 731 2749 ἡλικίᾳ,
760 2712 915 2744 ἀκολούθως

119 2763 197 2796 φησὶ,
217 2762 272 2789 Καὶ
286 2761 377 2797 σοφίᾳ.
396 2761 425 2787 '0
438 2760 475 2787 ὢν
497 2760 524 2787 δὲ
540 2759 620 2794 σοφία
638 2759 755 2795 Πατρὸς,
774 2758 832 2790 πῶς
849 2767 914 2794 προ‹

119 2810 235 2837 έκοπτεν
251 2809 280 2834 ὲν
297 2807 389 2842 σοφίᾳ,
403 2808 427 2834 εἰ
441 2807 581 2842 ἀλλότριον
599 2804 633 2841 ἦν
650 2806 681 2833 τὸ
697 2805 793 2837 σκεῦος
808 2805 854 2832 νοῦ
868 2805 914 2832 ἀνι

156 2889 165 2904 ³
183 2887 249 2916 Luc,
265 2893 296 2919 ιι,
313 2886 357 2914 5'2.

968 2393 1056 2429 utqui
1075 2391 1130 2419 Deo
1158 2389 1231 2417 Patri
1255 2388 1499 2417 consubstantialis
1527 2387 1653 2419 exsistat.
1675 2395 1725 2414 nec
1744 2395 1758 2414 a

966 2439 1034 2470 Deo,
1047 2438 1089 2466 vel
1103 2437 1136 2464 ab
1153 2437 1226 2464 illius
1240 2434 1344 2470 Spiritu
1360 2439 1456 2462 sancto
1471 2433 1609 2465 diversus,
1631 2437 1678 2460 aut
1692 2433 1760 2459 alic-

965 2493 1029 2512 niis.
1044 2482 1148 2517 Quodsi
1164 2481 1236 2509 istud
1257 2481 1284 2507 in
1300 2478 1429 2507 confesso
1455 2482 1516 2511 est,
1545 2486 1656 2506 carnem
1680 2478 1757 2505 illiiiii

964 2531 1088 2559 induisse
1117 2533 1199 2564 atque
1217 2527 1387 2554 incrementa
1408 2525 1525 2561 cepisse,
1547 2525 1645 2552 anima:
1660 2532 1758 2559 expers

962 2585 1024 2605 esse
1043 2583 1099 2603 non
1118 2578 1217 2610 potest.
1231 2571 1370 2608 Quidquid
1391 2571 1463 2599 enim
1490 2571 1632 2602 adolescit,
1654 2569 1678 2596 si
1703 2570 1756 2595 Illl-

964 2623 1079 2650 mobiles
1100 2629 1144 2649 res
1168 2619 1302 2655 excipias,
1330 2618 1420 2645 anima
1447 2621 1556 2644 constat
1576 2620 1603 2643 et
1629 2622 1754 2649 corpore.

964 2667 1003 2695 Eo
1020 2675 1102 2703 porro
1116 2667 1266 2701 Scriptura:
1285 2665 1367 2692 verba
1386 2664 1431 2691 illa
1452 2662 1596 2690 referenda
1612 2665 1675 2687 sunt
1690 2670 1695 2686 :
1708 2660 1751 2686 Je-

963 2722 1008 2741 sus
1022 2718 1110 2740 autent
1125 2711 1259 2739 crescebat
1272 2711 1403 2746 sapientia
1415 2714 1439 2736 et
1455 2714 1532 2736 (etate
1545 2709 1563 2734 ‘.
1579 2707 1629 2734 Ilbi
1646 2709 1757 2741 propter

963 2767 1084 2791 carnem,
1105 2761 1212 2785 aztatein
1231 2756 1413 2793 signiﬁcavit;
1428 2758 1494 2783 tetas
1514 2761 1578 2781 vero
1599 2759 1632 2780 ex
1652 2752 1755 2784 anima,

964 2805 1003 2831 uti
1018 2803 1085 2836 dixi,
1097 2807 1124 2831 ct
1135 2809 1252 2837 corpore
1264 2801 1414 2838 perﬁcitur.
1433 2800 1471 2827 Ac
1485 2802 1661 2834 posteaquam
1675 2800 1754 2825 relate
