1945 3043
181 144 236 172 (Z79

888 143 917 171 S.
941 141 1112 170 ΕΡΙΡΙΙΑΝΙΙ

1759 147 1812 176 680

179 210 183 226 ι
198 201 255 228 lum
275 201 442 236 processisse
461 201 540 235 dixit,
558 205 751 233 consentanec,
776 201 810 229 Et
827 202 959 238 sapientia

1027 202 1180 238 ῦρωπὶνου;
1200 202 1255 230 Καὶ
1278 203 1301 230 ει
1323 203 1388 230 ἄνευ
1409 202 1469 234 νοὸς
1485 201 1628 238 ἐτύγχανε,
1653 202 1714 234 sub;
1732 202 1815 238 σοφία

177 247 312 274 subdidit.
327 246 386 273 Jam
404 253 468 274 \‘cro
485 247 532 281 qui
555 246 689 282 sapientia
703 246 792 274 Patris
812 251 896 278 esset,
912 248 963 282 qui

1025 249 1054 274 ἐν
1069 247 1140 283 ψυχῇ
1155 248 1201 275 καὶ
1220 248 1326 284 σώματι
1346 249 1516 284 προέκοπτε;
1535 249 1590 275 Καὶ
1603 249 1669 283 ὁρᾷς
1684 249 1757 283 πόση
1772 248 1813 280 τίς

178 299 242 318 nam
265 292 332 319 ullas
357 291 496 326 sapientiae
519 292 727 327 progressiones
754 293 854 320 habere
876 294 972 327 potuit,

181 338 203 364 si
220 337 255 364 ab
275 337 395 364 humana
412 342 503 365 mente
519 338 658 365 diversum
674 346 721 366 vas
738 339 815 370 illud,
832 343 861 366 ut
879 340 915 366 ita
929 339 971 366 di-

180 391 252 415 cam,
277 383 345 410 fuit?
359 383 397 410 Ac
418 384 442 411 si
467 385 567 412 mentis
585 392 682 419 expers
701 385 808 420 1020
819 386 971 417 exstiterit,

180 429 226 463 qui
250 429 307 456 ﬁeri
331 430 431 464 potuit,
463 433 493 457 ut
525 430 659 465 sapientia
683 439 799 466 corpore
824 432 970 467 animaque

181 483 340 510 progressus
357 475 479 503 faceret?
492 475 586 508 Vides,
602 485 684 512 quam
699 477 808 504 detorta
831 478 951 505 violenta
961 493 970 498 -

179 529 232 555 que
247 521 283 548 sit
300 521 408 548 illorum
418 523 565 555 sententia,
581 530 697 557 quorum
711 530 789 550 meus
800 530 815 549 ι
832 526 907 550 recto
924 530 970 550 ve-

181 566 269 593 ritatis
286 566 382 594 itinere
404 567 531 595 deﬂexit?
544 568 577 594 At
593 569 677 599 enim,
694 568 830 603 inquiunt,
850 573 968 596 mentem

179 610 282 637 idcirco
306 611 381 638 illum
402 613 558 647 suscepisse
583 621 667 649 nego:
696 614 797 649 alioqui
819 614 969 649 cupiditate

178 655 254 683 illum
277 657 357 689 allici,
374 658 414 684 vel
435 658 538 685 irritari
562 666 629 686 sane
647 657 781 691 «ﬁcainus,
805 667 867 686 cum
890 667 967 688 meus

180 702 235 734 illa,
251 710 311 736 qua:
331 703 411 730 nobis
437 703 518 736 inest,
543 704 680 731 variarunt:
703 712 794 732 rerum
815 704 966 740 cupiditate

178 753 312 776 teneatur.
330 749 372 782 Et,
387 755 416 776 ut
429 758 484 777 uno
497 751 579 778 verbo
594 750 694 782 dicam,
711 751 779 778 mira
793 755 836 779 est
852 751 965 779 istorum

179 795 320 821 bouiinum
345 795 490 830 argutandi
511 804 543 823 ac
560 797 709 823 ‘cavillandi
735 797 838 824 libido:
853 797 966 832 perinde

178 848 210 867 ac
227 841 360 875 scriptum
377 845 438 868 est:
456 840 531 868 Fecit
549 841 617 869 Deus
635 842 780 877 simplicem
811 847 836 870 et
853 843 964 877 pruden-

1025 295 1083 320 ἐστι
1103 294 1270 330 βεϐιασμένη
1287 295 1390 321 διάνοια
1407 294 1462 320 τῶν
1482 295 1528 320 τὴν
1542 294 1604 320 νοῦν
1623 293 1812 329 παραϐαλλὺνσ

1023 349 1096 374 «nev;
1127 341 1218 373 Ἀλλὰ,
1243 342 1342 376 φησὶν,
1369 341 1399 367 οὐ
1418 341 1500 375 λέγω,
1533 341 1573 367 ὅτι
1611 340 1674 367 νοῦ-ι
1701 340 1812 375 εἴληφεν

1022 386 1205 422 ἀνθρώπινον·
1235 388 1296 414 ἐπεὶ
1324 388 1481 422 ποιήσωμεν
1506 386 1587 413 αὑτὸν
1615 385 1811 421 ἐπιθυμοῦντα,

1021 433 1222 469 ἐρεθιζόμενον·
1241 433 1333 469 ἐπειδὴ
1347 433 1400 469 γὰρ
1416 434 1444 459 ἐν
1461 434 1526 468 ἡμῖν
1536 432 1709 468 ἐπιθυμητὴς
1724 433 1738 458 ὁ
1751 433 1813 462 νοῦς

1020 479 1159 513 τυγχάνει.
1190 480 1246 505 Καὶ
1270 479 1364 511 ἁπλῶς
1386 479 1470 514 πολλὴ
1494 478 1546 505 τῶν
1571 478 1724 514 ἀνθρώπων
1753 479 1814 513 ἐρεν

1021 525 1124 560 σχελία,
1132 525 1170 556 ὡς
1180 525 1304 560 εἴρηκεν·
1321 526 1485 558 Ἐποίησεν
1495 527 1512 551 ὁ
1524 525 1596 558 Θεὸς
1607 525 1728 552 ἁπλοῦν
1743 533 1814 551 συν-

1018 571 1089 598 ετὸν
1111 571 1271 605 ἄνθρωπον
1281 580 1288 587 υ
1307 571 1392 598 αὐτοὶ
1407 571 1441 597 δε
1454 571 1604 604 ἐποίησαν
1627 571 1746 604 ἑαυτοῖς
1760 573 1813 598 λο-

1019 617 1146 652 γισμοὺς
1180 618 1325 650 πολλοὺς.
1357 617 1387 643 Et
1415 617 1469 653 γὰρ
1496 618 1582 648 ὅλως,
1609 616 1813 652 ὁμολογούντων

1019 662 1098 698 ὴμῶν
1112 662 1175 689 νοῦν
1195 663 1336 699 εἰληφέναι
1355 663 1401 689 τὸν
1421 662 1607 698 ἀνθρώπινον,
1621 663 1754 698 νοήσομεν
1772 664 1813 695 εις

1018 709 1114 735 ἑαυτὸν
1138 708 1187 743 τῆς
1206 709 1345 744 ἡμετέρας
1367 708 1542 740 ἐλαττώσεως
1566 707 1600 734 τὰ
1617 708 1705 744 μέρη,
1722 707 1812 744 πολλῷ

1019 754 1130 789 μᾶλλον,
1144 754 1348 790 ὁμολογούντων
1365 755 1444 790 ἡμῶν
1460 755 1549 790 σάρκα
1564 755 1646 781 αὐτὸν
1658 754 1811 790 εἰληφέναι,

1020 801 1142 837 δώσομεν
1156 801 1228 828 κατὰ
1243 800 1274 828 τὸ
1286 801 1368 837 μέρος
1380 800 1468 833 τοῦτο,
1481 801 1552 827 κατὰ
1565 801 1610 827 τὸν
1627 800 1709 828 αὐτὸν
1721 800 1811 835 λόγον,

1015 847 1056 874 ὅτι
1073 848 1102 873 ὲν
1119 847 1201 882 σαρκὶ
1221 847 1375 882 ἠλάττωται
1389 855 1396 861 θ
1414 846 1483 882 ὅπερ
1501 846 1539 882 μὴ
1559 846 1679 880 γένοιτοι
1708 845 1753 877 Ὠς
1764 843 1812 873 οὖν

180 892 229 913 tem
241 887 388 918 hominem;
404 886 448 913 sed
461 887 511 921 ipsi
525 887 613 914 uarias
630 888 680 914 sibi
695 888 865 922 cogitationes
879 889 963 923 ﬁnxe-

1017 893 1046 919 ὲν
1056 893 1088 928 τῇ
1103 892 1184 928 σαρκὶ⁴
1197 891 1352 927 ἠλαττώθη,
1366 891 1467 927 καίπερ
1483 891 1613 927 ἀληθινὴν
1627 891 1717 926 σάρκα
1728 890 1810 926 ιχων,

179 932 268 958 runt‘.
287 931 353 958 Nam
375 932 398 959 si
419 940 452 959 ex
473 939 506 960 eo
530 933 602 967 quod
622 933 770 960 humanam
789 934 828 961 illi
846 939 965 963 mentem

175 977 362 1009 attribuimus,
393 981 502 1005 nostros
526 978 615 1006 eidem
642 978 768 1007 defectus
792 979 964 1016 allingamus,

177 1030 239 1050 cum
262 1027 290 1051 et
310 1024 399 1058 ipsum
420 1031 531 1052 carnem
557 1024 680 1053 induisse
710 1025 854 1058 fateamur,
879 1026 966 1054 multo

184 1069 269 1105 magis
291 1069 343 1097 hac
365 1078 396 1098 ex
418 1074 504 1105 parte,
528 1071 550 1098 si
569 1071 676 1098 illorum
697 1072 871 1100 sermonibus
891 1073 968 1100 adhi-

184 1116 271 1144 benda
295 1115 363 1143 ﬁdes
385 1120 438 1149 est,
466 1117 625 1145 imminutus
653 1118 735 1145 debet
756 1118 841 1146 videri
865 1127 874 1146 :
894 1118 967 1154 quod

177 1162 287 1197 quidem
303 1162 386 1194 absit,
414 1167 445 1189 ut
463 1171 582 1198 unquam
612 1163 764 1199 opinemur.
782 1164 966 1197 Quamobrem

175 1210 215 1235 uti
230 1208 348 1237 Verbum
370 1210 472 1237 nullam
489 1212 517 1237 in
529 1217 613 1238 carne
623 1209 833 1238 diminutionem
853 1218 965 1245 passum

175 1258 229 1288 est,
247 1257 357 1284 tametsi
373 1264 465 1284 veram
479 1256 530 1284 sibi
543 1263 654 1284 carnem
671 1256 841 1291 imposuerit.
863 1257 901 1283 ita
915 1264 965 1284 nec

175 1300 204 1326 in
219 1300 338 1328 humana
354 1306 445 1329 mente
459 1302 608 1337 quidquam
627 1301 766 1337 cogitavit,
785 1302 859 1337 quod
874 1302 966 1331 minus

1020 937 1104 965 ἐλθὼν
1120 939 1134 965 6
1150 937 1244 972 Λόγος,
1266 938 1326 964 οὐδὲ
1349 938 1378 964 ὲν
1394 937 1433 973 τῷ
1454 937 1492 973 νῷ
1511 937 1546 964 τὰ
1568 936 1605 972 μὴ
1621 936 1762 972 πρέποντα
1777 937 1810 972 τῇ

1020 983 1102 1011 αὑτοῦ
1115 983 1220 1018 θεότητι
1233 983 1401 1018 διανενόηται
1410 992 1418 1000 ’
1429 983 1487 1010 ἀλλ’
1500 983 1550 1010 ὅσα
1561 980 1594 1018 ἦν
1606 981 1704 1017 εὔλογα
1728 982 1812 1017 σαρκὶ

1020 1029 1068 1056 καὶ
1080 1028 1164 1064 ψυχῇ,
1183 1028 1229 1056 καὶ
1243 1028 1281 1064 νῷ
1295 1028 1468 1064 ἀνθρωπίνῳ,
1483 1027 1571 1054 ταῦτα
1587 1027 1711 1054 ἐπετέλει
1725 1027 1811 1054 ἐλθὼν

1021 1076 1035 1101 ό
1057 1068 1179 1110 Κύριος,
1199 1074 1243 1101 ἵνα
1267 1074 1304 1110 μὴ
1327 1073 1433 1110 ταράξῃ
1452 1073 1502 1108 τῆς
1525 1072 1655 1108 ἀληθινῆς
1674 1072 1811 1108 ὲνσάρκου

1022 1121 1173 1157 παρουσίας
1196 1121 1246 1156 τὴν
1263 1119 1434 1147 ἀκολουθίαν.
1459 1118 1578 1152 Εὓλογον
1594 1119 1649 1154 γὰρ
1673 1116 1708 1154 ἦν
1730 1119 1812 1145 πεῖνα

1020 1167 1067 1194 καὶ
1079 1167 1154 1202 δίψα,
1174 1167 1220 1194 καὶ
1236 1166 1358 1201 κάματος
1381 1165 1428 1192 καὶ
1453 1164 1547 1196 ὕπνος,
1561 1164 1701 1199 ὁδοιπορία
1718 1172 1748 1190 τε
1764 1163 1812 1190 καὶ

1019 1213 1104 1248 λύπη,
1123 1212 1263 1248 κλαυθμὸς
1283 1212 1331 1238 καὶ
1352 1211 1528 1247 ὲμῦρίμησις.
1546 1209 1639 1238 Ταῦτα
1656 1211 1684 1237 δὲ
1699 1210 1812 1237 ἀκολού-

1019 1259 1072 1291 θως
1087 1260 1115 1286 ὲν
1130 1258 1205 1293 αὐτῷ
1215 1258 1375 1285 τελεσθέντα
1391 1256 1490 1292 εὔλογα
1505 1257 1556 1292 τῆς
1568 1256 1703 1291 ὲνσάρκον
1715 1256 1809 1291 ἀληθι-

1019 1304 1067 1339 νῆς
1083 1304 1236 1340 παρουσίας
1255 1304 1403 1339 ὑπέφηνεν.

174 1349 248 1374 θεεθῑ
274 1346 418 1375 άὶνὶηίιειιθ
440 1348 574 1383 dignum;
602 1348 650 1375 Sed
678 1355 709 1376 ea
735 1348 880 1380 duntaxat,
903 1356 964 1383 quae
976 1351 1064 1383 carni,
1080 1351 1181 1378 animae
1207 1357 1235 1379 et
1258 1351 1386 1378 humanae
1401 1350 1486 1377 menti
1515 1352 1703 1376 consentanea
1734 1346 1812 1374 vide—

174 1394 285 1429 bantur,
304 1395 438 1424 accedens
463 1396 593 1424 Dominus
615 1396 762 1432 expressit,
782 1404 815 1423 ne
831 1404 903 1424 verae
917 1405 974 1425 sum
990 1398 1189 1427 incarnationis
1197 1399 1321 1426 ordinem
1337 1398 1493 1433 seriemque
1517 1396 1703 1432 perturbaret.
1724 1395 1809 1425 Erant

174 1449 257 1477 porro
290 1442 342 1469 ista
374 1447 560 1470 consentanea
583 1452 589 1470 :
613 1443 710 1474 fames,
739 1443 821 1476 sitis,
854 1442 989 1479 fatigatio,
1017 1453 1141 1479 somnus,
1174 1446 1370 1481 peregrinatio,
1392 1444 1482 1476 dolor,
1514 1444 1605 1475 fletus,
1633 1443 1809 1478 indignatio.

172 1494 243 1522 quite,
260 1491 288 1514 ut
309 1494 360 1522 par
380 1492 450 1520 erat,
472 1489 501 1515 in
527 1495 587 1516 sese
603 1488 724 1522 perfecta
746 1495 809 1515 cum
826 1487 958 1522 hominis,
987 1497 1069 1526 quam
1098 1499 1193 1519 revera
1220 1494 1382 1527 susceperat
1409 1493 1509 1518 natura
1526 1489 1685 1525 conjuncta.
1708 1496 1810 1516 eonve-

173 1531 332 1566 nientiaque
349 1532 523 1560 monstravit.

208 1577 316 1606 XXVII.
336 1577 430 1612 Neque
450 1577 524 1604 enim
540 1577 673 1613 scriptum
690 1583 732 1607 est
753 1580 859 1615 uspiam
878 1587 960 1615 prava

1051 1578 1112 1606 KZ'.
1125 1579 1162 1606 Οὐ
1175 1579 1230 1614 γὰρ
1242 1578 1456 1614 γέγραπται,ὃτι
1473 1578 1647 1614 ἐπεθύμησεν
1658 1579 1809 1616 ἐπιθυμίαν

173 1624 250 1652 illum
279 1624 429 1660 cupiditate
455 1623 541 1652 fuisse
570 1630 738 1661 correptum.
770 1626 842 1660 Quin
874 1627 963 1662 potius

1015 1625 1130 1661 φαύλην.
1151 1625 1268 1661 ’Λγαθὴν
1289 1625 1319 1652 δὲ
1333 1624 1481 1660 ἐπιθυμίαν
1503 1624 1679 1660 ἐπεθύμησε,
1698 1627 1806 1661 φήσας·

172 1672 275 1708 optima
292 1672 368 1699 illum
386 1671 522 1706 cupiditas
539 1672 621 1707 cepit,
639 1679 702 1699 cum
719 1673 756 1699 ita
773 1673 881 1700 locutus
896 1677 938 1700 est
955 1683 961 1700 :

172 1720 309 1747 Desiderio
334 1720 480 1748 desideravi
503 1719 551 1747 hoc
572 1720 669 1754 pascha
695 1721 857 1748 manducare
881 1721 965 1748 vobis-

171 1774 232 1793 cum
242 1768 263 1793 ¹.
287 1766 369 1801 Atqui
385 1766 550 1794 desiderium
573 1775 662 1802 neque
677 1775 692 1794 a
720 1768 861 1795 divinitate
881 1767 964 1802 profl-

172 1812 297 1844 ciscitur,
309 1820 398 1847 neque
412 1820 445 1839 ex
463 1812 520 1840 sola
536 1820 630 1845 carne,
648 1818 694 1840 aut
708 1821 742 1840 ex
753 1814 844 1841 anima
863 1813 964 1841 mentis

173 1863 294 1893 experte,
314 1857 363 1885 sed
384 1865 399 1884 a
415 1857 539 1893 perfecta
555 1858 673 1886 hominis
688 1863 796 1890 natura,
819 1867 880 1894 quae
899 1867 963 1886 cor-

173 1910 224 1937 pus
240 1907 268 1930 et
282 1907 399 1930 mentem
418 1911 452 1932 ac
487 1903 620 1939 quidquid
638 1903 747 1931 inestin
767 1904 877 1931 homine
889 1911 964 1931 com-

173 1949 309 1983 plectitur.
341 1949 389 1977 llis
413 1950 486 1977 enim
515 1950 654 1981 omnibus,
686 1956 812 1984 corpore,
839 1950 961 1984 inquam,

173 1994 265 2021 anima
287 1997 313 2022 et
327 1999 467 2030 mente,ac
495 1995 620 2030 reliquis,
641 2003 701 2029 quae
715 1995 742 2021 in
761 1995 870 2022 homine
888 2000 962 2026 sunt,

172 2041 301 2068 omnibus
325 2041 468 2076 prmditum
490 2040 608 2068 Verbum
631 2041 754 2073 advenit;
780 2041 802 2068 si
821 2046 962 2076 peccatum

175 2094 207 2115 ac
224 2087 359 2115 defectum
376 2095 484 2115 onmem
501 2087 632 2122 excipias,
658 2095 705 2122 pro
727 2094 759 2115 eo
775 2094 808 2114 ac
828 2087 961 2122 scriptum

173 2137 232 2160 est:
246 2133 374 2160 Teutalus
387 2142 433 2167 per
446 2134 533 2160 omnia
545 2139 573 2159 ut
583 2133 670 2165 homo,
681 2137 776 2167 pra'ter
795 2133 960 2167 peccatum‘.

170 2179 272 2213 Quodsi
296 2180 387 2206 omnia
408 2184 537 2214 expertus
567 2184 626 2213 est,
660 2187 774 2207 necesse
800 2184 842 2207 est
869 2179 961 2206 omnia

171 2233 253 2261 penes
277 2224 397 2253 Verbum
425 2225 518 2253 fuisse.
547 2224 646 2252 Verum
670 2233 732 2252 eum
763 2225 820 2252 hanc
847 2225 961 2252 haberet

169 2272 270 2302 omnia,
287 2271 381 2298 eadem
399 2278 490 2298 tamen
517 2270 543 2297 in
563 2271 623 2306 ipso
658 2272 782 2306 superari
806 2279 861 2298 non
882 2275 958 2306 pote-

171 2323 242 2350 rant,
258 2321 284 2345 et
300 2319 359 2345 sine
374 2318 428 2344 ulla
444 2318 504 2345 labe
518 2322 625 2345 servata
647 2322 721 2350 sunt,
739 2325 800 2345 cum
816 2318 958 2353 perfectus

169 2369 242 2391 esset
261 2363 330 2390 Deus
345 2372 377 2390 ex
398 2371 481 2390 carne
495 2363 614 2399 genitus,
626 2364 671 2399 qui
692 2365 811 2399 perfecte
834 2364 958 2399 implevit

169 2410 273 2439 oiiinia.
290 2409 393 2444 1021
412 2413 540 2443 tanquam
561 2408 672 2444 perfecti
695 2409 768 2436 vasis
792 2409 891 2436 artifex
909 2419 915 2436 :
930 2409 956 2436 in

169 2463 223 2489 quo
244 2462 330 2489 neqm:
354 2461 419 2480 caro
443 2454 534 2480 minus
557 2454 730 2481 convenienti
755 2454 848 2489 aliquo
868 2453 959 2481 studio

168 2501 255 2527 divisa
276 2500 322 2532 sit,
339 2508 389 2527 nec
400 2500 458 2534 ipse
476 2500 565 2527 alieno
581 2500 671 2535 aliquo
689 2499 786 2527 mentis
799 2507 891 2532 sensu,
907 2507 958 2526 cu-

166 2546 286 2581 jusmodi
315 2546 342 2572 iu
363 2547 444 2574 nobis
469 2546 601 2577 cernitur,
627 2547 663 2573 sit
690 2547 857 2573 abstractus.
881 2545 958 2573 Mens

166 2594 238 2620 enim
258 2597 350 2620 ucstra
362 2600 416 2619 non
431 2593 463 2619 ad
481 2596 623 2627 peccatum
643 2592 853 2627 perpetrandum
873 2592 956 2619 insita

167 2638 245 2665 nobis
260 2643 312 2669 est,
326 2637 374 2665 sed
387 2637 420 2664 ad
431 2645 525 2664 earum
535 2645 637 2669 rerum,
647 2644 707 2672 quae
722 2638 749 2663 in
766 2637 843 2664 nobis
854 2641 956 2663 utram-

166 2692 218 2718 que
233 2684 259 2710 iu
278 2687 382 2719 partem
403 2684 621 2715 considerantur,
639 2683 876 2718 contemplandum
893 2691 956 2718 per-

168 2730 321 2761 lectionem,
346 2737 452 2757 necnon
474 2734 501 2757 et
527 2729 614 2756 ofﬁcia
643 2730 766 2763 justitiae,
784 2730 826 2757 vel
849 2730 874 2757 ei
890 2737 953 2757 cou-

167 2776 249 2802 traria
265 2776 462 2810 dignoscenda.
489 2776 594 2811 Quippe
616 2777 715 2804 mentis
740 2780 781 2804 est
804 2777 889 2804 verba
911 2776 953 2804 di-

1021 1671 1178 1704 Ἔπιθυμίςι
1197 1671 1373 1705 ἐπεθύμησα
1399 1671 1488 1698 τοῦτο
1512 1670 1545 1697 τὸ
1571 1671 1677 1706 πάσχα
1700 1674 1809 1707 φαγεῖν

1011 1717 1076 1752 μεθ’
1096 1716 1190 1751 ὑμῶν.
1213 1716 1360 1751 Ἐπιθυμία
1377 1717 1405 1743 δὲ
1427 1717 1459 1743 ὲκ
1482 1717 1609 1752 θεότητος
1632 1718 1663 1744 οὐ
1688 1719 1807 1752 γίνεται,

1012 1763 1074 1790 οὐδὲ
1090 1763 1123 1790 ὲκ
1136 1763 1237 1800 σαρκὸς
1258 1763 1416 1798 μονωτάτης
1428 1783 1435 1794 ,
1451 1763 1512 1790 οὐδὲ
1528 1764 1560 1790 ὲκ
1575 1764 1665 1799 ψυχῆς
1679 1765 1807 1801 ἀνοήτου,

1012 1809 1081 1836 ἀλλὰ
1101 1810 1133 1837 ὲκ
1152 1809 1259 1841 τελείας
1282 1809 1516 1845 ἑνανθρωπήσεως
1536 1809 1662 1844 σώματος
1684 1810 1731 1837 καὶ
1759 1811 1807 1837 τοῦ

1012 1856 1058 1883 νοῦ
1069 1876 1076 1888 ,
1092 1856 1138 1883 καὶ
1153 1856 1253 1888 παντὸς
1270 1852 1373 1887 οὗτινος
1393 1855 1440 1882 τοῦ
1463 1857 1491 1883 ὲν
1510 1856 1646 1892 ἀνθρώπῳ
1660 1857 1808 1891 τυγχάνον-

1011 1910 1068 1933 τος.
1095 1902 1177 1936 Ἔσχε
1202 1902 1257 1937 γὰρ
1281 1901 1368 1928 ταῦτα
1391 1900 1476 1928 ἐλθὼν
1504 1902 1518 1927 ὁ
1544 1902 1629 1936 Λόγος
1655 1901 1735 1937 σῶμα
1760 1904 1808 1930 καὶ

1012 1947 1101 1983 ψυχὴν
1130 1947 1178 1974 καὶ
1203 1947 1265 1974 νοῦν
1293 1948 1341 1974 καὶ
1363 1947 1452 1974 πάντα
1467 1947 1494 1973 εἴ
1514 1947 1540 1973 τί
1557 1948 1630 1973 ἐστιν
1645 1947 1806 1983 ἅνθρωπος,

1013 1994 1097 2028 χωρὶς
1109 1993 1257 2028 ἁμαρτίας,
1277 1993 1362 2029 χωρὶς
1383 1992 1588 2027 ἐλαττώματοςο
1607 1994 1677 2020 κατὰ
1689 1994 1719 2020 τὸ
1732 1995 1806 2030 εἰρη-

1014 2040 1109 2075 μένον-
1143 2039 1363 2074 Πεπειραμένος
1377 2039 1453 2066 κατὰ
1469 2039 1568 2066 πάντα
1586 2040 1626 2072 ὡς
1638 2039 1804 2074 ἄνθρωπος.

1012 2086 1101 2120 χωρὶς
1108 2086 1263 2120 ἁμαρτίας.
1273 2086 1303 2112 Εἰ
1311 2085 1339 2112 δὲ
1348 2086 1382 2112 τὰ
1390 2085 1478 2111 πάντα
1488 2085 1704 2120 πεπείραται,τὰ
1716 2086 1805 2113 πάντα

1012 2132 1090 2167 ἔσχεν
1117 2131 1201 2159 ἐλθὼν
1223 2133 1237 2158 ὁ
1252 2132 1348 2165 Λόγος.
1373 2132 1465 2159 Πάντα
1480 2132 1508 2158 δὲ
1538 2131 1618 2167 ἔχων,
1637 2132 1760 2167 ἀήττητα
1776 2133 1806 2159 ὲν

1013 2178 1087 2213 αὐτῷ
1101 2176 1144 2213 ἦν,
1164 2177 1286 2213 ἄχραντά
1298 2186 1327 2204 τε
1344 2177 1498 2213 διετήρησε,
1511 2177 1612 2209 τέλειος
1625 2176 1663 2204 ὢν
1679 2178 1756 2210 Θεὸς,
1772 2178 1804 2204 ὲκ

1012 2232 1046 2250 σα
1050 2223 1112 2258 ρκὺς
1119 2231 1184 2258 γεγε
1188 2232 1233 2258 ννη
1238 2223 1327 2259 μένος,
1339 2223 1385 2250 καὶ
1393 2223 1503 2254 τελείως
1509 2223 1543 2249 τὰ
1550 2222 1638 2250 πάντα
1645 2222 1804 2258 πληρώσας,

977 2272 998 2299 D
1013 2271 1050 2302 ὡς
1082 2269 1229 2305 πληρωτὴς
1245 2269 1282 2295 ὣν
1300 2268 1361 2295 ὅλου
1385 2268 1580 2310 morionis-Jove,
1607 2269 1645 2304 μὴ
1665 2269 1804 2304 μερισθει-

1013 2324 1062 2351 σης
1076 2316 1126 2351 τῆς
1137 2315 1237 2350 σαρκὸς
1249 2312 1642 2350 ἀναρμόπωςκΐῑπιτηδεύσει,
1656 2313 1694 2350 μὴ
1704 2315 1806 2350 παρελ-

1012 2360 1123 2391 κυσθεὶς
1140 2360 1180 2395 τῷ
1206 2359 1253 2387 τοῦ
1277 2359 1323 2386 νοῦ
1339 2359 1438 2395 ἀλλοίῳ
1452 2360 1480 2386 ἑν
1495 2360 1560 2395 ἡμῖν
1575 2360 1740 2396 φρονήματι.
1767 2360 1804 2387 Οὐ

1012 2407 1066 2443 γὰρ
1083 2408 1097 2434 ὁ
1109 2407 1171 2438 νοῦς
1186 2407 1264 2442 ἡμῶν
1281 2408 1321 2438 εὶς
1338 2406 1369 2433 τὸ
1383 2406 1550 2442 ἁμαρτάνειν
1564 2407 1630 2442 ἡμῖν
1647 2406 1803 2442 γεγένηται,

1011 2453 1080 2480 ἀλλὰ
1096 2453 1140 2480 διὰ
1159 2453 1190 2480 τὸ
1215 2454 1325 2480 σκοπεῖν
1346 2453 1400 2480 τῶν
1422 2453 1452 2480 ὲν
1471 2453 1536 2488 ἡμῖν
1555 2452 1804 2488 ἀναθεωρουμένων

1012 2500 1072 2526 κατ’
1095 2500 1198 2534 ἀμφοῖν
1220 2499 1391 2535 πραγμάτων
1415 2498 1450 2526 τὰ
1465 2499 1565 2532 τέλεια,
1583 2499 1630 2525 καὶ
1650 2499 1700 2534 τὴν
1717 2499 1802 2534 ἐργα-

1012 2545 1072 2571 σίαν
1086 2545 1135 2580 τῆς
1151 2545 1334 2580 δικαιοσύνης,
1352 2545 1548 2580 ἐναντιότητος,
1566 2544 1638 2576 Νοῦς
1653 2544 1663 2560 ⁸
1682 2544 1732 2580 μὲν
1748 2544 1802 2580 γὰρ

1011 2593 1120 2627 ῥήματα
1145 2591 1296 2627 διακρίνει,
1322 2591 1426 2627 λάρυγξ
1451 2591 1479 2618 δὲ
1507 2593 1567 2618 σῖτα
1596 2591 1726 2625 γεύεται’
1754 2591 1803 2617 καὶ

1009 2637 1146 2673 ὀφθαλμὸς
1172 2639 1307 2669 κατανοεῖ,
1332 2638 1379 2665 καὶ
1399 2637 1462 2669 νοῦς
1485 2638 1545 2673 ὁρᾷ.
1566 2637 1681 2673 Ὀρασις
1710 2637 1802 2664 τοίνυν

1008 2684 1056 2710 καὶ
1073 2683 1165 2717 γεῦσις
1182 2684 1228 2710 καὶ
1244 2683 1380 2718 διάκρισις
1400 2684 1414 2710 6
1443 2683 1506 2715 νοῦς
1535 2684 1564 2710 ὲν
1585 2684 1651 2719 ἡμῖν
1673 2683 1792 2718 ὑπάρχει

1006 2730 1038 2756 ἐκ
1060 2729 1127 2755 Θεοῦ
1143 2731 1209 2764 ἡμῖν
1226 2730 1434 2765 κεχαρισμένος.
1453 2729 1536 2756 Οὔπω
1559 2730 1587 2756 δὲ
1604 2729 1802 2764 συγκαταθετι-

1006 2776 1052 2808 κὺς
1071 2776 1125 2802 τῶν
1149 2776 1193 2802 ἀεὶ
1216 2776 1376 2812 γινομένων,
1399 2776 1448 2804 ἐὰν
1472 2776 1509 2812 μὴ
1527 2776 1594 2814 θέλῃ
1614 2776 1628 2803 6
1644 2775 1799 2814 ἄνθροητος,

202 2851 211 2867 ¹
226 2851 316 2879 Eccle.
328 2860 377 2884 vn,
389 2853 433 2880 50.
471 2853 480 2868 '
499 2853 562 2880 Luc.
582 2861 648 2884 xxu,
667 2854 706 2881 l5.
746 2853 756 2869 ³
771 2853 852 2881 Hebr.
870 2861 907 2887 Iv,
923 2853 963 2881 l5.

1027 2852 1057 2881 F.
1072 2853 1244 2889 ἆναρμόπῳ.
1283 2854 1293 2870 ¹
1311 2855 1396 2890 Vulgo
1412 2852 1479 2891 οῦς.⁸
