1945 3043
106 130 156 159 681

425 125 609 154 ADVERSUS
628 124 801 153 IIIERESES
819 124 884 167 LIB.
902 124 944 153 III.
966 125 1045 153 TOIlI.
1062 125 1134 153 II.—
1147 124 1283 152 IIxERES.
1301 123 1427 152 LXXVII.

1674 125 1727 154 652

112 189 142 216 'Il
157 188 186 215 δὲ
204 187 272 224 σὰρξ
288 187 332 214 ἀεὶ
352 187 381 214 ἐν
404 187 477 222 πάσῃ
500 187 594 222 Γραφῇ
617 186 835 221 ἀποκηρύττεται
850 185 895 212 διὰ

963 193 1085 219 cernere,
1101 186 1140 213 uti
1154 185 1272 213 faucium
1285 184 1429 220 degustare
1440 183 1552 210 cibos':
1567 183 1606 211 sic
1621 188 1648 211 et
1662 192 1728 211 ocu-

106 234 155 270 τὴν
177 235 207 261 ὲν
230 235 298 269 αὐτῇ
324 233 471 268 γινομένην
497 232 653 267 ἐπιθυμίαν.
679 233 717 259 Οὐ
739 233 845 264 πάντως
867 232 895 258 δὲ

106 279 191 315 αὐτὴν
213 279 263 315 τὴν
287 279 376 313 σάρκα
398 277 592 313 ἀποκηρύττει,
618 277 686 303 ἀλλὰ
701 277 735 304 τὰ
760 276 790 309 ἐξ
812 276 896 314 αὐτῆς

107 325 238 359 γινόμενα
253 322 426 358 ἀπεκήρυξεν
441 323 455 348 ὁ
466 322 554 355 λόγος,
564 321 601 353 ὡς
617 321 667 356 ἔφη
684 322 699 347 ὁ
721 321 878 352 Ἀπόστολος
888 329 895 336 ·

108 369 181 397 Οἶδα
200 370 265 405 γὰρ,
281 369 325 396 ὅτι
340 370 394 396 οὐκ
413 368 488 395 οἰκεῖ
500 369 534 394 ἐν
551 367 626 402 ἐμοὶ,
639 366 796 394 τουτέστιν
810 367 844 393 ἐν
859 366 897 400 τῇ

108 416 199 450 σαρκί
218 424 288 450 μου,
306 414 426 449 ἀγαθὸν,
441 413 486 440 διὰ
502 413 536 439 τὰ
553 415 584 439 ἐκ
598 413 647 448 τῆς
664 413 764 449 σαρκὸς
785 411 897 446 ἐπιφυό-

110 471 189 498 μενα.
210 462 269 489 ’Ὶνα
283 461 311 487 δὲ
326 459 529 496 ἀποκρούσηται
548 458 602 485 τῶν
624 458 755 493 αἱρέσεων
774 457 823 492 τὴν
839 456 897 483 διά-

108 517 193 540 νοιαν,
215 507 252 543 μή
273 515 331 538 πως
354 505 485 540 νομίσωσι
509 503 558 539 τὴν
584 503 672 539 σάρκα
696 503 749 530 ἀπὺ
771 503 820 538 τῆς
844 502 898 529 τῶν

108 554 214 589 νεκρῶν
241 551 416 582 ἀναστάσεως
447 551 634 586 ἁπηλπίσθαι,
663 550 755 584 λέγει·
791 549 841 575 Δεῖ
864 548 896 575 τὸ

108 597 242 634 ⁴φθαρτὸν
268 596 356 623 τοῦτο
383 595 568 623 ἐνδύσασθαι
591 595 777 629 ἀφθαρσίαν,
798 592 898 620 καὶτὸ

109 644 223 678 θνητὸν
250 642 338 669 τοῦτο
368 641 552 668 ἐνδύσασθαι
577 641 763 668 ἀθανασίαν·
791 639 835 665 ἵνα
862 638 898 674 μὴ

111 689 308 726 παρεχὸάλλων
328 688 362 715 τὰ
377 688 446 724 ἔργα
467 687 517 722 τῆς
534 687 644 722 σαρκὸς,
660 686 677 713 ἃ
695 686 782 721 σάρκα
806 685 899 712 εἴωθεν

109 737 127 772 ἠ
143 735 239 771 Γραφὴ
259 734 361 766 καλεῖν,
380 733 520 769 νομισθείη
536 733 585 768 τὴν
600 732 694 758 ἐλπίδα
708 731 759 766 τῆς
781 730 900 758 ἀναστά-

111 790 181 813 σεως
196 781 246 816 τῆς
264 780 366 816 σαρκδς
384 778 593 814 παρεκῆάλλειν.
614 778 653 804 Τὰ
670 777 724 813 γὰρ
740 777 807 812 ἔργα
823 777 856 803 τὰ
872 777 900 802 ὲν

109 827 180 862 αὐτῇ
205 826 337 861 γινόμενα.
359 825 448 860 φαῦλα
464 824 555 859 σαφῶς
573 823 754 858 ἀπεκήρυξεν,
770 822 854 858 αὐτὴν
872 822 901 849 δὲ

948 232 990 259 lus
1007 231 1173 264 considerat,
1193 235 1220 259 ct
1240 238 1317 258 mens
1337 231 1470 257 intuetur.
1494 229 1629 262 Quocirca
1652 237 1730 258 meus

947 278 1004 309 illa,
1026 285 1086 312 quae
1102 278 1128 304 in
1143 277 1223 305 nobis
1245 276 1347 304 residet
1374 280 1402 303 et
1417 282 1432 302 a
1455 275 1509 303 Deo
1528 282 1659 303 concessa
1675 279 1728 307 est,

948 323 1023 350 visus
1039 327 1079 350 est
1091 322 1214 358 quidam,
1237 328 1265 349 ct
1278 325 1385 357 gustus,
1408 329 1440 348 ac
1456 321 1627 349 discernendi
1644 322 1729 349 facul-

948 372 999 396 tas.
1023 367 1115 403 Neque
1130 376 1194 396 vero
1212 368 1245 395 iis
1259 375 1320 402 quae
1340 367 1486 395 identidem
1514 367 1592 399 ﬁniit.
1612 369 1730 395 assenti-

948 416 1003 445 tur,
1026 413 1077 440 nisi
1100 413 1204 440 homini
1229 412 1393 440 collibueril.
1416 412 1450 438 At
1472 420 1535 447 caro
1552 413 1579 439 in
1603 413 1731 441 omnibus

949 457 1004 485 fere
1022 458 1108 486 sacris
1124 458 1234 485 Litteris
1250 459 1285 485 ob
1301 458 1374 484 illam
1395 466 1456 492 quae
1472 458 1499 484 in
1513 458 1573 493 ipsa
1595 462 1637 486 est
1654 459 1732 494 cupi-

948 504 1060 531 ditatem
1072 504 1195 531 damnari
1210 504 1289 531 solet.
1301 503 1460 539 Quanquam
1476 511 1530 531 non
1543 504 1655 532 omnino
1666 513 1733 532 caro

950 550 1008 585 ipsa
1027 549 1183 583 damnatur,
1199 550 1246 577 sed
1261 558 1321 584 qua:
1334 549 1367 577 ab
1391 550 1435 576 illa
1453 550 1665 584 proficiscuntur
1688 558 1730 578 sa-

949 603 1059 622 crorum
1077 594 1220 622 Librorum
1236 595 1386 623 auctoritas
1402 595 1559 630 proscribit.
1575 595 1650 624 Unde
1662 596 1735 632 Apu-

950 641 1036 668 stolus
1051 640 1088 667 ita
1107 641 1228 675 loquitur
1242 649 1248 667 :
1265 640 1325 667 Scio
1347 641 1415 667 enim
1435 641 1504 676 quod
1527 649 1578 668 non
1592 642 1693 668 habitat
1707 642 1735 668 in

950 693 1000 717 me,
1026 685 1074 712 hoc
1096 690 1135 712 est
1155 685 1182 711 in
1205 693 1284 712 carne
1310 693 1378 717 mea,
1399 685 1493 712 bonum
1506 685 1516 701 ³
1531 695 1537 713 :
1553 686 1626 721 quod
1650 686 1684 713 ad
1702 693 1735 714 ea

950 730 1123 758 referendum
1136 735 1178 758 est
1188 739 1248 766 quae
1262 738 1293 758 ex
1307 738 1389 759 carne
1404 736 1593 759 succrcsrunt.
1605 731 1694 767 Atque
1706 735 1737 759 ut

951 777 1142 805 haereticorum
1162 777 1305 811 opiniones
1325 777 1471 809 rcfelleret,
1491 785 1525 804 ne
1550 784 1660 805 carnem
1683 778 1737 806 sibi

952 823 1149 859 persuaderent
1163 823 1198 850 ab
1218 823 1291 850 omni
1313 823 1523 851 resurrectionis
1547 831 1596 859 spe
1611 827 1638 852 et
1659 831 1738 852 com-

110 872 160 907 τὴν
180 871 269 906 σάρκα
294 871 371 905 ἅγιον
404 870 466 898 ναὸν
487 869 634 902 ἐπέδειξεν,
658 870 686 896 ὲν
707 868 746 904 τῷ
762 863 905 902 ἁγιάσαντι

959 869 1085 896 munione
1108 868 1252 903 deiectam,
1271 869 1330 896 haec
1354 868 1498 904 adjunxit:
1515 868 1624 904 Oportet
1647 878 1740 897 corru-

110 917 195 945 αὺτοῦ
217 917 266 952 τὴν
288 917 377 952 σάρκα
395 915 464 944 κατὰ
479 916 509 942 τὸ
540 915 741 951 γεγραμμένον,
766 915 807 941 ὅτι
830 916 903 948 Θρη-

110 964 201 991 σκείιι
221 963 254 989 δὲ
273 963 387 996 καθαρὰ
406 962 446 994 τῷ
462 961 523 994 Θεῷ
539 962 587 988 καὶ
607 961 697 995 [Turpi
713 960 788 994 αὕτη
806 960 902 991 ἐστὶν,

110 1008 346 1036 ἐπισκέπτεσθαι
361 1006 511 1041 ὀρφανοὺς
528 1006 576 1032 καὶ
590 1005 684 1039 χήρας
698 1006 732 1032 ἐν
748 1004 785 1039 τῇ
802 1005 904 1038 θλίψει

111 1054 224 1086 αὐτῶν,
239 1054 371 1081 ἄσπιλον
383 1052 491 1080 ἑαυτὸν
511 1052 612 1086 τηρεῖν
633 1052 692 1079 ἀπὸ
710 1051 762 1078 τοῦ
777 1051 902 1085 κόσμου.

113 1100 169 1128 Καὶ
186 1099 258 1135 ἄλλῳ
268 1107 274 1114 ·
295 1099 433 1134 Μακάριοι
447 1099 473 1124 οἱ
495 1098 579 1133 ἁγνὴν
601 1097 650 1133 τὴν
666 1097 755 1132 σάρκα
769 1097 904 1132 τηρήσαν-

112 1155 168 1178 τες,
186 1145 320 1177 Πολλάκις
335 1145 363 1171 δὲ
384 1145 443 1171 κατ’
459 1145 543 1180 αὐτῆς
560 1144 677 1178 λέγουσα
692 1144 709 1178 ὴ
731 1143 835 1179 Γραφὴ,
853 1141 905 1168 ὲδί-

109 1191 192 1225 ᾕαξεν
220 1191 294 1226 ἡμᾶς
316 1190 365 1222 τὰς
387 1189 537 1225 ἐπιθυμίας
562 1189 610 1216 καὶ
638 1188 734 1224 ἡδονὰς
764 1187 794 1220 ἐξ
820 1187 905 1222 αὐτῆς

114 1236 292 1272 βλαστάνειν·
321 1235 391 1263 κατὰ
420 1235 449 1262 δὲ
475 1235 521 1262 τοῦ
550 1235 596 1262 νοῦ
620 1234 698 1262 οὐδὲν
726 1233 864 1269 ἐξηγεῖται
886 1233 903 1268 ἠ

113 1282 220 1318 Γραφὴ,
245 1282 330 1313 ἀλλὰ,
357 1280 448 1309 Ψαλῶ
481 1280 521 1314 τῷ
549 1281 606 1313 νοτ,
634 1279 722 1315 ψαλῶ
751 1279 792 1313 τῷ
812 1279 904 1307 πνεύ-

113 1336 200 1363 ματι·
222 1327 280 1360 καὶ,
303 1326 365 1354 Ἐὰν
388 1326 466 1362 ψαλῶ
495 1326 576 1353 πάλιν
607 1325 646 1361 τῷ
678 1326 827 1362 πνεύματι,
843 1326 857 1353 ὁ
876 1325 905 1353 δὲ

114 1373 177 1405 νοῦς
197 1382 249 1409 μου
280 1373 403 1409 ἄκαρπός
433 1374 502 1400 ἐστι.
527 1373 583 1399 Καὶ
606 1373 682 1408 ὁρᾷς,
714 1372 756 1399 ὅτι
778 1373 806 1398 ἐν
831 1371 907 1407 αὺτῲ

117 1418 235 1454 καρπὸς,
251 1418 280 1445 ἐν
295 1418 334 1453 τῷ
348 1417 403 1453 νῷ·
419 1418 470 1445 κᾶν
485 1425 515 1444 τε
532 1417 568 1453 μὴ
587 1415 602 1454 ᾗ
618 1417 733 1452 καρπὸς,
748 1416 779 1443 οὗ
799 1417 906 1448 πάντως

116 1463 162 1490 τὸν
188 1463 251 1490 νοῦν
278 1463 422 1496 κατέλεξεν
445 1464 474 1489 ὲν
499 1462 657 1499 ἁμαρτίαις,
678 1462 744 1489 ἀλλὰ
768 1462 801 1489 δι’
824 1461 906 1489 αὑτοῦ

118 1509 219 1544 μᾶλλον
237 1509 281 1536 τὸν
295 1509 401 1545 καρπὸν
414 1509 581 1544 ἀπεφήνατο.

953 915 1043 950 ptibile
1069 915 1116 942 hoc
1138 915 1245 942 induere
1266 916 1499 950 incorruptionem,
1523 920 1547 942 et
1566 917 1677 943 mortale
1690 915 1740 944 hoc

954 961 1063 989 induere
1084 961 1336 988 immortalitatem‘
1351 970 1358 990 :
1372 969 1406 989 ne
1430 969 1512 996 opera
1535 962 1627 990 carnis
1650 963 1740 989 exelu-

954 1006 1033 1039 dens,
1053 1014 1114 1042 qua).
1130 1007 1222 1034 carnis
1240 1007 1351 1034 nomine
1368 1006 1510 1042 Scriptura
1534 1007 1603 1034 solet
1622 1007 1739 1040 allicere,

955 1060 1008 1079 una
1036 1056 1062 1080 et
1091 1052 1301 1080 resurrectionis
1336 1061 1411 1088 spem
1443 1060 1458 1080 a
1493 1060 1576 1081 carne
1602 1053 1741 1081 videretur

954 1098 1108 1126 excludere.
1127 1098 1267 1134 Siquidem
1281 1106 1343 1134 qua:
1362 1099 1388 1126 in
1410 1099 1453 1125 illa
1466 1104 1630 1126 exercentur
1645 1100 1741 1135 depra-

955 1147 1017 1170 vata
1033 1151 1115 1179 opera
1126 1144 1273 1171 manifeste
1285 1143 1440 1177 damnavit;
1452 1151 1561 1171 carnem
1577 1144 1664 1179 ipsam
1676 1152 1741 1172 vero

956 1194 1080 1217 sanctum
1095 1189 1231 1224 quoddam
1249 1197 1310 1217 esse
1324 1189 1454 1225 templum
1472 1189 1499 1216 in
1514 1197 1555 1221 eo,
1570 1190 1616 1225 qui
1631 1198 1741 1218 carnem

956 1242 1033 1262 suam
1062 1233 1257 1267 sanetiﬁcavit,
1286 1242 1348 1262 esse
1375 1235 1484 1268 docuit,
1513 1235 1742 1270 quemadmodum

957 1280 1089 1316 scriptum
1107 1284 1149 1308 est
1162 1289 1168 1307 :
1184 1279 1284 1316 Religio
1301 1280 1400 1307 munda
1415 1280 1468 1308 Deo
1490 1285 1514 1307 et
1529 1280 1607 1307 Patri
1623 1281 1678 1308 luet:
1691 1285 1743 1313 est,

955 1326 1062 1354 visitare
1081 1327 1211 1360 orphanoa
1225 1331 1250 1353 et
1265 1326 1357 1353 viduas
1371 1327 1396 1353 in
1412 1326 1551 1362 afflictione
1567 1334 1616 1353 sua
1626 1346 1633 1359 ,
1647 1331 1671 1353 et
1686 1327 1743 1353 im-

957 1372 1121 1399 maculatum
1133 1379 1160 1398 δε
1172 1379 1326 1398 conservare
1342 1373 1375 1398 ab
1392 1371 1440 1398 th:
1455 1374 1556 1398 mundo
1568 1371 1589 1398 '.
1608 1371 1674 1399 Item
1691 1371 1745 1399 alio

957 1418 1017 1445 loco
1032 1427 1038 1445 :
1053 1418 1127 1445 Beati
1148 1418 1195 1453 qui
1221 1425 1318 1452 puram
1348 1422 1507 1453 castamque
1531 1425 1641 1445 carnem
1666 1425 1744 1445 suam

957 1464 1137 1492 servaverint.
1154 1463 1240 1491 Porro
1263 1463 1404 1499 Scriptura
1427 1463 1558 1492 adversus
1573 1464 1646 1490 illam
1674 1471 1746 1499 saepe

957 1509 1112 1545 disputans,
1133 1509 1298 1544 cupiditates
1321 1518 1353 1538 ac
1383 1511 1537 1545 voluptates
1560 1511 1594 1538 ab
1617 1511 1667 1538 hac
1688 1511 1746 1546 ipsa

118 1555 253 1590 pullulare
277 1562 328 1583 nos
352 1555 459 1587 docuit;
480 1559 576 1582 contra
598 1559 714 1583 mentem
740 1563 804 1582 vero
832 1555 898 1582 nihil
916 1556 1029 1583 omnino
1044 1556 1124 1588 dixit,
1155 1555 1203 1583 sed
1220 1556 1286 1583 illud
1307 1557 1440 1584 duntaxat
1463 1556 1608 1584 :Prallam
1641 1561 1744 1588 mente,

117 1601 233 1634 psallam
248 1606 271 1628 et
290 1601 385 1635 spiritu
396 1601 416 1629 ⁸.
428 1601 492 1628 Item
511 1610 517 1628 :
535 1600 562 1628 Si
575 1601 687 1636 psallam
700 1602 807 1636 spiritu,
834 1609 911 1629 mens
927 1606 1017 1630 autem
1035 1609 1095 1629 mea
1114 1601 1284 1629 infructuosa
1298 1603 1367 1630 sit".
1386 1602 1436 1630 Ubi
1464 1603 1540 1631 vides
1559 1611 1638 1631 suum
1663 1603 1747 1630 menti

119 1645 238 1674 fructum
253 1647 414 1674 attributum
429 1655 435 1674 :
450 1654 482 1673 ac
504 1647 612 1674 tametsi
629 1647 735 1674 fructus
751 1647 842 1675 nullus
859 1647 984 1680 exsistat,
1003 1648 1079 1674 nullo
1105 1651 1196 1675 tamen
1220 1648 1300 1675 modo
1320 1652 1436 1676 mentem
1457 1648 1528 1676 inter
1556 1653 1668 1684 peccata
1695 1656 1747 1675 nu-

121 1692 249 1725 meravit,
265 1692 312 1719 sed
326 1699 359 1719 ex
376 1692 435 1727 ipsa
455 1692 546 1727 potius
559 1692 625 1719 oriri
642 1691 761 1718 fructum
777 1692 907 1720 asseruit.

154 1740 224 1767 KH’.
251 1738 284 1765 Τί
302 1738 331 1765 δὲ
351 1738 445 1764 τούτου
469 1739 536 1774 πρὸς
559 1738 608 1774 τὴν
631 1738 678 1765 τοῦ
705 1738 809 1774 Κυρίου
833 1739 907 1774 ἡμῶν

997 1737 1115 1766 XXVIII.
1136 1737 1241 1773 Ecquid
1258 1745 1321 1765 vero
1334 1745 1367 1766 ex
1385 1738 1447 1766 istis
1472 1737 1600 1766 omnibus
1615 1738 1722 1767 advers
1734 1748 1748 1767 ε

119 1788 236 1822 δύναμιν
258 1785 306 1820 τῆς
330 1784 455 1820 θεότητος
479 1784 627 1820 ὲνσκήψει;
652 1784 678 1811 τί
703 1785 732 1811 δὲ
760 1783 910 1820 ἠμαύρωσε

120 1833 169 1868 τὴν
182 1829 265 1858 αὐτοῦ
285 1829 398 1865 δύναμιν
412 1829 461 1864 τῆς
480 1829 561 1864 ἁγίας
576 1829 705 1863 γυναικὸς
717 1830 840 1865 γαστήρς
859 1831 911 1865 μή·

120 1885 174 1913 τρα
190 1875 348 1911 Παρθένου;
366 1873 483 1900 τοκετῶν
500 1874 593 1909 πόροις
611 1874 728 1908 ἀγκάλαι
751 1874 909 1909 Συμεῶνος;

121 1922 281 1958 ἀνθρωπίνη
303 1921 418 1956 ὑποδοχή
441 1920 515 1955 (95);
537 1920 646 1957 Μαρίας
668 1921 842 1956 βασταγμὸς;
862 1921 912 1956 τῆς

124 1969 226 2005 πόρνης
247 1967 334 2002 ἁφαῖς
361 1968 453 2003 τρίχες
478 1966 604 2001 γυναικὸς
628 1967 715 1993 ποδῶν
742 1967 910 2002 ἁπτόμεναις

124 2015 192 2043 ἀλλὰ
207 2014 242 2041 τὰ
257 2013 380 2047 δάκρυα;
399 2013 467 2039 ἀλλὰ
482 2013 623 2048 μνήματος
639 2013 667 2039 αἱ
690 2012 795 2045 οέσεις;
812 2011 912 2039 Σινδὼν

124 2061 178 2097 γὰρ
194 2061 326 2096 είλήσασα
340 2059 371 2085 τὺ
385 2059 464 2093 σῶμα
480 2057 561 2085 αὐτοῦ
577 2058 607 2085 οὐ
621 2058 793 2093 περιεγένετο
808 2057 912 2084 ἐκείνου

123 2107 171 2133 τοῦ
188 2104 369 2142 ἁκραιφνοῦς,
386 2105 432 2131 καὶ
448 2104 497 2139 τῆς
513 2104 596 2130 αὑτοῦ
615 2103 744 2139 μεγίστης
762 2103 912 2138 δυνάμεως.

125 2152 181 2178 Καὶ
196 2151 249 2187 γὰρ
265 2150 305 2177 ἔτι
321 2150 349 2177 ἐν
364 2150 452 2185 κοιλίᾳ
475 2149 615 2184 τυγχάνων
642 2149 766 2184 Ἰωάννης
788 2148 913 2183 ἐσκίρτα,

124 2199 229 2234 χαίρων
244 2197 291 2223 ἐπὶ
303 2198 336 2232 τῇ
358 2195 405 2222 τοῦ
420 2195 555 2222 Δεσπὸτου
572 2195 654 2222 αὐτοῦ
675 2195 743 2230 πρὸς
759 2194 840 2221 αὑτὸν
857 2195 913 2220 εἰσ-

126 2242 178 2278 ὁδῳ
203 2243 248 2269 διὰ
271 2243 321 2277 τῆς
347 2241 556 2277 ἐγκυμονήσεως
577 2241 627 2276 τῆς
652 2240 732 2275 ἁγίας
764 2239 913 2275 Παρθένου.

126 2287 268 2322 Γεννηθεὶς
288 2286 326 2318 δὲ,
343 2285 390 2312 καὶ
403 2287 431 2312 ὲν
446 2285 533 2321 φάτνῃ
548 2284 683 2320 κείμενος,
696 2284 726 2310 οὐ
743 2283 852 2318 λέληθεν
867 2283 916 2316 ἁγ-

124 2333 213 2368 γέ).ων
235 2332 326 2367 χορόν.
346 2330 521 2367 Παρεμϐολαὶ
539 2330 567 2357 δὲ
583 2330 629 2356 ἐπὶ
653 2331 686 2365 τῇ
713 2329 760 2356 τοῦ
785 2328 916 2363 βασιλέως

125 2378 174 2404 τοῦ
200 2377 296 2408 αἰῶνος
319 2376 414 2411 εἰσόδῳ
432 2376 591 2411 δορυφορεῖν
615 2374 819 2405 ἀπεστέλλοντο,
838 2373 916 2408 ὕμνοι

963 1784 1115 1812 divinitatis
1130 1783 1235 1811 Domini
1248 1784 1333 1812 nostri
1350 1784 1455 1819 1022
1470 1783 1523 1811 vim
1541 1792 1572 1812 ac
1587 1789 1749 1820 potestatem

964 1829 1048 1856 facit?
1064 1832 1111 1856 aut
1124 1837 1178 1865 qua
1201 1829 1228 1856 in
1246 1837 1275 1856 re
1294 1830 1416 1856 eamdem
1442 1830 1515 1856 illam
1535 1829 1588 1856 vim
1606 1830 1749 1858 sanctissi-

964 1882 1015 1902 mae
1035 1875 1157 1902 mulieris
1174 1879 1269 1902 venter
1287 1874 1464 1902 obscuravit?
1486 1879 1533 1902 aut
1554 1875 1676 1910 Virginis
1690 1881 1750 1904 ute-

965 1921 1032 1948 rus?
1045 1925 1199 1956 autpartus
1217 1921 1306 1948 exitus
1338 1928 1370 1948 ac
1391 1921 1515 1948 meatus?
1539 1925 1586 1948 aut
1607 1921 1750 1957 Symeonis

966 1966 1055 1993 ulna)?
1070 1972 1117 1993 aut
1129 1966 1270 1994 hominum
1281 1967 1424 2001 exceptio?
1440 1967 1532 1994 Maria:
1550 1968 1683 2003 gestatio?
1696 1976 1750 1996 me-

966 2012 1075 2040 retricis
1087 2013 1258 2040 attrectatio?
1273 2013 1395 2041 mulieris
1406 2013 1508 2048 capilli,
1525 2013 1571 2048 qui
1586 2014 1658 2042 illius
1669 2014 1751 2049 pedes

967 2057 1157 2092 contigerunt?
1171 2062 1217 2084 aut
1230 2058 1375 2093 lacrytnze?
1389 2063 1435 2085 aut
1448 2059 1493 2085 illa
1509 2058 1536 2085 in
1553 2059 1751 2086 monimentum

967 2102 1120 2136 depositio?
1134 2102 1239 2137 Quippe
1263 2103 1362 2130 sindon
1382 2103 1438 2135 illa,
1459 2111 1519 2138 qum
1545 2104 1632 2138 ipsius
1651 2111 1753 2139 corpus

967 2147 1096 2179 obvolvit,
1109 2147 1247 2175 sincerum
1263 2148 1339 2175 illum
1354 2153 1381 2176 et
1400 2150 1546 2183 integrum,
1562 2149 1602 2176 vel
1617 2157 1753 2177 summam

968 2193 1041 2220 illius
1062 2196 1224 2227 potestatem
1247 2201 1379 2228 superare
1400 2193 1512 2221 minime
1528 2194 1627 2229 potuit.
1645 2193 1752 2222 Etenim

968 2237 1088 2266 Joannes
1100 2245 1160 2265 cum
1178 2238 1204 2264 in
1219 2238 1315 2266 matris
1329 2242 1405 2266 utero
1421 2243 1586 2272 versaretur,
1605 2239 1639 2266 ob
1651 2239 1755 2274 ingres-

969 2284 1029 2312 Stlm
1054 2283 1087 2311 ad
1114 2291 1174 2311 sese
1193 2283 1300 2311 Domini
1321 2284 1374 2317 sui,
1392 2292 1472 2319 quem
1498 2285 1577 2312 beata
1594 2284 1675 2319 Virgo
1693 2293 1756 2320 par-

970 2329 1097 2362 turiebat,
1107 2337 1162 2363 pra:
1170 2328 1261 2364 gaudii
1274 2329 1460 2364 magnitudine
1472 2330 1667 2358 subsullavit'.
1680 2330 1753 2358 Idem

970 2383 1053 2410 porro
1067 2374 1199 2403 Dominus
1216 2374 1306 2403 editus
1321 2375 1349 2402 in
1375 2375 1473 2407 lucem,
1489 2379 1517 2403 et
1537 2376 1565 2402 in
1581 2377 1694 2411 pratsepi
1711 2376 1756 2411 ja-

126 2423 285 2453 ὲτελοῦντο,
314 2422 411 2457 εἰρήνη
444 2422 472 2447 ἐν
502 2422 558 2452 τοῖς
587 2419 713 2455 ποιμέσιν
741 2419 906 2454 ἐκηρύττετο

970 2429 1034 2449 cens
1054 2421 1088 2447 ab
1105 2421 1262 2456 angelorum
1280 2426 1322 2448 est
1341 2421 1424 2448 choro
1448 2422 1585 2456 cognitus.
1611 2421 1756 2449 Mittehan-

132 2469 214 2496 Ἀλλὰ
238 2468 264 2494 τί
280 2467 428 2503 ἠμαύρωσε
452 2467 501 2502 τὴν
517 2466 598 2492 αὐτοῦ
621 2465 751 2501 δύναμιν;
777 2466 837 2491 Ἔτι
860 2464 916 2500 γὰρ

124 2515 203 2546 ὄντος
228 2513 310 2540 αὑτοῦ
341 2512 457 2548 βρέφους
484 2511 531 2538 καὶ
556 2511 775 2547 βασταζομένου,
803 2510 916 2545 ἀστέρος

127 2560 179 2596 μὲν
192 2560 295 2594 γίνεται
309 2559 410 2593 σημεῖα
422 2558 478 2584 ἀπὸ
491 2557 638 2590 ἀνατολῶν,
664 2557 756 2591 μάγων
771 2555 916 2591 παρουσία,
931 2573 934 2577 .

125 2605 313 2642 προσκύνησίς
336 2613 366 2631 τε
391 2604 438 2631 καὶ
458 2603 605 2639 δορυφορία
621 2604 642 2636 ¹,
661 2601 847 2637 γραμματέων
868 2601 919 2637 ζή-

164 2665 216 2693 ‘F.
245 2665 408 2701 δωροφορία.
448 2663 524 2701 ’Job
553 2671 601 2696 xu,
629 2663 671 2690 ιο.
710 2661 815 2689 'Rom.
833 2670 881 2695 νιι,
904 2661 947 2689 IS.

125 2703 138 2718 ⁷
159 2702 226 2729 ibid.
246 2699 289 2727 I6;
331 2701 342 2716 ⁸
359 2699 425 2726 Luc.
447 2707 465 2731 l,
483 2699 527 2726 44,

164 2767 222 2802 (95)
242 2765 582 2802 Ἀνθρωπίνξηγύποᾷοχή.
596 2764 731 2802 Scriptum
743 2767 803 2802 erat
813 2762 918 2802 ἀνθρω-

126 2798 220 2838 πίυᾶηςζ
243 2808 292 2836 pro
309 2798 363 2835 quo
390 2798 549 2838 tiylipmntvﬁ
565 2798 667 2838 nescio
679 2798 916 2838 tuiissubstituit.

126 2833 194 2873 ιορςῖ
215 2833 258 2864 est
284 2833 374 2862 autem
390 2833 498 2869 2mm,
515 2833 549 2861 ut'
569 2839 612 2862 est
638 2835 665 2862 in
688 2833 784 2868 Regio.
806 2833 842 2860 lix
863 2839 917 2867 quo

317 2883 454 2913 Parant.
476 2883 532 2913 Gn.
560 2882 651 2913 XLII.

970 2471 1014 2493 tur
1027 2471 1084 2493 tum
1098 2467 1224 2494 cmlcstcs
1235 2467 1272 2493 illi
1281 2467 1428 2499 exercitus,
1441 2467 1488 2502 qui
1504 2467 1661 2502 sempiterni
1673 2466 1756 2502 Regis

970 2511 1124 2546 ingressum
1148 2512 1332 2547 apparitorum
1361 2519 1393 2539 ac
1407 2512 1553 2539 satellitum
1570 2520 1645 2540 more
1666 2513 1754 2548 stipa-

971 2560 1040 2589 rent,
1057 2557 1230 2592 triumphalia
1252 2558 1373 2584 carmina
1395 2558 1622 2590 concinebanlur,
1647 2565 1700 2594 pax
1718 2559 1746 2586 in

972 2609 1054 2637 super
1066 2603 1223 2637 pastoribus
1247 2603 1434 2631 nuntiabatur.
1452 2603 1511 2637 Qua
1530 2603 1614 2639 igitur
1628 2604 1656 2630 in
1679 2612 1708 2631 re
1722 2604 1753 2630 il.

996 2662 1006 2677 ⁸
1023 2662 1107 2691 ICor.
1121 2671 1165 2695 xv,
1188 2663 1234 2691 55.
1272 2664 1283 2679 ⁸
1296 2662 1353 2691 Jac.
1369 2663 1446 2696 1,27.
1502 2663 1512 2679 ‘
1530 2663 1538 2689 I
1556 2663 1619 2690 Cor.
1636 2670 1690 2695 xiv,
1713 2663 1757 2693 I5.

970 2762 1098 2791 librarius
1123 2763 1295 2799 ἀνθρωπίνης
1319 2771 1412 2791 verum
1435 2771 1497 2790 esse
1522 2762 1658 2795 credidit;
1691 2769 1753 2790 nam

969 2800 1053 2834 ἀννης
1072 2806 1120 2834 pro
1136 2799 1308 2834 ὰνθρωπῖνης
1325 2799 1408 2826 scribi
1425 2799 1538 2826 assolet.

1561 2878 1600 2909 22
