1945 3043
206 139 258 168 685

918 136 946 165 S.
968 135 1140 164 ΕΡΠῚΙΛΝΙΙ

1784 131 1844 162 ῧεᾶ

200 197 253 225 lius
268 201 310 224 est
326 196 462 225 infuscata
474 195 622 230 majestas?
634 194 700 221 Nam
718 201 780 222 cum
795 193 884 222 adhuc
897 194 988 223 infans

1045 202 1119 230 τησις
1143 191 1258 228 βασιλεῖ,
1284 192 1300 227 ἡ
1323 191 1386 227 περὶ
1408 190 1490 218 αὑτοῦ
1514 189 1659 226 ἀπόκρισις
1675 188 1723 216 και
1742 189 1845 225 ὁμολο-

199 250 292 276 csset,
319 249 345 270 et
375 243 472 270 alienis
502 241 621 269 brachiis
651 245 825 276 gestaretur,
855 248 932 268 nova:
956 241 990 268 ab

199 290 311 318 Uricntc
329 290 414 316 slclla‘.
444 289 595 324 prodigium
614 287 758 322 apparuit‘
776 297 782 314 ε
797 287 869 322 quod
893 287 990 315 subsc-

199 341 281 363 eulus
305 336 434 370 deinceps
458 342 599 368 magorum
628 334 783 366 adventus,
813 334 937 361 adoratio
962 337 989 360 et

199 383 370 417 obsequium.
387 380 455 407 Tum
479 381 513 406 ab
531 388 594 415 rege
616 380 686 407 facta
707 387 721 406 a
746 379 851 407 Scribis
873 379 989 415 inquisi-

199 430 248 460 tio,
261 427 474 461 eornmdemqnc
494 434 656 461 responsum
678 433 710 453 ac
741 426 863 453 veritatis
883 425 990 453 confes-

199 475 250 502 sio.
269 474 383 508 lleliqua
399 472 507 499 demum
530 471 582 498 alia
600 478 660 506 qure
680 474 879 506 Consequenter
907 477 990 504 expo-

198 524 312 552 nuntur,
335 520 400 555 quid
425 519 561 546 divinitati
588 518 661 545 illius
683 517 794 544 officere
819 516 990 552 potuerunt?

199 565 340 599 Quodnam
359 571 423 592 vero
441 568 470 591 ut
485 564 513 591 in
534 563 613 590 nobis
632 562 769 595 usuvcnit,
787 561 879 589 carnis
894 561 987 589 deten-

198 613 247 644 tio.
281 612 354 638 velut
378 612 595 646 integumentum
627 609 664 636 illi
688 612 715 636 et
739 608 914 635 involucrum
941 608 991 635 ob-

201 658 298 685 duxit?
323 657 390 684 Nam
413 662 440 685 ct
461 659 651 691 tempestatem
669 662 730 681 cum
747 647 846 685 ventis,
869 661 901 680 ac
923 654 993 680 mari

198 703 343 738 increpat’
358 711 364 730 :
382 710 431 729 nec
446 702 538 728 divina
559 701 632 728 illius
644 703 776 734 potestas,
795 706 856 726 cum
874 697 901 725 id
918 697 992 733 quod

198 754 304 776 natura:
321 756 378 776 suae
393 752 608 776 consentaneum
624 750 665 772 est
680 744 808 777 efﬁceret,
823 743 915 770 carnis
928 744 981 770 ulla

198 796 363 830 contagione
374 794 600 829 praépediehatur.
611 793 682 825 Quin
692 792 773 819 etiam
783 799 845 818 cum
857 798 905 818 sua
917 790 992 817 carni

198 842 285 869 moles
311 841 486 876 gravitasque
513 843 671 871 constaret,
697 839 876 872 nequaquam
901 841 992 864 tamen
1014 837 1070 865 haec
1095 839 1171 866 illum
1191 840 1315 876 gravitas
1353 839 1514 866 retardavit.

1043 241 1100 275 γὶα.
1119 241 1160 266 Τὰ
1182 240 1208 266 δὲ
1231 239 1297 266 ἄλλα
1313 239 1412 271 πάντα,
1430 238 1481 264 ὅσα
1498 237 1620 273 περιέχει
1643 237 1659 272 ἡ
1682 236 1843 268 ἀκολουθία,

1042 287 1069 313 τί
1091 286 1225 322 ἐνέσκηψε
1247 287 1278 322 τῇ
1295 285 1378 313 αὐτοῦ
1405 285 1528 320 θεότητι;
1555 284 1633 310 Ποῖον
1661 283 1844 318 ἐπικάλυμμα

1043 333 1133 368 ἔσχεν,
1151 333 1189 364 ὡς
1205 334 1233 359 ἐν
1248 333 1324 368 ἡμῖν,
1340 332 1356 367 ἡ
1376 331 1478 366 σαρκὸς
1492 330 1594 365 κατοχή
1608 338 1616 362 ;
1646 329 1777 364 Ἐπιτιμᾷ
1792 329 1844 364 μὲν

1042 379 1170 410 κλύδωνι,
1186 379 1233 405 καὶ
1248 380 1305 410 τοῖς
1327 377 1449 412 ἀνέμοις,
1466 376 1514 403 καὶ
1529 377 1562 412 τῇ
1578 375 1712 411 θαλάσσῃ.
1732 376 1779 403 καὶ
1792 375 1844 401 οὐκ

1042 425 1168 460 ὲπὲχεται
1183 425 1237 451 ἀπὺ
1251 424 1301 459 τῆς
1323 423 1424 459 σαρκὸς
1447 423 1463 458 ἡ
1486 422 1535 457 τῆς
1560 421 1643 448 αὑτοῦ
1657 421 1785 456 θεότητος
1798 421 1845 447 δύ-

1041 480 1133 506 ναμις,
1163 471 1326 497 ἐπιτελοῦσα
1353 467 1384 496 τὸ
1412 469 1483 496 κατὰ
1514 469 1594 504 φύσιν
1625 468 1673 503 τῆς
1703 467 1842 503 θεότητος.

1048 517 1128 544 Ἀλλὰ
1159 517 1207 544 καὶ
1229 517 1312 551 ὄγκου
1334 517 1381 543 καὶ
1399 515 1498 551 βάρους
1512 515 1562 550 τῆς
1582 515 1682 550 σαρκὸς
1701 515 1844 550 ὑπαρχού-

1045 572 1104 598 σης,
1120 564 1151 590 οὐ
1166 563 1244 599 βάρει
1266 562 1418 598 συνέχεται.
1435 562 1587 597 Περιπατεῖ
1599 562 1655 596 γὰρ
1669 562 1706 593 ὡς
1720 561 1766 588 ἐπὶ
1786 561 1844 592 τοῖς

1044 608 1148 642 ὕδασιν,
1166 609 1204 641 ὡς
1220 610 1355 645 ἄτρεπτος
1379 608 1455 641 Θεὸς,
1473 608 1502 634 ὲν
1525 607 1606 644 σαρκὶ
1627 607 1676 643 μὲν
1699 607 1843 642 ὑπάρχων,

1042 656 1093 682 οὐκ
1115 655 1168 682 ἀπὸ
1187 656 1288 691 σαρκὸς
1304 654 1332 681 δὲ
1355 654 1557 689 ἀλλοιούμενος.
1584 653 1636 680 Καὶ
1654 653 1731 679 καλεί
1747 653 1842 687 φωνῇ’

1043 701 1166 736 Λάᾶιρε,
1185 701 1273 736 deﬁge
1288 701 1363 734 ἔξω·
1377 701 1427 727 οὐκ
1439 700 1578 727 ἀντίθετον
1593 699 1662 734 ἔχων
1676 699 1725 734 τὴν
1740 699 1842 734 σάρκα,

1043 747 1103 773 οὐδὲ
1118 747 1168 782 τῆς
1183 747 1311 783 θεότητος
1327 748 1356 774 ὲν
1372 747 1454 783 σαρκὶ⁸
1471 748 1504 783 τῇ
1526 746 1617 782 τελείᾳ
1632 745 1839 783 ἐνανθρωπήςει

1044 793 1255 829 δεδουλωμένης.

1554 838 1621 866 Nam
1646 845 1730 874 supra
1755 844 1842 872 aquas

199 888 375 920 ambulavit‘,
395 889 433 914 uti
454 886 650 914 immutabilem
674 885 758 912 Deum
785 892 833 919 par
854 887 923 916 erat,
942 885 987 918 qui
1012 886 1052 912 sic
1073 886 1099 913 in
1112 895 1195 915 carne
1213 888 1385 918 versabatur,
1403 887 1475 913 nulla
1514 891 1542 915 ιιι
1566 887 1593 914 in
1625 886 1714 920 ipsum
1739 892 1773 912 ex
1796 883 1840 910 illa

202 935 318 962 mutatio
343 932 520 960 redundaret.
543 930 638 966 Itaque
663 933 689 956 et
712 933 841 956 contenta
863 936 929 955 voce
953 929 994 956 sic
1013 931 1169 959 exclamat:
1186 932 1298 964 Lazare,
1322 933 1464 968 veniforas
1475 933 1496 960 δ.
1514 932 1542 959 In
1558 939 1612 967 quo
1645 938 1756 958 carnem
1789 929 1841 957 sihi

199 983 394 1014 repugnantem
421 976 534 1003 minime
548 978 591 1002 est
611 979 757 1009 expertus;
783 981 872 1007 neque
891 973 1020 1002 divinitas
1037 975 1095 1011 ipsa
1121 977 1148 1004 in
1186 985 1278 1010 carne,
1314 978 1490 1014 perfectaque
1513 977 1634 1005 hominis
1665 980 1763 1004 natura
1798 983 1840 1003 re-

199 1024 293 1052 sidcns
307 1024 381 1050 velut
397 1021 529 1050 servitute
543 1020 661 1055 quadam
676 1023 719 1046 est
739 1027 882 1054 oppressa.

235 1069 331 1098 XXIX.
352 1068 504 1096 Possumus
528 1073 555 1095 et
583 1067 637 1094 alia
657 1065 798 1101 complura
822 1066 991 1093 subtexere:

1081 1066 1145 1093 ΚΘ¹.
1161 1067 1215 1093 Καὶ
1237 1067 1322 1094 πολλά
1337 1068 1382 1103 μοί
1402 1068 1459 1094 ἐστι
1474 1067 1521 1094 τοῦ
1538 1067 1629 1102 λέγειν
1640 1076 1646 1082 ·
1663 1067 1730 1095 ἀλλὰ
1747 1068 1793 1095 καὶ
1808 1069 1841 1096 ὲκ

198 1117 272 1144 velut
290 1115 362 1151 quod
388 1123 403 1142 a
427 1114 545 1142 mortuis
562 1113 698 1140 excitatus
712 1106 771 1143 ‘est,
796 1111 870 1146 quod
895 1111 994 1139 infero-

199 1169 259 1188 rum
277 1162 396 1188 claustra
416 1159 557 1195 perfregit,
573 1157 645 1193 quod
660 1157 831 1192 captivorum
851 1164 948 1192 agmen
966 1158 993 1183 in

198 1212 359 1243 potestatem
373 1205 476 1241 redegit
487 1210 514 1232 et
525 1204 621 1232 eduxit
632 1204 642 1219 ⁸
659 1223 667 1235 ,
680 1203 753 1237 quod
779 1203 859 1230 tertia
875 1203 918 1229 die
931 1210 993 1229 eum

198 1261 282 1280 carne
299 1260 349 1279 sua
373 1250 557 1283 sanctissima,
583 1256 691 1277 necnon
710 1248 859 1282 (£1023
890 1248 992 1280 anima,

198 1301 300 1330 mente,
321 1304 353 1324 ac
367 1300 424 1324 toto
435 1295 555 1330 denique
568 1302 634 1323 vase
648 1294 707 1329 ipso
732 1294 866 1324 surrexit;
883 1297 909 1320 et
931 1300 993 1320 cum

199 1344 343 1372 divinitate
357 1341 504 1376 copulatus
513 1340 595 1367 homo
612 1340 751 1375 perfectus
764 1339 880 1371 exstitit,
897 1339 995 1365 huma-

200 1397 322 1424 namque
338 1393 465 1416 naturam
481 1386 515 1414 ad
529 1386 683 1414 divinitatis
696 1385 868 1413 consortium
882 1385 971 1412 evexit
985 1394 991 1412 :

199 1437 268 1464 adeo
286 1439 315 1462 ut
337 1442 412 1462 mors
424 1433 478 1469 ipsi
497 1440 553 1460 non
568 1432 728 1460 dominetur
748 1431 866 1466 amplius
876 1431 896 1457 ⁸.
911 1431 995 1466 Igitur

200 1490 262 1510 cum
280 1482 424 1509 divinitate
445 1479 621 1514 coniunctus,
644 1479 718 1514 quod
747 1486 870 1506 crassum
893 1482 952 1505 erat
968 1482 995 1505 et

207 1532 365 1556 concretum
378 1547 386 1559 ,
414 1530 496 1554 tenue
517 1533 549 1552 ac
569 1525 670 1552 subtile
698 1524 827 1557 reddidit,
848 1528 906 1550 tum
931 1531 994 1550 eum

201 1574 304 1602 clausis
324 1564 431 1601 foribus
455 1573 597 1608 ingressus
623 1575 684 1605 est;
703 1575 731 1598 et
768 1578 830 1597 cum
851 1570 993 1603 intrasset,

201 1627 312 1648 carnem
328 1623 356 1647 ct
386 1625 450 1647 ossa
469 1617 644 1650 monstravit,
661 1621 691 1644 ut
705 1621 733 1644 et
750 1617 898 1644 salutarem
917 1623 994 1644 suam

202 1667 350 1702 potentiam
365 1665 535 1698 ostenderet,
551 1668 578 1692 et
591 1663 664 1699 quod
677 1663 735 1699 spei
750 1667 853 1691 nostra:
868 1662 995 1698 proposi-

203 1719 259 1740 tum
285 1717 328 1740 cst
356 1712 516 1741 exhiberet.
539 1711 705 1746 planumque
728 1709 831 1737 faceret
856 1709 948 1736 omnia
978 1715 993 1735 a

203 1760 292 1787 ιλιι-ιω
308 1762 370 1794 post
385 1761 541 1793 susceptam
565 1764 676 1784 carnem
697 1763 759 1784 esse
774 1754 906 1790 perfecta.
924 1754 994 1781 Pne-

201 1811 274 1833 tcrca
289 1804 384 1832 eodem
399 1804 447 1831 illo
460 1810 576 1838 corpore
589 1802 734 1838 magniﬁce
750 1802 876 1830 sublatus
899 1802 926 1829 in
938 1808 995 1828 cm-

202 1851 257 1877 lnm
273 1850 306 1877 ad
328 1849 417 1876 Patris
433 1849 574 1876 dexteram
593 1848 728 1880 consedit,
755 1855 810 1874 non
835 1847 906 1874 mole
924 1854 995 1882 pra:-

202 1900 331 1931 gravatus
354 1894 489 1929 corporis,
512 1896 559 1920 aut
574 1901 639 1920 vero
661 1899 778 1927 corpore
803 1892 864 1928 ipso
885 1892 994 1928 penitus

203 1941 365 1973 exsolutus,
396 1939 444 1968 sed
470 1940 542 1967 idem
569 1940 659 1974 ipsum
684 1939 807 1974 spiritale
838 1939 993 1967 suscitavit.

203 1988 280 2021 Quod
296 1988 318 2014 si
336 1991 461 2014 nostrum
479 1986 545 2013 illud
561 1993 661 2020 corpus
677 1986 703 2013 in
719 1986 896 2020 corruptione
912 1985 995 2013 semi-

204 2037 296 2065 natur,
323 2032 410 2067 surgit
431 2032 458 2058 in
475 2031 696 2065 incorruptione,
721 2030 873 2058 seminatur
893 2038 994 2066 corpus

205 2079 334 2110 animale,
347 2077 470 2113 spiritale
480 2084 582 2112 corpus
593 2076 759 2104 exritatur':
773 2079 877 2111 quanto
891 2076 918 2103 id
933 2084 993 2103 ma-

205 2127 247 2162 gis
260 2126 295 2153 de
309 2125 441 2161 unigeniti
457 2123 518 2151 Filii
532 2123 578 2151 Dci
596 2130 712 2157 corpore
730 2130 779 2158 par
791 2126 834 2150 est
848 2122 996 2150 arbitrari?

205 2173 351 2208 Propterea
368 2171 441 2199 istud
457 2170 597 2205 impletum
619 2173 661 2197 est
675 2178 680 2195 :
693 2168 755 2196 Non
776 2169 852 2195 dabis
874 2173 993 2196 sanctum

207 2226 280 2248 tuum
295 2220 381 2248 videre
403 2221 607 2252 corruptionem,
631 2225 711 2252 neque
727 2217 855 2251 relinques
876 2218 994 2244 animum

205 2276 288 2295 meum
313 2267 341 2294 in
366 2265 470 2300 inferno
481 2265 502 2291 '.
523 2264 612 2298 Atque
637 2263 694 2290 haec
716 2263 826 2298 quidem
847 2264 939 2290 omnia
961 2263 996 2290 de

206 2313 326 2349 perfecta
350 2312 470 2339 hominis
494 2315 592 2337 natura
609 2309 643 2336 ab
658 2309 705 2336 illo
723 2314 849 2344 suscepta
865 2317 897 2336 eo
913 2316 928 2335 a
952 2316 995 2336 me

205 2360 343 2395 disputata
364 2362 437 2390 sunt,
459 2366 494 2385 ne
516 2357 559 2384 cui
575 2357 679 2384 veniret
694 2356 720 2383 in
743 2359 871 2386 mentem,
890 2363 940 2390 pro
962 2362 996 2382 eo

1046 1111 1151 1146 νεκρῶν
1175 1113 1335 1145 ἀνίσταται,
1355 1113 1402 1140 καὶ
1427 1113 1607 1149 ἀναμοχλεύει
1626 1113 1662 1140 τὰ
1680 1113 1741 1140 καθ’
1764 1114 1839 1150 ᾆδον,

1045 1157 1092 1184 καὶ
1106 1157 1174 1184 ἐλὼν
1187 1159 1321 1194 ἀνήνεγκε
1336 1159 1385 1195 τὴν
1399 1159 1598 1195 αἰχμαλωσίαν,
1617 1160 1664 1186 καὶ
1679 1160 1798 1192 ἀναστὰς
1811 1161 1840 1187 τὸ

1044 1205 1194 1241 τριήμερον
1209 1206 1237 1231 ὲν
1247 1205 1315 1241 αὐτῇ
1329 1207 1362 1242 τῇ
1378 1206 1443 1241 ἁγίᾳ
1456 1205 1546 1241 σαρκὶ,
1565 1205 1612 1232 καὶ
1627 1205 1700 1241 ψυχῇ
1713 1207 1746 1241 τῇ
1763 1207 1838 1242 ἁγίᾳ.

1045 1250 1092 1275 καὶ
1115 1250 1170 1285 νῷ,
1199 1250 1246 1277 καὶ
1263 1251 1344 1276 παντὶ
1367 1250 1406 1285 τῷ
1433 1249 1545 1282 σκεύει,
1564 1249 1612 1276 καὶ
1637 1250 1666 1276 ἐν
1683 1250 1715 1284 τῇ
1734 1249 1839 1284 θεότητι

1045 1294 1183 1330 ἡνωμένος
1198 1315 1205 1327 ,
1232 1295 1335 1327 τέλειος
1354 1296 1465 1330 γέγονεν
1496 1294 1640 1330 ἄνθρωπος
1654 1315 1661 1326 ,
1687 1294 1840 1326 συνενώσας

1045 1345 1094 1376 την
1110 1340 1317 1376 ὲνανθρώπησιν
1334 1341 1430 1368 ἑαυτοῦ
1441 1342 1472 1375 τῇ
1489 1341 1607 1375 θεότητι,
1624 1340 1740 1367 θανάτου
1757 1341 1839 1367 αὑτοῦ

1047 1387 1146 1422 μηκέτι
1162 1387 1345 1423 κυριεύοντος.
1367 1387 1406 1422 Τῇ
1425 1386 1453 1413 δὲ
1470 1386 1578 1421 θεότητι
1599 1387 1798 1422 συνηνωμένος,
1811 1387 1839 1413 τὺ

1046 1436 1204 1471 παχυμερὲς
1219 1435 1386 1471 λεπτομερὲς
1401 1434 1529 1466 ὲτελείου,
1545 1434 1736 1470 εἰσερχόμενος
1751 1434 1839 1470 θυρῶν

1046 1481 1258 1516 κεκλεισμένων,
1287 1480 1334 1507 καὶ
1354 1480 1422 1516 μετὰ
1446 1481 1496 1515 τὴν
1515 1480 1615 1506 είσοδοῡ
1631 1480 1737 1512 δεικνὺς
1751 1481 1839 1516 σάρκα

1046 1527 1093 1554 καὶ
1106 1527 1196 1558 ὀστέα,
1211 1527 1255 1554 ἴνα
1268 1526 1297 1553 τὸ
1315 1527 1448 1562 σωτήριον
1465 1526 1515 1562 τῆς
1541 1525 1684 1562 δυνάμεως
1699 1526 1835 1563 ὑποψὼκῃ·

1046 1573 1089 1599 ἵνα
1102 1573 1151 1609 τὴν
1167 1572 1246 1608 ἡμῶν
1262 1572 1357 1599 ἐλπίδα
1377 1572 1504 1609 ὑποδείξῃ
1518 1593 1524 1605 ,
1543 1572 1584 1598 ὃτι
1609 1572 1642 1599 τὰ
1668 1573 1758 1600 πάντα
1782 1573 1840 1599 ἐτεο

1045 1618 1158 1644 λείωσεν
1185 1617 1270 1644 ἐλθὼν
1287 1618 1301 1644 ὁ
1317 1617 1412 1652 Λόγος.
1444 1617 1500 1644 Καὶ
1524 1618 1552 1643 ὲν
1580 1617 1654 1652 αὑτῷ
1670 1616 1708 1652 τῷ
1733 1617 1840 1653 σώματι

1046 1663 1212 1699 ἀναληφθεὶς
1244 1663 1356 1697 ἐνδόξως
1381 1663 1507 1690 ἐκάθισεν
1520 1663 1548 1689 ὲν
1563 1662 1637 1698 δεξιᾷ
1653 1663 1700 1690 τοῦ
1721 1663 1838 1699 Πατρὸς,

1046 1710 1095 1736 οὐκ
1109 1711 1162 1737 ἀπὸ
1178 1710 1224 1736 τοῦ
1246 1710 1330 1744 ὗγκου
1347 1709 1508 1744 πιεζόμενος
1520 1729 1528 1742 ,
1549 1709 1599 1736 οὐχ
1619 1709 1698 1741 ἐκτὸς
1716 1709 1763 1736 τοῦ
1786 1709 1838 1735 σώ-

1047 1764 1131 1792 ματος
1146 1755 1275 1791 ὑπάρχων
1287 1776 1294 1788 ,
1308 1755 1340 1782 τὸ
1358 1755 1386 1781 δὲ
1407 1755 1487 1791 σῶμα
1509 1754 1695 1791 πνευματικὸν
1718 1756 1837 1791 ἐγείρας.

1045 1804 1077 1830 Εἰ
1093 1803 1124 1829 τὸ
1151 1803 1284 1838 ἡμέτερον
1305 1802 1448 1837 σπείρεται
1468 1802 1496 1828 ὲν
1512 1802 1599 1837 φθορᾷ
1612 1822 1619 1834 ,
1648 1802 1785 1838 ἐγείρεται
1811 1803 1839 1828 ἐν

1045 1849 1186 1884 ἀφθαρσίᾳ
1196 1857 1202 1863 ·
1219 1849 1360 1884 σπείρεται
1377 1847 1457 1883 σῶμα
1468 1847 1593 1883 ψυχικὸν,
1607 1847 1744 1883 ἐγείρεται
1761 1848 1839 1883 σῶμα

1046 1893 1239 1929 πνευματικόν·
1257 1893 1332 1929 πόσῳ
1349 1901 1380 1928 γε
1409 1893 1509 1928 μᾶλλον
1529 1892 1577 1920 τοῦ
1597 1893 1757 1929 μονογενοῦς
1774 1894 1838 1920 Υἱοῦ

1045 1940 1092 1967 τοῦ
1118 1940 1203 1973 Θεοῦ;
1226 1940 1271 1966 Διδ
1291 1939 1485 1976 πεπλήρωται·
1508 1941 1549 1967 Οὺ
1561 1940 1669 1974 δώσεις
1686 1940 1739 1968 τὸν
1754 1941 1840 1968 ὅσιόν

1045 1994 1104 2014 σου
1126 1985 1200 2013 [δεῖν
1217 1985 1399 2021 διαφθορὰν,
1426 1985 1498 2012 οὐδὲ
1523 1986 1626 2020 ἐάσεις
1653 1986 1711 2021 τὴν
1734 1986 1840 2022 ψυχήν

1043 2040 1102 2066 μου
1120 2032 1164 2063 είς
1181 2030 1267 2065 ᾅδην.
1290 2031 1368 2057 ’Λλλᾶ
1384 2030 1470 2058 ταῦτά
1489 2039 1532 2067 μοι
1553 2031 1642 2058 πάντα
1658 2033 1720 2067 περὶ
1737 2033 1786 2068 τῆς
1801 2040 1839 2059 τε·

1045 2078 1119 2110 λείας
1147 2077 1229 2104 αὑτοῦ
1251 2077 1483 2113 ὲνανθρωπὴσεως
1507 2077 1633 2113 εἴρηται,
1655 2078 1698 2104 ἵνα
1716 2079 1752 2113 μή
1769 2087 1838 2110 τινες

1046 2123 1195 2159 νομίσωσι,
1212 2123 1255 2149 διὰ
1274 2123 1305 2149 τὺ
1321 2124 1410 2159 σάρκα
1425 2123 1505 2149 αὑτὸν
1532 2123 1706 2159 ἀνειληφέναι
1722 2123 1838 2155 τελείαν,

1049 2169 1085 2205 μὴ
1109 2169 1164 2204 ἄρα
1191 2169 1238 2195 καὶ
1260 2168 1294 2195 τὰ
1312 2168 1361 2202 τῆς
1379 2168 1479 2204 σαρκὸς
1497 2168 1581 2202 ἄλογα
1599 2169 1726 2205 ἔπραξεν.
1745 2169 1840 2200 Οὐδεὶς

1047 2216 1099 2252 γὰρ
1114 2215 1168 2241 τῶν
1184 2213 1304 2246 εὐσεϐῶς
1322 2214 1504 2240 πιστευόντων
1527 2215 1567 2246 εἰς
1583 2215 1665 2241 αὑτὸν
1682 2215 1760 2241 τοῦτο
1775 2217 1839 2246 νοεῖ,

1047 2262 1063 2297 ἢ
1079 2261 1163 2296 λέγει.
1179 2261 1210 2286 Εἰ
1225 2259 1252 2286 δὲ
1267 2260 1355 2291 οὐδεὶς
1373 2261 1428 2286 νοεῖ
1447 2259 1512 2295 περὶ
1527 2259 1609 2286 αὐτοῦ
1625 2260 1659 2286 τὰ
1676 2261 1724 2295 τῆς
1740 2260 1840 2296 σαρκὸς

1047 2308 1132 2342 ἄλογα
1162 2306 1351 2343 πεπραχέναι,
1377 2305 1438 2333 οὔτε
1463 2306 1497 2333 τὰ
1520 2306 1567 2333 τοῦ
1590 2307 1636 2334 νοῦ
1656 2307 1741 2341 ἄλογα
1761 2307 1840 2334 αὐτον

1048 2352 1228 2388 πεποιηκέναι
1243 2352 1374 2387 νοήσειεν.
1394 2352 1449 2378 Καὶ
1464 2352 1505 2378 ὅτι
1521 2352 1570 2387 μὲν
1587 2352 1696 2384 τελείως
1710 2351 1840 2387 ἐνηνθρώ-

206 2394 278 2441 quod
297 2405 447 2440 perlectam
470 2411 581 2431 carnem
600 2403 729 2435 induerit,
749 2409 781 2430 ea
797 2402 855 2437 ipsa
873 2409 993 2437 quoque,

1050 2407 1136 2434 πηοεν
1151 2397 1235 2424 ἐλθὼν
1262 2398 1276 2424 ὀ
1298 2394 1395 2432 λόγος,
1411 2397 1490 2424 τοῦτο
1509 2397 1599 2432 δῆλον.
1619 2397 1673 2424 Kal.
1689 2397 1736 2423 ἐὰν
1756 2399 1841 2424 εἴπω-

205 2461 266 2488 qme
286 2453 319 2479 ad
334 2459 444 2478 eai'nem
460 2451 609 2486 pertinent,
630 2449 749 2477 absur'da
765 2449 995 2483 abhorrentiaque

206 2499 378 2534 praestitisse.
400 2496 485 2524 Nemo
510 2496 593 2528 enim,
617 2495 664 2531 qui
684 2495 794 2531 quidem
821 2495 946 2530 religiose
963 2494 997 2522 de

206 2547 252 2573 illa
270 2545 381 2576 sentiat,
396 2544 430 2572 de
449 2551 482 2571 eo
502 2543 636 2578 ejusmodi
649 2543 778 2578 quiddam
796 2542 888 2569 animo
903 2542 996 2569 conci-

207 2591 272 2627 piat.
299 2595 345 2618 aut
361 2590 453 2617 verbis
474 2589 619 2624 exprimat.
636 2587 714 2621 Quod
740 2588 762 2615 si
779 2595 859 2614 nemo
881 2591 932 2618 est,
950 2587 996 2621 qui

206 2638 305 2666 rationi
321 2637 457 2664 contraria
472 2640 499 2664 ct
516 2635 636 2664 absurda
652 2635 698 2662 illa
712 2634 805 2662 carnis
819 2633 907 2661 oflicia
925 2641 996 2668 pra:-

206 2685 310 2712 stitissc
323 2684 397 2710 illum
413 2683 563 2715 existimet,
581 2691 615 2710 ne
631 2690 662 2709 ea
673 2681 784 2716 quidem
801 2687 862 2716 quae
875 2687 889 2706 a
904 2683 996 2707 mente

205 2731 435 2765 proﬁciscuntur,
463 2729 566 2757 absona
589 2734 617 2757 ct
642 2727 818 2755 abhorrentia
847 2726 995 2762 perfecisse

208 2775 345 2810 putandus
359 2779 410 2802 est.
423 2773 482 2803 Jam
501 2781 564 2801 vero
575 2773 622 2801 Dei
637 2772 755 2800 Verbum
771 2771 893 2807 perfecte
909 2771 996 2798 homi-

1051 2455 1099 2483 μεν
1112 2444 1233 2477 τελείως,
1247 2444 1278 2470 οὐ
1289 2443 1335 2470 δύο
1348 2444 1482 2480 Χριστοὺς
1496 2443 1642 2479 ἔχομεν,οὺ
1655 2443 1701 2470 δύο
1713 2443 1840 2478 βασιλέας

1050 2492 1131 2522 Υίοὺς
1145 2491 1223 2522 Θεοῦ,
1237 2490 1304 2517 ἀλλὰ
1315 2489 1360 2516 τὸν
1377 2490 1458 2517 αὐτὲν
1475 2489 1541 2516 Θεὸν
1551 2510 1558 2522 ,
1577 2489 1623 2516 τὸν
1638 2489 1719 2517 αὐτὸν
1736 2489 1839 2525 ἅνθρω-

1050 2546 1116 2565 πον·
1136 2538 1185 2572 οὐχ
1209 2537 1246 2568 ὡς
1263 2537 1292 2564 ὲν
1321 2535 1457 2572 ἀνθρώπῳ
1487 2536 1628 2572 οἰκήσαντι
1642 2537 1664 2567 θ,
1689 2535 1746 2562 ἀλλ’
1760 2535 1840 2562 αὑτὸν

1049 2585 1109 2613 ὅλον
1127 2583 1373 2618 ὲνανθρωπήσαντα
1386 2603 1392 2614 ,
1407 2583 1457 2609 οὐκ
1471 2582 1614 2618 ἄνθρωπον
1631 2582 1696 2609 ὄντα
1708 2602 1714 2614 ,
1731 2581 1840 2608 ἐλθόντα

1050 2631 1090 2663 εὶς
1105 2630 1247 2666 προκοπὴν
1268 2628 1394 2664 θεότητος
1405 2649 1412 2660 ,
1436 2628 1504 2656 ἀλλὰ
1521 2628 1586 2655 Θεὸν
1601 2629 1648 2655 ἀπ’
1663 2627 1786 2664 οὐρανῶν
1802 2627 1841 2653 ἐλ-

1051 2678 1150 2709 θόντα,
1175 2677 1222 2703 καὶ
1256 2676 1295 2707 εἰς
1322 2675 1417 2701 ἑαυτὸν
1444 2675 1672 2710 ἀναπλασάμενον
1696 2674 1745 2709 τὴν
1776 2673 1841 2701 ἰδίαν

1049 2721 1255 2757 ὲνανθρὼπησιν
1270 2720 1342 2747 κατὰ
1358 2720 1407 2755 τὴν
1420 2720 1504 2747 αὒτοῦ
1525 2721 1642 2756 δυνατὴν
1656 2719 1772 2754 θεότητα
1784 2726 1790 2733 ·
1806 2719 1841 2750 ὡς

1049 2769 1132 2804 λέγει,
1144 2768 1185 2795 ὃτι
1198 2767 1294 2802 Λόγος
1309 2767 1387 2801 σὰρξ
1403 2767 1533 2802 ἐγένετο.
1547 2766 1584 2793 Τὸ
1598 2765 1637 2799 δὲ,
1652 2765 1748 2800 Λόγος
1764 2763 1841 2798 σὰρξ

242 2831 250 2846 ί
270 2830 363 2858 Matth.
381 2838 411 2862 ιι,
429 2830 440 2856 Ι
456 2837 516 2864 sqq.
555 2830 565 2845 ‘
583 2828 647 2856 Luc.
668 2836 726 2860 \‘lll,
743 2828 792 2855 21.
827 2827 948 2864 ’-lllatth.
965 2825 1079 2864 xtv,_2‘6.
1108 2823 1221 2864 _‘_.loarf.
1235 2830 1277 2864 at,
1290 2823 1333 2850 45.
1373 2825 1382 2840 ⁵
1399 2823 1498 2859 Ephes.
1518 2831 1553 2855 Iv,
1570 2822 1597 2851 8.
1636 2822 1646 2838 ‘
1661 2821 1742 2850 Rom.
1758 2829 1797 2855 τι,
1816 2820 1841 2848 9.

208 2865 242 2893 'l
262 2866 326 2893 Cor.
357 2859 409 2899 xv,
431 2859 524 2892 42.’”⁸
541 2864 614 2891 Psal.
633 2872 677 2897 xv,
696 2864 815 2897 10;Act.
831 2870 862 2895 ll,
879 2863 931 2895 51;
947 2870 993 2889 ιιιιι

1045 2862 1067 2889 5.
1107 2861 1117 2877 ⁸
1136 2859 1167 2886 F.
1184 2859 1344 2894 οἰκήσαντα.
