  <div class='ocr_page' id='page_1' title='image "/cluster/home/n/w/nwhite01/storage/ocr_20150623/42/njp.32101077772588/356.png"; bbox 0 0 1945 3043; ppageno 0'>
   <div class='ocr_carea' id='block_1_1' title="bbox 128 125 184 154">
    <p class='ocr_par' dir='ltr' id='par_1_1' title="bbox 128 125 184 154">
     <span class='ocr_line' id='line_1_1' title="bbox 128 125 184 154; baseline 0.018 -1"><span class='ocrx_word' id='word_1_1' title='bbox 128 125 184 154; x_wconf 77' lang='lat'><strong>685</strong></span> 
     </span>
    </p>
   </div>
   <div class='ocr_carea' id='block_1_2' title="bbox 431 114 1442 160">
    <p class='ocr_par' dir='ltr' id='par_1_2' title="bbox 431 114 1442 160">
     <span class='ocr_line' id='line_1_2' title="bbox 431 114 1442 160; baseline -0.003 -8"><span class='ocrx_word' id='word_1_2' title='bbox 431 124 614 153; x_wconf 75' lang='lat' dir='ltr'><strong>ADVERSUS</strong></span> <span class='ocrx_word' id='word_1_3' title='bbox 631 123 803 153; x_wconf 64' lang='lat' dir='ltr'><strong>HERESES</strong></span> <span class='ocrx_word' id='word_1_4' title='bbox 820 123 882 160; x_wconf 67' lang='lat' dir='ltr'><strong>LIB.</strong></span> <span class='ocrx_word' id='word_1_5' title='bbox 903 114 946 152; x_wconf 79' lang='lat' dir='ltr'><strong>Ill.</strong></span> <span class='ocrx_word' id='word_1_6' title='bbox 968 124 1048 152; x_wconf 63' lang='lat' dir='ltr'><strong>T031.</strong></span> <span class='ocrx_word' id='word_1_7' title='bbox 1070 124 1141 152; x_wconf 80' lang='lat' dir='ltr'><strong>ll.—-</strong></span> <span class='ocrx_word' id='word_1_8' title='bbox 1160 122 1295 152; x_wconf 69' lang='lat' dir='ltr'><strong>ILERES.</strong></span> <span class='ocrx_word' id='word_1_9' title='bbox 1315 122 1442 150; x_wconf 73' lang='lat' dir='ltr'><strong>LXXVII.</strong></span> 
     </span>
    </p>
   </div>
   <div class='ocr_carea' id='block_1_3' title="bbox 1703 120 1757 150">
    <p class='ocr_par' dir='ltr' id='par_1_3' title="bbox 1703 120 1757 150">
     <span class='ocr_line' id='line_1_3' title="bbox 1703 120 1757 150; baseline -0.019 0"><span class='ocrx_word' id='word_1_10' title='bbox 1703 120 1757 150; x_wconf 81' lang='lat'><strong>686</strong></span> 
     </span>
    </p>
   </div>
   <div class='ocr_carea' id='block_1_4' title="bbox 129 175 928 216">
    <p class='ocr_par' dir='ltr' id='par_1_4' title="bbox 129 179 913 216">
     <span class='ocr_line' id='line_1_4' title="bbox 129 179 913 216; baseline -0.004 -8"><span class='ocrx_word' id='word_1_11' title='bbox 129 181 263 216; x_wconf 76' lang='grc' dir='ltr'>ἐγένετο,</span> <span class='ocrx_word' id='word_1_12' title='bbox 281 180 324 207; x_wconf 81' lang='grc' dir='ltr'><strong>ἵνα</strong></span> <span class='ocrx_word' id='word_1_13' title='bbox 352 180 388 215; x_wconf 84' lang='grc' dir='ltr'><strong>μή</strong></span> <span class='ocrx_word' id='word_1_14' title='bbox 407 189 480 212; x_wconf 80' lang='grc' dir='ltr'>τινες</span> <span class='ocrx_word' id='word_1_15' title='bbox 503 180 650 216; x_wconf 76' lang='grc' dir='ltr'><strong>νομίσωσιν</strong></span> <span class='ocrx_word' id='word_1_16' title='bbox 663 200 670 213; x_wconf 86' lang='grc'><strong>,</strong></span> <span class='ocrx_word' id='word_1_17' title='bbox 688 180 729 206; x_wconf 82' lang='grc' dir='ltr'>ὅτι</span> <span class='ocrx_word' id='word_1_18' title='bbox 751 179 858 215; x_wconf 81' lang='grc' dir='ltr'>πρῶτος</span> <span class='ocrx_word' id='word_1_19' title='bbox 872 180 913 207; x_wconf 53' lang='grc' dir='ltr'><strong>ἄν.</strong></span> 
     </span>
    </p>
   </div>
   <div class='ocr_carea' id='block_1_5' title="bbox 981 175 1753 216">
    <p class='ocr_par' dir='ltr' id='par_1_5' title="bbox 981 175 1753 212">
     <span class='ocr_line' id='line_1_5' title="bbox 981 175 1753 212; baseline -0.001 -7"><span class='ocrx_word' id='word_1_20' title='bbox 981 187 1033 207; x_wconf 77' lang='lat' dir='ltr'><strong>Icm</strong></span> <span class='ocrx_word' id='word_1_21' title='bbox 1048 186 1108 207; x_wconf 84' lang='lat' dir='ltr'><strong>esse</strong></span> <span class='ocrx_word' id='word_1_22' title='bbox 1127 177 1228 206; x_wconf 82' lang='lat' dir='ltr'><strong>factum</strong></span> <span class='ocrx_word' id='word_1_23' title='bbox 1250 185 1329 206; x_wconf 88' lang='lat' dir='ltr'><strong>nemo</strong></span> <span class='ocrx_word' id='word_1_24' title='bbox 1346 185 1399 204; x_wconf 89' lang='lat' dir='ltr'><strong>non</strong></span> <span class='ocrx_word' id='word_1_25' title='bbox 1423 175 1559 212; x_wconf 88' lang='lat' dir='ltr'><strong>intelligit.</strong></span> <span class='ocrx_word' id='word_1_26' title='bbox 1579 175 1646 203; x_wconf 90' lang='lat' dir='ltr'><strong>Cum</strong></span> <span class='ocrx_word' id='word_1_27' title='bbox 1663 182 1753 204; x_wconf 82' lang='lat' dir='ltr'><strong>autem</strong></span> 
     </span>
    </p>
   </div>
   <div class='ocr_carea' id='block_1_6' title="bbox 130 223 920 262">
    <p class='ocr_par' dir='ltr' id='par_1_6' title="bbox 130 223 920 262">
     <span class='ocr_line' id='line_1_6' title="bbox 130 223 920 262; baseline -0.001 -9"><span class='ocrx_word' id='word_1_28' title='bbox 130 227 240 262; x_wconf 78' lang='grc' dir='ltr'>θρωπος</span> <span class='ocrx_word' id='word_1_29' title='bbox 267 223 316 261; x_wconf 81' lang='grc' dir='ltr'>ἦν,</span> <span class='ocrx_word' id='word_1_30' title='bbox 336 226 383 252; x_wconf 77' lang='grc' dir='ltr'><strong>καὶ</strong></span> <span class='ocrx_word' id='word_1_31' title='bbox 409 223 473 260; x_wconf 82' lang='grc' dir='ltr'>ἦλθε</span> <span class='ocrx_word' id='word_1_32' title='bbox 500 226 618 261; x_wconf 72' lang='grc' dir='ltr'>Χριστὸς</span> <span class='ocrx_word' id='word_1_33' title='bbox 639 226 680 258; x_wconf 84' lang='grc' dir='ltr'><strong>είς</strong></span> <span class='ocrx_word' id='word_1_34' title='bbox 702 225 854 261; x_wconf 76' lang='grc' dir='ltr'>ἄνθρωπον.</span> <span class='ocrx_word' id='word_1_35' title='bbox 871 225 920 252; x_wconf 80' lang='grc' dir='ltr'><strong>Διὰ</strong></span> 
     </span>
    </p>
   </div>
   <div class='ocr_carea' id='block_1_7' title="bbox 130 268 921 305">
    <p class='ocr_par' dir='ltr' id='par_1_7' title="bbox 130 268 921 305">
     <span class='ocr_line' id='line_1_7' title="bbox 130 268 921 305; baseline 0 -9"><span class='ocrx_word' id='word_1_36' title='bbox 130 270 211 297; x_wconf 78' lang='grc' dir='ltr'>τοῦτο</span> <span class='ocrx_word' id='word_1_37' title='bbox 223 271 308 304; x_wconf 80' lang='grc' dir='ltr'>Λόγον</span> <span class='ocrx_word' id='word_1_38' title='bbox 324 270 430 305; x_wconf 82' lang='grc' dir='ltr'>πρῶτον</span> <span class='ocrx_word' id='word_1_39' title='bbox 444 270 523 303; x_wconf 74' lang='grc' dir='ltr'>ἔταξε</span> <span class='ocrx_word' id='word_1_40' title='bbox 535 270 566 296; x_wconf 76' lang='grc' dir='ltr'><strong>τὸ</strong></span> <span class='ocrx_word' id='word_1_41' title='bbox 579 269 650 297; x_wconf 82' lang='grc' dir='ltr'>θεῖον</span> <span class='ocrx_word' id='word_1_42' title='bbox 663 270 838 304; x_wconf 77' lang='grc' dir='ltr'>Εὑαγγέλιον.</span> <span class='ocrx_word' id='word_1_43' title='bbox 852 268 921 296; x_wconf 74' lang='grc' dir='ltr'>Εἶτα</span> 
     </span>
    </p>
   </div>
   <div class='ocr_carea' id='block_1_8' title="bbox 131 315 921 352">
    <p class='ocr_par' dir='ltr' id='par_1_8' title="bbox 131 315 921 352">
     <span class='ocr_line' id='line_1_8' title="bbox 131 315 921 352; baseline -0.001 -9"><span class='ocrx_word' id='word_1_44' title='bbox 131 317 182 352; x_wconf 78' lang='grc' dir='ltr'>τὴν</span> <span class='ocrx_word' id='word_1_45' title='bbox 198 316 288 352; x_wconf 76' lang='grc' dir='ltr'>σάρκα</span> <span class='ocrx_word' id='word_1_46' title='bbox 305 315 496 350; x_wconf 76' lang='grc' dir='ltr'><strong>ὡμολόγησεν,</strong></span> <span class='ocrx_word' id='word_1_47' title='bbox 513 317 555 343; x_wconf 81' lang='grc' dir='ltr'>ὅτι</span> <span class='ocrx_word' id='word_1_48' title='bbox 583 316 615 342; x_wconf 90' lang='grc' dir='ltr'><em>Ὀ</em></span> <span class='ocrx_word' id='word_1_49' title='bbox 632 316 727 351; x_wconf 79' lang='grc' dir='ltr'>Λόγος</span> <span class='ocrx_word' id='word_1_50' title='bbox 753 315 832 350; x_wconf 79' lang='grc' dir='ltr'>σὰρξ</span> <span class='ocrx_word' id='word_1_51' title='bbox 858 315 921 350; x_wconf 81' lang='grc' dir='ltr'><strong>ἐτέ-</strong></span> 
     </span>
    </p>
   </div>
   <div class='ocr_carea' id='block_1_9' title="bbox 131 358 921 396">
    <p class='ocr_par' dir='ltr' id='par_1_9' title="bbox 131 358 921 396">
     <span class='ocr_line' id='line_1_9' title="bbox 131 358 921 396; baseline -0.001 -8"><span class='ocrx_word' id='word_1_52' title='bbox 131 370 212 388; x_wconf 74' lang='lat' dir='ltr'><strong>rato.</strong></span> <span class='ocrx_word' id='word_1_53' title='bbox 235 361 272 387; x_wconf 76' lang='grc' dir='ltr'><strong>Οὐ</strong></span> <span class='ocrx_word' id='word_1_54' title='bbox 288 361 342 396; x_wconf 84' lang='grc' dir='ltr'>γὰρ</span> <span class='ocrx_word' id='word_1_55' title='bbox 356 358 450 393; x_wconf 69' lang='grc' dir='ltr'>εἶπεν,</span> <span class='ocrx_word' id='word_1_56' title='bbox 475 361 506 387; x_wconf 84' lang='grc' dir='ltr'><strong>Ἦ</strong></span> <span class='ocrx_word' id='word_1_57' title='bbox 525 361 594 396; x_wconf 79' lang='grc' dir='ltr'>σὰρξ</span> <span class='ocrx_word' id='word_1_58' title='bbox 619 361 704 396; x_wconf 81' lang='grc' dir='ltr'>Λόγος</span> <span class='ocrx_word' id='word_1_59' title='bbox 729 361 854 396; x_wconf 72' lang='grc' dir='ltr'>ἐγένετο,</span> <span class='ocrx_word' id='word_1_60' title='bbox 878 361 921 388; x_wconf 83' lang='grc' dir='ltr'>ἵνα</span> 
     </span>
    </p>
   </div>
   <div class='ocr_carea' id='block_1_10' title="bbox 131 406 922 442">
    <p class='ocr_par' dir='ltr' id='par_1_10' title="bbox 131 406 922 442">
     <span class='ocr_line' id='line_1_10' title="bbox 131 406 922 442; baseline 0.001 -9"><span class='ocrx_word' id='word_1_61' title='bbox 131 407 209 442; x_wconf 78' lang='grc' dir='ltr'>δείξῃ</span> <span class='ocrx_word' id='word_1_62' title='bbox 221 406 328 442; x_wconf 80' lang='grc' dir='ltr'>πρῶτον</span> <span class='ocrx_word' id='word_1_63' title='bbox 342 406 427 440; x_wconf 88' lang='grc' dir='ltr'>Λόγον</span> <span class='ocrx_word' id='word_1_64' title='bbox 442 407 488 433; x_wconf 77' lang='grc' dir='ltr'><strong>ἀπ’</strong></span> <span class='ocrx_word' id='word_1_65' title='bbox 499 407 623 442; x_wconf 83' lang='grc' dir='ltr'>οὐρανῶν</span> <span class='ocrx_word' id='word_1_66' title='bbox 638 407 760 439; x_wconf 77' lang='grc' dir='ltr'>ἐλθόντα,</span> <span class='ocrx_word' id='word_1_67' title='bbox 774 409 813 439; x_wconf 79' lang='grc' dir='ltr'><strong>εἰς</strong></span> <span class='ocrx_word' id='word_1_68' title='bbox 826 408 922 434; x_wconf 77' lang='grc' dir='ltr'>ἑαυτὸν</span> 
     </span>
    </p>
   </div>
   <div class='ocr_carea' id='block_1_11' title="bbox 132 452 922 490">
    <p class='ocr_par' dir='ltr' id='par_1_11' title="bbox 132 452 922 490">
     <span class='ocr_line' id='line_1_11' title="bbox 132 452 922 490; baseline 0.003 -12"><span class='ocrx_word' id='word_1_69' title='bbox 132 452 164 478; x_wconf 71' lang='grc' dir='ltr'><strong>δὲ</strong></span> <span class='ocrx_word' id='word_1_70' title='bbox 189 452 380 488; x_wconf 72' lang='grc' dir='ltr'><strong>ὑποστήσαντα</strong></span> <span class='ocrx_word' id='word_1_71' title='bbox 395 453 445 488; x_wconf 81' lang='grc' dir='ltr'>τὴν</span> <span class='ocrx_word' id='word_1_72' title='bbox 472 453 560 489; x_wconf 82' lang='grc' dir='ltr'><strong>σάρκα</strong></span> <span class='ocrx_word' id='word_1_73' title='bbox 580 453 634 480; x_wconf 83' lang='grc' dir='ltr'>ἀπὸ</span> <span class='ocrx_word' id='word_1_74' title='bbox 662 453 714 489; x_wconf 85' lang='grc' dir='ltr'><strong>τῆς</strong></span> <span class='ocrx_word' id='word_1_75' title='bbox 740 454 847 490; x_wconf 79' lang='grc' dir='ltr'><strong>μήτρας</strong></span> <span class='ocrx_word' id='word_1_76' title='bbox 873 455 922 490; x_wconf 80' lang='grc' dir='ltr'><strong>τῆς</strong></span> 
     </span>
    </p>
   </div>
   <div class='ocr_carea' id='block_1_12' title="bbox 134 497 924 535">
    <p class='ocr_par' dir='ltr' id='par_1_12' title="bbox 134 497 924 535">
     <span class='ocr_line' id='line_1_12' title="bbox 134 497 924 535; baseline 0.004 -12"><span class='ocrx_word' id='word_1_77' title='bbox 134 497 216 531; x_wconf 81' lang='grc' dir='ltr'>ἁγίας</span> <span class='ocrx_word' id='word_1_78' title='bbox 233 497 371 532; x_wconf 83' lang='grc' dir='ltr'><strong>Παρθένου</strong></span> <span class='ocrx_word' id='word_1_79' title='bbox 386 518 394 531; x_wconf 90' lang='grc'><strong>,</strong></span> <span class='ocrx_word' id='word_1_80' title='bbox 409 499 456 526; x_wconf 70' lang='grc' dir='ltr'>καὶ</span> <span class='ocrx_word' id='word_1_81' title='bbox 475 500 565 526; x_wconf 83' lang='grc' dir='ltr'>πᾶσαν</span> <span class='ocrx_word' id='word_1_82' title='bbox 580 499 630 534; x_wconf 84' lang='grc' dir='ltr'>τὴν</span> <span class='ocrx_word' id='word_1_83' title='bbox 655 499 862 535; x_wconf 80' lang='grc' dir='ltr'>ὲνανθρώπησιν</span> <span class='ocrx_word' id='word_1_84' title='bbox 878 507 924 526; x_wconf 88' lang='grc' dir='ltr'>τε-</span> 
     </span>
    </p>
   </div>
   <div class='ocr_carea' id='block_1_13' title="bbox 134 541 922 579">
    <p class='ocr_par' dir='ltr' id='par_1_13' title="bbox 134 541 922 579">
     <span class='ocr_line' id='line_1_13' title="bbox 134 541 922 579; baseline 0.001 -11"><span class='ocrx_word' id='word_1_85' title='bbox 134 541 216 573; x_wconf 78' lang='grc' dir='ltr'>λείως</span> <span class='ocrx_word' id='word_1_86' title='bbox 232 542 272 573; x_wconf 77' lang='grc' dir='ltr'>είς</span> <span class='ocrx_word' id='word_1_87' title='bbox 287 543 383 569; x_wconf 74' lang='grc' dir='ltr'>ἑαυτὸν</span> <span class='ocrx_word' id='word_1_88' title='bbox 399 543 633 578; x_wconf 80' lang='grc' dir='ltr'>ἁναπλασάμενον.</span> <span class='ocrx_word' id='word_1_89' title='bbox 652 543 711 570; x_wconf 68' lang='grc' dir='ltr'>Κᾶν</span> <span class='ocrx_word' id='word_1_90' title='bbox 730 551 760 569; x_wconf 84' lang='grc' dir='ltr'><strong>τε</strong></span> <span class='ocrx_word' id='word_1_91' title='bbox 776 542 831 579; x_wconf 80' lang='grc' dir='ltr'><strong>γὰρ</strong></span> <span class='ocrx_word' id='word_1_92' title='bbox 846 543 922 578; x_wconf 73' lang='grc' dir='ltr'>εἴπῃ,</span> 
     </span>
    </p>
   </div>
   <div class='ocr_carea' id='block_1_14' title="bbox 141 587 924 624">
    <p class='ocr_par' dir='ltr' id='par_1_14' title="bbox 141 587 924 624">
     <span class='ocr_line' id='line_1_14' title="bbox 141 587 924 624; baseline 0.001 -10"><span class='ocrx_word' id='word_1_93' title='bbox 141 587 175 614; x_wconf 78' lang='lat'><strong>&#39;0</strong></span> <span class='ocrx_word' id='word_1_94' title='bbox 190 587 285 622; x_wconf 79' lang='grc' dir='ltr'>Λόγος</span> <span class='ocrx_word' id='word_1_95' title='bbox 297 587 376 622; x_wconf 78' lang='grc' dir='ltr'>σὰρξ</span> <span class='ocrx_word' id='word_1_96' title='bbox 390 588 509 623; x_wconf 72' lang='grc' dir='ltr'>ἐγένετο</span> <span class='ocrx_word' id='word_1_97' title='bbox 522 607 529 621; x_wconf 90' lang='grc'><strong>,</strong></span> <span class='ocrx_word' id='word_1_98' title='bbox 546 589 596 623; x_wconf 83' lang='grc' dir='ltr'><strong>οὐχ</strong></span> <span class='ocrx_word' id='word_1_99' title='bbox 621 588 662 615; x_wconf 78' lang='grc' dir='ltr'>ὅτι</span> <span class='ocrx_word' id='word_1_100' title='bbox 688 588 793 624; x_wconf 75' lang='grc' dir='ltr'>ἐτράπη</span> <span class='ocrx_word' id='word_1_101' title='bbox 810 590 825 615; x_wconf 82' lang='grc' dir='ltr'><strong><em>ὁ</em></strong></span> <span class='ocrx_word' id='word_1_102' title='bbox 839 589 924 623; x_wconf 82' lang='grc' dir='ltr'>Λόγος</span> 
     </span>
    </p>
   </div>
   <div class='ocr_carea' id='block_1_15' title="bbox 137 632 925 670">
    <p class='ocr_par' dir='ltr' id='par_1_15' title="bbox 137 632 925 670">
     <span class='ocr_line' id='line_1_15' title="bbox 137 632 925 670; baseline 0.001 -11"><span class='ocrx_word' id='word_1_103' title='bbox 137 633 178 664; x_wconf 84' lang='grc' dir='ltr'><strong>είς</strong></span> <span class='ocrx_word' id='word_1_104' title='bbox 203 632 308 668; x_wconf 83' lang='grc' dir='ltr'>σάρκα,</span> <span class='ocrx_word' id='word_1_105' title='bbox 333 633 380 660; x_wconf 76' lang='grc' dir='ltr'>καὶ</span> <span class='ocrx_word' id='word_1_106' title='bbox 400 634 511 668; x_wconf 87' lang='grc' dir='ltr'>γέγονεν</span> <span class='ocrx_word' id='word_1_107' title='bbox 538 634 552 660; x_wconf 82' lang='grc' dir='ltr'>ὁ</span> <span class='ocrx_word' id='word_1_108' title='bbox 573 633 658 668; x_wconf 80' lang='grc' dir='ltr'>Λόγος</span> <span class='ocrx_word' id='word_1_109' title='bbox 679 633 762 670; x_wconf 79' lang='grc' dir='ltr'>σὰρξ,</span> <span class='ocrx_word' id='word_1_110' title='bbox 792 633 841 669; x_wconf 79' lang='grc' dir='ltr'><strong>ἢή</strong></span> <span class='ocrx_word' id='word_1_111' title='bbox 867 633 925 660; x_wconf 84' lang='grc' dir='ltr'>θεό-</span> 
     </span>
    </p>
   </div>
   <div class='ocr_carea' id='block_1_16' title="bbox 137 678 925 715">
    <p class='ocr_par' dir='ltr' id='par_1_16' title="bbox 137 678 925 715">
     <span class='ocr_line' id='line_1_16' title="bbox 137 678 925 715; baseline 0.004 -12"><span class='ocrx_word' id='word_1_112' title='bbox 137 685 188 713; x_wconf 70' lang='grc' dir='ltr'><strong>ςης</strong></span> <span class='ocrx_word' id='word_1_113' title='bbox 216 678 366 714; x_wconf 76' lang='grc' dir='ltr'>μετεϐλήθη</span> <span class='ocrx_word' id='word_1_114' title='bbox 393 680 434 711; x_wconf 79' lang='grc' dir='ltr'><strong>εἰς</strong></span> <span class='ocrx_word' id='word_1_115' title='bbox 458 680 565 715; x_wconf 80' lang='grc' dir='ltr'>σάρκα·</span> <span class='ocrx_word' id='word_1_116' title='bbox 592 679 660 706; x_wconf 84' lang='grc' dir='ltr'>ἀλλὰ</span> <span class='ocrx_word' id='word_1_117' title='bbox 678 679 726 706; x_wconf 83' lang='grc' dir='ltr'>σὺν</span> <span class='ocrx_word' id='word_1_118' title='bbox 756 680 789 714; x_wconf 83' lang='grc' dir='ltr'><strong>τῇ</strong></span> <span class='ocrx_word' id='word_1_119' title='bbox 818 679 925 714; x_wconf 85' lang='grc' dir='ltr'>θεότητι</span> 
     </span>
    </p>
   </div>
   <div class='ocr_carea' id='block_1_17' title="bbox 138 722 925 760">
    <p class='ocr_par' dir='ltr' id='par_1_17' title="bbox 138 722 925 760">
     <span class='ocr_line' id='line_1_17' title="bbox 138 722 925 760; baseline 0.004 -11"><span class='ocrx_word' id='word_1_120' title='bbox 138 722 219 749; x_wconf 77' lang='grc' dir='ltr'>ελαὸε</span> <span class='ocrx_word' id='word_1_121' title='bbox 235 723 285 759; x_wconf 75' lang='grc' dir='ltr'>τὴν</span> <span class='ocrx_word' id='word_1_122' title='bbox 311 723 378 751; x_wconf 77' lang='grc' dir='ltr'>ἰδίαν</span> <span class='ocrx_word' id='word_1_123' title='bbox 398 724 481 751; x_wconf 78' lang='grc' dir='ltr'>αὑτοῦ</span> <span class='ocrx_word' id='word_1_124' title='bbox 500 724 705 760; x_wconf 74' lang='grc' dir='ltr'>ὲνανθρώπησιν</span> <span class='ocrx_word' id='word_1_125' title='bbox 725 724 811 751; x_wconf 77' lang='grc' dir='ltr'>ἐλθὼν</span> <span class='ocrx_word' id='word_1_126' title='bbox 827 725 841 751; x_wconf 87' lang='grc' dir='ltr'><strong><em>ὁ</em></strong></span> <span class='ocrx_word' id='word_1_127' title='bbox 859 725 925 757; x_wconf 77' lang='grc' dir='ltr'>Θεὸς</span> 
     </span>
    </p>
   </div>
   <div class='ocr_carea' id='block_1_18' title="bbox 140 768 237 802">
    <p class='ocr_par' dir='ltr' id='par_1_18' title="bbox 140 768 237 802">
     <span class='ocr_line' id='line_1_18' title="bbox 140 768 237 802; baseline 0.01 -8"><span class='ocrx_word' id='word_1_128' title='bbox 140 768 237 802; x_wconf 82' lang='grc' dir='ltr'>Λόγος.</span> 
     </span>
    </p>
   </div>
   <div class='ocr_carea' id='block_1_19' title="bbox 975 222 1760 261">
    <p class='ocr_par' dir='ltr' id='par_1_19' title="bbox 975 222 1760 261">
     <span class='ocr_line' id='line_1_19' title="bbox 975 222 1760 261; baseline -0.004 -9"><span class='ocrx_word' id='word_1_129' title='bbox 975 225 1124 261; x_wconf 77' lang='lat' dir='ltr'><strong>perfectum</strong></span> <span class='ocrx_word' id='word_1_130' title='bbox 1139 224 1266 256; x_wconf 81' lang='lat' dir='ltr'><strong>dicimus,</strong></span> <span class='ocrx_word' id='word_1_131' title='bbox 1284 231 1341 251; x_wconf 77' lang='lat' dir='ltr'><strong>non</strong></span> <span class='ocrx_word' id='word_1_132' title='bbox 1358 223 1429 251; x_wconf 88' lang='lat' dir='ltr'><strong>duos</strong></span> <span class='ocrx_word' id='word_1_133' title='bbox 1453 222 1556 250; x_wconf 82' lang='lat' dir='ltr'><strong>idcirco</strong></span> <span class='ocrx_word' id='word_1_134' title='bbox 1574 222 1699 250; x_wconf 89' lang='lat' dir='ltr'><strong>Christos</strong></span> <span class='ocrx_word' id='word_1_135' title='bbox 1718 230 1760 250; x_wconf 89' lang='lat' dir='ltr'><strong>as-</strong></span> 
     </span>
    </p>
   </div>
   <div class='ocr_carea' id='block_1_20' title="bbox 970 268 1760 304">
    <p class='ocr_par' dir='ltr' id='par_1_20' title="bbox 970 268 1760 304">
     <span class='ocr_line' id='line_1_20' title="bbox 970 268 1760 304; baseline -0.003 -6"><span class='ocrx_word' id='word_1_136' title='bbox 970 271 1103 303; x_wconf 72' lang='lat' dir='ltr'><strong>-Srrimus,</strong></span> <span class='ocrx_word' id='word_1_137' title='bbox 1129 271 1170 298; x_wconf 86' lang='lat' dir='ltr'><strong>vel</strong></span> <span class='ocrx_word' id='word_1_138' title='bbox 1185 270 1253 298; x_wconf 81' lang='lat' dir='ltr'><strong>duos</strong></span> <span class='ocrx_word' id='word_1_139' title='bbox 1278 277 1355 304; x_wconf 87' lang='lat' dir='ltr'><strong>reges</strong></span> <span class='ocrx_word' id='word_1_140' title='bbox 1378 268 1425 297; x_wconf 86' lang='lat' dir='ltr'><strong>Dei</strong></span> <span class='ocrx_word' id='word_1_141' title='bbox 1450 268 1543 300; x_wconf 84' lang='lat' dir='ltr'><strong>Filios,</strong></span> <span class='ocrx_word' id='word_1_142' title='bbox 1567 268 1613 296; x_wconf 84' lang='lat' dir='ltr'><strong>sed</strong></span> <span class='ocrx_word' id='word_1_143' title='bbox 1634 268 1760 297; x_wconf 70' lang='lat' dir='ltr'><strong>eumdem</strong></span> 
     </span>
    </p>
   </div>
   <div class='ocr_carea' id='block_1_21' title="bbox 975 314 1761 350">
    <p class='ocr_par' dir='ltr' id='par_1_21' title="bbox 975 314 1761 350">
     <span class='ocr_line' id='line_1_21' title="bbox 975 314 1761 350; baseline 0 -9"><span class='ocrx_word' id='word_1_144' title='bbox 975 314 1070 347; x_wconf 90' lang='lat' dir='ltr'><strong>Deum,</strong></span> <span class='ocrx_word' id='word_1_145' title='bbox 1087 319 1114 342; x_wconf 88' lang='lat' dir='ltr'><strong>et</strong></span> <span class='ocrx_word' id='word_1_146' title='bbox 1132 315 1257 342; x_wconf 85' lang='lat' dir='ltr'><strong>eumdem</strong></span> <span class='ocrx_word' id='word_1_147' title='bbox 1274 315 1429 342; x_wconf 87' lang='lat' dir='ltr'><strong>hominetn:</strong></span> <span class='ocrx_word' id='word_1_148' title='bbox 1450 323 1504 341; x_wconf 87' lang='lat' dir='ltr'><strong>non</strong></span> <span class='ocrx_word' id='word_1_149' title='bbox 1520 314 1580 341; x_wconf 88' lang='lat' dir='ltr'><strong>ideo</strong></span> <span class='ocrx_word' id='word_1_150' title='bbox 1598 315 1669 350; x_wconf 89' lang='lat' dir='ltr'><strong>quotl</strong></span> <span class='ocrx_word' id='word_1_151' title='bbox 1687 315 1761 342; x_wconf 84' lang='lat' dir='ltr'><strong>habi-</strong></span> 
     </span>
    </p>
   </div>
   <div class='ocr_carea' id='block_1_22' title="bbox 975 360 1761 396">
    <p class='ocr_par' dir='ltr' id='par_1_22' title="bbox 975 360 1761 396">
     <span class='ocr_line' id='line_1_22' title="bbox 975 360 1761 396; baseline 0.001 -9"><span class='ocrx_word' id='word_1_152' title='bbox 975 360 1039 388; x_wconf 84' lang='lat' dir='ltr'><strong>tarit</strong></span> <span class='ocrx_word' id='word_1_153' title='bbox 1055 361 1081 387; x_wconf 92' lang='lat' dir='ltr'><strong>in</strong></span> <span class='ocrx_word' id='word_1_154' title='bbox 1102 361 1221 393; x_wconf 89' lang='lat' dir='ltr'><strong>homine,</strong></span> <span class='ocrx_word' id='word_1_155' title='bbox 1239 361 1287 389; x_wconf 84' lang='lat' dir='ltr'><strong>sed</strong></span> <span class='ocrx_word' id='word_1_156' title='bbox 1304 361 1376 396; x_wconf 89' lang='lat' dir='ltr'><strong>quod</strong></span> <span class='ocrx_word' id='word_1_157' title='bbox 1401 361 1459 396; x_wconf 88' lang='lat' dir='ltr'><strong>ipse</strong></span> <span class='ocrx_word' id='word_1_158' title='bbox 1479 365 1551 389; x_wconf 87' lang='lat' dir='ltr'><strong>totus</strong></span> <span class='ocrx_word' id='word_1_159' title='bbox 1570 362 1650 389; x_wconf 89' lang='lat' dir='ltr'><strong>homo</strong></span> <span class='ocrx_word' id='word_1_160' title='bbox 1667 362 1704 389; x_wconf 90' lang='lat' dir='ltr'><strong>sit</strong></span> <span class='ocrx_word' id='word_1_161' title='bbox 1721 361 1761 388; x_wconf 80' lang='lat' dir='ltr'><strong>fa-</strong></span> 
     </span>
    </p>
   </div>
   <div class='ocr_carea' id='block_1_23' title="bbox 975 405 1760 443">
    <p class='ocr_par' dir='ltr' id='par_1_23' title="bbox 975 405 1760 443">
     <span class='ocr_line' id='line_1_23' title="bbox 975 405 1760 443; baseline 0.003 -10"><span class='ocrx_word' id='word_1_162' title='bbox 975 410 1047 433; x_wconf 85' lang='lat' dir='ltr'><strong>ctus.</strong></span> <span class='ocrx_word' id='word_1_163' title='bbox 1064 405 1156 441; x_wconf 90' lang='lat' dir='ltr'><strong>Neque</strong></span> <span class='ocrx_word' id='word_1_164' title='bbox 1171 414 1252 442; x_wconf 89' lang='lat' dir='ltr'><strong>porro</strong></span> <span class='ocrx_word' id='word_1_165' title='bbox 1267 415 1372 434; x_wconf 89' lang='lat' dir='ltr'><strong>merum</strong></span> <span class='ocrx_word' id='word_1_166' title='bbox 1390 407 1466 434; x_wconf 91' lang='lat' dir='ltr'><strong>illum</strong></span> <span class='ocrx_word' id='word_1_167' title='bbox 1480 408 1615 434; x_wconf 82' lang='lat' dir='ltr'><strong>hominem</strong></span> <span class='ocrx_word' id='word_1_168' title='bbox 1631 415 1760 443; x_wconf 85' lang='lat' dir='ltr'><strong>progres-</strong></span> 
     </span>
    </p>
   </div>
   <div class='ocr_carea' id='block_1_24' title="bbox 976 451 1762 488">
    <p class='ocr_par' dir='ltr' id='par_1_24' title="bbox 976 451 1762 488">
     <span class='ocr_line' id='line_1_24' title="bbox 976 451 1762 488; baseline 0.005 -10"><span class='ocrx_word' id='word_1_169' title='bbox 976 451 1054 479; x_wconf 85' lang='lat' dir='ltr'><strong>sione</strong></span> <span class='ocrx_word' id='word_1_170' title='bbox 1072 451 1189 487; x_wconf 83' lang='lat' dir='ltr'><strong>quadam</strong></span> <span class='ocrx_word' id='word_1_171' title='bbox 1213 452 1247 479; x_wconf 90' lang='lat' dir='ltr'><strong>ad</strong></span> <span class='ocrx_word' id='word_1_172' title='bbox 1272 452 1423 480; x_wconf 75' lang='lat' dir='ltr'><strong>divinitatis</strong></span> <span class='ocrx_word' id='word_1_173' title='bbox 1444 453 1627 481; x_wconf 86' lang='lat' dir='ltr'><strong>conditionem</strong></span> <span class='ocrx_word' id='word_1_174' title='bbox 1650 461 1762 488; x_wconf 75' lang='lat' dir='ltr'><strong>proccs~</strong></span> 
     </span>
    </p>
   </div>
   <div class='ocr_carea' id='block_1_25' title="bbox 975 497 1761 534">
    <p class='ocr_par' dir='ltr' id='par_1_25' title="bbox 975 497 1761 534">
     <span class='ocr_line' id='line_1_25' title="bbox 975 497 1761 534; baseline 0 -9"><span class='ocrx_word' id='word_1_175' title='bbox 975 497 1046 525; x_wconf 67' lang='lat' dir='ltr'><strong>cisse</strong></span> <span class='ocrx_word' id='word_1_176' title='bbox 1066 498 1222 525; x_wconf 84' lang='lat' dir='ltr'><strong>credimus:</strong></span> <span class='ocrx_word' id='word_1_177' title='bbox 1236 497 1283 526; x_wconf 88' lang='lat' dir='ltr'><strong>sed</strong></span> <span class='ocrx_word' id='word_1_178' title='bbox 1306 497 1391 525; x_wconf 91' lang='lat' dir='ltr'><strong>Deum</strong></span> <span class='ocrx_word' id='word_1_179' title='bbox 1416 505 1431 525; x_wconf 90' lang='lat' dir='ltr'><strong>e</strong></span> <span class='ocrx_word' id='word_1_180' title='bbox 1445 499 1516 525; x_wconf 72' lang='lat' dir='ltr'><strong>coelo</strong></span> <span class='ocrx_word' id='word_1_181' title='bbox 1535 497 1686 533; x_wconf 89' lang='lat' dir='ltr'><strong>delapsum,</strong></span> <span class='ocrx_word' id='word_1_182' title='bbox 1712 506 1761 534; x_wconf 89' lang='lat' dir='ltr'><strong>pro</strong></span> 
     </span>
    </p>
   </div>
   <div class='ocr_carea' id='block_1_26' title="bbox 976 543 1762 578">
    <p class='ocr_par' dir='ltr' id='par_1_26' title="bbox 976 543 1762 578">
     <span class='ocr_line' id='line_1_26' title="bbox 976 543 1762 578; baseline 0.003 -8"><span class='ocrx_word' id='word_1_183' title='bbox 976 543 1128 571; x_wconf 82' lang='lat' dir='ltr'><strong>divinitatis</strong></span> <span class='ocrx_word' id='word_1_184' title='bbox 1149 551 1205 571; x_wconf 66' lang='lat' dir='ltr'><strong>suae</strong></span> <span class='ocrx_word' id='word_1_185' title='bbox 1233 543 1370 578; x_wconf 85' lang='lat' dir='ltr'><strong>potentia,</strong></span> <span class='ocrx_word' id='word_1_186' title='bbox 1398 551 1474 571; x_wconf 90' lang='lat' dir='ltr'><strong>suam</strong></span> <span class='ocrx_word' id='word_1_187' title='bbox 1498 544 1549 571; x_wconf 90' lang='lat' dir='ltr'><strong>sibi</strong></span> <span class='ocrx_word' id='word_1_188' title='bbox 1576 544 1694 572; x_wconf 84' lang='lat' dir='ltr'><strong>hominis</strong></span> <span class='ocrx_word' id='word_1_189' title='bbox 1721 545 1762 572; x_wconf 77' lang='lat' dir='ltr'><strong>af-</strong></span> 
     </span>
    </p>
   </div>
   <div class='ocr_carea' id='block_1_27' title="bbox 978 588 1791 624">
    <p class='ocr_par' dir='ltr' id='par_1_27' title="bbox 978 588 1791 624">
     <span class='ocr_line' id='line_1_27' title="bbox 978 588 1791 624; baseline 0.001 -8"><span class='ocrx_word' id='word_1_190' title='bbox 978 588 1089 616; x_wconf 82' lang='lat' dir='ltr'><strong>ﬁnxisse</strong></span> <span class='ocrx_word' id='word_1_191' title='bbox 1105 594 1239 616; x_wconf 87' lang='lat' dir='ltr'><strong>naturam.</strong></span> <span class='ocrx_word' id='word_1_192' title='bbox 1255 589 1281 615; x_wconf 87' lang='lat' dir='ltr'><strong>id</strong></span> <span class='ocrx_word' id='word_1_193' title='bbox 1299 589 1371 624; x_wconf 88' lang='lat' dir='ltr'><strong>quod</strong></span> <span class='ocrx_word' id='word_1_194' title='bbox 1387 589 1535 624; x_wconf 63' lang='lat' dir='ltr'><strong>Scriptura:</strong></span> <span class='ocrx_word' id='word_1_195' title='bbox 1551 589 1597 616; x_wconf 74' lang='lat' dir='ltr'><strong>illa</strong></span> <span class='ocrx_word' id='word_1_196' title='bbox 1616 590 1698 617; x_wconf 85' lang='lat' dir='ltr'><strong>verba</strong></span> <span class='ocrx_word' id='word_1_197' title='bbox 1715 590 1763 617; x_wconf 91' lang='lat' dir='ltr'><strong>dc-</strong></span> <span class='ocrx_word' id='word_1_198' title='bbox 1786 594 1791 602; x_wconf 91' lang='lat'><em>‘</em></span> 
     </span>
    </p>
   </div>
   <div class='ocr_carea' id='block_1_28' title="bbox 977 635 1763 670">
    <p class='ocr_par' dir='ltr' id='par_1_28' title="bbox 977 635 1763 670">
     <span class='ocr_line' id='line_1_28' title="bbox 977 635 1763 670; baseline 0.004 -9"><span class='ocrx_word' id='word_1_199' title='bbox 977 635 1102 662; x_wconf 84' lang='lat' dir='ltr'><strong>clarant:</strong></span> <span class='ocrx_word' id='word_1_200' title='bbox 1121 635 1232 662; x_wconf 66' lang='lat' dir='ltr'><strong>Verbum</strong></span> <span class='ocrx_word' id='word_1_201' title='bbox 1245 644 1308 662; x_wconf 87' lang='lat' dir='ltr'><strong>caro</strong></span> <span class='ocrx_word' id='word_1_202' title='bbox 1321 635 1421 670; x_wconf 80' lang='lat' dir='ltr'><strong>[artum</strong></span> <span class='ocrx_word' id='word_1_203' title='bbox 1441 641 1479 663; x_wconf 71' lang='lat' dir='ltr'><strong>est</strong></span> <span class='ocrx_word' id='word_1_204' title='bbox 1491 637 1511 662; x_wconf 78' lang='grc' dir='ltr'>ί.</span> <span class='ocrx_word' id='word_1_205' title='bbox 1528 635 1594 669; x_wconf 75' lang='lat' dir='ltr'><strong>Quae</strong></span> <span class='ocrx_word' id='word_1_206' title='bbox 1608 636 1710 664; x_wconf 84' lang='lat' dir='ltr'><strong>idcirco</strong></span> <span class='ocrx_word' id='word_1_207' title='bbox 1726 636 1763 663; x_wconf 80' lang='lat' dir='ltr'><strong>ita</strong></span> 
     </span>
    </p>
   </div>
   <div class='ocr_carea' id='block_1_29' title="bbox 977 682 1762 718">
    <p class='ocr_par' dir='ltr' id='par_1_29' title="bbox 977 682 1762 718">
     <span class='ocr_line' id='line_1_29' title="bbox 977 682 1762 718; baseline 0.004 -10"><span class='ocrx_word' id='word_1_208' title='bbox 977 685 1108 716; x_wconf 83' lang='lat' dir='ltr'><strong>concepta</strong></span> <span class='ocrx_word' id='word_1_209' title='bbox 1124 685 1198 713; x_wconf 81' lang='lat' dir='ltr'><strong>sunt.</strong></span> <span class='ocrx_word' id='word_1_210' title='bbox 1215 689 1248 709; x_wconf 89' lang='lat' dir='ltr'><strong>ne</strong></span> <span class='ocrx_word' id='word_1_211' title='bbox 1265 682 1401 717; x_wconf 77' lang='lat' dir='ltr'><strong>quispiam</strong></span> <span class='ocrx_word' id='word_1_212' title='bbox 1417 682 1467 710; x_wconf 86' lang='lat' dir='ltr'><strong>sibi</strong></span> <span class='ocrx_word' id='word_1_213' title='bbox 1485 682 1554 710; x_wconf 82' lang='lat' dir='ltr'><strong>forte</strong></span> <span class='ocrx_word' id='word_1_214' title='bbox 1569 684 1762 718; x_wconf 86' lang='lat' dir='ltr'><strong>persuaderet,</strong></span> 
     </span>
    </p>
   </div>
   <div class='ocr_carea' id='block_1_30' title="bbox 978 726 1762 764">
    <p class='ocr_par' dir='ltr' id='par_1_30' title="bbox 978 726 1762 764">
     <span class='ocr_line' id='line_1_30' title="bbox 978 726 1762 764; baseline 0.005 -11"><span class='ocrx_word' id='word_1_215' title='bbox 978 726 1096 760; x_wconf 89' lang='lat' dir='ltr'><strong>primum</strong></span> <span class='ocrx_word' id='word_1_216' title='bbox 1114 726 1250 754; x_wconf 87' lang='lat' dir='ltr'><strong>hominem</strong></span> <span class='ocrx_word' id='word_1_217' title='bbox 1268 727 1418 759; x_wconf 86' lang='lat' dir='ltr'><strong>exstitisse,</strong></span> <span class='ocrx_word' id='word_1_218' title='bbox 1436 728 1463 755; x_wconf 94' lang='lat' dir='ltr'><strong>in</strong></span> <span class='ocrx_word' id='word_1_219' title='bbox 1480 736 1596 764; x_wconf 90' lang='lat' dir='ltr'><strong>eumque</strong></span> <span class='ocrx_word' id='word_1_220' title='bbox 1614 733 1708 764; x_wconf 89' lang='lat' dir='ltr'><strong>postea</strong></span> <span class='ocrx_word' id='word_1_221' title='bbox 1726 730 1762 757; x_wconf 91' lang='lat' dir='ltr'><strong>in-</strong></span> 
     </span>
    </p>
   </div>
   <div class='ocr_carea' id='block_1_31' title="bbox 977 771 1763 810">
    <p class='ocr_par' dir='ltr' id='par_1_31' title="bbox 977 771 1763 810">
     <span class='ocr_line' id='line_1_31' title="bbox 977 771 1763 810; baseline 0.005 -11"><span class='ocrx_word' id='word_1_222' title='bbox 977 771 1082 800; x_wconf 79' lang='lat' dir='ltr'><strong>fudisse</strong></span> <span class='ocrx_word' id='word_1_223' title='bbox 1107 780 1137 800; x_wconf 88' lang='lat' dir='ltr'><strong>sc</strong></span> <span class='ocrx_word' id='word_1_224' title='bbox 1161 772 1311 800; x_wconf 82' lang='lat' dir='ltr'><strong>Christum.</strong></span> <span class='ocrx_word' id='word_1_225' title='bbox 1329 773 1370 801; x_wconf 91' lang='lat' dir='ltr'><strong>0b</strong></span> <span class='ocrx_word' id='word_1_226' title='bbox 1396 773 1422 801; x_wconf 89' lang='lat' dir='ltr'><strong>id</strong></span> <span class='ocrx_word' id='word_1_227' title='bbox 1445 773 1563 802; x_wconf 90' lang='lat' dir='ltr'><strong>Verbum</strong></span> <span class='ocrx_word' id='word_1_228' title='bbox 1589 776 1679 810; x_wconf 92' lang='lat' dir='ltr'><strong>primo</strong></span> <span class='ocrx_word' id='word_1_229' title='bbox 1703 776 1763 803; x_wconf 81' lang='lat' dir='ltr'><strong>loro</strong></span> 
     </span>
    </p>
   </div>
   <div class='ocr_carea' id='block_1_32' title="bbox 141 816 1764 856">
    <p class='ocr_par' dir='ltr' id='par_1_32' title="bbox 141 816 1764 856">
     <span class='ocr_line' id='line_1_32' title="bbox 141 816 1764 856; baseline 0.004 -15"><span class='ocrx_word' id='word_1_230' title='bbox 141 820 347 843; x_wconf 75' lang='lat' dir='ltr'><strong>sacrosanctum</strong></span> <span class='ocrx_word' id='word_1_231' title='bbox 369 816 543 851; x_wconf 88' lang='lat' dir='ltr'><strong>Evangelium</strong></span> <span class='ocrx_word' id='word_1_232' title='bbox 563 817 671 852; x_wconf 85' lang='lat' dir='ltr'><strong>posuit;</strong></span> <span class='ocrx_word' id='word_1_233' title='bbox 694 816 793 846; x_wconf 87' lang='lat' dir='ltr'><strong>deinde</strong></span> <span class='ocrx_word' id='word_1_234' title='bbox 809 817 875 853; x_wconf 90' lang='lat' dir='ltr'><strong>quid</strong></span> <span class='ocrx_word' id='word_1_235' title='bbox 897 818 932 845; x_wconf 88' lang='lat' dir='ltr'><strong>de</strong></span> <span class='ocrx_word' id='word_1_236' title='bbox 950 825 1033 846; x_wconf 88' lang='lat' dir='ltr'><strong>carne</strong></span> <span class='ocrx_word' id='word_1_237' title='bbox 1054 818 1228 853; x_wconf 83' lang='lat' dir='ltr'><strong>proﬁteretur</strong></span> <span class='ocrx_word' id='word_1_238' title='bbox 1255 819 1372 854; x_wconf 80' lang='lat' dir='ltr'><strong>subjecit</strong></span> <span class='ocrx_word' id='word_1_239' title='bbox 1393 831 1398 847; x_wconf 91' lang='lat'>:</span> <span class='ocrx_word' id='word_1_240' title='bbox 1421 819 1544 852; x_wconf 80' lang='lat' dir='ltr'><strong>Verbum,</strong></span> <span class='ocrx_word' id='word_1_241' title='bbox 1573 821 1672 856; x_wconf 89' lang='lat' dir='ltr'><strong>inquit,</strong></span> <span class='ocrx_word' id='word_1_242' title='bbox 1702 829 1764 848; x_wconf 81' lang='lat' dir='ltr'><strong>caro</strong></span> 
     </span>
    </p>
   </div>
   <div class='ocr_carea' id='block_1_33' title="bbox 141 860 1765 901">
    <p class='ocr_par' dir='ltr' id='par_1_33' title="bbox 141 860 1765 901">
     <span class='ocr_line' id='line_1_33' title="bbox 141 860 1765 901; baseline 0.004 -14"><span class='ocrx_word' id='word_1_243' title='bbox 141 860 242 895; x_wconf 74' lang='lat' dir='ltr'><strong>factum</strong></span> <span class='ocrx_word' id='word_1_244' title='bbox 266 866 321 888; x_wconf 80' lang='lat' dir='ltr'><strong>est.</strong></span> <span class='ocrx_word' id='word_1_245' title='bbox 352 861 457 897; x_wconf 65' lang='lat'><strong>1024</strong></span> <span class='ocrx_word' id='word_1_246' title='bbox 469 861 527 889; x_wconf 85' lang='lat' dir='ltr'><strong>Non</strong></span> <span class='ocrx_word' id='word_1_247' title='bbox 551 863 630 895; x_wconf 89' lang='lat' dir='ltr'><strong>dixit,</strong></span> <span class='ocrx_word' id='word_1_248' title='bbox 656 862 726 891; x_wconf 84' lang='lat' dir='ltr'><strong>Caro</strong></span> <span class='ocrx_word' id='word_1_249' title='bbox 747 862 866 890; x_wconf 82' lang='lat' dir='ltr'><strong>Verbum</strong></span> <span class='ocrx_word' id='word_1_250' title='bbox 897 867 940 891; x_wconf 87' lang='lat' dir='ltr'><strong>est</strong></span> <span class='ocrx_word' id='word_1_251' title='bbox 974 863 1056 896; x_wconf 78' lang='lat' dir='ltr'><strong>facta,</strong></span> <span class='ocrx_word' id='word_1_252' title='bbox 1074 871 1129 900; x_wconf 92' lang='lat' dir='ltr'><strong>quo</strong></span> <span class='ocrx_word' id='word_1_253' title='bbox 1156 865 1284 892; x_wconf 90' lang='lat' dir='ltr'><strong>nimirum</strong></span> <span class='ocrx_word' id='word_1_254' title='bbox 1313 863 1431 892; x_wconf 82' lang='lat' dir='ltr'><strong>Verbum</strong></span> <span class='ocrx_word' id='word_1_255' title='bbox 1461 865 1586 901; x_wconf 84' lang='lat' dir='ltr'><strong>inprimis</strong></span> <span class='ocrx_word' id='word_1_256' title='bbox 1610 866 1765 894; x_wconf 75' lang='lat' dir='ltr'><strong>ostenderet</strong></span> 
     </span>
    </p>
   </div>
   <div class='ocr_carea' id='block_1_34' title="bbox 141 908 1764 948">
    <p class='ocr_par' dir='ltr' id='par_1_34' title="bbox 141 908 1764 948">
     <span class='ocr_line' id='line_1_34' title="bbox 141 908 1764 948; baseline 0.003 -13"><span class='ocrx_word' id='word_1_257' title='bbox 141 908 319 937; x_wconf 71' lang='lat' dir='ltr'><strong>descendisse</strong></span> <span class='ocrx_word' id='word_1_258' title='bbox 333 908 367 936; x_wconf 86' lang='lat' dir='ltr'><strong>de</strong></span> <span class='ocrx_word' id='word_1_259' title='bbox 384 909 464 942; x_wconf 70' lang='lat' dir='ltr'><strong>caelo,</strong></span> <span class='ocrx_word' id='word_1_260' title='bbox 483 909 590 945; x_wconf 85' lang='lat' dir='ltr'><strong>sibique</strong></span> <span class='ocrx_word' id='word_1_261' title='bbox 612 917 722 939; x_wconf 83' lang='lat' dir='ltr'><strong>carnem</strong></span> <span class='ocrx_word' id='word_1_262' title='bbox 737 918 753 939; x_wconf 90' lang='lat' dir='ltr'><strong>e</strong></span> <span class='ocrx_word' id='word_1_263' title='bbox 774 918 853 939; x_wconf 87' lang='lat' dir='ltr'><strong>sacro</strong></span> <span class='ocrx_word' id='word_1_264' title='bbox 868 910 991 947; x_wconf 75' lang='lat' dir='ltr'><strong>Virginis</strong></span> <span class='ocrx_word' id='word_1_265' title='bbox 1013 916 1090 940; x_wconf 87' lang='lat' dir='ltr'><strong>utero</strong></span> <span class='ocrx_word' id='word_1_266' title='bbox 1110 912 1261 946; x_wconf 80' lang='lat' dir='ltr'><strong>formasse,</strong></span> <span class='ocrx_word' id='word_1_267' title='bbox 1292 916 1374 946; x_wconf 90' lang='lat' dir='ltr'><strong>atque</strong></span> <span class='ocrx_word' id='word_1_268' title='bbox 1400 920 1508 941; x_wconf 89' lang='lat' dir='ltr'><strong>omnem</strong></span> <span class='ocrx_word' id='word_1_269' title='bbox 1530 914 1558 941; x_wconf 90' lang='lat' dir='ltr'><strong>in</strong></span> <span class='ocrx_word' id='word_1_270' title='bbox 1592 921 1653 942; x_wconf 88' lang='lat' dir='ltr'><strong>sese</strong></span> <span class='ocrx_word' id='word_1_271' title='bbox 1679 913 1764 948; x_wconf 75' lang='lat' dir='ltr'><strong>perfe-</strong></span> 
     </span>
    </p>
   </div>
   <div class='ocr_carea' id='block_1_35' title="bbox 142 955 1764 994">
    <p class='ocr_par' dir='ltr' id='par_1_35' title="bbox 142 955 1764 994">
     <span class='ocr_line' id='line_1_35' title="bbox 142 955 1764 994; baseline 0.003 -12"><span class='ocrx_word' id='word_1_272' title='bbox 142 959 187 983; x_wconf 78' lang='lat' dir='ltr'><strong>cte</strong></span> <span class='ocrx_word' id='word_1_273' title='bbox 216 958 340 982; x_wconf 84' lang='lat' dir='ltr'><strong>naturam</strong></span> <span class='ocrx_word' id='word_1_274' title='bbox 365 955 483 983; x_wconf 88' lang='lat' dir='ltr'><strong>hominis</strong></span> <span class='ocrx_word' id='word_1_275' title='bbox 499 956 679 991; x_wconf 79' lang='lat' dir='ltr'><strong>expressisse.</strong></span> <span class='ocrx_word' id='word_1_276' title='bbox 703 957 771 985; x_wconf 90' lang='lat' dir='ltr'><strong>Cum</strong></span> <span class='ocrx_word' id='word_1_277' title='bbox 796 958 868 984; x_wconf 89' lang='lat' dir='ltr'><strong>enim</strong></span> <span class='ocrx_word' id='word_1_278' title='bbox 888 959 926 986; x_wconf 85' lang='lat' dir='ltr'><strong>ita</strong></span> <span class='ocrx_word' id='word_1_279' title='bbox 946 958 1077 994; x_wconf 83' lang='lat' dir='ltr'><strong>loquitur,</strong></span> <span class='ocrx_word' id='word_1_280' title='bbox 1098 958 1210 986; x_wconf 82' lang='lat' dir='ltr'><strong>Verbum</strong></span> <span class='ocrx_word' id='word_1_281' title='bbox 1224 967 1286 986; x_wconf 80' lang='lat' dir='ltr'><strong>caro</strong></span> <span class='ocrx_word' id='word_1_282' title='bbox 1301 958 1402 993; x_wconf 75' lang='lat' dir='ltr'><strong>factum</strong></span> <span class='ocrx_word' id='word_1_283' title='bbox 1413 964 1463 992; x_wconf 77' lang='lat' dir='ltr'><strong>est,</strong></span> <span class='ocrx_word' id='word_1_284' title='bbox 1476 967 1530 987; x_wconf 91' lang='lat' dir='ltr'><strong>non</strong></span> <span class='ocrx_word' id='word_1_285' title='bbox 1557 960 1622 987; x_wconf 90' lang='lat' dir='ltr'><strong>illud</strong></span> <span class='ocrx_word' id='word_1_286' title='bbox 1651 960 1764 994; x_wconf 81' lang='lat' dir='ltr'><strong>indicat,</strong></span> 
     </span>
    </p>
   </div>
   <div class='ocr_carea' id='block_1_36' title="bbox 143 1001 1766 1038">
    <p class='ocr_par' dir='ltr' id='par_1_36' title="bbox 143 1001 1766 1038">
     <span class='ocr_line' id='line_1_36' title="bbox 143 1001 1766 1038; baseline 0.004 -9"><span class='ocrx_word' id='word_1_287' title='bbox 143 1001 262 1030; x_wconf 80' lang='lat' dir='ltr'><strong>Verbum</strong></span> <span class='ocrx_word' id='word_1_288' title='bbox 279 1002 306 1029; x_wconf 92' lang='lat' dir='ltr'><strong>in</strong></span> <span class='ocrx_word' id='word_1_289' title='bbox 328 1009 439 1029; x_wconf 87' lang='lat' dir='ltr'><strong>carnem</strong></span> <span class='ocrx_word' id='word_1_290' title='bbox 460 1002 545 1031; x_wconf 74' lang='lat' dir='ltr'><strong>fuisse</strong></span> <span class='ocrx_word' id='word_1_291' title='bbox 560 1010 734 1036; x_wconf 86' lang='lat' dir='ltr'><strong>conversum,</strong></span> <span class='ocrx_word' id='word_1_292' title='bbox 755 1008 803 1031; x_wconf 88' lang='lat' dir='ltr'><strong>aut</strong></span> <span class='ocrx_word' id='word_1_293' title='bbox 819 1005 848 1031; x_wconf 91' lang='lat' dir='ltr'><strong>in</strong></span> <span class='ocrx_word' id='word_1_294' title='bbox 866 1012 926 1031; x_wconf 76' lang='lat' dir='ltr'><strong>eam</strong></span> <span class='ocrx_word' id='word_1_295' title='bbox 947 1005 1060 1032; x_wconf 88' lang='lat' dir='ltr'><strong>omnino</strong></span> <span class='ocrx_word' id='word_1_296' title='bbox 1083 1006 1228 1038; x_wconf 81' lang='lat' dir='ltr'><strong>transisse,</strong></span> <span class='ocrx_word' id='word_1_297' title='bbox 1255 1006 1312 1034; x_wconf 82' lang='lat' dir='ltr'><strong>sive</strong></span> <span class='ocrx_word' id='word_1_298' title='bbox 1331 1005 1502 1034; x_wconf 79' lang='lat' dir='ltr'><strong>divinitatem</strong></span> <span class='ocrx_word' id='word_1_299' title='bbox 1521 1007 1548 1034; x_wconf 92' lang='lat' dir='ltr'><strong>in</strong></span> <span class='ocrx_word' id='word_1_300' title='bbox 1567 1014 1678 1035; x_wconf 80' lang='lat' dir='ltr'><strong>carnem</strong></span> <span class='ocrx_word' id='word_1_301' title='bbox 1706 1015 1766 1036; x_wconf 87' lang='lat' dir='ltr'><strong>esse</strong></span> 
     </span>
    </p>
   </div>
   <div class='ocr_carea' id='block_1_37' title="bbox 145 1049 1420 1088">
    <p class='ocr_par' dir='ltr' id='par_1_37' title="bbox 145 1049 1420 1088">
     <span class='ocr_line' id='line_1_37' title="bbox 145 1049 1420 1088; baseline 0.002 -12"><span class='ocrx_word' id='word_1_302' title='bbox 145 1052 286 1080; x_wconf 86' lang='lat' dir='ltr'><strong>mutatam,</strong></span> <span class='ocrx_word' id='word_1_303' title='bbox 301 1055 396 1075; x_wconf 88' lang='lat' dir='ltr'><strong>verum</strong></span> <span class='ocrx_word' id='word_1_304' title='bbox 411 1056 472 1076; x_wconf 90' lang='lat' dir='ltr'><strong>cum</strong></span> <span class='ocrx_word' id='word_1_305' title='bbox 493 1049 636 1079; x_wconf 82' lang='lat' dir='ltr'><strong>divinitate</strong></span> <span class='ocrx_word' id='word_1_306' title='bbox 654 1050 775 1079; x_wconf 89' lang='lat' dir='ltr'><strong>Verbum</strong></span> <span class='ocrx_word' id='word_1_307' title='bbox 790 1053 930 1087; x_wconf 85' lang='lat' dir='ltr'><strong>propriam</strong></span> <span class='ocrx_word' id='word_1_308' title='bbox 950 1052 1071 1079; x_wconf 83' lang='lat' dir='ltr'><strong>hominis</strong></span> <span class='ocrx_word' id='word_1_309' title='bbox 1086 1053 1271 1088; x_wconf 83' lang='lat' dir='ltr'><strong>assumpsisse</strong></span> <span class='ocrx_word' id='word_1_310' title='bbox 1283 1056 1420 1080; x_wconf 80' lang='lat' dir='ltr'><strong>naturam.</strong></span> 
     </span>
    </p>
   </div>
   <div class='ocr_carea' id='block_1_38' title="bbox 178 1093 928 1132">
    <p class='ocr_par' dir='ltr' id='par_1_38' title="bbox 178 1093 928 1130">
     <span class='ocr_line' id='line_1_38' title="bbox 178 1093 928 1130; baseline 0.005 -10"><span class='ocrx_word' id='word_1_311' title='bbox 178 1095 218 1121; x_wconf 83' lang='lat' dir='ltr'><strong>A’.</strong></span> <span class='ocrx_word' id='word_1_312' title='bbox 235 1093 288 1122; x_wconf 78' lang='lat' dir='ltr'><strong>Kal.</strong></span> <span class='ocrx_word' id='word_1_313' title='bbox 307 1094 487 1128; x_wconf 64' lang='grc' dir='ltr'>προέκοπτεν.</span> <span class='ocrx_word' id='word_1_314' title='bbox 508 1097 589 1130; x_wconf 80' lang='grc' dir='ltr'>φησὶν</span> <span class='ocrx_word' id='word_1_315' title='bbox 601 1116 608 1129; x_wconf 88' lang='grc'><strong>,</strong></span> <span class='ocrx_word' id='word_1_316' title='bbox 624 1096 661 1123; x_wconf 78' lang='grc' dir='ltr'>ἐν</span> <span class='ocrx_word' id='word_1_317' title='bbox 685 1096 787 1130; x_wconf 73' lang='grc' dir='ltr'>ἡλικίᾳ</span> <span class='ocrx_word' id='word_1_318' title='bbox 811 1097 928 1130; x_wconf 85' lang='grc' dir='ltr'>Ἰησοῦς</span> 
     </span>
    </p>
   </div>
   <div class='ocr_carea' id='block_1_39' title="bbox 981 1093 1767 1132">
    <p class='ocr_par' dir='ltr' id='par_1_39' title="bbox 1020 1096 1767 1132">
     <span class='ocr_line' id='line_1_39' title="bbox 1020 1096 1767 1132; baseline -0.001 -8"><span class='ocrx_word' id='word_1_319' title='bbox 1020 1097 1103 1125; x_wconf 77' lang='lat' dir='ltr'><strong>XXX.</strong></span> <span class='ocrx_word' id='word_1_320' title='bbox 1121 1098 1191 1131; x_wconf 86' lang='lat' dir='ltr'><strong>Quin</strong></span> <span class='ocrx_word' id='word_1_321' title='bbox 1212 1098 1293 1126; x_wconf 80' lang='lat' dir='ltr'><strong>etiam</strong></span> <span class='ocrx_word' id='word_1_322' title='bbox 1307 1097 1472 1132; x_wconf 76' lang='lat' dir='ltr'><strong>procedebat,</strong></span> <span class='ocrx_word' id='word_1_323' title='bbox 1487 1097 1584 1132; x_wconf 82' lang='lat' dir='ltr'><strong>inquit,</strong></span> <span class='ocrx_word' id='word_1_324' title='bbox 1599 1096 1677 1125; x_wconf 80' lang='lat' dir='ltr'><strong>Jesus</strong></span> <span class='ocrx_word' id='word_1_325' title='bbox 1690 1103 1767 1126; x_wconf 77' lang='lat' dir='ltr'><strong>wtate</strong></span> 
     </span>
    </p>
   </div>
   <div class='ocr_carea' id='block_1_40' title="bbox 145 1140 928 1178">
    <p class='ocr_par' dir='ltr' id='par_1_40' title="bbox 145 1140 928 1178">
     <span class='ocr_line' id='line_1_40' title="bbox 145 1140 928 1178; baseline 0.005 -12"><span class='ocrx_word' id='word_1_326' title='bbox 145 1140 195 1166; x_wconf 80' lang='grc' dir='ltr'><strong>καὶ</strong></span> <span class='ocrx_word' id='word_1_327' title='bbox 209 1140 312 1174; x_wconf 67' lang='grc' dir='ltr'>σοφίᾳ.</span> <span class='ocrx_word' id='word_1_328' title='bbox 343 1140 372 1168; x_wconf 83' lang='lat'><strong>&#39;0</strong></span> <span class='ocrx_word' id='word_1_329' title='bbox 388 1141 416 1167; x_wconf 77' lang='grc' dir='ltr'><strong>δὲ</strong></span> <span class='ocrx_word' id='word_1_330' title='bbox 440 1141 502 1168; x_wconf 79' lang='grc' dir='ltr'>νοῦν</span> <span class='ocrx_word' id='word_1_331' title='bbox 528 1142 565 1177; x_wconf 79' lang='grc' dir='ltr'>μὴ</span> <span class='ocrx_word' id='word_1_332' title='bbox 588 1142 657 1177; x_wconf 75' lang='grc' dir='ltr'>ἔχων</span> <span class='ocrx_word' id='word_1_333' title='bbox 684 1142 853 1178; x_wconf 81' lang='grc' dir='ltr'>ἀνθρώπινον</span> <span class='ocrx_word' id='word_1_334' title='bbox 870 1143 928 1175; x_wconf 77' lang='grc' dir='ltr'>πῶς</span> 
     </span>
    </p>
   </div>
   <div class='ocr_carea' id='block_1_41' title="bbox 981 1140 1766 1178">
    <p class='ocr_par' dir='ltr' id='par_1_41' title="bbox 984 1140 1766 1176">
     <span class='ocr_line' id='line_1_41' title="bbox 984 1140 1766 1176; baseline 0.001 -10"><span class='ocrx_word' id='word_1_335' title='bbox 984 1147 1015 1166; x_wconf 84' lang='lat' dir='ltr'><strong>ac</strong></span> <span class='ocrx_word' id='word_1_336' title='bbox 1027 1140 1158 1174; x_wconf 75' lang='lat' dir='ltr'><strong>sapientia</strong></span> <span class='ocrx_word' id='word_1_337' title='bbox 1169 1140 1191 1167; x_wconf 82' lang='lat'><strong>&#39;.</strong></span> <span class='ocrx_word' id='word_1_338' title='bbox 1204 1140 1283 1175; x_wconf 80' lang='lat' dir='ltr'><strong>Atqui</strong></span> <span class='ocrx_word' id='word_1_339' title='bbox 1299 1140 1321 1166; x_wconf 86' lang='lat' dir='ltr'><strong>si</strong></span> <span class='ocrx_word' id='word_1_340' title='bbox 1338 1140 1455 1166; x_wconf 83' lang='lat' dir='ltr'><strong>humana</strong></span> <span class='ocrx_word' id='word_1_341' title='bbox 1469 1145 1558 1167; x_wconf 88' lang='lat' dir='ltr'><strong>mente</strong></span> <span class='ocrx_word' id='word_1_342' title='bbox 1573 1144 1688 1173; x_wconf 82' lang='lat' dir='ltr'><strong>careret,</strong></span> <span class='ocrx_word' id='word_1_343' title='bbox 1705 1149 1766 1176; x_wconf 81' lang='lat' dir='ltr'><strong>pro-</strong></span> 
     </span>
    </p>
   </div>
   <div class='ocr_carea' id='block_1_42' title="bbox 146 1184 928 1223">
    <p class='ocr_par' dir='ltr' id='par_1_42' title="bbox 146 1184 928 1223">
     <span class='ocr_line' id='line_1_42' title="bbox 146 1184 928 1223; baseline 0.005 -13"><span class='ocrx_word' id='word_1_344' title='bbox 146 1184 298 1220; x_wconf 79' lang='grc' dir='ltr'>προέκοπτε</span> <span class='ocrx_word' id='word_1_345' title='bbox 311 1193 318 1218; x_wconf 91' lang='grc'><strong>;</strong></span> <span class='ocrx_word' id='word_1_346' title='bbox 336 1184 427 1217; x_wconf 78' lang='grc' dir='ltr'>καθὼς</span> <span class='ocrx_word' id='word_1_347' title='bbox 441 1186 490 1221; x_wconf 77' lang='grc' dir='ltr'><strong>ήδη</strong></span> <span class='ocrx_word' id='word_1_348' title='bbox 509 1195 553 1221; x_wconf 86' lang='grc' dir='ltr'><strong>μοι</strong></span> <span class='ocrx_word' id='word_1_349' title='bbox 570 1186 675 1222; x_wconf 72' lang='grc' dir='ltr'>εἴρηται</span> <span class='ocrx_word' id='word_1_350' title='bbox 685 1195 693 1202; x_wconf 81' lang='grc'><em>’</em></span> <span class='ocrx_word' id='word_1_351' title='bbox 708 1186 748 1218; x_wconf 84' lang='grc' dir='ltr'><strong>ὡς</strong></span> <span class='ocrx_word' id='word_1_352' title='bbox 761 1188 807 1214; x_wconf 78' lang='grc' dir='ltr'><strong>καὶ</strong></span> <span class='ocrx_word' id='word_1_353' title='bbox 825 1196 928 1223; x_wconf 86' lang='grc' dir='ltr'>μαρτυ-</span> 
     </span>
    </p>
   </div>
   <div class='ocr_carea' id='block_1_43' title="bbox 981 1184 1766 1223">
    <p class='ocr_par' dir='ltr' id='par_1_43' title="bbox 981 1185 1766 1220">
     <span class='ocr_line' id='line_1_43' title="bbox 981 1185 1766 1220; baseline 0.003 -8"><span class='ocrx_word' id='word_1_354' title='bbox 981 1185 1076 1213; x_wconf 88' lang='lat' dir='ltr'><strong>cedcre</strong></span> <span class='ocrx_word' id='word_1_355' title='bbox 1086 1185 1132 1220; x_wconf 89' lang='lat' dir='ltr'><strong>qui</strong></span> <span class='ocrx_word' id='word_1_356' title='bbox 1150 1185 1300 1220; x_wconf 84' lang='lat' dir='ltr'><strong>potuit?ut</strong></span> <span class='ocrx_word' id='word_1_357' title='bbox 1316 1193 1330 1212; x_wconf 89' lang='lat' dir='ltr'><strong>a</strong></span> <span class='ocrx_word' id='word_1_358' title='bbox 1347 1185 1425 1212; x_wconf 87' lang='lat' dir='ltr'><strong>nobis</strong></span> <span class='ocrx_word' id='word_1_359' title='bbox 1451 1190 1513 1212; x_wconf 85' lang='lat' dir='ltr'><strong>ante</strong></span> <span class='ocrx_word' id='word_1_360' title='bbox 1529 1185 1697 1219; x_wconf 85' lang='lat' dir='ltr'><strong>disputatum</strong></span> <span class='ocrx_word' id='word_1_361' title='bbox 1713 1192 1766 1214; x_wconf 89' lang='lat' dir='ltr'><strong>est.</strong></span> 
     </span>
    </p>
   </div>
   <div class='ocr_carea' id='block_1_44' title="bbox 147 1229 930 1269">
    <p class='ocr_par' dir='ltr' id='par_1_44' title="bbox 147 1229 930 1269">
     <span class='ocr_line' id='line_1_44' title="bbox 147 1229 930 1269; baseline 0.005 -13"><span class='ocrx_word' id='word_1_362' title='bbox 147 1231 190 1265; x_wconf 86' lang='grc' dir='ltr'>ρεί</span> <span class='ocrx_word' id='word_1_363' title='bbox 213 1229 299 1264; x_wconf 83' lang='grc' dir='ltr'>τούτῳ</span> <span class='ocrx_word' id='word_1_364' title='bbox 324 1230 362 1266; x_wconf 80' lang='grc' dir='ltr'>τῷ</span> <span class='ocrx_word' id='word_1_365' title='bbox 386 1230 457 1266; x_wconf 81' lang='grc' dir='ltr'>λόγῳ</span> <span class='ocrx_word' id='word_1_366' title='bbox 477 1232 492 1257; x_wconf 82' lang='grc' dir='ltr'><strong>ὸ</strong></span> <span class='ocrx_word' id='word_1_367' title='bbox 519 1230 596 1265; x_wconf 75' lang='grc' dir='ltr'>ἅγιος</span> <span class='ocrx_word' id='word_1_368' title='bbox 622 1231 669 1258; x_wconf 79' lang='grc' dir='ltr'><strong>τοῦ</strong></span> <span class='ocrx_word' id='word_1_369' title='bbox 698 1232 766 1259; x_wconf 81' lang='grc' dir='ltr'>Θεοῦ</span> <span class='ocrx_word' id='word_1_370' title='bbox 789 1234 930 1269; x_wconf 81' lang='grc' dir='ltr'><strong>προφήτης</strong></span> 
     </span>
    </p>
   </div>
   <div class='ocr_carea' id='block_1_45' title="bbox 151 1275 931 1313">
    <p class='ocr_par' dir='ltr' id='par_1_45' title="bbox 151 1275 931 1313">
     <span class='ocr_line' id='line_1_45' title="bbox 151 1275 931 1313; baseline 0.004 -11"><span class='ocrx_word' id='word_1_371' title='bbox 151 1275 263 1306; x_wconf 74' lang='grc' dir='ltr'>Ἡσαΐας</span> <span class='ocrx_word' id='word_1_372' title='bbox 273 1275 370 1310; x_wconf 79' lang='grc' dir='ltr'>φήσας·</span> <span class='ocrx_word' id='word_1_373' title='bbox 380 1275 452 1303; x_wconf 80' lang='grc' dir='ltr'><strong>Ἰδοὺ</strong></span> <span class='ocrx_word' id='word_1_374' title='bbox 466 1276 596 1311; x_wconf 83' lang='grc' dir='ltr'>συνήσει</span> <span class='ocrx_word' id='word_1_375' title='bbox 611 1278 628 1303; x_wconf 82' lang='grc' dir='ltr'><strong>ό</strong></span> <span class='ocrx_word' id='word_1_376' title='bbox 641 1276 711 1310; x_wconf 79' lang='grc' dir='ltr'>παῖς</span> <span class='ocrx_word' id='word_1_377' title='bbox 719 1286 779 1312; x_wconf 81' lang='grc' dir='ltr'><strong>μου</strong></span> <span class='ocrx_word' id='word_1_378' title='bbox 789 1279 806 1305; x_wconf 84' lang='grc' dir='ltr'><strong>ό</strong></span> <span class='ocrx_word' id='word_1_379' title='bbox 820 1279 931 1313; x_wconf 78' lang='grc' dir='ltr'>ἀγαπη-</span> 
     </span>
    </p>
   </div>
   <div class='ocr_carea' id='block_1_46' title="bbox 146 1317 931 1359">
    <p class='ocr_par' dir='ltr' id='par_1_46' title="bbox 146 1317 931 1359">
     <span class='ocr_line' id='line_1_46' title="bbox 146 1317 931 1359; baseline 0.006 -12"><span class='ocrx_word' id='word_1_380' title='bbox 146 1320 206 1354; x_wconf 82' lang='grc' dir='ltr'><strong>τὸς.</strong></span> <span class='ocrx_word' id='word_1_381' title='bbox 215 1321 261 1356; x_wconf 73' lang='grc' dir='ltr'><strong>ἐφ’</strong></span> <span class='ocrx_word' id='word_1_382' title='bbox 273 1317 297 1354; x_wconf 79' lang='grc' dir='ltr'><em>ᾧ</em></span> <span class='ocrx_word' id='word_1_383' title='bbox 307 1321 468 1356; x_wconf 80' lang='grc' dir='ltr'>εὐδόκησα.</span> <span class='ocrx_word' id='word_1_384' title='bbox 484 1323 538 1350; x_wconf 75' lang='grc' dir='ltr'><strong>Καὶ</strong></span> <span class='ocrx_word' id='word_1_385' title='bbox 552 1324 627 1359; x_wconf 64' lang='grc' dir='ltr'>ὁρᾷς,</span> <span class='ocrx_word' id='word_1_386' title='bbox 642 1323 684 1350; x_wconf 74' lang='grc' dir='ltr'>ὅτι</span> <span class='ocrx_word' id='word_1_387' title='bbox 694 1324 724 1350; x_wconf 76' lang='grc' dir='ltr'>τὸ</span> <span class='ocrx_word' id='word_1_388' title='bbox 734 1324 864 1359; x_wconf 82' lang='grc' dir='ltr'>συνήσει</span> <span class='ocrx_word' id='word_1_389' title='bbox 883 1326 931 1352; x_wconf 73' lang='grc' dir='ltr'><strong>ἐπὶ</strong></span> 
     </span>
    </p>
   </div>
   <div class='ocr_carea' id='block_1_47' title="bbox 146 1365 931 1407">
    <p class='ocr_par' dir='ltr' id='par_1_47' title="bbox 146 1365 931 1407">
     <span class='ocr_line' id='line_1_47' title="bbox 146 1365 931 1407; baseline 0.006 -14"><span class='ocrx_word' id='word_1_390' title='bbox 146 1365 250 1394; x_wconf 81' lang='grc' dir='ltr'>τελείαν</span> <span class='ocrx_word' id='word_1_391' title='bbox 267 1367 471 1404; x_wconf 82' lang='grc' dir='ltr'>ὲνανθρὼπησιν</span> <span class='ocrx_word' id='word_1_392' title='bbox 487 1368 616 1404; x_wconf 72' lang='grc' dir='ltr'>φέρεταις</span> <span class='ocrx_word' id='word_1_393' title='bbox 634 1369 671 1395; x_wconf 84' lang='grc' dir='ltr'><strong>Οὐ</strong></span> <span class='ocrx_word' id='word_1_394' title='bbox 695 1369 806 1398; x_wconf 84' lang='grc' dir='ltr'>δύναται</span> <span class='ocrx_word' id='word_1_395' title='bbox 821 1371 876 1407; x_wconf 74' lang='grc' dir='ltr'>γάρ</span> <span class='ocrx_word' id='word_1_396' title='bbox 889 1380 931 1403; x_wconf 82' lang='grc' dir='ltr'>τις</span> 
     </span>
    </p>
   </div>
   <div class='ocr_carea' id='block_1_48' title="bbox 148 1412 931 1452">
    <p class='ocr_par' dir='ltr' id='par_1_48' title="bbox 148 1412 931 1452">
     <span class='ocr_line' id='line_1_48' title="bbox 148 1412 931 1452; baseline 0.009 -14"><span class='ocrx_word' id='word_1_397' title='bbox 148 1412 265 1439; x_wconf 76' lang='grc' dir='ltr'>συνιέναι</span> <span class='ocrx_word' id='word_1_398' title='bbox 280 1413 341 1440; x_wconf 78' lang='grc' dir='ltr'>νοῦν</span> <span class='ocrx_word' id='word_1_399' title='bbox 361 1414 399 1450; x_wconf 75' lang='grc' dir='ltr'>μὴ</span> <span class='ocrx_word' id='word_1_400' title='bbox 425 1413 509 1449; x_wconf 77' lang='grc' dir='ltr'>ἔχων·</span> <span class='ocrx_word' id='word_1_401' title='bbox 529 1414 591 1442; x_wconf 72' lang='grc' dir='ltr'>οὔτε</span> <span class='ocrx_word' id='word_1_402' title='bbox 608 1416 654 1443; x_wconf 79' lang='grc' dir='ltr'><strong>ἐπὶ</strong></span> <span class='ocrx_word' id='word_1_403' title='bbox 669 1417 702 1452; x_wconf 81' lang='grc' dir='ltr'><strong>τῇ</strong></span> <span class='ocrx_word' id='word_1_404' title='bbox 720 1417 827 1452; x_wconf 84' lang='grc' dir='ltr'>θεότητι</span> <span class='ocrx_word' id='word_1_405' title='bbox 850 1417 931 1445; x_wconf 80' lang='grc' dir='ltr'>τοῦτο</span> 
     </span>
    </p>
   </div>
   <div class='ocr_carea' id='block_1_49' title="bbox 149 1457 931 1498">
    <p class='ocr_par' dir='ltr' id='par_1_49' title="bbox 149 1457 931 1498">
     <span class='ocr_line' id='line_1_49' title="bbox 149 1457 931 1498; baseline 0.008 -14"><span class='ocrx_word' id='word_1_406' title='bbox 149 1457 307 1492; x_wconf 79' lang='grc' dir='ltr'><strong>πληροῦται.</strong></span> <span class='ocrx_word' id='word_1_407' title='bbox 323 1459 379 1485; x_wconf 84' lang='grc' dir='ltr'><strong>Οὐκ</strong></span> <span class='ocrx_word' id='word_1_408' title='bbox 391 1459 499 1494; x_wconf 74' lang='grc' dir='ltr'>ἐπιδεὴς</span> <span class='ocrx_word' id='word_1_409' title='bbox 515 1460 569 1496; x_wconf 85' lang='grc' dir='ltr'><strong>γὰρ</strong></span> <span class='ocrx_word' id='word_1_410' title='bbox 586 1461 719 1494; x_wconf 80' lang='grc' dir='ltr'>συνέσεως</span> <span class='ocrx_word' id='word_1_411' title='bbox 732 1462 748 1498; x_wconf 86' lang='grc' dir='ltr'><strong>ή</strong></span> <span class='ocrx_word' id='word_1_412' title='bbox 763 1461 831 1489; x_wconf 77' lang='grc' dir='ltr'>οὖσα</span> <span class='ocrx_word' id='word_1_413' title='bbox 851 1463 931 1490; x_wconf 79' lang='grc' dir='ltr'>αὑτο-</span> 
     </span>
    </p>
   </div>
   <div class='ocr_carea' id='block_1_50' title="bbox 148 1502 928 1542">
    <p class='ocr_par' dir='ltr' id='par_1_50' title="bbox 148 1502 928 1542">
     <span class='ocr_line' id='line_1_50' title="bbox 148 1502 928 1542; baseline 0.009 -14"><span class='ocrx_word' id='word_1_414' title='bbox 148 1502 271 1536; x_wconf 78' lang='grc' dir='ltr'>σύνεσις,</span> <span class='ocrx_word' id='word_1_415' title='bbox 288 1503 348 1530; x_wconf 70' lang='grc' dir='ltr'><strong>οὐδὲ</strong></span> <span class='ocrx_word' id='word_1_416' title='bbox 367 1503 502 1531; x_wconf 74' lang='grc' dir='ltr'><strong>ἐπιδέεται</strong></span> <span class='ocrx_word' id='word_1_417' title='bbox 524 1505 618 1540; x_wconf 61' lang='grc' dir='ltr'>σοφίας</span> <span class='ocrx_word' id='word_1_418' title='bbox 640 1507 656 1542; x_wconf 87' lang='grc' dir='ltr'>ἡ</span> <span class='ocrx_word' id='word_1_419' title='bbox 680 1505 747 1534; x_wconf 76' lang='grc' dir='ltr'>οὖσα</span> <span class='ocrx_word' id='word_1_420' title='bbox 764 1508 928 1542; x_wconf 79' lang='grc' dir='ltr'>αὑτοσοφὶα·</span> 
     </span>
    </p>
   </div>
   <div class='ocr_carea' id='block_1_51' title="bbox 148 1547 929 1588">
    <p class='ocr_par' dir='ltr' id='par_1_51' title="bbox 148 1547 929 1588">
     <span class='ocr_line' id='line_1_51' title="bbox 148 1547 929 1588; baseline 0.009 -14"><span class='ocrx_word' id='word_1_421' title='bbox 148 1547 215 1575; x_wconf 70' lang='grc' dir='ltr'>ἀλλὰ</span> <span class='ocrx_word' id='word_1_422' title='bbox 225 1549 255 1575; x_wconf 81' lang='grc' dir='ltr'>τὸ</span> <span class='ocrx_word' id='word_1_423' title='bbox 264 1549 395 1583; x_wconf 81' lang='grc' dir='ltr'>συνήσει</span> <span class='ocrx_word' id='word_1_424' title='bbox 409 1550 455 1576; x_wconf 74' lang='grc' dir='ltr'><strong>ἐπὶ</strong></span> <span class='ocrx_word' id='word_1_425' title='bbox 471 1551 510 1586; x_wconf 76' lang='grc' dir='ltr'>τῷ</span> <span class='ocrx_word' id='word_1_426' title='bbox 527 1551 564 1586; x_wconf 86' lang='grc' dir='ltr'><strong>νῷ</strong></span> <span class='ocrx_word' id='word_1_427' title='bbox 582 1552 744 1588; x_wconf 77' lang='grc' dir='ltr'>ἀνθρωπίνῳ</span> <span class='ocrx_word' id='word_1_428' title='bbox 751 1553 929 1588; x_wconf 78' lang='grc' dir='ltr'>λαμϐάνεται.</span> 
     </span>
    </p>
   </div>
   <div class='ocr_carea' id='block_1_52' title="bbox 148 1592 931 1634">
    <p class='ocr_par' dir='ltr' id='par_1_52' title="bbox 148 1592 931 1634">
     <span class='ocr_line' id='line_1_52' title="bbox 148 1592 931 1634; baseline 0.009 -15"><span class='ocrx_word' id='word_1_429' title='bbox 148 1592 234 1620; x_wconf 82' lang='grc' dir='ltr'>Πόθεν</span> <span class='ocrx_word' id='word_1_430' title='bbox 252 1595 280 1621; x_wconf 81' lang='grc' dir='ltr'><strong>δὲ</strong></span> <span class='ocrx_word' id='word_1_431' title='bbox 294 1595 398 1628; x_wconf 82' lang='grc' dir='ltr'>ὲπείνα,</span> <span class='ocrx_word' id='word_1_432' title='bbox 414 1595 475 1630; x_wconf 79' lang='grc' dir='ltr'>λέγε</span> <span class='ocrx_word' id='word_1_433' title='bbox 496 1605 550 1632; x_wconf 90' lang='grc' dir='ltr'>μοι.</span> <span class='ocrx_word' id='word_1_434' title='bbox 570 1597 601 1624; x_wconf 74' lang='lat' dir='ltr'><strong>Et</strong></span> <span class='ocrx_word' id='word_1_435' title='bbox 622 1597 672 1632; x_wconf 77' lang='grc' dir='ltr'>μὲν</span> <span class='ocrx_word' id='word_1_436' title='bbox 687 1598 740 1634; x_wconf 80' lang='grc' dir='ltr'>γὰρ</span> <span class='ocrx_word' id='word_1_437' title='bbox 760 1599 828 1634; x_wconf 75' lang='grc' dir='ltr'>σὰρξ</span> <span class='ocrx_word' id='word_1_438' title='bbox 851 1600 931 1634; x_wconf 87' lang='grc' dir='ltr'>μόνον</span> 
     </span>
    </p>
   </div>
   <div class='ocr_carea' id='block_1_53' title="bbox 147 1636 929 1679">
    <p class='ocr_par' dir='ltr' id='par_1_53' title="bbox 147 1636 929 1679">
     <span class='ocr_line' id='line_1_53' title="bbox 147 1636 929 1679; baseline 0.008 -14"><span class='ocrx_word' id='word_1_439' title='bbox 147 1636 191 1674; x_wconf 74' lang='grc' dir='ltr'>ἦν,</span> <span class='ocrx_word' id='word_1_440' title='bbox 209 1639 268 1671; x_wconf 80' lang='grc' dir='ltr'>πῶς</span> <span class='ocrx_word' id='word_1_441' title='bbox 284 1639 398 1674; x_wconf 73' lang='grc' dir='ltr'>ἠδύνατο</span> <span class='ocrx_word' id='word_1_442' title='bbox 415 1641 566 1677; x_wconf 81' lang='grc' dir='ltr'>μνησθῆναι</span> <span class='ocrx_word' id='word_1_443' title='bbox 581 1641 696 1678; x_wconf 50' lang='grc' dir='ltr'>πείνης</span> <span class='ocrx_word' id='word_1_444' title='bbox 718 1644 765 1670; x_wconf 74' lang='grc' dir='ltr'><strong>καὶ</strong></span> <span class='ocrx_word' id='word_1_445' title='bbox 780 1645 805 1671; x_wconf 86' lang='grc' dir='ltr'>εἰ</span> <span class='ocrx_word' id='word_1_446' title='bbox 821 1646 854 1671; x_wconf 82' lang='grc' dir='ltr'><strong>ἐκ</strong></span> <span class='ocrx_word' id='word_1_447' title='bbox 877 1644 929 1679; x_wconf 77' lang='grc' dir='ltr'>ψυ-</span> 
     </span>
    </p>
   </div>
   <div class='ocr_carea' id='block_1_54' title="bbox 148 1684 931 1725">
    <p class='ocr_par' dir='ltr' id='par_1_54' title="bbox 148 1684 931 1725">
     <span class='ocr_line' id='line_1_54' title="bbox 148 1684 931 1725; baseline 0.009 -15"><span class='ocrx_word' id='word_1_448' title='bbox 148 1684 198 1719; x_wconf 84' lang='grc' dir='ltr'><strong>χῆς</strong></span> <span class='ocrx_word' id='word_1_449' title='bbox 220 1685 266 1711; x_wconf 80' lang='grc' dir='ltr'>καὶ</span> <span class='ocrx_word' id='word_1_450' title='bbox 293 1684 416 1720; x_wconf 84' lang='grc' dir='ltr'>σώματος</span> <span class='ocrx_word' id='word_1_451' title='bbox 428 1684 462 1722; x_wconf 80' lang='grc' dir='ltr'>ἦν</span> <span class='ocrx_word' id='word_1_452' title='bbox 481 1687 580 1722; x_wconf 69' lang='grc' dir='ltr'>μόνης,</span> <span class='ocrx_word' id='word_1_453' title='bbox 601 1688 690 1724; x_wconf 74' lang='grc' dir='ltr'>ψυχῆς</span> <span class='ocrx_word' id='word_1_454' title='bbox 711 1689 748 1724; x_wconf 77' lang='grc' dir='ltr'>μὴ</span> <span class='ocrx_word' id='word_1_455' title='bbox 765 1690 880 1725; x_wconf 73' lang='grc' dir='ltr'>ἐχούσης</span> <span class='ocrx_word' id='word_1_456' title='bbox 900 1690 931 1716; x_wconf 80' lang='grc' dir='ltr'>τὸ</span> 
     </span>
    </p>
   </div>
   <div class='ocr_carea' id='block_1_55' title="bbox 148 1727 928 1771">
    <p class='ocr_par' dir='ltr' id='par_1_55' title="bbox 148 1727 928 1771">
     <span class='ocr_line' id='line_1_55' title="bbox 148 1727 928 1771; baseline 0.01 -17"><span class='ocrx_word' id='word_1_457' title='bbox 148 1727 256 1763; x_wconf 71' lang='grc' dir='ltr'>λογικὸν</span> <span class='ocrx_word' id='word_1_458' title='bbox 267 1729 313 1756; x_wconf 77' lang='grc' dir='ltr'><strong>τοῦ</strong></span> <span class='ocrx_word' id='word_1_459' title='bbox 331 1731 387 1764; x_wconf 78' lang='grc' dir='ltr'>νοῦ,</span> <span class='ocrx_word' id='word_1_460' title='bbox 404 1731 448 1758; x_wconf 75' lang='grc' dir='ltr'><strong>τὸν</strong></span> <span class='ocrx_word' id='word_1_461' title='bbox 466 1732 595 1768; x_wconf 77' lang='grc' dir='ltr'>λογισμὸν</span> <span class='ocrx_word' id='word_1_462' title='bbox 613 1735 662 1770; x_wconf 81' lang='grc' dir='ltr'>τῆς</span> <span class='ocrx_word' id='word_1_463' title='bbox 679 1734 909 1771; x_wconf 74' lang='grc' dir='ltr'>ἐνανθρωπήσεως</span> <span class='ocrx_word' id='word_1_464' title='bbox 922 1745 928 1750; x_wconf 93' lang='grc'><strong><em>-</em></strong></span> 
     </span>
    </p>
   </div>
   <div class='ocr_carea' id='block_1_56' title="bbox 148 1766 966 1817">
    <p class='ocr_par' dir='ltr' id='par_1_56' title="bbox 148 1766 966 1817">
     <span class='ocr_line' id='line_1_56' title="bbox 148 1766 966 1817; baseline 0.01 -18"><span class='ocrx_word' id='word_1_465' title='bbox 148 1774 179 1800; x_wconf 87' lang='grc' dir='ltr'>οὺ</span> <span class='ocrx_word' id='word_1_466' title='bbox 198 1774 244 1800; x_wconf 74' lang='grc' dir='ltr'>τὸν</span> <span class='ocrx_word' id='word_1_467' title='bbox 258 1775 359 1809; x_wconf 80' lang='grc' dir='ltr'>φαῦλον</span> <span class='ocrx_word' id='word_1_468' title='bbox 374 1776 461 1810; x_wconf 81' lang='grc' dir='ltr'>λέγω,</span> <span class='ocrx_word' id='word_1_469' title='bbox 477 1766 602 1806; x_wconf 43' lang='grc' dir='ltr'>ἀλλὰ-τον</span> <span class='ocrx_word' id='word_1_470' title='bbox 618 1766 664 1806; x_wconf 71' lang='grc' dir='ltr'><strong>ἐπὶ</strong></span> <span class='ocrx_word' id='word_1_471' title='bbox 680 1781 713 1815; x_wconf 84' lang='grc' dir='ltr'><strong>τῇ</strong></span> <span class='ocrx_word' id='word_1_472' title='bbox 731 1766 836 1816; x_wconf 46' lang='grc' dir='ltr'>εὐλόγῳ.</span> <span class='ocrx_word' id='word_1_473' title='bbox 850 1766 930 1817; x_wconf 76' lang='grc' dir='ltr'>χρείᾳ</span> <span class='ocrx_word' id='word_1_474' title='bbox 945 1766 966 1794; x_wconf 77' lang='lat' dir='ltr'>c</span> 
     </span>
    </p>
   </div>
   <div class='ocr_carea' id='block_1_57' title="bbox 147 1820 930 1862">
    <p class='ocr_par' dir='ltr' id='par_1_57' title="bbox 147 1820 930 1862">
     <span class='ocr_line' id='line_1_57' title="bbox 147 1820 930 1862; baseline 0.01 -16"><span class='ocrx_word' id='word_1_475' title='bbox 147 1820 312 1855; x_wconf 82' lang='grc' dir='ltr'>τεταγμένον</span> <span class='ocrx_word' id='word_1_476' title='bbox 327 1824 541 1859; x_wconf 79' lang='grc' dir='ltr'>συμπρεπόντως</span> <span class='ocrx_word' id='word_1_477' title='bbox 555 1826 587 1860; x_wconf 76' lang='grc' dir='ltr'>τῇ</span> <span class='ocrx_word' id='word_1_478' title='bbox 605 1825 709 1861; x_wconf 76' lang='grc' dir='ltr'>θεότητι</span> <span class='ocrx_word' id='word_1_479' title='bbox 724 1834 730 1841; x_wconf 87' lang='grc'>·</span> <span class='ocrx_word' id='word_1_480' title='bbox 745 1826 802 1858; x_wconf 78' lang='grc' dir='ltr'>πῶς</span> <span class='ocrx_word' id='word_1_481' title='bbox 816 1827 930 1862; x_wconf 67' lang='grc' dir='ltr'>ἠδύνατο</span> 
     </span>
    </p>
   </div>
   <div class='ocr_carea' id='block_1_58' title="bbox 148 1866 930 1908">
    <p class='ocr_par' dir='ltr' id='par_1_58' title="bbox 148 1866 930 1908">
     <span class='ocr_line' id='line_1_58' title="bbox 148 1866 930 1908; baseline 0.01 -17"><span class='ocrx_word' id='word_1_482' title='bbox 148 1866 285 1898; x_wconf 81' lang='grc' dir='ltr'>πεινάσαι,</span> <span class='ocrx_word' id='word_1_483' title='bbox 299 1867 316 1901; x_wconf 77' lang='grc' dir='ltr'>ἢ</span> <span class='ocrx_word' id='word_1_484' title='bbox 331 1867 501 1904; x_wconf 82' lang='grc' dir='ltr'>διανοηθῆναι</span> <span class='ocrx_word' id='word_1_485' title='bbox 513 1872 622 1903; x_wconf 76' lang='grc' dir='ltr'>πεῖνανς</span> <span class='ocrx_word' id='word_1_486' title='bbox 634 1871 719 1898; x_wconf 83' lang='grc' dir='ltr'>Πόθεν</span> <span class='ocrx_word' id='word_1_487' title='bbox 731 1872 759 1898; x_wconf 79' lang='grc' dir='ltr'><strong>δὲ</strong></span> <span class='ocrx_word' id='word_1_488' title='bbox 772 1872 930 1908; x_wconf 76' lang='grc' dir='ltr'>λελύπηται,</span> 
     </span>
    </p>
   </div>
   <div class='ocr_carea' id='block_1_59' title="bbox 147 1911 930 1952">
    <p class='ocr_par' dir='ltr' id='par_1_59' title="bbox 147 1911 930 1952">
     <span class='ocr_line' id='line_1_59' title="bbox 147 1911 930 1952; baseline 0.01 -15"><span class='ocrx_word' id='word_1_489' title='bbox 147 1911 209 1945; x_wconf 82' lang='grc' dir='ltr'>λέγε</span> <span class='ocrx_word' id='word_1_490' title='bbox 221 1920 275 1946; x_wconf 85' lang='grc' dir='ltr'>μοι,</span> <span class='ocrx_word' id='word_1_491' title='bbox 292 1913 379 1948; x_wconf 77' lang='grc' dir='ltr'>ψυχῆς</span> <span class='ocrx_word' id='word_1_492' title='bbox 395 1914 431 1949; x_wconf 81' lang='grc' dir='ltr'>μὴ</span> <span class='ocrx_word' id='word_1_493' title='bbox 448 1915 563 1950; x_wconf 76' lang='grc' dir='ltr'>ἐχούσης</span> <span class='ocrx_word' id='word_1_494' title='bbox 577 1916 649 1947; x_wconf 77' lang='grc' dir='ltr'>νοῦν.</span> <span class='ocrx_word' id='word_1_495' title='bbox 666 1917 712 1944; x_wconf 78' lang='grc' dir='ltr'><strong>καὶ</strong></span> <span class='ocrx_word' id='word_1_496' title='bbox 724 1917 754 1944; x_wconf 83' lang='grc' dir='ltr'>τὸ</span> <span class='ocrx_word' id='word_1_497' title='bbox 766 1917 930 1952; x_wconf 79' lang='grc' dir='ltr'>λογίζεσθαι,</span> 
     </span>
    </p>
   </div>
   <div class='ocr_carea' id='block_1_60' title="bbox 148 1957 931 1998">
    <p class='ocr_par' dir='ltr' id='par_1_60' title="bbox 148 1957 931 1998">
     <span class='ocr_line' id='line_1_60' title="bbox 148 1957 931 1998; baseline 0.009 -14"><span class='ocrx_word' id='word_1_498' title='bbox 148 1957 244 1990; x_wconf 76' lang='grc' dir='ltr'>ἀλόγου</span> <span class='ocrx_word' id='word_1_499' title='bbox 258 1957 346 1994; x_wconf 78' lang='grc' dir='ltr'>ψυχῆς</span> <span class='ocrx_word' id='word_1_500' title='bbox 359 1958 456 1994; x_wconf 76' lang='grc' dir='ltr'>οὔσης,</span> <span class='ocrx_word' id='word_1_501' title='bbox 472 1960 489 1996; x_wconf 81' lang='grc' dir='ltr'>ἢ</span> <span class='ocrx_word' id='word_1_502' title='bbox 507 1961 607 1997; x_wconf 74' lang='grc' dir='ltr'>σαρχδς</span> <span class='ocrx_word' id='word_1_503' title='bbox 623 1961 727 1998; x_wconf 73' lang='grc' dir='ltr'>ἀψύχου</span> <span class='ocrx_word' id='word_1_504' title='bbox 743 1963 846 1998; x_wconf 73' lang='grc' dir='ltr'>οὗσης;</span> <span class='ocrx_word' id='word_1_505' title='bbox 863 1964 931 1990; x_wconf 75' lang='grc' dir='ltr'>Οὔτε</span> 
     </span>
    </p>
   </div>
   <div class='ocr_carea' id='block_1_61' title="bbox 148 2000 930 2041">
    <p class='ocr_par' dir='ltr' id='par_1_61' title="bbox 148 2000 930 2041">
     <span class='ocr_line' id='line_1_61' title="bbox 148 2000 930 2041; baseline 0.012 -15"><span class='ocrx_word' id='word_1_506' title='bbox 148 2000 201 2027; x_wconf 77' lang='grc' dir='ltr'>ὑπὸ</span> <span class='ocrx_word' id='word_1_507' title='bbox 219 2001 306 2037; x_wconf 78' lang='grc' dir='ltr'>λύπην</span> <span class='ocrx_word' id='word_1_508' title='bbox 319 2002 481 2037; x_wconf 81' lang='grc' dir='ltr'>ὑπέπιπτεν,</span> <span class='ocrx_word' id='word_1_509' title='bbox 495 2003 556 2031; x_wconf 68' lang='grc' dir='ltr'>οὔτε</span> <span class='ocrx_word' id='word_1_510' title='bbox 577 2006 616 2037; x_wconf 83' lang='grc' dir='ltr'><strong>είς</strong></span> <span class='ocrx_word' id='word_1_511' title='bbox 628 2006 756 2041; x_wconf 84' lang='grc' dir='ltr'>ἀθυμίαν.</span> <span class='ocrx_word' id='word_1_512' title='bbox 773 2008 828 2034; x_wconf 80' lang='grc' dir='ltr'><strong>Καὶ</strong></span> <span class='ocrx_word' id='word_1_513' title='bbox 845 2008 930 2035; x_wconf 84' lang='grc' dir='ltr'>πολλά</span> 
     </span>
    </p>
   </div>
   <div class='ocr_carea' id='block_1_62' title="bbox 148 2046 931 2085">
    <p class='ocr_par' dir='ltr' id='par_1_62' title="bbox 148 2046 931 2085">
     <span class='ocr_line' id='line_1_62' title="bbox 148 2046 931 2085; baseline 0.011 -14"><span class='ocrx_word' id='word_1_514' title='bbox 148 2047 221 2072; x_wconf 77' lang='grc' dir='ltr'>ἐστιν</span> <span class='ocrx_word' id='word_1_515' title='bbox 235 2046 253 2073; x_wconf 76' lang='grc' dir='ltr'>ἃ</span> <span class='ocrx_word' id='word_1_516' title='bbox 269 2047 320 2082; x_wconf 81' lang='grc' dir='ltr'><strong>χρὴ</strong></span> <span class='ocrx_word' id='word_1_517' title='bbox 333 2048 407 2084; x_wconf 78' lang='grc' dir='ltr'>ἡμᾶς</span> <span class='ocrx_word' id='word_1_518' title='bbox 425 2049 631 2085; x_wconf 81' lang='grc' dir='ltr'>διανοουμένους</span> <span class='ocrx_word' id='word_1_519' title='bbox 649 2051 756 2083; x_wconf 80' lang='grc' dir='ltr'>εἰδέναι,</span> <span class='ocrx_word' id='word_1_520' title='bbox 774 2052 815 2078; x_wconf 81' lang='grc' dir='ltr'>ὅτι</span> <span class='ocrx_word' id='word_1_521' title='bbox 827 2053 862 2079; x_wconf 78' lang='grc' dir='ltr'>τὰ</span> <span class='ocrx_word' id='word_1_522' title='bbox 885 2062 931 2080; x_wconf 91' lang='grc' dir='ltr'>σο-</span> 
     </span>
    </p>
   </div>
   <div class='ocr_carea' id='block_1_63' title="bbox 149 2093 932 2132">
    <p class='ocr_par' dir='ltr' id='par_1_63' title="bbox 149 2093 932 2132">
     <span class='ocr_line' id='line_1_63' title="bbox 149 2093 932 2132; baseline 0.009 -14"><span class='ocrx_word' id='word_1_523' title='bbox 149 2093 263 2126; x_wconf 77' lang='grc' dir='ltr'>φιστικὰ</span> <span class='ocrx_word' id='word_1_524' title='bbox 280 2095 394 2129; x_wconf 79' lang='grc' dir='ltr'>περιττὰ</span> <span class='ocrx_word' id='word_1_525' title='bbox 409 2096 545 2131; x_wconf 83' lang='grc' dir='ltr'>τυγχάνει,</span> <span class='ocrx_word' id='word_1_526' title='bbox 565 2097 611 2123; x_wconf 82' lang='grc' dir='ltr'><strong>καὶ</strong></span> <span class='ocrx_word' id='word_1_527' title='bbox 633 2097 744 2132; x_wconf 79' lang='grc' dir='ltr'>πλήττει</span> <span class='ocrx_word' id='word_1_528' title='bbox 759 2098 858 2132; x_wconf 79' lang='grc' dir='ltr'>μᾶλλον</span> <span class='ocrx_word' id='word_1_529' title='bbox 869 2100 932 2131; x_wconf 72' lang='grc' dir='ltr'>τοὺς</span> 
     </span>
    </p>
   </div>
   <div class='ocr_carea' id='block_1_64' title="bbox 149 2137 932 2178">
    <p class='ocr_par' dir='ltr' id='par_1_64' title="bbox 149 2137 932 2178">
     <span class='ocr_line' id='line_1_64' title="bbox 149 2137 932 2178; baseline 0.01 -15"><span class='ocrx_word' id='word_1_530' title='bbox 149 2137 219 2172; x_wconf 80' lang='grc' dir='ltr'>ὑπὲρ</span> <span class='ocrx_word' id='word_1_531' title='bbox 235 2138 265 2164; x_wconf 84' lang='grc' dir='ltr'><strong>τό</strong></span> <span class='ocrx_word' id='word_1_532' title='bbox 284 2138 342 2166; x_wconf 85' lang='grc' dir='ltr'>δέον</span> <span class='ocrx_word' id='word_1_533' title='bbox 367 2139 543 2176; x_wconf 85' lang='grc' dir='ltr'>βουλομένους</span> <span class='ocrx_word' id='word_1_534' title='bbox 557 2141 719 2169; x_wconf 77' lang='grc' dir='ltr'>διανοεῖσθαι</span> <span class='ocrx_word' id='word_1_535' title='bbox 733 2164 741 2176; x_wconf 85' lang='lat'><strong>,</strong></span> <span class='ocrx_word' id='word_1_536' title='bbox 757 2143 802 2170; x_wconf 71' lang='grc' dir='ltr'>καὶ</span> <span class='ocrx_word' id='word_1_537' title='bbox 818 2144 855 2178; x_wconf 86' lang='grc' dir='ltr'>μὴ</span> <span class='ocrx_word' id='word_1_538' title='bbox 883 2153 932 2178; x_wconf 79' lang='grc' dir='ltr'>με-</span> 
     </span>
    </p>
   </div>
   <div class='ocr_carea' id='block_1_65' title="bbox 148 2183 932 2223">
    <p class='ocr_par' dir='ltr' id='par_1_65' title="bbox 148 2183 932 2223">
     <span class='ocr_line' id='line_1_65' title="bbox 148 2183 932 2223; baseline 0.01 -16"><span class='ocrx_word' id='word_1_539' title='bbox 148 2183 222 2217; x_wconf 78' lang='grc' dir='ltr'>τρεῖν</span> <span class='ocrx_word' id='word_1_540' title='bbox 239 2183 350 2216; x_wconf 75' lang='grc' dir='ltr'>ἑαυτοὺς</span> <span class='ocrx_word' id='word_1_541' title='bbox 369 2186 397 2211; x_wconf 74' lang='grc' dir='ltr'>ἔν</span> <span class='ocrx_word' id='word_1_542' title='bbox 413 2186 451 2221; x_wconf 84' lang='grc' dir='ltr'>τῷ</span> <span class='ocrx_word' id='word_1_543' title='bbox 469 2185 560 2222; x_wconf 76' lang='grc' dir='ltr'>μέτρῳ</span> <span class='ocrx_word' id='word_1_544' title='bbox 577 2186 617 2222; x_wconf 84' lang='grc' dir='ltr'>τῷ</span> <span class='ocrx_word' id='word_1_545' title='bbox 637 2188 702 2223; x_wconf 84' lang='grc' dir='ltr'>ἡμῖν</span> <span class='ocrx_word' id='word_1_546' title='bbox 721 2187 792 2214; x_wconf 78' lang='grc' dir='ltr'>κατὰ</span> <span class='ocrx_word' id='word_1_547' title='bbox 805 2189 932 2223; x_wconf 78' lang='grc' dir='ltr'>παραίνε-</span> 
     </span>
    </p>
   </div>
   <div class='ocr_carea' id='block_1_66' title="bbox 148 2229 931 2266">
    <p class='ocr_par' dir='ltr' id='par_1_66' title="bbox 148 2229 931 2266">
     <span class='ocr_line' id='line_1_66' title="bbox 148 2229 931 2266; baseline 0.008 -12"><span class='ocrx_word' id='word_1_548' title='bbox 148 2236 191 2254; x_wconf 88' lang='grc' dir='ltr'><strong>σιν</strong></span> <span class='ocrx_word' id='word_1_549' title='bbox 215 2229 351 2264; x_wconf 76' lang='grc' dir='ltr'>εἰρημένῳ</span> <span class='ocrx_word' id='word_1_550' title='bbox 364 2230 419 2257; x_wconf 79' lang='grc' dir='ltr'><strong>ἀπὸ</strong></span> <span class='ocrx_word' id='word_1_551' title='bbox 443 2231 489 2258; x_wconf 83' lang='grc' dir='ltr'>τοῦ</span> <span class='ocrx_word' id='word_1_552' title='bbox 513 2232 665 2266; x_wconf 83' lang='grc' dir='ltr'>ἁγιωτάτου</span> <span class='ocrx_word' id='word_1_553' title='bbox 687 2233 847 2260; x_wconf 80' lang='grc' dir='ltr'>Ἀποστόλου</span> <span class='ocrx_word' id='word_1_554' title='bbox 860 2253 867 2266; x_wconf 92' lang='grc'><strong>,</strong></span> <span class='ocrx_word' id='word_1_555' title='bbox 885 2234 931 2260; x_wconf 81' lang='grc' dir='ltr'>τοῦ</span> 
     </span>
    </p>
   </div>
   <div class='ocr_carea' id='block_1_67' title="bbox 148 2274 863 2313">
    <p class='ocr_par' dir='ltr' id='par_1_67' title="bbox 148 2274 863 2313">
     <span class='ocr_line' id='line_1_67' title="bbox 148 2274 863 2313; baseline 0.007 -13"><span class='ocrx_word' id='word_1_556' title='bbox 148 2274 282 2308; x_wconf 79' lang='grc' dir='ltr'>φήσαντος</span> <span class='ocrx_word' id='word_1_557' title='bbox 291 2296 298 2308; x_wconf 87' lang='lat'><strong>,</strong></span> <span class='ocrx_word' id='word_1_558' title='bbox 315 2275 362 2310; x_wconf 79' lang='grc' dir='ltr'><strong>Μὴ</strong></span> <span class='ocrx_word' id='word_1_559' title='bbox 377 2276 573 2312; x_wconf 59' lang='grc' dir='ltr'>ὑπερφρονεῖν</span> <span class='ocrx_word' id='word_1_560' title='bbox 584 2279 659 2312; x_wconf 76' lang='grc' dir='ltr'>παρὸ</span> <span class='ocrx_word' id='word_1_561' title='bbox 674 2277 722 2305; x_wconf 86' lang='grc' dir='ltr'><strong>δεῖ</strong></span> <span class='ocrx_word' id='word_1_562' title='bbox 732 2279 863 2313; x_wconf 70' lang='grc' dir='ltr'><strong>φρονεῖν.</strong></span> 
     </span>
    </p>
   </div>
   <div class='ocr_carea' id='block_1_68' title="bbox 148 2322 1237 2361">
    <p class='ocr_par' dir='ltr' id='par_1_68' title="bbox 148 2322 1237 2361">
     <span class='ocr_line' id='line_1_68' title="bbox 148 2322 1237 2361; baseline 0.005 -15"><span class='ocrx_word' id='word_1_563' title='bbox 148 2326 267 2348; x_wconf 76' lang='lat' dir='ltr'><strong>mt‘erore</strong></span> <span class='ocrx_word' id='word_1_564' title='bbox 279 2322 402 2348; x_wconf 89' lang='lat' dir='ltr'><strong>contrahi</strong></span> <span class='ocrx_word' id='word_1_565' title='bbox 423 2323 519 2357; x_wconf 88' lang='lat' dir='ltr'><strong>potuit.</strong></span> <span class='ocrx_word' id='word_1_566' title='bbox 539 2323 608 2350; x_wconf 90' lang='lat' dir='ltr'><strong>Sunt</strong></span> <span class='ocrx_word' id='word_1_567' title='bbox 623 2328 649 2351; x_wconf 91' lang='lat' dir='ltr'><strong>et</strong></span> <span class='ocrx_word' id='word_1_568' title='bbox 674 2324 726 2351; x_wconf 88' lang='lat' dir='ltr'><strong>alia</strong></span> <span class='ocrx_word' id='word_1_569' title='bbox 751 2325 859 2361; x_wconf 85' lang='lat' dir='ltr'><strong>generis</strong></span> <span class='ocrx_word' id='word_1_570' title='bbox 887 2325 1009 2359; x_wconf 82' lang='lat' dir='ltr'><strong>ejusdem</strong></span> <span class='ocrx_word' id='word_1_571' title='bbox 1038 2325 1237 2360; x_wconf 84' lang='lat' dir='ltr'><strong>quamplurima</strong></span> 
     </span>
    </p>
   </div>
   <div class='ocr_carea' id='block_1_69' title="bbox 982 1229 1765 1265">
    <p class='ocr_par' dir='ltr' id='par_1_69' title="bbox 982 1229 1765 1265">
     <span class='ocr_line' id='line_1_69' title="bbox 982 1229 1765 1265; baseline 0.003 -9"><span class='ocrx_word' id='word_1_572' title='bbox 982 1229 1032 1256; x_wconf 88' lang='lat' dir='ltr'><strong>Cui</strong></span> <span class='ocrx_word' id='word_1_573' title='bbox 1047 1233 1074 1257; x_wconf 82' lang='lat' dir='ltr'><strong>et</strong></span> <span class='ocrx_word' id='word_1_574' title='bbox 1100 1236 1214 1258; x_wconf 74' lang='lat' dir='ltr'><strong>sant-tus</strong></span> <span class='ocrx_word' id='word_1_575' title='bbox 1230 1229 1276 1256; x_wconf 90' lang='lat' dir='ltr'><strong>Dei</strong></span> <span class='ocrx_word' id='word_1_576' title='bbox 1293 1230 1424 1265; x_wconf 86' lang='lat' dir='ltr'><strong>propheta</strong></span> <span class='ocrx_word' id='word_1_577' title='bbox 1443 1229 1527 1257; x_wconf 78' lang='lat' dir='ltr'><strong>Isaias</strong></span> <span class='ocrx_word' id='word_1_578' title='bbox 1541 1230 1706 1265; x_wconf 86' lang='lat' dir='ltr'><strong>astipulatur</strong></span> <span class='ocrx_word' id='word_1_579' title='bbox 1722 1231 1765 1259; x_wconf 87' lang='lat' dir='ltr'><strong>his</strong></span> 
     </span>
    </p>
   </div>
   <div class='ocr_carea' id='block_1_70' title="bbox 982 1273 1767 1312">
    <p class='ocr_par' dir='ltr' id='par_1_70' title="bbox 982 1273 1767 1312">
     <span class='ocr_line' id='line_1_70' title="bbox 982 1273 1767 1312; baseline 0.003 -11"><span class='ocrx_word' id='word_1_580' title='bbox 982 1274 1072 1301; x_wconf 86' lang='lat' dir='ltr'><strong>verbis</strong></span> <span class='ocrx_word' id='word_1_581' title='bbox 1090 1284 1096 1302; x_wconf 92' lang='lat'>:</span> <span class='ocrx_word' id='word_1_582' title='bbox 1117 1273 1183 1302; x_wconf 82' lang='lat' dir='ltr'><strong>Ecce</strong></span> <span class='ocrx_word' id='word_1_583' title='bbox 1200 1275 1327 1310; x_wconf 75' lang='lat' dir='ltr'><strong>intelliget</strong></span> <span class='ocrx_word' id='word_1_584' title='bbox 1341 1283 1430 1302; x_wconf 74' lang='lat' dir='ltr'><strong>servus</strong></span> <span class='ocrx_word' id='word_1_585' title='bbox 1449 1283 1520 1302; x_wconf 74' lang='lat' dir='ltr'><strong>meus</strong></span> <span class='ocrx_word' id='word_1_586' title='bbox 1534 1275 1655 1309; x_wconf 74' lang='lat' dir='ltr'><strong>dilectus,</strong></span> <span class='ocrx_word' id='word_1_587' title='bbox 1677 1276 1704 1303; x_wconf 82' lang='lat' dir='ltr'><strong>in</strong></span> <span class='ocrx_word' id='word_1_588' title='bbox 1717 1285 1767 1312; x_wconf 84' lang='lat' dir='ltr'><strong>quo</strong></span> 
     </span>
    </p>
   </div>
   <div class='ocr_carea' id='block_1_71' title="bbox 983 1321 1766 1358">
    <p class='ocr_par' dir='ltr' id='par_1_71' title="bbox 983 1321 1766 1358">
     <span class='ocr_line' id='line_1_71' title="bbox 983 1321 1766 1358; baseline 0.005 -11"><span class='ocrx_word' id='word_1_589' title='bbox 983 1321 1049 1348; x_wconf 81' lang='lat' dir='ltr'><strong>mihi</strong></span> <span class='ocrx_word' id='word_1_590' title='bbox 1075 1321 1164 1356; x_wconf 79' lang='lat' dir='ltr'><strong>placui</strong></span> <span class='ocrx_word' id='word_1_591' title='bbox 1177 1321 1198 1349; x_wconf 92' lang='grc'><strong>³.</strong></span> <span class='ocrx_word' id='word_1_592' title='bbox 1225 1321 1276 1349; x_wconf 85' lang='lat' dir='ltr'><strong>Ubi</strong></span> <span class='ocrx_word' id='word_1_593' title='bbox 1297 1329 1348 1350; x_wconf 90' lang='lat' dir='ltr'><strong>vox</strong></span> <span class='ocrx_word' id='word_1_594' title='bbox 1385 1322 1442 1355; x_wconf 86' lang='lat' dir='ltr'><strong>illa,</strong></span> <span class='ocrx_word' id='word_1_595' title='bbox 1461 1323 1598 1358; x_wconf 77' lang='lat' dir='ltr'><strong>intelliget,</strong></span> <span class='ocrx_word' id='word_1_596' title='bbox 1621 1323 1655 1350; x_wconf 91' lang='lat' dir='ltr'><strong>ad</strong></span> <span class='ocrx_word' id='word_1_597' title='bbox 1680 1323 1766 1358; x_wconf 83' lang='lat' dir='ltr'><strong>perie-</strong></span> 
     </span>
    </p>
   </div>
   <div class='ocr_carea' id='block_1_72' title="bbox 982 1367 1767 1397">
    <p class='ocr_par' dir='ltr' id='par_1_72' title="bbox 982 1367 1767 1397">
     <span class='ocr_line' id='line_1_72' title="bbox 982 1367 1767 1397; baseline 0.003 -3"><span class='ocrx_word' id='word_1_598' title='bbox 982 1371 1056 1395; x_wconf 87' lang='lat' dir='ltr'><strong>clam</strong></span> <span class='ocrx_word' id='word_1_599' title='bbox 1074 1367 1193 1395; x_wconf 88' lang='lat' dir='ltr'><strong>hominis</strong></span> <span class='ocrx_word' id='word_1_600' title='bbox 1203 1371 1329 1394; x_wconf 83' lang='lat' dir='ltr'><strong>naturam</strong></span> <span class='ocrx_word' id='word_1_601' title='bbox 1351 1368 1479 1395; x_wconf 76' lang='lat' dir='ltr'><strong>refertur.</strong></span> <span class='ocrx_word' id='word_1_602' title='bbox 1490 1367 1550 1395; x_wconf 84' lang='lat' dir='ltr'><strong>Non</strong></span> <span class='ocrx_word' id='word_1_603' title='bbox 1569 1369 1642 1396; x_wconf 85' lang='lat' dir='ltr'><strong>enim</strong></span> <span class='ocrx_word' id='word_1_604' title='bbox 1667 1369 1767 1397; x_wconf 90' lang='lat' dir='ltr'><strong>inlelli-</strong></span> 
     </span>
    </p>
   </div>
   <div class='ocr_carea' id='block_1_73' title="bbox 983 1413 1767 1450">
    <p class='ocr_par' dir='ltr' id='par_1_73' title="bbox 983 1413 1767 1450">
     <span class='ocr_line' id='line_1_73' title="bbox 983 1413 1767 1450; baseline 0.001 -9"><span class='ocrx_word' id='word_1_605' title='bbox 983 1421 1047 1449; x_wconf 91' lang='lat' dir='ltr'><strong>gere</strong></span> <span class='ocrx_word' id='word_1_606' title='bbox 1076 1413 1221 1449; x_wconf 83' lang='lat' dir='ltr'><strong>quisquam</strong></span> <span class='ocrx_word' id='word_1_607' title='bbox 1247 1417 1346 1449; x_wconf 87' lang='lat' dir='ltr'><strong>potest,</strong></span> <span class='ocrx_word' id='word_1_608' title='bbox 1375 1414 1427 1441; x_wconf 89' lang='lat' dir='ltr'><strong>nisi</strong></span> <span class='ocrx_word' id='word_1_609' title='bbox 1453 1420 1543 1442; x_wconf 88' lang='lat' dir='ltr'><strong>mente</strong></span> <span class='ocrx_word' id='word_1_610' title='bbox 1570 1415 1607 1442; x_wconf 87' lang='lat' dir='ltr'><strong>sit</strong></span> <span class='ocrx_word' id='word_1_611' title='bbox 1628 1415 1767 1450; x_wconf 72' lang='lat' dir='ltr'><strong>przeditus,</strong></span> 
     </span>
    </p>
   </div>
   <div class='ocr_carea' id='block_1_74' title="bbox 982 1459 1767 1495">
    <p class='ocr_par' dir='ltr' id='par_1_74' title="bbox 982 1459 1767 1495">
     <span class='ocr_line' id='line_1_74' title="bbox 982 1459 1767 1495; baseline 0.001 -8"><span class='ocrx_word' id='word_1_612' title='bbox 982 1467 1034 1488; x_wconf 90' lang='lat' dir='ltr'><strong>nec</strong></span> <span class='ocrx_word' id='word_1_613' title='bbox 1057 1460 1084 1487; x_wconf 93' lang='lat' dir='ltr'><strong>in</strong></span> <span class='ocrx_word' id='word_1_614' title='bbox 1111 1459 1255 1488; x_wconf 82' lang='lat' dir='ltr'><strong>divinitate</strong></span> <span class='ocrx_word' id='word_1_615' title='bbox 1277 1464 1368 1495; x_wconf 83' lang='lat' dir='ltr'><strong>potest</strong></span> <span class='ocrx_word' id='word_1_616' title='bbox 1398 1460 1470 1487; x_wconf 90' lang='lat' dir='ltr'><strong>istud</strong></span> <span class='ocrx_word' id='word_1_617' title='bbox 1494 1460 1612 1495; x_wconf 83' lang='lat' dir='ltr'><strong>impleri.</strong></span> <span class='ocrx_word' id='word_1_618' title='bbox 1633 1460 1767 1494; x_wconf 88' lang='lat' dir='ltr'><strong>Quoniam</strong></span> 
     </span>
    </p>
   </div>
   <div class='ocr_carea' id='block_1_75' title="bbox 983 1505 1769 1541">
    <p class='ocr_par' dir='ltr' id='par_1_75' title="bbox 983 1505 1769 1541">
     <span class='ocr_line' id='line_1_75' title="bbox 983 1505 1769 1541; baseline 0 -7"><span class='ocrx_word' id='word_1_619' title='bbox 983 1513 1034 1534; x_wconf 88' lang='lat' dir='ltr'><strong>nec</strong></span> <span class='ocrx_word' id='word_1_620' title='bbox 1062 1506 1239 1541; x_wconf 78' lang='lat' dir='ltr'><strong>intelligentia</strong></span> <span class='ocrx_word' id='word_1_621' title='bbox 1262 1505 1386 1541; x_wconf 87' lang='lat' dir='ltr'><strong>indiget,</strong></span> <span class='ocrx_word' id='word_1_622' title='bbox 1413 1513 1473 1541; x_wconf 73' lang='lat' dir='ltr'><strong>qua:</strong></span> <span class='ocrx_word' id='word_1_623' title='bbox 1491 1506 1548 1541; x_wconf 81' lang='lat' dir='ltr'><strong>ipsa</strong></span> <span class='ocrx_word' id='word_1_624' title='bbox 1577 1514 1625 1541; x_wconf 91' lang='lat' dir='ltr'><strong>per</strong></span> <span class='ocrx_word' id='word_1_625' title='bbox 1644 1514 1706 1534; x_wconf 83' lang='lat' dir='ltr'><strong>sese</strong></span> <span class='ocrx_word' id='word_1_626' title='bbox 1733 1507 1769 1535; x_wconf 91' lang='lat' dir='ltr'><strong>sit</strong></span> 
     </span>
    </p>
   </div>
   <div class='ocr_carea' id='block_1_76' title="bbox 983 1551 1768 1587">
    <p class='ocr_par' dir='ltr' id='par_1_76' title="bbox 983 1551 1768 1587">
     <span class='ocr_line' id='line_1_76' title="bbox 983 1551 1768 1587; baseline 0.003 -9"><span class='ocrx_word' id='word_1_627' title='bbox 983 1551 1183 1587; x_wconf 82' lang='lat' dir='ltr'><strong>intelligentia;</strong></span> <span class='ocrx_word' id='word_1_628' title='bbox 1205 1559 1293 1586; x_wconf 87' lang='lat' dir='ltr'><strong>neque</strong></span> <span class='ocrx_word' id='word_1_629' title='bbox 1309 1551 1444 1586; x_wconf 86' lang='lat' dir='ltr'><strong>sapientia</strong></span> <span class='ocrx_word' id='word_1_630' title='bbox 1459 1559 1530 1587; x_wconf 86' lang='lat' dir='ltr'><strong>opus</strong></span> <span class='ocrx_word' id='word_1_631' title='bbox 1546 1551 1638 1584; x_wconf 87' lang='lat' dir='ltr'><strong>habet,</strong></span> <span class='ocrx_word' id='word_1_632' title='bbox 1655 1559 1716 1587; x_wconf 77' lang='lat' dir='ltr'><strong>qua:</strong></span> <span class='ocrx_word' id='word_1_633' title='bbox 1726 1557 1768 1580; x_wconf 80' lang='lat' dir='ltr'><strong>est</strong></span> 
     </span>
    </p>
   </div>
   <div class='ocr_carea' id='block_1_77' title="bbox 983 1597 1768 1633">
    <p class='ocr_par' dir='ltr' id='par_1_77' title="bbox 983 1597 1768 1633">
     <span class='ocr_line' id='line_1_77' title="bbox 983 1597 1768 1633; baseline 0 -9"><span class='ocrx_word' id='word_1_634' title='bbox 983 1598 1041 1632; x_wconf 82' lang='lat' dir='ltr'><strong>ipsa</strong></span> <span class='ocrx_word' id='word_1_635' title='bbox 1061 1597 1196 1633; x_wconf 86' lang='lat' dir='ltr'><strong>sapientia</strong></span> <span class='ocrx_word' id='word_1_636' title='bbox 1219 1607 1225 1624; x_wconf 89' lang='lat'><strong>:</strong></span> <span class='ocrx_word' id='word_1_637' title='bbox 1250 1597 1322 1625; x_wconf 88' lang='lat' dir='ltr'><strong>unde</strong></span> <span class='ocrx_word' id='word_1_638' title='bbox 1357 1597 1526 1632; x_wconf 70' lang='lat' dir='ltr'><strong>intelligendi</strong></span> <span class='ocrx_word' id='word_1_639' title='bbox 1547 1597 1710 1625; x_wconf 91' lang='lat' dir='ltr'><strong>vocabulum</strong></span> <span class='ocrx_word' id='word_1_640' title='bbox 1735 1598 1768 1625; x_wconf 91' lang='lat' dir='ltr'><strong>ad</strong></span> 
     </span>
    </p>
   </div>
   <div class='ocr_carea' id='block_1_78' title="bbox 985 1643 1769 1678">
    <p class='ocr_par' dir='ltr' id='par_1_78' title="bbox 985 1643 1769 1678">
     <span class='ocr_line' id='line_1_78' title="bbox 985 1643 1769 1678; baseline 0 -7"><span class='ocrx_word' id='word_1_641' title='bbox 985 1644 1131 1671; x_wconf 86' lang='lat' dir='ltr'><strong>humanam</strong></span> <span class='ocrx_word' id='word_1_642' title='bbox 1147 1646 1275 1670; x_wconf 79' lang='lat' dir='ltr'><strong>&#39;mentem</strong></span> <span class='ocrx_word' id='word_1_643' title='bbox 1299 1643 1456 1670; x_wconf 85' lang='lat' dir='ltr'><strong>necessario</strong></span> <span class='ocrx_word' id='word_1_644' title='bbox 1477 1643 1602 1678; x_wconf 85' lang='lat' dir='ltr'><strong>pertinet.</strong></span> <span class='ocrx_word' id='word_1_645' title='bbox 1634 1643 1769 1672; x_wconf 65' lang='lat' dir='ltr'><strong>Praeterea</strong></span> 
     </span>
    </p>
   </div>
   <div class='ocr_carea' id='block_1_79' title="bbox 985 1687 1769 1722">
    <p class='ocr_par' dir='ltr' id='par_1_79' title="bbox 985 1687 1769 1722">
     <span class='ocr_line' id='line_1_79' title="bbox 985 1687 1769 1722; baseline -0.001 -6"><span class='ocrx_word' id='word_1_646' title='bbox 985 1688 1046 1716; x_wconf 88' lang='lat' dir='ltr'><strong>volo</strong></span> <span class='ocrx_word' id='word_1_647' title='bbox 1061 1688 1126 1715; x_wconf 89' lang='lat' dir='ltr'><strong>illud</strong></span> <span class='ocrx_word' id='word_1_648' title='bbox 1151 1688 1217 1715; x_wconf 91' lang='lat' dir='ltr'><strong>mihi</strong></span> <span class='ocrx_word' id='word_1_649' title='bbox 1238 1687 1324 1717; x_wconf 87' lang='lat' dir='ltr'><strong>dicas.</strong></span> <span class='ocrx_word' id='word_1_650' title='bbox 1347 1687 1574 1722; x_wconf 84' lang='lat' dir='ltr'><strong>quemadmodum</strong></span> <span class='ocrx_word' id='word_1_651' title='bbox 1595 1688 1700 1715; x_wconf 80' lang='lat' dir='ltr'><strong>esurire</strong></span> <span class='ocrx_word' id='word_1_652' title='bbox 1720 1695 1769 1722; x_wconf 87' lang='lat' dir='ltr'><strong>po-</strong></span> 
     </span>
    </p>
   </div>
   <div class='ocr_carea' id='block_1_80' title="bbox 984 1732 1770 1768">
    <p class='ocr_par' dir='ltr' id='par_1_80' title="bbox 984 1732 1770 1768">
     <span class='ocr_line' id='line_1_80' title="bbox 984 1732 1770 1768; baseline 0 -9"><span class='ocrx_word' id='word_1_653' title='bbox 984 1733 1078 1761; x_wconf 87' lang='lat' dir='ltr'><strong>tuerit.</strong></span> <span class='ocrx_word' id='word_1_654' title='bbox 1107 1732 1174 1760; x_wconf 82' lang='lat' dir='ltr'><strong>Nam</strong></span> <span class='ocrx_word' id='word_1_655' title='bbox 1199 1733 1222 1760; x_wconf 90' lang='lat' dir='ltr'><strong>si</strong></span> <span class='ocrx_word' id='word_1_656' title='bbox 1250 1732 1318 1759; x_wconf 89' lang='lat' dir='ltr'><strong>nihil</strong></span> <span class='ocrx_word' id='word_1_657' title='bbox 1340 1735 1439 1767; x_wconf 67' lang='lat' dir='ltr'><strong>praater</strong></span> <span class='ocrx_word' id='word_1_658' title='bbox 1453 1739 1560 1759; x_wconf 84' lang='lat' dir='ltr'><strong>carnem</strong></span> <span class='ocrx_word' id='word_1_659' title='bbox 1579 1733 1684 1764; x_wconf 85' lang='lat' dir='ltr'><strong>habuit,</strong></span> <span class='ocrx_word' id='word_1_660' title='bbox 1704 1740 1770 1768; x_wconf 90' lang='lat' dir='ltr'><strong>quo-</strong></span> 
     </span>
    </p>
   </div>
   <div class='ocr_carea' id='block_1_81' title="bbox 983 1777 1769 1813">
    <p class='ocr_par' dir='ltr' id='par_1_81' title="bbox 983 1777 1769 1813">
     <span class='ocr_line' id='line_1_81' title="bbox 983 1777 1769 1813; baseline -0.001 -7"><span class='ocrx_word' id='word_1_661' title='bbox 983 1779 1066 1806; x_wconf 86' lang='lat' dir='ltr'><strong>modo</strong></span> <span class='ocrx_word' id='word_1_662' title='bbox 1088 1778 1167 1806; x_wconf 79' lang='lat' dir='ltr'><strong>famis</strong></span> <span class='ocrx_word' id='word_1_663' title='bbox 1196 1777 1335 1805; x_wconf 83' lang='lat' dir='ltr'><strong>recordari</strong></span> <span class='ocrx_word' id='word_1_664' title='bbox 1365 1777 1475 1813; x_wconf 87' lang='lat' dir='ltr'><strong>potuit?</strong></span> <span class='ocrx_word' id='word_1_665' title='bbox 1503 1781 1551 1804; x_wconf 88' lang='lat' dir='ltr'><strong>aut</strong></span> <span class='ocrx_word' id='word_1_666' title='bbox 1577 1777 1600 1805; x_wconf 87' lang='lat' dir='ltr'><strong>si</strong></span> <span class='ocrx_word' id='word_1_667' title='bbox 1622 1785 1656 1805; x_wconf 87' lang='lat' dir='ltr'><strong>ex</strong></span> <span class='ocrx_word' id='word_1_668' title='bbox 1678 1779 1769 1805; x_wconf 83' lang='lat' dir='ltr'><strong>anima</strong></span> 
     </span>
    </p>
   </div>
   <div class='ocr_carea' id='block_1_82' title="bbox 983 1822 1770 1858">
    <p class='ocr_par' dir='ltr' id='par_1_82' title="bbox 983 1822 1770 1858">
     <span class='ocr_line' id='line_1_82' title="bbox 983 1822 1770 1858; baseline -0.001 -7"><span class='ocrx_word' id='word_1_669' title='bbox 983 1824 1041 1851; x_wconf 87' lang='lat' dir='ltr'><strong>sola</strong></span> <span class='ocrx_word' id='word_1_670' title='bbox 1055 1827 1196 1852; x_wconf 87' lang='lat' dir='ltr'><strong>constaret</strong></span> <span class='ocrx_word' id='word_1_671' title='bbox 1226 1826 1254 1850; x_wconf 90' lang='lat' dir='ltr'><strong>ct</strong></span> <span class='ocrx_word' id='word_1_672' title='bbox 1274 1829 1400 1858; x_wconf 88' lang='lat' dir='ltr'><strong>corpore,</strong></span> <span class='ocrx_word' id='word_1_673' title='bbox 1419 1823 1455 1850; x_wconf 88' lang='lat' dir='ltr'><strong>ita</strong></span> <span class='ocrx_word' id='word_1_674' title='bbox 1472 1827 1502 1850; x_wconf 88' lang='lat' dir='ltr'><strong>ut</strong></span> <span class='ocrx_word' id='word_1_675' title='bbox 1518 1822 1648 1850; x_wconf 79' lang='lat' dir='ltr'><strong>facultate</strong></span> <span class='ocrx_word' id='word_1_676' title='bbox 1666 1823 1710 1850; x_wconf 86' lang='lat' dir='ltr'><strong>illa</strong></span> <span class='ocrx_word' id='word_1_677' title='bbox 1724 1830 1770 1851; x_wconf 83' lang='lat' dir='ltr'><strong>ca-</strong></span> 
     </span>
    </p>
   </div>
   <div class='ocr_carea' id='block_1_83' title="bbox 984 1868 1768 1904">
    <p class='ocr_par' dir='ltr' id='par_1_83' title="bbox 984 1868 1768 1904">
     <span class='ocr_line' id='line_1_83' title="bbox 984 1868 1768 1904; baseline 0 -8"><span class='ocrx_word' id='word_1_678' title='bbox 984 1873 1057 1897; x_wconf 88' lang='lat' dir='ltr'><strong>reret</strong></span> <span class='ocrx_word' id='word_1_679' title='bbox 1070 1869 1172 1901; x_wconf 87' lang='lat' dir='ltr'><strong>anima,</strong></span> <span class='ocrx_word' id='word_1_680' title='bbox 1188 1876 1249 1904; x_wconf 67' lang='lat' dir='ltr'><strong>quis</strong></span> <span class='ocrx_word' id='word_1_681' title='bbox 1264 1869 1370 1896; x_wconf 88' lang='lat' dir='ltr'><strong>ratione</strong></span> <span class='ocrx_word' id='word_1_682' title='bbox 1389 1868 1502 1902; x_wconf 72' lang='lat' dir='ltr'><strong>praedita</strong></span> <span class='ocrx_word' id='word_1_683' title='bbox 1517 1873 1569 1901; x_wconf 87' lang='lat' dir='ltr'><strong>est,</strong></span> <span class='ocrx_word' id='word_1_684' title='bbox 1582 1868 1632 1896; x_wconf 91' lang='lat' dir='ltr'><strong>hoc</strong></span> <span class='ocrx_word' id='word_1_685' title='bbox 1648 1872 1690 1896; x_wconf 84' lang='lat' dir='ltr'><strong>est</strong></span> <span class='ocrx_word' id='word_1_686' title='bbox 1706 1876 1768 1904; x_wconf 88' lang='lat' dir='ltr'><strong>pro-</strong></span> 
     </span>
    </p>
   </div>
   <div class='ocr_carea' id='block_1_84' title="bbox 985 1913 1770 1950">
    <p class='ocr_par' dir='ltr' id='par_1_84' title="bbox 985 1913 1770 1950">
     <span class='ocr_line' id='line_1_84' title="bbox 985 1913 1770 1950; baseline 0.001 -9"><span class='ocrx_word' id='word_1_687' title='bbox 985 1914 1044 1948; x_wconf 86' lang='lat' dir='ltr'><strong>pria</strong></span> <span class='ocrx_word' id='word_1_688' title='bbox 1066 1918 1157 1942; x_wconf 90' lang='lat' dir='ltr'><strong>mente</strong></span> <span class='ocrx_word' id='word_1_689' title='bbox 1182 1913 1301 1941; x_wconf 89' lang='lat' dir='ltr'><strong>hominis</strong></span> <span class='ocrx_word' id='word_1_690' title='bbox 1321 1918 1348 1941; x_wconf 91' lang='lat' dir='ltr'><strong>et</strong></span> <span class='ocrx_word' id='word_1_691' title='bbox 1369 1913 1545 1949; x_wconf 83' lang='lat' dir='ltr'><strong>intelligentia</strong></span> <span class='ocrx_word' id='word_1_692' title='bbox 1569 1915 1634 1950; x_wconf 89' lang='lat' dir='ltr'><strong>(quo</strong></span> <span class='ocrx_word' id='word_1_693' title='bbox 1662 1915 1770 1942; x_wconf 87' lang='lat' dir='ltr'><strong>nomine</strong></span> 
     </span>
    </p>
   </div>
   <div class='ocr_carea' id='block_1_85' title="bbox 986 1959 1769 1995">
    <p class='ocr_par' dir='ltr' id='par_1_85' title="bbox 986 1959 1769 1995">
     <span class='ocr_line' id='line_1_85' title="bbox 986 1959 1769 1995; baseline 0 -8"><span class='ocrx_word' id='word_1_694' title='bbox 986 1968 1040 1987; x_wconf 86' lang='lat' dir='ltr'><strong>non</strong></span> <span class='ocrx_word' id='word_1_695' title='bbox 1064 1960 1238 1995; x_wconf 87' lang='lat' dir='ltr'><strong>depravatam</strong></span> <span class='ocrx_word' id='word_1_696' title='bbox 1270 1959 1343 1986; x_wconf 84' lang='lat' dir='ltr'><strong>illam</strong></span> <span class='ocrx_word' id='word_1_697' title='bbox 1370 1959 1519 1995; x_wconf 78' lang='lat' dir='ltr'><strong>signiﬁcari</strong></span> <span class='ocrx_word' id='word_1_698' title='bbox 1541 1960 1613 1994; x_wconf 91' lang='lat' dir='ltr'><strong>volo,</strong></span> <span class='ocrx_word' id='word_1_699' title='bbox 1639 1960 1686 1988; x_wconf 89' lang='lat' dir='ltr'><strong>sed</strong></span> <span class='ocrx_word' id='word_1_700' title='bbox 1709 1967 1769 1987; x_wconf 89' lang='lat' dir='ltr'><strong>eam</strong></span> 
     </span>
    </p>
   </div>
   <div class='ocr_carea' id='block_1_86' title="bbox 984 2005 1768 2041">
    <p class='ocr_par' dir='ltr' id='par_1_86' title="bbox 984 2005 1768 2041">
     <span class='ocr_line' id='line_1_86' title="bbox 984 2005 1768 2041; baseline 0.001 -9"><span class='ocrx_word' id='word_1_701' title='bbox 984 2013 1045 2040; x_wconf 78' lang='lat' dir='ltr'><strong>quae</strong></span> <span class='ocrx_word' id='word_1_702' title='bbox 1063 2005 1097 2032; x_wconf 85' lang='lat' dir='ltr'><strong>ad</strong></span> <span class='ocrx_word' id='word_1_703' title='bbox 1122 2005 1252 2033; x_wconf 74' lang='lat' dir='ltr'><strong>honestos</strong></span> <span class='ocrx_word' id='word_1_704' title='bbox 1276 2005 1339 2033; x_wconf 80' lang='lat' dir='ltr'><strong>vitae</strong></span> <span class='ocrx_word' id='word_1_705' title='bbox 1361 2013 1429 2033; x_wconf 85' lang='lat' dir='ltr'><strong>usus</strong></span> <span class='ocrx_word' id='word_1_706' title='bbox 1445 2005 1586 2041; x_wconf 76' lang='lat' dir='ltr'><strong>oﬂiciaque</strong></span> <span class='ocrx_word' id='word_1_707' title='bbox 1608 2005 1768 2040; x_wconf 82' lang='lat' dir='ltr'><strong>requiritur.</strong></span> 
     </span>
    </p>
   </div>
   <div class='ocr_carea' id='block_1_87' title="bbox 985 2051 1768 2087">
    <p class='ocr_par' dir='ltr' id='par_1_87' title="bbox 985 2051 1768 2087">
     <span class='ocr_line' id='line_1_87' title="bbox 985 2051 1768 2087; baseline -0.001 -8"><span class='ocrx_word' id='word_1_708' title='bbox 985 2059 1098 2087; x_wconf 72' lang='lat' dir='ltr'><strong>quaeque</strong></span> <span class='ocrx_word' id='word_1_709' title='bbox 1111 2052 1178 2079; x_wconf 91' lang='lat' dir='ltr'><strong>nihil</strong></span> <span class='ocrx_word' id='word_1_710' title='bbox 1198 2052 1290 2085; x_wconf 87' lang='lat' dir='ltr'><strong>habet,</strong></span> <span class='ocrx_word' id='word_1_711' title='bbox 1304 2051 1377 2087; x_wconf 91' lang='lat' dir='ltr'><strong>quod</strong></span> <span class='ocrx_word' id='word_1_712' title='bbox 1390 2051 1564 2080; x_wconf 86' lang='lat' dir='ltr'><strong>Divinilatem</strong></span> <span class='ocrx_word' id='word_1_713' title='bbox 1581 2059 1634 2078; x_wconf 91' lang='lat' dir='ltr'><strong>non</strong></span> <span class='ocrx_word' id='word_1_714' title='bbox 1648 2051 1768 2084; x_wconf 86' lang='lat' dir='ltr'><strong>deccat),</strong></span> 
     </span>
    </p>
   </div>
   <div class='ocr_carea' id='block_1_88' title="bbox 986 2097 1769 2133">
    <p class='ocr_par' dir='ltr' id='par_1_88' title="bbox 986 2097 1769 2133">
     <span class='ocr_line' id='line_1_88' title="bbox 986 2097 1769 2133; baseline -0.003 -9"><span class='ocrx_word' id='word_1_715' title='bbox 986 2097 1032 2132; x_wconf 92' lang='lat' dir='ltr'><strong>qui</strong></span> <span class='ocrx_word' id='word_1_716' title='bbox 1061 2098 1170 2125; x_wconf 84' lang='lat' dir='ltr'><strong>tandem</strong></span> <span class='ocrx_word' id='word_1_717' title='bbox 1195 2098 1311 2130; x_wconf 91' lang='lat' dir='ltr'><strong>esurire,</strong></span> <span class='ocrx_word' id='word_1_718' title='bbox 1332 2098 1373 2126; x_wconf 89' lang='lat' dir='ltr'><strong>vel</strong></span> <span class='ocrx_word' id='word_1_719' title='bbox 1387 2097 1506 2126; x_wconf 88' lang='lat' dir='ltr'><strong>esuriem</strong></span> <span class='ocrx_word' id='word_1_720' title='bbox 1522 2097 1643 2133; x_wconf 87' lang='lat' dir='ltr'><strong>cogitare</strong></span> <span class='ocrx_word' id='word_1_721' title='bbox 1660 2097 1769 2131; x_wconf 81' lang='lat' dir='ltr'><strong>potuit?</strong></span> 
     </span>
    </p>
   </div>
   <div class='ocr_carea' id='block_1_89' title="bbox 986 2143 1768 2179">
    <p class='ocr_par' dir='ltr' id='par_1_89' title="bbox 986 2143 1768 2179">
     <span class='ocr_line' id='line_1_89' title="bbox 986 2143 1768 2179; baseline 0.001 -10"><span class='ocrx_word' id='word_1_722' title='bbox 986 2143 1084 2171; x_wconf 89' lang='lat' dir='ltr'><strong>Dolore</strong></span> <span class='ocrx_word' id='word_1_723' title='bbox 1102 2151 1165 2171; x_wconf 87' lang='lat' dir='ltr'><strong>vero</strong></span> <span class='ocrx_word' id='word_1_724' title='bbox 1177 2144 1314 2178; x_wconf 90' lang='lat' dir='ltr'><strong>quomodo</strong></span> <span class='ocrx_word' id='word_1_725' title='bbox 1328 2143 1417 2179; x_wconf 87' lang='lat' dir='ltr'><strong>potuit</strong></span> <span class='ocrx_word' id='word_1_726' title='bbox 1429 2143 1509 2175; x_wconf 83' lang='lat' dir='ltr'><strong>allici,</strong></span> <span class='ocrx_word' id='word_1_727' title='bbox 1526 2143 1549 2170; x_wconf 90' lang='lat' dir='ltr'><strong>si</strong></span> <span class='ocrx_word' id='word_1_728' title='bbox 1562 2143 1651 2169; x_wconf 88' lang='lat' dir='ltr'><strong>anima</strong></span> <span class='ocrx_word' id='word_1_729' title='bbox 1678 2147 1768 2170; x_wconf 80' lang='lat' dir='ltr'><strong>tuente</strong></span> 
     </span>
    </p>
   </div>
   <div class='ocr_carea' id='block_1_90' title="bbox 986 2187 1768 2219">
    <p class='ocr_par' dir='ltr' id='par_1_90' title="bbox 986 2187 1768 2219">
     <span class='ocr_line' id='line_1_90' title="bbox 986 2187 1768 2219; baseline -0.001 -4"><span class='ocrx_word' id='word_1_730' title='bbox 986 2196 1019 2216; x_wconf 87' lang='lat' dir='ltr'><strong>ac</strong></span> <span class='ocrx_word' id='word_1_731' title='bbox 1045 2189 1226 2216; x_wconf 84' lang='lat' dir='ltr'><strong>ratiocinandi</strong></span> <span class='ocrx_word' id='word_1_732' title='bbox 1255 2189 1385 2216; x_wconf 81' lang='lat' dir='ltr'><strong>facultate</strong></span> <span class='ocrx_word' id='word_1_733' title='bbox 1399 2188 1529 2216; x_wconf 87' lang='lat' dir='ltr'><strong>destituta</strong></span> <span class='ocrx_word' id='word_1_734' title='bbox 1551 2187 1643 2219; x_wconf 79' lang='lat' dir='ltr'><strong>fuerit,</strong></span> <span class='ocrx_word' id='word_1_735' title='bbox 1668 2191 1698 2214; x_wconf 90' lang='lat' dir='ltr'><strong>ut</strong></span> <span class='ocrx_word' id='word_1_736' title='bbox 1721 2192 1768 2214; x_wconf 86' lang='lat' dir='ltr'><strong>aut</strong></span> 
     </span>
    </p>
   </div>
   <div class='ocr_carea' id='block_1_91' title="bbox 985 2232 1761 2269">
    <p class='ocr_par' dir='ltr' id='par_1_91' title="bbox 985 2232 1761 2269">
     <span class='ocr_line' id='line_1_91' title="bbox 985 2232 1761 2269; baseline -0.003 -9"><span class='ocrx_word' id='word_1_737' title='bbox 985 2234 1099 2261; x_wconf 89' lang='lat' dir='ltr'><strong>ralionis</strong></span> <span class='ocrx_word' id='word_1_738' title='bbox 1122 2241 1218 2269; x_wconf 74' lang='lat' dir='ltr'><strong>expers</strong></span> <span class='ocrx_word' id='word_1_739' title='bbox 1242 2239 1324 2265; x_wconf 86' lang='lat' dir='ltr'><strong>esset,</strong></span> <span class='ocrx_word' id='word_1_740' title='bbox 1354 2237 1401 2260; x_wconf 93' lang='lat' dir='ltr'><strong>aut</strong></span> <span class='ocrx_word' id='word_1_741' title='bbox 1425 2233 1543 2260; x_wconf 86' lang='lat' dir='ltr'><strong>animam</strong></span> <span class='ocrx_word' id='word_1_742' title='bbox 1566 2239 1631 2260; x_wconf 82' lang='lat' dir='ltr'><strong>caro</strong></span> <span class='ocrx_word' id='word_1_743' title='bbox 1658 2232 1761 2259; x_wconf 82' lang='lat' dir='ltr'><strong>nullam</strong></span> 
     </span>
    </p>
   </div>
   <div class='ocr_carea' id='block_1_92' title="bbox 984 2277 1757 2313">
    <p class='ocr_par' dir='ltr' id='par_1_92' title="bbox 984 2277 1757 2313">
     <span class='ocr_line' id='line_1_92' title="bbox 984 2277 1757 2313; baseline -0.003 -7"><span class='ocrx_word' id='word_1_744' title='bbox 984 2279 1115 2307; x_wconf 83' lang='lat' dir='ltr'><strong>haberet?</strong></span> <span class='ocrx_word' id='word_1_745' title='bbox 1137 2279 1215 2306; x_wconf 75' lang='lat' dir='ltr'><strong>Certe</strong></span> <span class='ocrx_word' id='word_1_746' title='bbox 1230 2279 1253 2306; x_wconf 89' lang='lat' dir='ltr'><strong>si</strong></span> <span class='ocrx_word' id='word_1_747' title='bbox 1264 2277 1399 2313; x_wconf 86' lang='lat' dir='ltr'><strong>ejusmodi</strong></span> <span class='ocrx_word' id='word_1_748' title='bbox 1423 2277 1482 2311; x_wconf 79' lang='lat' dir='ltr'><strong>fuit,</strong></span> <span class='ocrx_word' id='word_1_749' title='bbox 1507 2277 1602 2306; x_wconf 88' lang='lat' dir='ltr'><strong>dolore</strong></span> <span class='ocrx_word' id='word_1_750' title='bbox 1624 2277 1698 2304; x_wconf 90' lang='lat' dir='ltr'><strong>nullo</strong></span> <span class='ocrx_word' id='word_1_751' title='bbox 1715 2277 1757 2304; x_wconf 84' lang='lat' dir='ltr'><strong>vel</strong></span> 
     </span>
    </p>
   </div>
   <div class='ocr_carea' id='block_1_93' title="bbox 1263 2324 1764 2359">
    <p class='ocr_par' dir='ltr' id='par_1_93' title="bbox 1263 2324 1764 2359">
     <span class='ocr_line' id='line_1_93' title="bbox 1263 2324 1764 2359; baseline 0.002 -8"><span class='ocrx_word' id='word_1_752' title='bbox 1263 2333 1269 2351; x_wconf 92' lang='lat'>:</span> <span class='ocrx_word' id='word_1_753' title='bbox 1300 2324 1400 2359; x_wconf 91' lang='lat' dir='ltr'><strong>quibus</strong></span> <span class='ocrx_word' id='word_1_754' title='bbox 1424 2324 1515 2352; x_wconf 89' lang='lat' dir='ltr'><strong>animo</strong></span> <span class='ocrx_word' id='word_1_755' title='bbox 1548 2324 1764 2359; x_wconf 82' lang='lat' dir='ltr'><strong>comprehensis.</strong></span> 
     </span>
    </p>
   </div>
   <div class='ocr_carea' id='block_1_94' title="bbox 148 2366 1760 2406">
    <p class='ocr_par' dir='ltr' id='par_1_94' title="bbox 148 2366 1760 2406">
     <span class='ocr_line' id='line_1_94' title="bbox 148 2366 1760 2406; baseline 0.001 -12"><span class='ocrx_word' id='word_1_756' title='bbox 148 2366 351 2401; x_wconf 78' lang='lat' dir='ltr'><strong>intelligendum</strong></span> <span class='ocrx_word' id='word_1_757' title='bbox 367 2367 432 2394; x_wconf 87' lang='lat' dir='ltr'><strong>illud</strong></span> <span class='ocrx_word' id='word_1_758' title='bbox 448 2369 526 2396; x_wconf 87' lang='lat' dir='ltr'><strong>nobis</strong></span> <span class='ocrx_word' id='word_1_759' title='bbox 540 2374 600 2402; x_wconf 84' lang='lat' dir='ltr'><strong>est;</strong></span> <span class='ocrx_word' id='word_1_760' title='bbox 623 2369 756 2404; x_wconf 88' lang='lat' dir='ltr'><strong>ejusmodi</strong></span> <span class='ocrx_word' id='word_1_761' title='bbox 775 2370 961 2399; x_wconf 82' lang='lat' dir='ltr'><strong>cavillationes</strong></span> <span class='ocrx_word' id='word_1_762' title='bbox 993 2375 1020 2399; x_wconf 88' lang='lat' dir='ltr'><strong>ct</strong></span> <span class='ocrx_word' id='word_1_763' title='bbox 1036 2371 1169 2406; x_wconf 87' lang='lat' dir='ltr'><strong>argutias,</strong></span> <span class='ocrx_word' id='word_1_764' title='bbox 1192 2370 1286 2397; x_wconf 87' lang='lat' dir='ltr'><strong>inanes</strong></span> <span class='ocrx_word' id='word_1_765' title='bbox 1303 2371 1347 2397; x_wconf 85' lang='lat' dir='ltr'><strong>’ac</strong></span> <span class='ocrx_word' id='word_1_766' title='bbox 1379 2377 1596 2404; x_wconf 81' lang='lat' dir='ltr'><strong>supervacaneas</strong></span> <span class='ocrx_word' id='word_1_767' title='bbox 1629 2377 1702 2401; x_wconf 86' lang='lat' dir='ltr'><strong>esse,</strong></span> <span class='ocrx_word' id='word_1_768' title='bbox 1732 2375 1760 2398; x_wconf 90' lang='lat' dir='ltr'><strong>et</strong></span> 
     </span>
    </p>
   </div>
   <div class='ocr_carea' id='block_1_95' title="bbox 148 2412 1766 2450">
    <p class='ocr_par' dir='ltr' id='par_1_95' title="bbox 148 2412 1766 2450">
     <span class='ocr_line' id='line_1_95' title="bbox 148 2412 1766 2450; baseline 0.001 -12"><span class='ocrx_word' id='word_1_769' title='bbox 148 2412 182 2439; x_wconf 88' lang='lat' dir='ltr'><strong>ad</strong></span> <span class='ocrx_word' id='word_1_770' title='bbox 203 2412 309 2439; x_wconf 91' lang='lat' dir='ltr'><strong>illorum</strong></span> <span class='ocrx_word' id='word_1_771' title='bbox 335 2412 470 2441; x_wconf 83' lang='lat' dir='ltr'><strong>ieriendos</strong></span> <span class='ocrx_word' id='word_1_772' title='bbox 491 2414 596 2441; x_wconf 85' lang='lat' dir='ltr'><strong>animas</strong></span> <span class='ocrx_word' id='word_1_773' title='bbox 620 2418 743 2449; x_wconf 83' lang='lat' dir='ltr'><strong>spectare</strong></span> <span class='ocrx_word' id='word_1_774' title='bbox 760 2415 861 2450; x_wconf 89' lang='lat' dir='ltr'><strong>potius,</strong></span> <span class='ocrx_word' id='word_1_775' title='bbox 878 2415 935 2450; x_wconf 74' lang='lat' dir='ltr'><strong>‘qui</strong></span> <span class='ocrx_word' id='word_1_776' title='bbox 956 2415 1024 2442; x_wconf 89' lang='lat' dir='ltr'><strong>ultra</strong></span> <span class='ocrx_word' id='word_1_777' title='bbox 1048 2422 1127 2450; x_wconf 87' lang='lat' dir='ltr'><strong>quam</strong></span> <span class='ocrx_word' id='word_1_778' title='bbox 1147 2421 1195 2449; x_wconf 88' lang='lat' dir='ltr'><strong>par</strong></span> <span class='ocrx_word' id='word_1_779' title='bbox 1219 2417 1261 2441; x_wconf 87' lang='lat' dir='ltr'><strong>est</strong></span> <span class='ocrx_word' id='word_1_780' title='bbox 1285 2414 1381 2441; x_wconf 82' lang='lat' dir='ltr'><strong>cti‘erre</strong></span> <span class='ocrx_word' id='word_1_781' title='bbox 1406 2421 1435 2442; x_wconf 86' lang='lat' dir='ltr'><strong>se</strong></span> <span class='ocrx_word' id='word_1_782' title='bbox 1457 2413 1635 2449; x_wconf 86' lang='lat' dir='ltr'><strong>intelligendo</strong></span> <span class='ocrx_word' id='word_1_783' title='bbox 1659 2414 1766 2447; x_wconf 82' lang='lat' dir='ltr'><strong>volunt,</strong></span> 
     </span>
    </p>
   </div>
   <div class='ocr_carea' id='block_1_96' title="bbox 148 2457 1768 2494">
    <p class='ocr_par' dir='ltr' id='par_1_96' title="bbox 148 2457 1768 2494">
     <span class='ocr_line' id='line_1_96' title="bbox 148 2457 1768 2494; baseline 0.001 -10"><span class='ocrx_word' id='word_1_784' title='bbox 148 2465 235 2492; x_wconf 86' lang='lat' dir='ltr'><strong>neque</strong></span> <span class='ocrx_word' id='word_1_785' title='bbox 255 2465 284 2484; x_wconf 87' lang='lat' dir='ltr'><strong>se</strong></span> <span class='ocrx_word' id='word_1_786' title='bbox 305 2465 337 2485; x_wconf 90' lang='lat' dir='ltr'><strong>eo</strong></span> <span class='ocrx_word' id='word_1_787' title='bbox 357 2458 445 2486; x_wconf 88' lang='lat' dir='ltr'><strong>metiri</strong></span> <span class='ocrx_word' id='word_1_788' title='bbox 464 2457 573 2486; x_wconf 88' lang='lat' dir='ltr'><strong>modulo</strong></span> <span class='ocrx_word' id='word_1_789' title='bbox 602 2466 633 2485; x_wconf 86' lang='lat' dir='ltr'><strong>ac</strong></span> <span class='ocrx_word' id='word_1_790' title='bbox 647 2466 783 2491; x_wconf 88' lang='lat' dir='ltr'><strong>mensura,</strong></span> <span class='ocrx_word' id='word_1_791' title='bbox 799 2459 831 2486; x_wconf 86' lang='lat' dir='ltr'><strong>ad</strong></span> <span class='ocrx_word' id='word_1_792' title='bbox 847 2467 928 2494; x_wconf 86' lang='lat' dir='ltr'><strong>quam</strong></span> <span class='ocrx_word' id='word_1_793' title='bbox 949 2468 999 2487; x_wconf 90' lang='lat' dir='ltr'><strong>nos</strong></span> <span class='ocrx_word' id='word_1_794' title='bbox 1016 2459 1206 2487; x_wconf 84' lang='lat' dir='ltr'><strong>sanctissimus</strong></span> <span class='ocrx_word' id='word_1_795' title='bbox 1237 2458 1377 2493; x_wconf 44' lang='lat' dir='ltr'><strong>hortatur\</strong></span> <span class='ocrx_word' id='word_1_796' title='bbox 1390 2458 1547 2494; x_wconf 85' lang='lat' dir='ltr'><strong>Apostolus,</strong></span> <span class='ocrx_word' id='word_1_797' title='bbox 1573 2465 1634 2486; x_wconf 88' lang='lat' dir='ltr'><strong>cum</strong></span> <span class='ocrx_word' id='word_1_798' title='bbox 1651 2460 1692 2486; x_wconf 86' lang='lat' dir='ltr'><strong>sic</strong></span> <span class='ocrx_word' id='word_1_799' title='bbox 1714 2459 1768 2486; x_wconf 90' lang='lat' dir='ltr'><strong>ad-</strong></span> 
     </span>
    </p>
   </div>
   <div class='ocr_carea' id='block_1_97' title="bbox 147 2502 1012 2538">
    <p class='ocr_par' dir='ltr' id='par_1_97' title="bbox 147 2502 1012 2538">
     <span class='ocr_line' id='line_1_97' title="bbox 147 2502 1012 2538; baseline 0.001 -7"><span class='ocrx_word' id='word_1_800' title='bbox 147 2507 239 2531; x_wconf 86' lang='lat' dir='ltr'><strong>monet</strong></span> <span class='ocrx_word' id='word_1_801' title='bbox 254 2511 259 2528; x_wconf 89' lang='lat'>:</span> <span class='ocrx_word' id='word_1_802' title='bbox 278 2502 317 2529; x_wconf 82' lang='lat' dir='ltr'><strong>Ne</strong></span> <span class='ocrx_word' id='word_1_803' title='bbox 335 2503 469 2536; x_wconf 72' lang='lat' dir='ltr'><strong>sapiamus</strong></span> <span class='ocrx_word' id='word_1_804' title='bbox 489 2508 662 2537; x_wconf 75' lang='lat' dir='ltr'><strong>prwterquant</strong></span> <span class='ocrx_word' id='word_1_805' title='bbox 681 2502 750 2538; x_wconf 84' lang='lat' dir='ltr'><strong>quod</strong></span> <span class='ocrx_word' id='word_1_806' title='bbox 766 2509 866 2538; x_wconf 82' lang='lat' dir='ltr'><strong>oportet</strong></span> <span class='ocrx_word' id='word_1_807' title='bbox 889 2512 979 2538; x_wconf 82' lang='lat' dir='ltr'><strong>sapere</strong></span> <span class='ocrx_word' id='word_1_808' title='bbox 991 2504 1012 2532; x_wconf 71' lang='lat'><strong>‘.</strong></span> 
     </span>
    </p>
   </div>
   <div class='ocr_carea' id='block_1_98' title="bbox 184 2547 928 2585">
    <p class='ocr_par' dir='ltr' id='par_1_98' title="bbox 184 2547 928 2584">
     <span class='ocr_line' id='line_1_98' title="bbox 184 2547 928 2584; baseline 0 -9"><span class='ocrx_word' id='word_1_809' title='bbox 184 2549 246 2575; x_wconf 79' lang='lat' dir='ltr'><strong>AA’.</strong></span> <span class='ocrx_word' id='word_1_810' title='bbox 261 2548 376 2584; x_wconf 74' lang='grc' dir='ltr'>Φέρουσι</span> <span class='ocrx_word' id='word_1_811' title='bbox 391 2547 418 2574; x_wconf 84' lang='grc' dir='ltr'>δὲ</span> <span class='ocrx_word' id='word_1_812' title='bbox 431 2549 496 2584; x_wconf 75' lang='grc' dir='ltr'>ἡμῖν</span> <span class='ocrx_word' id='word_1_813' title='bbox 521 2548 567 2575; x_wconf 68' lang='grc' dir='ltr'><strong>καὶ</strong></span> <span class='ocrx_word' id='word_1_814' title='bbox 579 2547 664 2580; x_wconf 80' lang='grc' dir='ltr'>λέξεις</span> <span class='ocrx_word' id='word_1_815' title='bbox 685 2548 770 2580; x_wconf 77' lang='grc' dir='ltr'>τινὰς,</span> <span class='ocrx_word' id='word_1_816' title='bbox 785 2549 837 2580; x_wconf 77' lang='grc' dir='ltr'>ὅτι,</span> <span class='ocrx_word' id='word_1_817' title='bbox 854 2549 928 2584; x_wconf 77' lang='grc' dir='ltr'>φησὶ,</span> 
     </span>
    </p>
   </div>
   <div class='ocr_carea' id='block_1_99' title="bbox 981 2547 1769 2585">
    <p class='ocr_par' dir='ltr' id='par_1_99' title="bbox 1024 2548 1769 2585">
     <span class='ocr_line' id='line_1_99' title="bbox 1024 2548 1769 2585; baseline 0.001 -9"><span class='ocrx_word' id='word_1_818' title='bbox 1024 2549 1128 2584; x_wconf 77' lang='grc'><strong>1025</strong></span> <span class='ocrx_word' id='word_1_819' title='bbox 1153 2548 1248 2576; x_wconf 76' lang='lat' dir='ltr'><strong>XXXI.</strong></span> <span class='ocrx_word' id='word_1_820' title='bbox 1270 2550 1374 2577; x_wconf 85' lang='lat' dir='ltr'><strong>Atenim</strong></span> <span class='ocrx_word' id='word_1_821' title='bbox 1390 2549 1535 2577; x_wconf 88' lang='lat' dir='ltr'><strong>nonnullas</strong></span> <span class='ocrx_word' id='word_1_822' title='bbox 1551 2548 1701 2585; x_wconf 74' lang='lat' dir='ltr'><strong>Scriptum:</strong></span> <span class='ocrx_word' id='word_1_823' title='bbox 1718 2557 1769 2577; x_wconf 81' lang='lat' dir='ltr'><strong>no-</strong></span> 
     </span>
    </p>
   </div>
   <div class='ocr_carea' id='block_1_100' title="bbox 152 2593 932 2630">
    <p class='ocr_par' dir='ltr' id='par_1_100' title="bbox 152 2593 932 2630">
     <span class='ocr_line' id='line_1_100' title="bbox 152 2593 932 2630; baseline -0.003 -8"><span class='ocrx_word' id='word_1_824' title='bbox 152 2593 246 2629; x_wconf 75' lang='grc' dir='ltr'><em>Ἠμεῖς</em></span> <span class='ocrx_word' id='word_1_825' title='bbox 258 2594 291 2620; x_wconf 78' lang='grc' dir='ltr'><strong><em>δὲ</em></strong></span> <span class='ocrx_word' id='word_1_826' title='bbox 304 2594 378 2620; x_wconf 70' lang='grc' dir='ltr'>γοῦν</span> <span class='ocrx_word' id='word_1_827' title='bbox 391 2593 518 2628; x_wconf 82' lang='grc' dir='ltr'>Χριστοῦ</span> <span class='ocrx_word' id='word_1_828' title='bbox 528 2594 645 2628; x_wconf 77' lang='grc' dir='ltr'>ἔχομεν.</span> <span class='ocrx_word' id='word_1_829' title='bbox 661 2594 712 2620; x_wconf 87' lang='grc' dir='ltr'>Καί</span> <span class='ocrx_word' id='word_1_830' title='bbox 725 2603 814 2629; x_wconf 79' lang='grc' dir='ltr'>φασιν·</span> <span class='ocrx_word' id='word_1_831' title='bbox 842 2595 932 2630; x_wconf 78' lang='grc' dir='ltr'>Ὁρᾷς,</span> 
     </span>
    </p>
   </div>
   <div class='ocr_carea' id='block_1_101' title="bbox 147 2639 931 2675">
    <p class='ocr_par' dir='ltr' id='par_1_101' title="bbox 147 2639 931 2675">
     <span class='ocr_line' id='line_1_101' title="bbox 147 2639 931 2675; baseline 0 -9"><span class='ocrx_word' id='word_1_832' title='bbox 147 2641 187 2666; x_wconf 82' lang='grc' dir='ltr'>ὃτι</span> <span class='ocrx_word' id='word_1_833' title='bbox 203 2640 247 2667; x_wconf 74' lang='grc' dir='ltr'>τοῦ</span> <span class='ocrx_word' id='word_1_834' title='bbox 262 2639 379 2675; x_wconf 72' lang='grc' dir='ltr'>Χριστοῦ</span> <span class='ocrx_word' id='word_1_835' title='bbox 394 2640 408 2665; x_wconf 82' lang='grc' dir='ltr'><strong>ὁ</strong></span> <span class='ocrx_word' id='word_1_836' title='bbox 425 2639 486 2671; x_wconf 76' lang='grc' dir='ltr'>νοῦς</span> <span class='ocrx_word' id='word_1_837' title='bbox 501 2640 592 2675; x_wconf 74' lang='grc' dir='ltr'>ἕτερος</span> <span class='ocrx_word' id='word_1_838' title='bbox 618 2639 694 2675; x_wconf 68' lang='grc' dir='ltr'>παρὰ</span> <span class='ocrx_word' id='word_1_839' title='bbox 711 2640 756 2666; x_wconf 85' lang='grc' dir='ltr'>τὸν</span> <span class='ocrx_word' id='word_1_840' title='bbox 774 2639 908 2675; x_wconf 76' lang='grc' dir='ltr'>ἡμέτερον</span> <span class='ocrx_word' id='word_1_841' title='bbox 924 2649 931 2673; x_wconf 85' lang='grc'>;</span> 
     </span>
    </p>
   </div>
   <div class='ocr_carea' id='block_1_102' title="bbox 148 2684 932 2721">
    <p class='ocr_par' dir='ltr' id='par_1_102' title="bbox 148 2684 932 2721">
     <span class='ocr_line' id='line_1_102' title="bbox 148 2684 932 2721; baseline 0.001 -10"><span class='ocrx_word' id='word_1_842' title='bbox 148 2686 202 2712; x_wconf 72' lang='grc' dir='ltr'><strong>Καὶ</strong></span> <span class='ocrx_word' id='word_1_843' title='bbox 225 2685 247 2711; x_wconf 86' lang='grc' dir='ltr'><strong>ὣ</strong></span> <span class='ocrx_word' id='word_1_844' title='bbox 262 2685 344 2720; x_wconf 81' lang='grc' dir='ltr'>πολλὴ</span> <span class='ocrx_word' id='word_1_845' title='bbox 364 2685 417 2711; x_wconf 82' lang='grc' dir='ltr'>τῶν</span> <span class='ocrx_word' id='word_1_846' title='bbox 434 2684 584 2720; x_wconf 77' lang='grc' dir='ltr'>ἀνθρώπων</span> <span class='ocrx_word' id='word_1_847' title='bbox 607 2685 753 2721; x_wconf 69' lang='grc' dir='ltr'>ἀφελότηςί</span> <span class='ocrx_word' id='word_1_848' title='bbox 784 2686 845 2712; x_wconf 85' lang='grc' dir='ltr'>Ὅτι</span> <span class='ocrx_word' id='word_1_849' title='bbox 863 2686 902 2718; x_wconf 78' lang='grc' dir='ltr'><strong>εἰς</strong></span> <span class='ocrx_word' id='word_1_850' title='bbox 918 2686 932 2712; x_wconf 81' lang='grc' dir='ltr'><strong>ὃ</strong></span> 
     </span>
    </p>
   </div>
   <div class='ocr_carea' id='block_1_103' title="bbox 147 2728 932 2767">
    <p class='ocr_par' dir='ltr' id='par_1_103' title="bbox 147 2728 932 2767">
     <span class='ocr_line' id='line_1_103' title="bbox 147 2728 932 2767; baseline 0.001 -10"><span class='ocrx_word' id='word_1_851' title='bbox 147 2730 277 2767; x_wconf 65' lang='grc' dir='ltr'>ἑκάτερος</span> <span class='ocrx_word' id='word_1_852' title='bbox 290 2730 415 2766; x_wconf 73' lang='grc' dir='ltr'>βούλεται</span> <span class='ocrx_word' id='word_1_853' title='bbox 430 2731 514 2757; x_wconf 82' lang='grc' dir='ltr'>κλίνει</span> <span class='ocrx_word' id='word_1_854' title='bbox 524 2740 530 2746; x_wconf 91' lang='grc'>·</span> <span class='ocrx_word' id='word_1_855' title='bbox 545 2731 591 2758; x_wconf 73' lang='grc' dir='ltr'><strong>καὶ</strong></span> <span class='ocrx_word' id='word_1_856' title='bbox 604 2731 632 2758; x_wconf 79' lang='grc' dir='ltr'>ὲν</span> <span class='ocrx_word' id='word_1_857' title='bbox 646 2728 668 2765; x_wconf 84' lang='grc' dir='ltr'>ᾧ</span> <span class='ocrx_word' id='word_1_858' title='bbox 679 2731 754 2758; x_wconf 81' lang='grc' dir='ltr'>δοκεῖ</span> <span class='ocrx_word' id='word_1_859' title='bbox 764 2731 932 2767; x_wconf 73' lang='grc' dir='ltr'>σοφίζεσθαι,</span> 
     </span>
    </p>
   </div>
   <div class='ocr_carea' id='block_1_104' title="bbox 986 2595 1767 2631">
    <p class='ocr_par' dir='ltr' id='par_1_104' title="bbox 986 2595 1767 2631">
     <span class='ocr_line' id='line_1_104' title="bbox 986 2595 1767 2631; baseline -0.001 -8"><span class='ocrx_word' id='word_1_860' title='bbox 986 2595 1229 2624; x_wconf 76' lang='lat' dir='ltr'><strong>bis.auctoritatcs</strong></span> <span class='ocrx_word' id='word_1_861' title='bbox 1254 2596 1395 2630; x_wconf 87' lang='lat' dir='ltr'><strong>objiciunt.</strong></span> <span class='ocrx_word' id='word_1_862' title='bbox 1421 2596 1580 2631; x_wconf 85' lang='lat' dir='ltr'><strong>Cujusmodi</strong></span> <span class='ocrx_word' id='word_1_863' title='bbox 1606 2596 1678 2624; x_wconf 89' lang='lat' dir='ltr'><strong>istud</strong></span> <span class='ocrx_word' id='word_1_864' title='bbox 1704 2601 1767 2623; x_wconf 88' lang='lat' dir='ltr'><strong>cst:</strong></span> 
     </span>
    </p>
   </div>
   <div class='ocr_carea' id='block_1_105' title="bbox 987 2640 1767 2673">
    <p class='ocr_par' dir='ltr' id='par_1_105' title="bbox 987 2640 1767 2673">
     <span class='ocr_line' id='line_1_105' title="bbox 987 2640 1767 2673; baseline -0.001 -6"><span class='ocrx_word' id='word_1_865' title='bbox 987 2640 1044 2668; x_wconf 77' lang='lat' dir='ltr'><strong>Nos</strong></span> <span class='ocrx_word' id='word_1_866' title='bbox 1062 2645 1147 2668; x_wconf 83' lang='lat' dir='ltr'><strong>autem</strong></span> <span class='ocrx_word' id='word_1_867' title='bbox 1162 2646 1270 2668; x_wconf 81' lang='lat' dir='ltr'><strong>mentem</strong></span> <span class='ocrx_word' id='word_1_868' title='bbox 1284 2641 1383 2668; x_wconf 74' lang='lat' dir='ltr'><strong>Christi</strong></span> <span class='ocrx_word' id='word_1_869' title='bbox 1396 2641 1555 2669; x_wconf 78' lang='lat' dir='ltr'><strong>habemus&#39;.</strong></span> <span class='ocrx_word' id='word_1_870' title='bbox 1573 2641 1605 2668; x_wconf 79' lang='lat' dir='ltr'><strong>Et</strong></span> <span class='ocrx_word' id='word_1_871' title='bbox 1618 2651 1624 2668; x_wconf 89' lang='lat'><strong><em>:</em></strong></span> <span class='ocrx_word' id='word_1_872' title='bbox 1639 2640 1767 2673; x_wconf 84' lang='lat' dir='ltr'><strong>Videsne,</strong></span> 
     </span>
    </p>
   </div>
   <div class='ocr_carea' id='block_1_106' title="bbox 985 2686 1767 2721">
    <p class='ocr_par' dir='ltr' id='par_1_106' title="bbox 985 2686 1767 2721">
     <span class='ocr_line' id='line_1_106' title="bbox 985 2686 1767 2721; baseline -0.001 -9"><span class='ocrx_word' id='word_1_873' title='bbox 985 2686 1123 2721; x_wconf 88' lang='lat' dir='ltr'><strong>inquiunt,</strong></span> <span class='ocrx_word' id='word_1_874' title='bbox 1140 2686 1240 2714; x_wconf 85' lang='lat' dir='ltr'><strong>Christi</strong></span> <span class='ocrx_word' id='word_1_875' title='bbox 1261 2691 1378 2714; x_wconf 87' lang='lat' dir='ltr'><strong>mentem</strong></span> <span class='ocrx_word' id='word_1_876' title='bbox 1395 2695 1410 2714; x_wconf 87' lang='lat' dir='ltr'><strong>a</strong></span> <span class='ocrx_word' id='word_1_877' title='bbox 1424 2691 1519 2715; x_wconf 84' lang='lat' dir='ltr'><strong>nostra</strong></span> <span class='ocrx_word' id='word_1_878' title='bbox 1535 2693 1597 2714; x_wconf 82' lang='lat' dir='ltr'><strong>esse</strong></span> <span class='ocrx_word' id='word_1_879' title='bbox 1611 2686 1767 2712; x_wconf 80' lang='lat' dir='ltr'><strong>diversam?</strong></span> 
     </span>
    </p>
   </div>
   <div class='ocr_carea' id='block_1_107' title="bbox 986 2729 1766 2767">
    <p class='ocr_par' dir='ltr' id='par_1_107' title="bbox 986 2729 1766 2767">
     <span class='ocr_line' id='line_1_107' title="bbox 986 2729 1766 2767; baseline -0.003 -9"><span class='ocrx_word' id='word_1_880' title='bbox 986 2731 1163 2759; x_wconf 78' lang='lat' dir='ltr'><strong>Otniriticam</strong></span> <span class='ocrx_word' id='word_1_881' title='bbox 1187 2732 1327 2759; x_wconf 89' lang='lat' dir='ltr'><strong>hominum</strong></span> <span class='ocrx_word' id='word_1_882' title='bbox 1353 2732 1536 2767; x_wconf 81' lang='lat' dir='ltr'><strong>imperitiam!</strong></span> <span class='ocrx_word' id='word_1_883' title='bbox 1558 2730 1626 2758; x_wconf 83' lang='lat' dir='ltr'><strong>Nam</strong></span> <span class='ocrx_word' id='word_1_884' title='bbox 1641 2729 1675 2758; x_wconf 81' lang='lat' dir='ltr'><strong>ad</strong></span> <span class='ocrx_word' id='word_1_885' title='bbox 1693 2729 1766 2765; x_wconf 80' lang='lat' dir='ltr'><strong>quod</strong></span> 
     </span>
    </p>
   </div>
   <div class='ocr_carea' id='block_1_108' title="bbox 186 2805 928 2843">
    <p class='ocr_par' dir='ltr' id='par_1_108' title="bbox 186 2805 916 2840">
     <span class='ocr_line' id='line_1_108' title="bbox 186 2805 916 2840; baseline -0.001 -6"><span class='ocrx_word' id='word_1_886' title='bbox 186 2806 288 2834; x_wconf 77' lang='lat' dir='ltr'><strong>&#39;Joan.</strong></span> <span class='ocrx_word' id='word_1_887' title='bbox 306 2813 325 2836; x_wconf 81' lang='grc' dir='ltr'><strong>ι,</strong></span> <span class='ocrx_word' id='word_1_888' title='bbox 347 2805 388 2831; x_wconf 76' lang='grc' dir='ltr'>Η.</span> <span class='ocrx_word' id='word_1_889' title='bbox 427 2806 436 2820; x_wconf 84' lang='grc'>¹</span> <span class='ocrx_word' id='word_1_890' title='bbox 453 2805 519 2833; x_wconf 84' lang='lat' dir='ltr'><strong>Luc.</strong></span> <span class='ocrx_word' id='word_1_891' title='bbox 533 2813 562 2839; x_wconf 85' lang='grc' dir='ltr'><strong>ιι,</strong></span> <span class='ocrx_word' id='word_1_892' title='bbox 580 2806 624 2833; x_wconf 74' lang='lat'><strong>52.</strong></span> <span class='ocrx_word' id='word_1_893' title='bbox 663 2805 674 2822; x_wconf 82' lang='grc'><strong>⁸</strong></span> <span class='ocrx_word' id='word_1_894' title='bbox 688 2805 740 2834; x_wconf 80' lang='lat' dir='ltr'><strong>lsa.</strong></span> <span class='ocrx_word' id='word_1_895' title='bbox 758 2814 823 2840; x_wconf 78' lang='lat' dir='ltr'><strong>xui,</strong></span> <span class='ocrx_word' id='word_1_896' title='bbox 842 2807 865 2833; x_wconf 83' lang='grc' dir='ltr'>Ι.</span> <span class='ocrx_word' id='word_1_897' title='bbox 905 2808 916 2822; x_wconf 74' lang='grc'><strong><em>⁵</em></strong></span> 
     </span>
    </p>
   </div>
   <div class='ocr_carea' id='block_1_109' title="bbox 981 2805 1373 2843">
    <p class='ocr_par' dir='ltr' id='par_1_109' title="bbox 981 2805 1373 2843">
     <span class='ocr_line' id='line_1_109' title="bbox 981 2805 1373 2843; baseline 0.005 -11"><span class='ocrx_word' id='word_1_898' title='bbox 981 2810 1072 2840; x_wconf 80' lang='lat' dir='ltr'><strong>n.‘xn,</strong></span> <span class='ocrx_word' id='word_1_899' title='bbox 1092 2806 1119 2834; x_wconf 77' lang='grc' dir='ltr'><strong>ὅ.</strong></span> <span class='ocrx_word' id='word_1_900' title='bbox 1157 2805 1259 2843; x_wconf 66' lang='lat' dir='ltr'><strong>&#39;lCor.</strong></span> <span class='ocrx_word' id='word_1_901' title='bbox 1279 2814 1309 2840; x_wconf 86' lang='grc' dir='ltr'><strong>ιι,</strong></span> <span class='ocrx_word' id='word_1_902' title='bbox 1330 2806 1373 2834; x_wconf 78' lang='grc'><strong>16.</strong></span> 
     </span>
    </p>
   </div>
  </div>
