1945 3043
165 104 216 131 687

877 101 910 128 S.
927 97 1099 126 EPIPHANII

1746 101 1801 129 688

165 162 265 195 cuique
280 161 387 189 libitum
403 165 445 190 est
469 160 617 196 Scripturae
641 167 784 189 sermones
800 166 957 187 accommo—

1010 157 1111 192 μᾶλλον
1129 156 1236 193 ἰδιώτης
1251 157 1420 194 εὑρίσκεται.
1441 157 1537 194 ’Πμῶν
1551 158 1605 195 γὰρ
1622 158 1706 187 ὄντων
1728 159 1803 186 ἰδιω-

166 213 213 235 uat
226 217 232 234 :
247 211 275 234 et
290 207 316 234 in
330 214 385 242 quo
398 206 516 234 callidus
529 210 556 234 et
573 209 687 241 argutus
708 213 770 234 esse
790 203 909 237 videtur,
930 204 958 230 in

166 261 200 280 eo
219 253 280 288 ipso
307 252 383 280 rudis
412 256 494 287 alque
518 252 662 287 imperitus
688 251 822 278 cernitur.
852 249 958 278 Etenim

166 300 240 336 quod
259 300 293 327 ad
316 307 366 326 nos
383 299 493 331 attinet,
507 298 554 333 qui
571 297 690 332 imperiti
707 304 834 325 sermone
850 303 957 328 sumus,

167 355 223 374 non
243 345 370 376 scientia,
388 343 426 370 uti
447 344 582 378 scriptum
597 347 639 370 est
656 343 676 374 ι,
696 342 798 377 quique
811 347 837 369 et
851 341 957 369 medio-

169 402 230 421 cres
257 392 403 420 admodum
431 398 539 422 sumus,
566 393 593 417 et
617 389 774 417 istiusmodi
802 388 956 420 hominum,

168 441 214 475 qui
230 439 264 466 ab
277 438 432 466 eruditione
449 436 617 471 paratissimi
636 439 711 467 sunt,
728 434 896 462 admirantur
916 434 958 461 in-

169 487 257 522 genia,
275 485 367 512 animo
387 478 820 517 vehementer'obstupescimus,
833 480 906 516 quod
924 480 958 507 ad

169 534 276 559 inanem
314 538 346 558 ac
367 529 534 564 pertinacem
550 535 629 555 suum
646 528 727 555 istum
743 534 866 555 errorem
882 533 957 554 assc-

168 577 327 609 vorandum,
353 576 429 603 illum
451 574 564 602 omnino
587 573 736 609 Scriptura:
754 573 844 600 locum
860 571 958 599 alierre

167 633 222 652 non
243 623 439 655 dubitaverint,
463 629 526 648 cum
541 629 575 648 ne
592 620 732 647 minimam
749 619 858 654 quidem
878 619 958 645 istius

168 669 304 705 dogmatis
334 667 560 703 signiﬁcationem
575 665 684 694 habeat.
703 664 760 691 Nos
772 665 853 697 enim,
871 664 958 699 inquit

166 717 324 752 Apostolus,
349 715 448 743 Christi
472 718 584 741 mentem
612 712 748 739 habemus.
769 711 852 746 Igitur
866 712 877 727 ‘
891 711 957 746 quid

167 763 278 790 lathith
299 761 425 789 Christus
444 760 490 792 sit,
512 759 671 794 Christique
687 766 764 786 mens
781 759 814 786 de
829 757 882 786 illis
896 765 957 793 pcr-

167 809 272 836 contari
292 816 342 836 nos
355 811 472 843 oportet.
489 806 546 834 lloc
558 805 668 842 quidem
684 806 712 832 in
732 806 791 833 loco
807 804 880 832 aliud
893 811 955 832 esse

166 856 318 888 Christum,
347 853 419 881 aliud
447 853 550 880 Christi
573 852 756 885 divinitatem,
774 850 902 878 arbitrari
927 857 958 878 se

167 903 367 930 demonstrant.
397 900 436 927 Ac
461 899 485 928 si
513 899 613 927 mentis
634 899 695 926 loco
714 898 854 926 Christum
884 897 958 924 acci-

166 947 255 982 piant,
269 946 410 974 Christum
435 952 500 972 vero
523 945 609 972 solam
628 952 644 971 a
662 944 774 972 Christo
797 947 955 978 susceptam

168 992 288 1020 hominis
301 995 426 1019 naturam
441 990 588 1026 appellent,
611 990 638 1017 in
656 990 739 1016 aliam
757 997 808 1017 nos
824 989 957 1025 quaestio-

166 1046 228 1066 nem
245 1037 406 1072 conjiciunt.
432 1035 511 1069 Quod
540 1035 624 1070 igitur
648 1038 714 1069 .post
741 1035 955 1062 incarnationem

126 1087 131 1089 “
167 1085 214 1112 Dei
231 1083 351 1112 Verbum
367 1089 400 1110 ac
427 1081 474 1109 Dei
491 1081 578 1109 Filius
594 1081 759 1113 declaretur.
775 1081 952 1116 perspicuum

166 1135 227 1164 est;
250 1138 282 1157 ac
305 1128 413 1156 tametsi
430 1128 564 1156 nonnulla
585 1128 619 1156 de
642 1135 671 1156 ea
695 1127 853 1156 testimonia
879 1131 957 1155 ante-

167 1177 313 1208 cesserint,
331 1175 432 1210 quibus
450 1175 492 1202 vel
512 1177 576 1202 ante
592 1174 809 1202 incarnationem
826 1173 956 1202 Christus

167 1222 296 1258 appellari
312 1222 432 1253 videtur,
451 1221 478 1247 in
493 1220 552 1255 ipsa
568 1220 748 1248 nihilominus
763 1220 955 1248 incarnatione

167 1270 352 1304 complentur.
389 1266 525 1294 Czeterum
557 1274 645 1301 neque
675 1266 806 1293 divinitas
835 1266 869 1293 ab
897 1266 957 1301 ipsa

165 1315 268 1343 Christi
286 1314 468 1350 appellatione
485 1313 647 1344 secluditur,
665 1321 755 1348 neque
777 1313 851 1341 illius
867 1313 958 1341 incar—

166 1367 242 1390 natto
257 1368 282 1390 et
308 1362 427 1388 humana
450 1365 577 1395 suscepta
599 1364 698 1386 natura
725 1360 785 1387 sine
807 1360 854 1387 tali
880 1367 959 1387 voca-

166 1408 232 1436 bulo
260 1407 441 1435 nominatur:
459 1406 531 1433 velut
558 1406 586 1433 in
612 1406 658 1433 illo
686 1406 745 1433 loco
767 1410 897 1433 constat:
917 1404 958 1432 Ne

166 1457 265 1482 dixeris
284 1455 309 1481 iu
327 1454 404 1481 corde
421 1457 465 1480 tuo
483 1461 491 1480 :
513 1452 579 1485 Quis
598 1452 717 1480 ascendit
737 1453 764 1479 in
780 1453 895 1479 castum?
910 1451 957 1480 hoc

1009 202 1063 230 τῶν
1077 203 1116 238 τῷ
1128 203 1218 238 λόγῳ,
1238 203 1297 230 ἀλλ’
1311 204 1342 230 οὐ
1359 205 1392 240 τῇ
1412 204 1528 239 γνώσει,
1555 204 1626 232 κατὰ
1644 205 1674 232 τὸ
1689 205 1803 241 εἰρημέ-

1009 257 1064 281 νον,
1079 248 1202 284 βραχέων
1214 249 1243 276 δὲ
1263 250 1364 286 σφόδρα
1380 250 1474 284 ὅντων,
1493 250 1687 287 θαυμαζόντων
1701 251 1729 278 δὲ
1745 251 1802 278 τῶν

1008 295 1137 323 τοιούτων
1161 296 1312 332 ἀνθρώπων
1322 316 1329 328 ,
1346 297 1393 323 καὶ
1404 296 1458 323 ἀπὸ
1472 296 1558 331 λόγων
1573 296 1742 332 ὁρμωμένων
1755 297 1803 324 τὸν

1009 340 1071 368 νοῦν
1084 362 1092 374 ,
1114 342 1232 378 ἀπορίας
1252 342 1318 377 ἡμῖν
1345 342 1512 373 κατάστασις
1529 342 1592 377 περὶ
1617 342 1666 378 τὴν
1681 342 1818 369 διάνοιαν¹

1010 387 1152 423 συμϐαίνει
1164 408 1172 420 ,
1187 389 1228 415 ὅτι
1254 388 1285 415 τὸ
1301 389 1382 424 ῥητὸν
1406 388 1487 416 τοῦτο
1505 389 1545 421 είς
1562 388 1733 424 παράστασιν
1750 388 1802 422 τῆς

1009 433 1137 469 τοιαύτης
1154 434 1244 461 αὐτῶν
1273 434 1367 466 ὰπλῶς
1394 435 1483 471 ἀργῆς
1511 434 1677 470 φιλονεικίας
1693 434 1803 470 λαμϐά-

1009 489 1098 507 νουσιν
1123 481 1206 513 ὅλως,
1223 480 1271 507 τοῦ
1296 481 1460 518 πράγματος
1487 482 1525 517 μὴ
1550 481 1658 518 ἔχοντος
1682 481 1803 517 ἔμφασιν

1009 527 1237 554 ὲπικοινωνοῦσαν
1266 529 1300 564 τῇ
1328 528 1441 565 τοιαύτῃ
1471 528 1572 564 σχέσει.
1605 528 1707 563 Ἦμεῖς
1733 528 1801 563 τὰρ,

1009 573 1091 608 φησὶ,
1115 573 1191 600 νοῦν
1204 574 1335 607 Χριστοῦ
1349 575 1468 610 ἔχομεν.
1485 575 1517 601 Τί
1530 574 1559 601 δὲ
1571 575 1624 610 ἄρα
1638 575 1681 611 εἴη
1697 575 1712 601 ὁ
1732 575 1801 610 Χρι-

1010 619 1072 650 στὸς
1083 639 1089 651 ,
1106 619 1171 655 παρ’
1187 620 1279 652 αὐτοῖς
1294 621 1444 657 ὲρωτητὲον
1457 641 1465 654 ,
1490 621 1507 657 ἦ
1531 622 1545 647 ὁ
1560 621 1622 653 νοῦς
1638 621 1757 657 Χριστοῦ
1772 621 1801 648 τί

1009 666 1063 701 ἄρα
1080 666 1134 702 εῐη.
1156 667 1290 694 Ἐνταῦοα
1310 667 1338 695 δὲ
1353 668 1548 702 ὑποφαίνουσιν
1561 668 1655 704 ἕτερον
1667 668 1714 695 τὸν
1733 669 1802 704 Χρι-

1010 713 1072 739 στὸν
1086 711 1156 739 εἶναι
1170 713 1328 749 νενοηκότες
1341 734 1349 747 ,
1364 714 1410 741 καὶ
1432 714 1528 750 ἑτέραν
1544 715 1594 750 τὴν
1607 714 1690 741 αὐτοῦ
1707 714 1802 751 θεότη-

1009 767 1052 786 τα.
1068 759 1100 786 Εἰ
1120 759 1174 795 γὰρ
1186 760 1245 787 ἀντὶ.
1262 760 1310 787 τοῦ
1322 760 1367 787 νοῦ
1379 760 1425 788 τὸν
1439 761 1555 796 Χριστὸν
1568 761 1800 796 ὑπολαμὸάνουσι,

1010 805 1127 841 Χριστὸν
1142 806 1172 832 δὲ
1190 806 1238 842 τὴν
1254 806 1386 842 ἕνσαρκον
1412 807 1496 842 μόνην
1515 807 1634 842 Χριστοῦ
1648 807 1801 843 παρουσίαν

1008 851 1205 886 ὀνομάζουσιν·
1232 853 1286 890 ἄρα
1303 853 1383 880 πάλιν
1407 854 1447 885 είς
1474 853 1571 888 ἑτέραν
1593 853 1706 889 ζήτησιν
1726 854 1800 889 ἡμᾶς

1008 898 1085 932 ἄγειν
1103 898 1262 934 πειρῶνται.
1278 898 1334 926 Καὶ
1347 899 1388 925 ὃτι
1405 899 1454 934 μὲν
1467 897 1513 926 οὖν
1533 899 1586 926 ἀπὸ
1601 899 1652 934 τῆς
1664 900 1799 935 ἐνσάρκου

1009 944 1160 979 παρουσίας
1186 944 1252 976 Θεὸς
1270 945 1356 979 Λόγος
1383 946 1430 974 καὶ
1455 946 1520 978 Υἱὸς
1553 946 1600 973 τοῦ
1623 946 1690 973 Θεοῦ
1713 947 1800 982 ἑρμη-

1008 989 1116 1017 νεύεται
1128 1010 1135 1022 ,
1157 990 1236 1025 δῆλον
1246 999 1252 1006 ·
1271 992 1295 1017 εί
1319 991 1366 1018 καὶ
1380 991 1500 1028 προῆγον
1515 992 1580 1028 περὶ
1597 992 1680 1019 αὑτοῦ
1695 1000 1799 1029 μαρτυ-

1009 1035 1078 1072 ρίαι,
1096 1035 1142 1063 τὸν
1166 1036 1284 1072 Χριστὸν
1299 1037 1383 1063 αὑτὸν
1394 1036 1537 1064 καλεῖσθαι
1550 1037 1598 1064 καὶ
1616 1038 1671 1073 πρὸ
1682 1038 1733 1072 τῆς
1755 1039 1800 1066 ἑν-

1009 1082 1110 1117 σάρκου
1127 1081 1278 1118 παρουσίας
1290 1102 1299 1116 ,
1315 1083 1345 1110 ὲν
1364 1084 1397 1118 τῇ
1423 1083 1559 1119 παρουσίᾳ
1584 1083 1778 1119 πεπλήρωνται
1789 1091 1799 1100 ο

1010 1129 1078 1164 μήτε
1103 1128 1152 1164 τῆς
1180 1128 1306 1164 θεότητος
1320 1129 1400 1161 ἐκτὸς
1412 1129 1531 1165 Χριστοῦ
1551 1130 1727 1165 ὑπαρχούσης
1740 1130 1799 1157 ὀνό-

1010 1183 1110 1210 ματος,
1130 1175 1198 1211 μήτε
1216 1175 1350 1211 ὲνσάρκου
1365 1175 1532 1212 παρουσίας,
1557 1176 1605 1203 καὶ
1621 1176 1703 1203 αὑτοῦ
1721 1177 1799 1204 ἐναν-

1009 1220 1176 1257 ορωπήσεως
1186 1242 1193 1254 ,
1208 1221 1274 1248 ἄνευ
1295 1221 1346 1256 τῆς
1364 1221 1491 1257 τοιαύτης
1507 1222 1655 1258 ὀνομασίας
1668 1222 1799 1258 ὀνομαζο-

1010 1268 1109 1302 μένης·
1134 1268 1171 1299 ὡς
1197 1267 1269 1294 κατὰ
1292 1267 1324 1294 τὸ
1348 1267 1509 1303 εἰρημένον·
1535 1268 1585 1303 Μὴ
1602 1268 1691 1302 εἴπῃς
1709 1268 1744 1295 ἐν
1762 1268 1799 1303 τῇ

1009 1312 1116 1347 καρδίᾳ
1132 1320 1190 1340 σου
1202 1321 1209 1328 ·
1239 1313 1288 1346 Τίς
1301 1313 1484 1347 ἀναϐήσεται
1509 1314 1553 1347 εις
1577 1313 1631 1341 τὸν
1649 1313 1799 1348 οὑρανόν;

1008 1358 1145 1385 τουτέστι
1164 1359 1297 1393 Χριστὸν
1310 1359 1504 1394 καταγαγεῖν·
1523 1359 1543 1394 ἢ
1562 1360 1609 1392 τις
1630 1360 1798 1395 καταϐήσε-

1009 1412 1056 1431 ται
1073 1405 1117 1438 εὶς
1135 1404 1192 1439 τὴν
1214 1405 1370 1438 ἅϐυσσον;
1386 1405 1523 1432 τουτέστι
1547 1406 1676 1440 Χριστὸν
1689 1406 1800 1441 ἀναγα-

1009 1451 1073 1486 γεῖν
1094 1452 1127 1478 ἐκ
1147 1452 1271 1486 νεκρῶν.
1286 1452 1342 1479 Καὶ
1366 1452 1447 1479 πάλιν
1470 1454 1484 1479 ὁ
1509 1452 1590 1485 αὐτὸς
1617 1452 1712 1487 λέγει·
1732 1453 1800 1480 Ἵνα

167 1507 205 1527 est
221 1500 358 1527 Christum
375 1498 526 1531 deducere;
545 1503 589 1525 aut
607 1499 665 1534 quis
687 1498 824 1525 descendet
840 1499 867 1525 in
882 1499 957 1533 abys—

1010 1497 1181 1531 τινώο-κωσί
1195 1505 1233 1524 σε
1247 1498 1301 1526 τὸν
1315 1499 1412 1533 μόνον
1431 1499 1576 1533 ἀληθινὸν
1589 1499 1664 1526 Θεὸν
1675 1519 1684 1531 ,
1698 1499 1747 1526 καὶ
1764 1499 1801 1526 ὃν

167 1546 245 1572 sum?
260 1544 307 1570 Itoc
325 1548 363 1571 est
377 1543 512 1570 Christum
524 1551 542 1570 ε
562 1543 673 1570 mortuis
691 1543 817 1570 deducere
828 1544 849 1571 ⁸,
884 1543 958 1571 Prm-

168 1595 242 1620 terea
260 1590 330 1618 idem
345 1590 402 1624 ipse
423 1589 464 1617 sic
482 1589 604 1625 loquitur
618 1598 624 1616 :
640 1589 674 1616 Ut
701 1595 860 1625 cognoscant
875 1594 898 1616 te
913 1598 957 1617 so-

168 1637 221 1664 lum
239 1637 332 1668 Deum,
346 1642 369 1663 et
385 1644 461 1672 quem
482 1636 580 1663 misisti
599 1635 691 1663 Iesum
706 1635 842 1664 Christum
853 1637 874 1662 ⁵.
893 1636 958 1669 Qua:

167 1682 276 1717 quidem
295 1690 358 1715 vox,
382 1681 492 1712 misisti,
509 1688 571 1708 cum
591 1680 624 1708 de
640 1681 746 1708 caelesti
765 1680 809 1707 illa
828 1680 958 1708 missione

168 1728 327 1763 accipienda
346 1727 394 1759 sit,
409 1727 444 1755 ab
458 1734 491 1755 eo
508 1731 597 1754 tamen
611 1727 683 1762 quod
701 1726 800 1754 Petrus
815 1727 894 1759 dixit,
913 1734 958 1754 se-

169 1774 257 1809 parari
275 1781 328 1801 non
349 1773 428 1800 debet
444 1782 451 1800 :
467 1772 562 1800 Iesum
585 1772 768 1800 Nazara'num
789 1774 874 1800 virum
898 1781 959 1807 pro-

169 1820 258 1846 batum
288 1818 316 1845 in
347 1819 418 1846 vobis
444 1820 570 1855 prodigiis
589 1827 620 1846 ac
644 1819 725 1854 signis
736 1819 757 1851 ⁵,
783 1827 858 1854 quem
882 1820 958 1846 unxit

171 1865 239 1891 Deus
258 1864 361 1898 Spiritu
373 1870 465 1892 sancto
478 1864 488 1879 ‘
502 1873 508 1892 :
522 1871 555 1892 ac
567 1865 671 1900 reliqua
690 1864 717 1892 id
734 1872 833 1900 genus.

203 1913 313 1941 XXXII.
335 1913 388 1940 Sed
403 1921 451 1941 nec
469 1913 513 1941 his
527 1913 637 1948 quidem
659 1915 780 1942 contenti
801 1915 958 1943 suavissimi

172 1959 210 1987 illi
229 1960 329 1988 fratres
341 1959 440 1992 nostri,
456 1967 518 1986 cum
544 1959 611 1987 illud
632 1959 684 1987 sibi
706 1961 789 1988 semel
811 1968 960 1996 proposue-

168 2007 236 2038 rint,
265 2009 294 2032 ut
317 2006 345 2032 in
368 2005 494 2032 omnibus
517 2005 749 2040 opiniosissimam
779 2014 858 2034 suam
880 2006 959 2034 nobis

169 2052 353 2087 pervicaciam
382 2055 531 2086 opponant,
555 2051 640 2079 etiam
664 2051 835 2080 divinitatem
854 2052 961 2088 1026

170 2097 273 2125 Christi
299 2104 408 2132 passam
430 2104 492 2124 esse
511 2104 617 2124 summa
640 2105 703 2125 eum
723 2097 837 2125 audacia
861 2099 961 2134 praedi-

169 2147 244 2171 cant.
274 2143 315 2170 Ad
341 2143 412 2178 quod
438 2142 492 2170 illis
518 2143 642 2178 Apostoli
668 2143 760 2171 verbis
785 2144 957 2172 abutuntur:

1009 1543 1192 1577 ἀπέστειλας
1214 1544 1337 1578 Ἰησοῦν
1347 1546 1486 1579 Χριστόν.
1502 1546 1538 1572 Τὸ
1562 1546 1589 1572 δὲ
1604 1545 1798 1578 ἀπέστειλας,

1009 1588 1111 1615 ἄνωθεν
1137 1589 1198 1624 ἕχον
1224 1589 1273 1626 τὴν
1297 1591 1434 1626 θεωρίαν,
1460 1592 1518 1618 ἀλλ’
1533 1592 1582 1619 οὐκ
1605 1592 1685 1623 ἐκτὸς
1701 1592 1731 1618 ὃν
1746 1593 1800 1618 τῶν

1009 1635 1061 1661 ὑπὸ
1081 1635 1184 1671 Πέτρου
1209 1636 1362 1671 εἰρημένων
1379 1657 1386 1669 ,
1409 1637 1451 1664 ὃτι
1477 1637 1598 1672 Ἰησοῦν
1625 1638 1680 1664 τὸν
1705 1637 1802 1668 Ναζω-

1005 1680 1107 1714 ραῖον,
1136 1681 1232 1715 ἄνδρα
1259 1682 1510 1718 ἀποδεδειγμένον
1535 1685 1580 1717 εις
1598 1683 1676 1718 ὑμᾶς
1698 1683 1800 1718 τέρασι

1009 1728 1058 1754 καὶ
1087 1729 1243 1763 σημείοις,
1275 1729 1312 1756 ὃν
1339 1730 1462 1764 ἔχρισεν
1502 1732 1519 1758 ὀ
1549 1730 1622 1764 Θεὸς
1650 1733 1800 1765 Πνεύματι

1009 1773 1083 1809 ἁγίῳ
1095 1782 1101 1788 ·
1117 1775 1164 1802 καὶ
1182 1775 1216 1802 τὰ
1231 1775 1335 1808 τούτοις
1349 1777 1441 1811 ὅμοια.

1044 1909 1107 1938 ΛΒ’.
1124 1907 1192 1937 Εἶτα
1209 1910 1238 1936 δὲ
1251 1910 1333 1938 πάλιν
1354 1911 1378 1938 oi
1395 1911 1559 1945 γλυκύτατοι
1580 1912 1659 1948 ἡμῶν
1678 1914 1799 1949 ἀδελφοὶ,

1011 1956 1169 1992 βουλόμενοι
1195 1957 1265 1984 κατὰ
1283 1957 1371 1984 πάντα
1396 1958 1565 1993 φιλονείκους
1582 1959 1648 1994 ἡμῖν
1663 1961 1801 1996 εἰσφέρειν

1009 2003 1145 2036 διανοίας,
1168 2003 1214 2030 καὶ
1240 2004 1290 2039 τὴν
1306 2004 1388 2031 αὑτοῦ
1415 2004 1529 2040 θεότητα
1547 2005 1713 2033 πεπονθυῖαν
1726 2027 1733 2039 ,
1751 2007 1802 2033 οὒκ

1010 2050 1170 2086 ἀτολμήτως
1182 2050 1362 2086 κηρύττουσιν
1376 2052 1408 2078 ὲκ
1422 2051 1469 2078 τοῦ
1484 2052 1565 2087 ῥητοῦ
1579 2052 1626 2079 τοῦ
1643 2053 1799 2089 εἰρημένου·

1011 2098 1046 2124 El
1062 2096 1117 2132 γὰρ
1133 2096 1288 2132 ἕτνοπγαν,
1314 2098 1370 2125 οὐκ
1384 2097 1423 2126 ἂν
1439 2098 1492 2125 τὸν
1508 2099 1618 2133 Κύριον
1637 2099 1802 2134 τῆς-δόξης

1011 2142 1215 2177 ἐσταύρωσαν,
1233 2143 1311 2175 Τινὲς
1325 2144 1353 2170 δὲ
1369 2143 1423 2171 τῶν
1439 2144 1521 2171 αὑτοῦ
1536 2145 1638 2172 παίδων
1659 2146 1695 2181 μὴ
1711 2145 1802 2173 νοοῦν-

170 2189 201 2216 Si
230 2188 302 2216 enim
324 2188 518 2223 cognovissent,
539 2196 674 2223 nunquam
694 2189 838 2217 Dominum
866 2190 957 2225 gloria:

1012 2196 1057 2220 τες
1070 2188 1158 2220 τοῦτο,
1172 2187 1209 2220 ὡς
1222 2186 1308 2223 οἶμαι,
1326 2189 1394 2224 μετὰ
1408 2189 1462 2216 τῶν
1478 2190 1563 2217 ἄλλων
1576 2191 1800 2227 προόαλλόμενοι,

170 2235 400 2268 cruciﬁxissent'.
424 2234 463 2261 Ac
488 2241 546 2261 mea
572 2234 682 2269 quidem
713 2236 849 2263 sententia
875 2236 959 2271 aliqui

171 2280 336 2316 Apollinaris
351 2280 490 2315 discipuli,
507 2280 553 2315 qui
567 2280 658 2308 minus
671 2281 743 2308 istud
763 2281 960 2317 intelligerent,

171 2333 233 2352 eum
254 2325 316 2353 aliis
337 2326 479 2354 erroribus
503 2326 576 2353 hunc
597 2326 686 2361 ipsum
702 2332 896 2362 proponentes,
916 2336 959 2355 ar-

171 2371 259 2406 gutuli
275 2372 370 2398 volunt
384 2372 481 2399 videri.
499 2372 583 2400 Miror
600 2373 671 2400 enim
688 2374 711 2401 si
725 2374 860 2408 ejusmodi
878 2375 958 2410 quid-

172 2417 244 2451 piam
261 2417 294 2443 ab
307 2424 340 2444 eo
361 2417 442 2445 fuerit
464 2422 611 2445 assertum.
630 2417 724 2454 Neque
738 2427 802 2447 vero
818 2420 958 2448 admiran-

172 2462 236 2489 dum
252 2467 305 2495 est,
329 2463 401 2498 quod
430 2462 572 2498 Scriptura
598 2472 676 2492 sacra
699 2465 844 2494 Dominum
868 2467 960 2502 glorise

172 2507 333 2535 cruciﬁxum
355 2516 416 2536 esse
436 2508 546 2536 dixerit.
576 2509 716 2545 Siquidem
742 2515 768 2539 et
791 2517 959 2547 assumptam

120 2549 127 2557 '
172 2552 293 2580 hominis
320 2556 446 2580 naturam
469 2554 563 2589 gloriae
589 2555 733 2583 Dominum
766 2557 957 2592 appellamus:

171 2599 272 2634 quippe
285 2607 346 2634 qua}
358 2599 392 2627 ab
407 2599 549 2629 divinitate
563 2601 674 2630 minime
692 2608 818 2638 separata
839 2604 883 2631 sit.
904 2603 961 2632 Nec

172 2646 257 2673 ullum
281 2645 308 2673 in
328 2654 360 2674 eo
374 2654 473 2682 genere
498 2655 578 2682 opus,
607 2652 654 2675 aut
684 2654 874 2684 argumentum
908 2655 960 2684 est,

171 2693 245 2728 quod
260 2700 313 2720 non
327 2694 470 2722 commode
485 2696 572 2730 possit
593 2695 705 2732 intelligi
718 2705 725 2730 ;
738 2697 860 2733 adeoque
874 2702 960 2726 totum

173 2739 371 2768 incarnationis
384 2741 523 2776 negotium
538 2741 572 2769 ad
604 2750 688 2770 unam
711 2744 891 2781 eamdemque
910 2746 959 2774 ad-

1013 2233 1151 2268 βούλονται
1181 2233 1397 2268 ἑπισοφίζεσοαι.
1422 2234 1561 2270 Θαυμάζω
1589 2235 1644 2272 γὰρ
1669 2237 1694 2262 εἰ
1720 2237 1802 2269 αὐτὸς

1011 2279 1098 2312 οὕτως
1114 2279 1224 2314 φάσκει.
1251 2280 1288 2306 Οὐ
1303 2280 1458 2316 θαυμαστὸν
1472 2281 1526 2316 γὰρ
1540 2301 1547 2313 ,
1568 2281 1616 2309 ἐὰν
1630 2282 1693 2318 εἴπῃ
1710 2283 1726 2318 ἡ
1742 2282 1802 2309 θεία

1011 2325 1107 2362 Γραφὴ
1128 2326 1174 2352 τὸν
1186 2325 1289 2362 Κύριον
1304 2327 1354 2362 τῆς
1367 2326 1445 2363 δόξης
1462 2327 1661 2361 ἐσταυρῶσθαι.
1678 2328 1733 2354 Καὶ
1747 2328 1801 2363 γὰρ

1013 2372 1060 2398 καὶ
1072 2372 1173 2408 Κύριον
1192 2372 1271 2408 δόξης
1281 2374 1466 2409 ὁμολογοῦμεν
1482 2375 1530 2401 καὶ
1546 2375 1630 2410 αὐτὴν
1641 2374 1690 2410 τὴν
1703 2375 1800 2410 ἕνσαρ-

1015 2426 1062 2444 κον
1076 2419 1227 2454 παρουσίαν
1238 2427 1245 2434 ·
1259 2420 1289 2446 οὺ
1306 2420 1360 2457 γὰρ
1386 2421 1512 2456 διῄρηται
1532 2420 1587 2447 ἀπὸ
1604 2421 1652 2456 τῆς
1676 2421 1802 2457 θεότητος

1011 2465 1028 2500 ἡ
1048 2464 1180 2501 ἐνσαρκος
1205 2466 1360 2502 παρουσία·
1378 2467 1426 2502 τῆς
1451 2467 1568 2503 ἑκάστης
1586 2467 1741 2500 ὑποθέσεως
1758 2469 1802 2494 εύ-

1011 2511 1099 2545 λὸγως
1130 2512 1278 2548 νοουμένης
1295 2533 1302 2544 ,
1332 2513 1379 2540 καὶ
1405 2514 1451 2540 ἐπὶ
1479 2514 1509 2540 τὸ
1537 2514 1602 2541 αὐτὸ
1632 2514 1683 2549 τῆς
1712 2514 1802 2550 πάσης

1012 2559 1204 2594 πραγματείας
1217 2560 1255 2591 εἰς
1269 2560 1333 2595 μίαν
1350 2560 1505 2596 οἰκονομίαν
1521 2561 1568 2587 καὶ
1584 2561 1649 2596 μίαν
1665 2561 1802 2596 τελειότη-

1012 2613 1047 2632 τα
1065 2606 1131 2640 ἡμῖν
1146 2606 1347 2642 συνηνωμένης.
1363 2606 1487 2642 Παοητὺς
1513 2607 1567 2642 γὰρ
1588 2608 1652 2642 ἡμῖν
1670 2607 1802 2642 κηρύττε-

1013 2660 1057 2678 ται
1072 2652 1189 2687 Χριστὸς
1212 2653 1259 2679 καὶ¹
1272 2653 1439 2685 πιστεύεται,
1464 2654 1494 2680 οὺ
1507 2653 1567 2680 καθ’
1585 2654 1681 2681 ἑαυτὸν
1697 2652 1801 2684 παθὼν,

1013 2698 1072 2724 οῦδὲ
1097 2698 1137 2724 ὅτι
1159 2698 1237 2730 ἄλλος
1251 2699 1324 2725 ἐστὶν
1337 2700 1352 2726 ὁ
1371 2698 1512 2731 πεπονθὼς
1525 2720 1532 2731 ,
1553 2699 1600 2725 καὶ
1619 2699 1697 2730 ἄλλος
1716 2700 1730 2725 ὁ
1747 2698 1802 2724 Κύ-

1014 2753 1088 2779 ριος,
1112 2744 1172 2771 οὐδὲ
1199 2745 1239 2771 ὅτι
1269 2746 1285 2780 ἡ
1303 2745 1398 2780 θεότης
1422 2744 1556 2771 πέπονθεν
1569 2752 1575 2759 ·
1597 2743 1666 2770 ἀλλὰ
1685 2742 1802 2769 πέπονθε

207 2816 376 2853 'lLCor.xr,
391 2818 418 2847 6.
456 2819 566 2849 'lCor.
581 2828 610 2855 ιι,
623 2820 666 2850 16.
700 2821 867 2859 'Rom.x,6.
901 2826 911 2841 ’⁵
931 2825 957 2854 Jc

1020 2833 1087 2860 xvu,
1100 2826 1127 2855 3.
1166 2827 1292 2859 “Act.1l,
1305 2826 1350 2854 20.
1389 2826 1469 2854 ‘Act.
1486 2835 1512 2860 ι,
1528 2826 1574 2854 38.
1610 2825 1621 2842 '
1636 2824 1646 2851 Ι
1659 2825 1763 2856 Cor.u.
1775 2827 1799 2854 6.
