1945 3043
92 211 145 241 689

420 213 602 243 ADVERSUS
620 211 787 241 II/EIIESES
813 211 876 240 LIB.
900 211 943 239 III.
958 211 1045 242 .TGM.
1067 208 1274 237 lI-—II1ERES.
1297 206 1424 234 LXXVII.

1676 206 1728 233 690

94 272 142 307 μὲν
159 271 174 298 ὀ
189 269 291 307 Κύριος
309 271 387 306 ἡμῶν
407 272 510 307 Ἰησοῦς
529 273 648 308 Χριστὸς
661 292 668 305 ,
695 272 745 308 τῆς
760 272 885 307 θεότητος

945 270 1171 298 tninistrationetn
1191 267 1442 303 perfectioncnuluc
1467 263 1616 299 conspirat.
1634 264 1728 298 Itaque

92 317 229 354 ἁτρέπτου
248 317 383 353 μενούσης
402 326 442 350 τε,
460 319 507 345 καὶ
528 319 651 350 ἀπαθοῦς
664 339 671 351 ,
687 318 845 353 πασχούσης
860 318 888 344 δὲ

92 365 121 390 ὲν
133 365 166 399 τῇ
189 363 281 399 σαρκὶ,
296 363 344 390 καὶ
360 363 484 396 ἀπαθοῦς
501 365 644 400 μενούσης.
659 366 691 391 Et
704 365 758 401 γὰρ
769 365 888 392 ἀπέθανε

91 409 211 444 Χριστὸς
226 409 296 445 ὑπὲρ
310 409 400 444 ἡμῶν,
418 410 465 436 καὶ
476 410 561 442 δντως
576 410 722 444 ἀπέθανεν,
735 411 783 446 οὐχ
800 411 817 445 ἡ
833 411 888 437 θεό-

91 462 141 489 της
165 454 301 481 ἀπέθανεν
315 475 322 487 ,
344 454 413 481 ἀλλὰ
438 455 576 482 ἀπέθανεν
593 456 622 483 ἐν
648 457 745 491 σαρκὶ,
764 455 834 482 κατὰ
857 455 888 482 τὺ

93 500 239 535 εἰρημένον
250 509 257 516 ·
275 499 460 533 Θανατωθεὶς
472 500 564 534 σαρκὶ
575 520 582 533 ,
600 500 788 535 ζωοποιηθεὶς
802 500 835 527 δὲ
847 500 888 533 τῷ

91 547 257 580 πνεύματι·
283 546 330 573 καὶ
355 545 436 573 πάλιν
450 553 458 561 ·
483 547 614 581 Χριστοῦ
636 546 786 580 παθόντος
811 547 887 581 ὑπὲρ

90 590 179 624 ἡμῶν
190 591 291 625 σαρκί.
528 597 532 601 ‘

91 640 146 663 tur.
164 637 243 669 Quod
255 637 327 665 enim
342 637 470 665 Christus
499 642 594 666 nostra
606 639 692 665 ‘causa
711 642 835 665 mortuus
858 642 912 670 est,

940 316 1077 351 patibilem
1092 323 1143 342 nos
1161 314 1304 341 Christum
1319 312 1509 348 praedicamus,
1524 318 1555 338 ac
1569 310 1726 338 credimus:

941 370 994 390 non
1011 362 1082 397 quod
1099 369 1146 396 per
1160 369 1220 389 sese
1235 360 1270 388 sit
1283 367 1397 395 passus,
1416 366 1506 393 neque
1521 357 1595 392 quod
1610 357 1681 384 alius
1693 358 1729 385 sit.

940 417 954 435 a
972 409 1092 444 patiente
1118 407 1261 439 Dominus,
1287 410 1379 441 neque
1405 405 1479 441 quod
1509 405 1601 432 divina
1629 409 1729 432 natura

940 462 1020 490 passa
1037 455 1072 482 sit
1090 463 1096 481 :
1125 461 1216 481 rerum
1234 453 1270 480 ita
1284 452 1416 480 Dominus
1437 455 1531 479 noster
1552 450 1631 478 Iesus
1649 450 1729 477 Chri-

940 505 999 528 stus
1019 507 1118 535 passus
1131 504 1185 532 est,
1204 504 1232 526 ut
1249 499 1335 534 ipsius
1350 498 1479 525 divinitas
1496 497 1655 524 mutationis
1671 504 1729 522 om-

939 546 983 574 nis
997 550 1023 573 et
1044 545 1178 580 passionis
1194 553 1293 580 expers
1312 543 1490 571 nihilominus
1506 544 1533 570 in
1549 551 1631 570 cruce
1652 546 1729 577 pate-

941 598 1026 625 retur,
1043 597 1070 619 et
1086 592 1144 626 ipsa
1168 591 1270 618 nullam
1296 591 1323 617 in
1344 597 1405 618 sese
1422 591 1576 625 passionem
1591 590 1729 624 experire-
1786 595 1792 603 ί

940 645 1059 673 vereque
1088 641 1225 668 mortuus,
1251 644 1304 664 non
1332 636 1359 663 in
1387 636 1556 664 divinitatem
1582 643 1658 664 mors
1683 636 1728 662 illa

90 684 208 717 cecidit;
229 685 276 712 sed
293 684 320 711 in
338 692 420 713 carne
440 688 566 712 mortuus
580 689 643 718 est,
670 683 899 720 quemadmodum
933 685 1064 719 scriptum
1086 688 1150 711 est:
1177 683 1356 718 Morti/icatus
1379 691 1457 710 carne
1470 702 1477 716 ,
1504 682 1650 717 viviﬁcatus
1677 690 1725 709 au-

92 734 146 756 tem
181 730 308 764 spiritu'.
335 728 422 757 Item:
448 729 554 758 Christo
579 738 657 764 passo
685 738 733 764 pro
761 730 835 772 "labis
861 730 889 756 in
907 737 985 757 carne
999 729 1020 756 ³.

125 775 298 812 Θαυμαστῶς
314 777 382 811 ἡμῖν
405 777 578 813 ὡμολόγηται
599 776 741 808 πεπονθὼς
767 777 795 804 ὲν
817 777 883 811 ἀλη-

92 820 152 856 θείᾳ
162 840 169 852 ,
183 821 231 847 καὶ
242 815 398 855 ἀπαθὴςὲν
414 821 529 856 ἀληθείᾳ
541 829 548 836 ·
568 821 617 857 τῆς
630 821 757 857 θεότητος
774 821 811 857 μὴ
829 830 884 848 πα-

92 866 194 903 θούσης
204 867 249 894 διὰ
261 867 291 894 τὸ
304 868 439 902 ἄτρεπτον
449 889 456 902 ,
481 869 528 895 καὶ
542 869 645 900 ἀπαθὲς
654 889 661 900 ,
677 869 724 895 καὶ
743 868 884 904 όμοούσιον

91 914 131 947 τῷ
156 914 262 949 Πατρί·
286 913 428 950 παθούσης
451 914 479 940 δὲ
497 914 546 950 τῆς
564 915 681 950 σαρκὸς,
702 914 749 941 καὶ
763 914 794 941 οὐ
809 923 886 950 μερι-

93 959 206 995 σθείσης
221 959 272 994 τῆς
294 959 420 996 θεότητος
437 960 490 987 ἀπὸ
518 960 567 996 τῆς
583 960 716 996 ὲνσάρκου
734 961 885 996 παρουσίας

91 1005 123 1031 ὲν
135 1005 174 1040 τῷ
197 1005 287 1033 πάθει.
304 1006 392 1041 Συνῆν
407 1006 462 1042 γὰρ
482 1007 530 1032 καὶ
546 1007 562 1041 ἡ
579 1005 691 1042 θεότης,
709 1006 756 1032 καὶ
773 1007 789 1040 ἡ
806 1008 884 1033 ἐναν-

94 1050 249 1086 θρώπησις,
270 1051 314 1078 ὅτε
332 1052 378 1078 ἐπὶ
403 1051 442 1087 τῷ
462 1051 571 1087 σταυρῷ
586 1051 688 1086 ἔπασχε
707 1051 756 1086 μὲν
769 1051 886 1087 Χριστὸς

94 1097 186 1132 σαρκὶ,
203 1096 312 1133 ἀπαθὴς
325 1097 353 1124 δὲ
370 1097 461 1133 ἔμεινε
473 1097 581 1133 θεότητι
595 1106 602 1113 ο
620 1098 664 1125 ἵνα
683 1098 733 1133 τὴν
745 1099 886 1136 δικαίωσιν

94 1143 195 1178 μηκέτι
208 1143 237 1169 ὲν
254 1143 336 1178 σαρκὶ
352 1143 432 1178 μόνον
446 1142 568 1178 ἔχωμεν,
582 1143 650 1170 ἀλλὰ
663 1144 743 1179 ἐνστῇ
757 1143 864 1178 θεάτητι
876 1151 883 1158 ·

92 1189 141 1214 καὶ
158 1188 202 1214 ἵνα
216 1188 246 1215 ὲν
259 1189 293 1224 τῇ
321 1188 428 1224 θεότητι
444 1189 492 1215 καὶ
511 1190 541 1216 ὲν
558 1190 591 1224 τῇ
613 1189 695 1225 σαρκὶ
713 1191 772 1216 κατ’
785 1190 886 1224 ἀμφοῖν

91 1235 160 1268 ἡμῖν
181 1234 305 1269 σωτηρία
318 1234 441 1269 γένηται.
469 1234 506 1260 Οὒ
528 1234 582 1270 γὰρ
596 1234 676 1270 ψιλὸς
699 1235 765 1270 ἡμῖν
779 1234 885 1270 ἄνθρω-

92 1286 144 1310 πος
167 1279 181 1304 ὁ
196 1279 313 1314 Χριστὸς
325 1299 332 1311 ,
347 1279 404 1306 ἀλλ’
419 1280 434 1305 ὁ
454 1280 540 1314 Λόγος
565 1279 747 1311 ὲνυπόστατος
760 1300 767 1312 ,
791 1279 887 1316 ἐνσαρ-

92 1332 157 1356 uos,
171 1324 219 1350 καὶ
236 1324 302 1356 Θεὸς
320 1324 463 1360 ἄνθρωπος
478 1324 599 1359 γεγονὼς
615 1325 644 1351 ὲν
662 1324 786 1360 ἀληθείᾳ,
807 1324 886 1360 ἡμῶν

95 1369 133 1404 μὴ
161 1369 278 1404 ἑχόντων
301 1369 351 1405 τὴν
377 1369 472 1396 ἐλπίδα
489 1370 532 1397 ἐπ’
553 1369 695 1405 ἄνθρωπον
709 1390 716 1401 ,
735 1369 791 1396 ἀλλ’
807 1371 836 1396 ὲν
852 1371 885 1405 τῇ

92 1414 220 1450 θεότητι·
236 1415 282 1441 καὶ
294 1414 372 1451 ἡμῶν
391 1415 428 1450 μὴ
445 1415 563 1450 ἐχόντων
582 1415 649 1442 Θεὸν
666 1416 815 1450 πάσχοντα,
829 1415 885 1442 ἀλλ’

92 1460 187 1495 ἀπαθῆ
197 1469 203 1474 ·
224 1460 301 1492 ἐκτὸς
313 1461 342 1488 δὲ
359 1461 461 1493 πάθους
477 1461 527 1496 τὴν
543 1462 679 1497 σωτηρίαν
694 1461 772 1498 ἡμῶν
785 1462 822 1498 μὴ
837 1470 887 1488 πε-

93 1505 229 1541 ποιηκότα
241 1526 250 1539 ,
267 1506 325 1533 ἀλλ’
350 1507 380 1533 ὲν
401 1506 440 1541 τῷ
468 1507 537 1542 ὑπὲρ
553 1508 630 1543 ἡμῶν
646 1508 792 1535 ἀποθανεῖν
805 1529 812 1541 ,
839 1509 886 1536 καὶ

91 1552 192 1578 ἑαυτὸν
207 1552 389 1587 προσενέγκαι
400 1552 438 1588 τῷ
451 1552 539 1588 Πατρὶ
552 1551 648 1580 θυσίαν
663 1553 734 1589 ὑπὲρ
750 1554 804 1581 τῶν
819 1556 886 1590 ἡμε-

91 1598 182 1634 τέρων
195 1597 289 1633 ψυχῶν
299 1619 306 1630 ,
322 1599 352 1625 ὲν
368 1598 408 1634 τῷ
423 1599 518 1634 αἵματι
535 1599 618 1626 αὐτοῦ
636 1600 787 1635 καθαρίσας
801 1601 884 1636 ἡμᾶς,

94 1643 194 1678 σχίσας
211 1643 242 1669 τὸ
257 1643 318 1670 καθ’
336 1643 415 1678 ἡμῶν
429 1644 611 1679 χειρόγραφον
638 1645 685 1670 καὶ
708 1645 888 1681 προσηλώσας

93 1688 161 1714 αὐτὸ
185 1688 224 1724 τῷ
241 1689 367 1725 σταυρῷ,
394 1689 486 1722 καθὼς
512 1689 600 1725 πάντη
620 1690 637 1725 ἡ
656 1690 675 1716 Γ
679 1690 750 1726 ραφὴ
766 1690 887 1718 διδάσκει

93 1736 179 1771 ἡμᾶς·

972 775 1154 809 Quamobretn
1177 774 1310 810 singulari
1326 774 1443 810 quadam
1474 778 1501 802 et
1516 774 1667 802 admirabili
1683 783 1727 802 ra—

937 821 1012 849 tione
1027 829 1090 849 vere
1105 828 1218 856 passum
1235 821 1310 848 illum
1326 828 1388 848 esse
1409 821 1580 853 conﬁtemur,
1602 825 1629 848 et
1650 829 1728 848 eum-

939 867 1000 895 dem
1029 872 1120 894 tamen
1143 875 1207 894 vere
1231 866 1369 901 passionis
1393 871 1552 901 expertem:
1567 867 1640 901 quod
1662 867 1730 894 nihil

940 914 1071 941 divinitas
1092 913 1151 948 ipsa
1175 914 1295 948 patiatur
1308 934 1316 947 ,
1336 914 1467 948 quoniam
1485 914 1518 941 ab
1531 914 1604 941 omni
1626 915 1731 942 vicissi-

940 961 1035 987 tudine
1060 965 1087 987 et
1102 959 1232 995 passione
1253 959 1385 987 immunis
1404 964 1455 992 est,
1477 960 1656 995 ejusdemque
1668 969 1730 988 cum

938 1005 1019 1033 Patre
1036 1006 1204 1034 substantiae.
1231 1005 1270 1032 Ita
1295 1013 1376 1040 porro
1406 1013 1514 1040 passatn
1536 1014 1597 1034 esse
1620 1015 1730 1034 carnem

939 1053 1099 1085 asscrimus,
1118 1056 1147 1079 ut
1160 1052 1186 1079 in
1203 1053 1263 1087 ipsa
1278 1051 1456 1087 perpessione
1474 1052 1605 1080 divinitas
1626 1061 1732 1088 nequa-

939 1106 1021 1133 quam
1046 1099 1080 1125 ab
1104 1102 1244 1133 assumpta
1267 1097 1388 1125 hominis
1410 1102 1509 1125 natura
1536 1098 1661 1133 sejuncta
1683 1099 1730 1128 sit.

940 1144 1008 1171 lI‘um
1025 1144 1096 1170 enim
1112 1144 1242 1171 divinitas
1255 1151 1318 1170 eum
1334 1143 1453 1171 humana
1468 1148 1565 1171 natura
1583 1145 1730 1179 conjuncta

943 1190 1004 1220 fuit.
1019 1189 1128 1224 quando
1143 1189 1271 1217 Christus
1291 1189 1318 1216 in
1333 1197 1415 1217 cruce
1440 1189 1553 1217 sullixus
1566 1198 1648 1218 carne
1668 1199 1731 1224 pas-

941 1242 989 1262 sus
1003 1237 1058 1266 est,
1085 1233 1153 1261 nihil
1164 1234 1221 1269 ipsa
1241 1233 1384 1261 divinitate
1405 1234 1540 1269 patiente,
1565 1242 1619 1269 quo
1633 1234 1731 1269 justiti-

939 1280 1011 1307 catio
1026 1284 1120 1307 nostra
1136 1287 1191 1307 non
1207 1279 1326 1314 amplius
1339 1280 1365 1306 in
1382 1280 1441 1307 sola
1453 1287 1545 1313 carne,
1579 1279 1627 1307 sed
1648 1280 1730 1307 etiam

940 1326 968 1353 in
994 1326 1138 1353 divinitate
1159 1325 1335 1358 consisteret,
1362 1330 1443 1360 atqtte
1460 1329 1489 1352 ut
1504 1333 1518 1351 a
1535 1325 1679 1353 divinitate
1693 1326 1732 1353 si—

941 1372 997 1398 mul
1021 1375 1048 1399 et
1062 1379 1145 1399 carne
1167 1372 1242 1399 salus
1266 1376 1360 1399 nostra
1375 1371 1605 1406 proficisceretur.
1624 1371 1730 1399 Etenim

939 1418 1068 1446 Christus
1099 1425 1154 1445 non
1182 1418 1297 1453 simplex
1318 1426 1350 1445 ac
1371 1418 1462 1445 nudus
1479 1418 1561 1444 homo
1589 1417 1649 1451 fuit,
1684 1418 1732 1446 sed

940 1463 1062 1491 Verbum
1087 1464 1260 1496 subsistens,
1282 1464 1465 1498 incarnatunt,
1495 1472 1527 1491 ac
1552 1463 1624 1492 Deus
1651 1465 1732 1492 homo

941 1518 1037 1538 revera
1060 1510 1160 1544 factus,
1186 1515 1216 1538 ut
1236 1519 1310 1546 spent
1335 1515 1458 1539 nostram
1483 1519 1537 1538 non
1563 1511 1680 1546 amplius
1704 1512 1731 1538 in

941 1556 1060 1590 homine,
1085 1557 1133 1585 sed
1156 1557 1183 1584 in
1204 1557 1346 1584 divinitate
1369 1558 1554 1593 collocemus,
1577 1566 1665 1593 neque
1686 1567 1732 1593 pa-

942 1603 1052 1630 tientem
1071 1603 1166 1635 Deum,
1185 1603 1233 1631 sed
1253 1611 1266 1630 a
1281 1604 1459 1638 prrpessione
1483 1605 1556 1631 onmi
1582 1605 1731 1632 innnuncm

945 1648 1106 1676 habeamus.
1126 1649 1232 1684 1027
1249 1649 1300 1682 Qui
1325 1649 1435 1684 quidem
1460 1658 1515 1677 non
1536 1650 1595 1678 sine
1619 1659 1732 1686 perpes-

944 1694 1021 1721 sionc
1037 1694 1152 1722 salutent
1170 1695 1250 1722 nobis
1268 1695 1401 1727 attulerit,
1418 1696 1465 1722 sed
1482 1696 1509 1723 in
1527 1696 1668 1723 moriendo
1682 1704 1731 1731 pro

945 1741 1037 1773 nobis.
1056 1749 1140 1776 seque
1153 1741 1208 1768 Deo
1223 1741 1296 1769 Patri
1313 1750 1362 1777 pro
1375 1742 1477 1770 nostris
1490 1742 1634 1771 animabus
1646 1743 1732 1783 sacri-

95 1782 150 1810 lieii
165 1782 254 1810 instar
267 1782 406 1814 oﬂeren'do
422 1783 594 1819 praestiterit,
606 1791 668 1811 cum
689 1791 740 1812 nos
765 1784 900 1819 sanguine
917 1792 967 1813 suo
983 1787 1147 1822 repurgarit,
1180 1794 1212 1813 ac
1239 1787 1370 1821 scriptum
1395 1792 1490 1815 contra
1514 1795 1566 1816 nos
1590 1788 1732 1824 chirogra-

94 1830 182 1865 phum
203 1830 357 1865 disciderit,
375 1835 403 1859 et
418 1833 493 1859 cruci
516 1839 573 1859 sua:
588 1831 662 1859 istud
683 1831 798 1859 aﬂixerit
810 1831 821 1848 ⁸
833 1852 840 1865 ,

129 1876 192 1903 ΛΓ¹.
209 1876 264 1903 Καὶ
272 1876 350 1903 ἔσται
367 1885 412 1912 μοι
427 1877 491 1912 περὶ
508 1876 622 1908 τούτων,
638 1877 663 1902 εί
678 1876 759 1911 χρεία
768 1877 886 1910 γένοιτο,

94 1922 136 1953 εἰς
154 1921 329 1956 παράστασιν
344 1922 433 1948 εἰπεῖν
450 1921 546 1948 πολλά.
565 1921 621 1948 Καὶ
635 1921 690 1956 γὰρ
704 1921 733 1946 ὲν
745 1920 836 1953 ἄλλοις
849 1921 887 1947 εὶ-

95 1968 232 2004 ρήκαμεν,
253 1967 303 2002 τὴν
326 1967 444 2003 θεωρίαν
467 1966 570 2002 ταύτην
595 1966 801 2002 σαφηνίζοντες,
822 1966 887 2002 περὶ

95 2014 146 2048 τῆς
159 2013 237 2048 ἡμῶν
253 2012 365 2047 βεὸαίας
384 2013 531 2048 σωτηρίας,
553 2013 594 2039 ὅτι
646 2012 689 2045 Ὠς
701 2012 734 2039 ἂν
749 2013 782 2039 ὲκ
797 2013 888 2048 ῥαντι-

95 2059 166 2094 σμοῦ
183 2060 299 2095 αἵματος
312 2060 441 2095 τυγχάνει
455 2059 528 2095 βαφὴ
539 2061 567 2085 ὲν
578 2059 689 2094 ίματίῳ,
701 2059 732 2085 τὸ
745 2059 795 2094 μὲν
807 2058 888 2094 σῶμα

95 2106 146 2132 οὐκ
160 2105 245 2141 ἔϐαψε
262 2106 309 2133 τοῦ
323 2106 482 2142 φοροῦντος,
493 2107 510 2141 ἡ
524 2106 552 2132 δὲ
566 2106 640 2141 βαφὴ
651 2105 699 2132 τοῦ
718 2105 826 2140 ίματίου
839 2106 890 2132 οὐκ

95 2153 136 2185 είς
151 2153 184 2179 τὸ
202 2152 309 2188 ἱμάτιον
326 2152 491 2187 λελόγισται,
504 2152 561 2179 ἀλλ’
572 2152 613 2184 είς
628 2152 673 2179 τὸν
690 2151 835 2187 ἄνθρωπον
843 2151 889 2178 τὸν

94 2198 242 2234 φοροῦντα-
259 2197 330 2225 οὕτω
346 2199 394 2225 καὶ
409 2198 439 2225 τὸ
452 2198 538 2230 πάθος
552 2199 585 2233 τῇ
599 2197 708 2232 θεότητι
725 2198 773 2232 μὲν
783 2197 833 2224 οὐκ
846 2198 889 2224 ὲν-

92 2244 226 2280 ἑσκηψεν,
244 2244 302 2271 ἀλλ’
315 2245 345 2271 ὲν
361 2246 394 2280 τῇ
410 2244 618 2280 ἐνανθρωπήσει
632 2243 752 2278 ὲγὲνετο-
766 2243 816 2269 οὐκ
828 2243 888 2279 ἐλσ-

863 1832 890 1860 id
905 1833 977 1868 quod
995 1833 1096 1867 ubique
1107 1832 1247 1868 Scriptura
1264 1837 1390 1861 testatur.

977 1876 1098 1905 XXXIII.
1119 1876 1247 1909 Possem.
1273 1878 1296 1905 si
1321 1885 1435 1906 necesse
1452 1878 1601 1913 videretur,
1624 1880 1657 1908 ad
1673 1880 1732 1916 ejus

941 1923 1079 1959 dogmatis
1109 1925 1252 1951 veritatem
1282 1924 1499 1952 conlirmandam
1527 1926 1581 1953 alia
1610 1927 1733 1962 proferre

940 1977 1023 2005 quam
1038 1969 1166 2004 plurima.
1182 1968 1229 1997 Sic
1250 1969 1323 1997 enim
1349 1970 1403 1997 alio
1421 1970 1499 2003 loco,
1521 1979 1582 1998 cum
1599 1971 1670 1999 idem
1688 1980 1733 1999 ar-

940 2020 1100 2052 gumentum
1125 2019 1372 2051 pertractaremus,
1400 2015 1435 2043 de
1462 2020 1537 2044 certa
1567 2017 1733 2053 minimeque

941 2062 1023 2090 dubia
1038 2065 1132 2090 nostra
1147 2061 1235 2090 salute
1256 2062 1453 2089 constituimus
1469 2070 1476 2088 :
1495 2061 1732 2095 Quemadmodum

939 2107 1082 2142 sanguinis
1097 2107 1242 2142 aspergine
1255 2108 1340 2135 vestis
1355 2107 1488 2138 inﬁcitur.
1502 2107 1567 2135 licet
1585 2109 1646 2143 ejus
1658 2129 1666 2141 ,
1685 2111 1732 2144 qui

938 2157 1038 2180 vestem
1048 2152 1236 2186 gerit,corpus
1246 2159 1417 2186 nequaquam
1432 2151 1564 2180 infectum
1573 2153 1619 2186 sit,
1632 2153 1732 2181 nihilo-

942 2198 1034 2225 minus
1050 2197 1097 2224 illa
1118 2197 1203 2225 vestis
1219 2205 1335 2232 aspersa
1358 2197 1465 2224 macula
1480 2206 1534 2225 non
1548 2199 1628 2232 vesti,
1646 2200 1692 2227 sed
1708 2201 1732 2227 ci

939 2243 986 2279 qui
1007 2246 1109 2270 vestem
1125 2243 1206 2278 gerit,
1220 2243 1369 2276 tribuitur;
1387 2243 1482 2270 eodem
1499 2244 1580 2271 modo
1597 2245 1659 2272 licet
1673 2253 1732 2281 per-

90 2291 178 2326 γίσθη
197 2290 227 2317 δὲ
242 2291 276 2326 τῇ
295 2290 503 2326 ὲνανθρωπήσει
530 2290 609 2326 μόνην
635 2290 692 2317 ἀλλ’
708 2289 752 2316 ἵνα
768 2289 805 2324 μὴ
820 2289 885 2324 πλη-

941 2287 1032 2323 pessio
1044 2288 1071 2315 in
1092 2287 1262 2315 divinitatem
1288 2295 1343 2315 non
1363 2287 1530 2320 incubuerit.
1546 2289 1592 2317 sed
1608 2289 1734 2318 humanae

90 2337 171 2373 ρωθῇ
187 2337 216 2363 ὲν
232 2337 265 2372 τῇ
283 2336 406 2371 σωτηρίᾳ
425 2336 475 2370 τῆς
493 2335 650 2372 οίκονομίας
673 2335 715 2368 τὸ,
747 2334 884 2362 Ἐπικατ-

88 2383 206 2418 άρατος
225 2382 295 2416 πᾶς,
310 2382 344 2416 ὃς
364 2382 426 2417 ἔχει
447 2382 505 2416 τὴν
522 2382 633 2410 ἐλπίδα
647 2382 693 2408 ἐπ’
718 2381 886 2415 ἄνθρωπον.

97 2429 172 2456 Ἀλλ’
189 2429 315 2464 ἐλογίσθη
332 2429 381 2456 καὶ
393 2429 434 2460 είς
443 2428 493 2464 τὴν
504 2428 631 2464 θεάτητα,
644 2427 694 2463 τῆς
709 2427 836 2463 θεότητος
848 2426 886 2462 μὴ

87 2474 265 2510 πασχούσης,
281 2475 324 2501 ἵνα
342 2475 420 2510 ἐντῇ
441 2474 548 2510 θεότητι
568 2473 681 2509 λογισθῇ
701 2474 734 2508 τῇ
754 2472 823 2508 ἁγίᾳ.
837 2471 885 2498 τοῦ

84 2521 162 2549 Θεοῦ
180 2521 330 2557 Ἐκκλησία
350 2521 398 2548 τοῦ
427 2520 531 2552 πάθους
546 2521 563 2555 ή
582 2520 713 2556 σωτηρία.
744 2519 825 2546 Ἀλλὰ
836 2519 886 2546 πά-

83 2569 134 2595 λιν
153 2567 192 2603 μὴ
207 2567 318 2603 λεείθηρ
335 2567 373 2594 ὢν
386 2576 429 2599 τις
441 2567 537 2594 ἑαυτὸν
553 2565 655 2602 θελήσῃ
671 2565 771 2601 μᾶλλον
787 2565 884 2592 συλλο-

84 2611 235 2646 γίσασθαι,
257 2612 274 2647 ἢ
285 2612 293 2628 ι
317 2612 381 2648 περὶ
399 2611 430 2638 τὸ
447 2612 562 2646 αἴνιγμα
577 2611 625 2638 τοῦ
642 2611 826 2646 δμοιώματος.
846 2611 884 2638 οὺ

82 2655 148 2691 γὰρ
165 2656 241 2682 πᾶσα
255 2655 398 2692 παραϐολὴ
419 2657 447 2683 ὲν
463 2657 496 2692 τῇ
515 2656 611 2691 Γραφῇ
629 2655 677 2690 ὅλῃ
697 2655 885 2691 λαμϐάνεται,

83 2702 132 2733 ὡς
144 2701 186 2733 τὸ,
203 2702 341 2736 Σκύμνος
354 2702 478 2735 λέοντος
495 2701 599 2732 Ἰούδα,
611 2700 655 2728 διὰ
668 2701 698 2728 τὸ
712 2702 887 2738 ἰσχυρότερον

81 2746 141 2774 τοῦ
159 2746 230 2779 ζώου
246 2747 294 2774 καὶ
307 2747 531 2782 βασιλικώτατον,
544 2747 602 2774 ἀλλ’
614 2747 674 2782 οὐχὶ
684 2747 728 2774 διὰ
743 2747 773 2773 τὸ
785 2746 885 2781 ἄλογον

83 2793 143 2822 καὶ
155 2793 336 2829 ἁρπακτικὸν.
349 2794 428 2821 Οὖτω
446 2794 493 2821 καὶ
508 2794 555 2820 ἐπὶ
569 2793 616 2820 τοῦ
636 2794 757 2829 ἱματίου,
776 2793 827 2820 οὐκ
840 2795 886 2820 ὲν-

80 2838 239 2874 δυομένου,
250 2840 297 2866 καὶ
313 2839 488 2875 ἐκδυομένου·
506 2839 562 2866 ἀλλ’
579 2839 653 2872 ἅπαξ
670 2839 743 2866 κατὰ
761 2839 791 2865 τὸ
808 2840 886 2875 εἰρη-

942 2334 1076 2362 duntaxat
1100 2338 1204 2361 natura:
1227 2335 1385 2370 contigerit,
1408 2341 1462 2361 non
1486 2334 1550 2362 huic
1574 2339 1665 2364 tamen
1681 2337 1733 2365 soli

942 2379 1126 2413 tribuendam,
1144 2387 1239 2407 verum
1252 2387 1286 2408 ne
1303 2379 1331 2407 in
1349 2381 1520 2416 procuranda
1537 2389 1586 2416 per
1605 2381 1734 2410 incarna-

943 2425 1044 2453 tionem
1064 2425 1146 2453 Verbi
1172 2425 1261 2453 salute
1283 2430 1392 2460 nostra,
1417 2426 1445 2453 in
1460 2426 1534 2453 illam
1557 2426 1731 2456 incurramus

940 2472 1089 2506 Scriptura:
1103 2472 1269 2500 sententiam
1289 2481 1296 2499 :
1315 2471 1473 2499 Maledicta;
1488 2473 1584 2505 omnis,
1600 2474 1646 2508 qui
1660 2482 1732 2508 spem

938 2517 1013 2544 habet
1023 2517 1051 2544 in
1059 2517 1190 2545 homine".
1204 2517 1356 2552 Propterea
1373 2517 1596 2546 divinitatieliam
1611 2519 1730 2554 imputa-

942 2569 1005 2597 tur,
1028 2571 1090 2591 cum
1111 2563 1179 2591 nihil
1200 2564 1258 2599 ipsa
1277 2571 1326 2598 per
1340 2571 1401 2591 sese
1413 2564 1544 2599 patiatur,
1570 2567 1599 2591 ut
1619 2564 1730 2592 humani

936 2609 1048 2643 generis
1058 2609 1133 2637 salus
1150 2617 1198 2644 per
1213 2608 1315 2636 Christi
1331 2609 1490 2644 passionem
1509 2609 1645 2644 acquisita
1660 2616 1675 2635 a
1691 2616 1732 2636 sc-

939 2659 1083 2682 crosancta
1096 2655 1143 2683 Dei
1162 2655 1285 2683 Ecclesia
1303 2654 1439 2683 divinitati
1457 2663 1567 2691 quoque
1582 2655 1729 2682 tribuatur.

938 2699 1043 2728 Vereor
1055 2708 1092 2729 ne
1105 2701 1168 2736 quis
1190 2708 1224 2729 ex
1240 2700 1296 2728 illis
1311 2708 1411 2728 vocum
1429 2700 1620 2736 captatoribus
1641 2700 1730 2727 subti-

938 2747 1000 2775 Iiori
1026 2747 1236 2775 ratiocinatione
1259 2747 1440 2783 semetipsum
1470 2746 1612 2782 implicare
1641 2746 1729 2778 malit,

939 2800 1021 2828 quam
1034 2793 1144 2820 allatam
1157 2800 1172 2820 a
1192 2793 1273 2821 nobis
1293 2793 1502 2821 similitudinem
1523 2795 1603 2819 caute
1618 2798 1651 2818 ac
1666 2799 1731 2826 pru-

939 2838 1035 2866 denter
1049 2838 1186 2874 accipere.
1201 2837 1295 2874 Neque
1311 2838 1386 2866 enim
1406 2838 1462 2866 ulla
1477 2836 1565 2866 sacris
1577 2837 1604 2864 in
1617 2835 1730 2865 Litteris

131 2919 139 2935 '
157 2917 270 2947 Mutilus
283 2919 369 2948 locus.
408 2920 418 2935 ⁸
433 2918 443 2946 ι
459 2917 530 2947 Pctr.
552 2927 592 2954 ιιι,
610 2920 652 2947 l8.
689 2917 724 2945 ³1
741 2917 812 2947 Pctr.
831 2926 868 2952 ιν,

951 2917 963 2934 ⁵
978 2917 1084 2947 Coloss.
1097 2926 1127 2952 ιι,
1146 2918 1188 2946 II.
1229 2919 1240 2935 ⁸
1257 2916 1312 2945 Jcr.
1334 2925 1401 2951 ινιι,
1418 2917 1445 2945 5.
