  <div class='ocr_page' id='page_1' title='image "/cluster/home/n/w/nwhite01/storage/ocr_20150623/42/njp.32101077772588/359.png"; bbox 0 0 1945 3043; ppageno 0'>
   <div class='ocr_carea' id='block_1_1' title="bbox 223 177 273 207">
    <p class='ocr_par' dir='ltr' id='par_1_1' title="bbox 223 177 273 207">
     <span class='ocr_line' id='line_1_1' title="bbox 223 177 273 207; baseline 0 -1"><span class='ocrx_word' id='word_1_1' title='bbox 223 177 273 207; x_wconf 78' lang='grc'><strong>691</strong></span> 
     </span>
    </p>
   </div>
   <div class='ocr_carea' id='block_1_2' title="bbox 933 181 1154 210">
    <p class='ocr_par' dir='ltr' id='par_1_2' title="bbox 933 181 1154 210">
     <span class='ocr_line' id='line_1_2' title="bbox 933 181 1154 210; baseline 0.005 -1"><span class='ocrx_word' id='word_1_2' title='bbox 933 181 963 210; x_wconf 89' lang='lat' dir='ltr'><strong>S.</strong></span> <span class='ocrx_word' id='word_1_3' title='bbox 985 181 1154 210; x_wconf 79' lang='lat' dir='ltr'><strong>EPIPlIAMl</strong></span> 
     </span>
    </p>
   </div>
   <div class='ocr_carea' id='block_1_3' title="bbox 1806 183 1860 212">
    <p class='ocr_par' dir='ltr' id='par_1_3' title="bbox 1806 183 1860 212">
     <span class='ocr_line' id='line_1_3' title="bbox 1806 183 1860 212; baseline -0.019 0"><span class='ocrx_word' id='word_1_4' title='bbox 1806 183 1860 212; x_wconf 72' lang='lat'><strong>69?.</strong></span> 
     </span>
    </p>
   </div>
   <div class='ocr_carea' id='block_1_4' title="bbox 224 236 1011 280">
    <p class='ocr_par' dir='ltr' id='par_1_4' title="bbox 224 236 1011 274">
     <span class='ocr_line' id='line_1_4' title="bbox 224 236 1011 274; baseline 0.008 -11"><span class='ocrx_word' id='word_1_5' title='bbox 224 236 379 264; x_wconf 77' lang='lat' dir='ltr'><strong>similitudo</strong></span> <span class='ocrx_word' id='word_1_6' title='bbox 406 241 461 264; x_wconf 80' lang='lat' dir='ltr'><strong>tota</strong></span> <span class='ocrx_word' id='word_1_7' title='bbox 483 244 515 264; x_wconf 84' lang='lat' dir='ltr'><strong>ac</strong></span> <span class='ocrx_word' id='word_1_8' title='bbox 546 238 656 272; x_wconf 89' lang='lat' dir='ltr'><strong>penitus</strong></span> <span class='ocrx_word' id='word_1_9' title='bbox 677 244 837 274; x_wconf 76' lang='lat' dir='ltr'><strong>usurpatur,</strong></span> <span class='ocrx_word' id='word_1_10' title='bbox 857 240 931 268; x_wconf 86' lang='lat' dir='ltr'><strong>velut</strong></span> <span class='ocrx_word' id='word_1_11' title='bbox 953 249 1011 268; x_wconf 86' lang='lat' dir='ltr'><strong>cum</strong></span> 
     </span>
    </p>
   </div>
   <div class='ocr_carea' id='block_1_5' title="bbox 1065 236 1862 280">
    <p class='ocr_par' dir='ltr' id='par_1_5' title="bbox 1069 241 1862 280">
     <span class='ocr_line' id='line_1_5' title="bbox 1069 241 1862 280; baseline 0.003 -12"><span class='ocrx_word' id='word_1_12' title='bbox 1069 241 1160 277; x_wconf 82' lang='grc' dir='ltr'>μένον·</span> <span class='ocrx_word' id='word_1_13' title='bbox 1176 242 1366 277; x_wconf 77' lang='grc' dir='ltr'>Εὺπρέπειαν</span> <span class='ocrx_word' id='word_1_14' title='bbox 1381 243 1559 271; x_wconf 60' lang='lat' dir='ltr'><strong>suadeam-o-</strong></span> <span class='ocrx_word' id='word_1_15' title='bbox 1579 243 1610 270; x_wconf 81' lang='grc' dir='ltr'>τὸ</span> <span class='ocrx_word' id='word_1_16' title='bbox 1627 243 1656 270; x_wconf 80' lang='grc' dir='ltr'><strong>δὲ</strong></span> <span class='ocrx_word' id='word_1_17' title='bbox 1671 242 1796 280; x_wconf 84' lang='grc' dir='ltr'>δεύτερον</span> <span class='ocrx_word' id='word_1_18' title='bbox 1813 243 1862 270; x_wconf 72' lang='grc' dir='ltr'><strong>ἐν-</strong></span> 
     </span>
    </p>
   </div>
   <div class='ocr_carea' id='block_1_6' title="bbox 223 283 1016 322">
    <p class='ocr_par' dir='ltr' id='par_1_6' title="bbox 223 283 1016 322">
     <span class='ocr_line' id='line_1_6' title="bbox 223 283 1016 322; baseline 0.008 -12"><span class='ocrx_word' id='word_1_19' title='bbox 223 283 326 310; x_wconf 89' lang='lat' dir='ltr'><strong>dicitur</strong></span> <span class='ocrx_word' id='word_1_20' title='bbox 345 292 352 310; x_wconf 93' lang='lat'><strong>:</strong></span> <span class='ocrx_word' id='word_1_21' title='bbox 373 283 484 310; x_wconf 72' lang='lat' dir='ltr'><strong>Catulus</strong></span> <span class='ocrx_word' id='word_1_22' title='bbox 501 283 583 311; x_wconf 73' lang='lat' dir='ltr'><strong>leonis</strong></span> <span class='ocrx_word' id='word_1_23' title='bbox 593 284 667 312; x_wconf 82' lang='lat' dir='ltr'><strong>Juda</strong></span> <span class='ocrx_word' id='word_1_24' title='bbox 683 285 702 313; x_wconf 88' lang='lat'><strong>&#39;.</strong></span> <span class='ocrx_word' id='word_1_25' title='bbox 718 286 747 313; x_wconf 88' lang='lat' dir='ltr'><strong>in</strong></span> <span class='ocrx_word' id='word_1_26' title='bbox 762 294 816 322; x_wconf 85' lang='lat' dir='ltr'><strong>quo</strong></span> <span class='ocrx_word' id='word_1_27' title='bbox 849 286 1016 316; x_wconf 74' lang='lat' dir='ltr'><strong>fortitudinis</strong></span> 
     </span>
    </p>
   </div>
   <div class='ocr_carea' id='block_1_7' title="bbox 223 330 1016 368">
    <p class='ocr_par' dir='ltr' id='par_1_7' title="bbox 223 330 1016 368">
     <span class='ocr_line' id='line_1_7' title="bbox 223 330 1016 368; baseline 0.009 -12"><span class='ocrx_word' id='word_1_28' title='bbox 223 337 256 357; x_wconf 89' lang='lat' dir='ltr'><strong>ac</strong></span> <span class='ocrx_word' id='word_1_29' title='bbox 278 330 359 365; x_wconf 64' lang='lat' dir='ltr'><strong>regia:</strong></span> <span class='ocrx_word' id='word_1_30' title='bbox 367 330 510 364; x_wconf 86' lang='lat' dir='ltr'><strong>cujusdam</strong></span> <span class='ocrx_word' id='word_1_31' title='bbox 522 332 701 365; x_wconf 66' lang='lat' dir='ltr'><strong>excellentiae,</strong></span> <span class='ocrx_word' id='word_1_32' title='bbox 713 334 774 368; x_wconf 64' lang='lat' dir='ltr'><strong>quis</strong></span> <span class='ocrx_word' id='word_1_33' title='bbox 789 334 815 361; x_wconf 92' lang='lat' dir='ltr'><strong>in</strong></span> <span class='ocrx_word' id='word_1_34' title='bbox 830 334 875 362; x_wconf 89' lang='lat' dir='ltr'><strong>illa</strong></span> <span class='ocrx_word' id='word_1_35' title='bbox 887 334 945 362; x_wconf 87' lang='lat' dir='ltr'><strong>fera</strong></span> <span class='ocrx_word' id='word_1_36' title='bbox 957 343 1016 363; x_wconf 86' lang='lat' dir='ltr'><strong>cer-</strong></span> 
     </span>
    </p>
   </div>
   <div class='ocr_carea' id='block_1_8' title="bbox 224 375 1014 415">
    <p class='ocr_par' dir='ltr' id='par_1_8' title="bbox 224 375 1014 415">
     <span class='ocr_line' id='line_1_8' title="bbox 224 375 1014 415; baseline 0.011 -15"><span class='ocrx_word' id='word_1_37' title='bbox 224 375 310 406; x_wconf 90' lang='lat' dir='ltr'><strong>nitur,</strong></span> <span class='ocrx_word' id='word_1_38' title='bbox 337 376 430 403; x_wconf 85' lang='lat' dir='ltr'><strong>habita</strong></span> <span class='ocrx_word' id='word_1_39' title='bbox 456 378 526 404; x_wconf 88' lang='lat' dir='ltr'><strong>ratio</strong></span> <span class='ocrx_word' id='word_1_40' title='bbox 543 382 604 409; x_wconf 85' lang='lat' dir='ltr'><strong>est;</strong></span> <span class='ocrx_word' id='word_1_41' title='bbox 630 386 681 406; x_wconf 87' lang='lat' dir='ltr'><strong>nec</strong></span> <span class='ocrx_word' id='word_1_42' title='bbox 700 379 767 406; x_wconf 87' lang='lat' dir='ltr'><strong>illud</strong></span> <span class='ocrx_word' id='word_1_43' title='bbox 786 385 938 415; x_wconf 86' lang='lat' dir='ltr'><strong>spectatum</strong></span> <span class='ocrx_word' id='word_1_44' title='bbox 961 385 1014 413; x_wconf 88' lang='lat' dir='ltr'><strong>est,</strong></span> 
     </span>
    </p>
   </div>
   <div class='ocr_carea' id='block_1_9' title="bbox 224 421 1016 460">
    <p class='ocr_par' dir='ltr' id='par_1_9' title="bbox 224 421 1016 460">
     <span class='ocr_line' id='line_1_9' title="bbox 224 421 1016 460; baseline 0.01 -13"><span class='ocrx_word' id='word_1_45' title='bbox 224 421 297 455; x_wconf 87' lang='lat' dir='ltr'><strong>quod</strong></span> <span class='ocrx_word' id='word_1_46' title='bbox 315 421 432 450; x_wconf 83' lang='lat' dir='ltr'><strong>rationis</strong></span> <span class='ocrx_word' id='word_1_47' title='bbox 455 431 553 458; x_wconf 90' lang='lat' dir='ltr'><strong>expers</strong></span> <span class='ocrx_word' id='word_1_48' title='bbox 572 424 608 452; x_wconf 89' lang='lat' dir='ltr'><strong>sit</strong></span> <span class='ocrx_word' id='word_1_49' title='bbox 631 432 663 451; x_wconf 89' lang='lat' dir='ltr'><strong>ac</strong></span> <span class='ocrx_word' id='word_1_50' title='bbox 682 432 777 460; x_wconf 84' lang='lat' dir='ltr'><strong>rapax.</strong></span> <span class='ocrx_word' id='word_1_51' title='bbox 794 425 839 453; x_wconf 85' lang='lat' dir='ltr'><strong>Sic</strong></span> <span class='ocrx_word' id='word_1_52' title='bbox 854 431 881 454; x_wconf 91' lang='lat' dir='ltr'><strong>et</strong></span> <span class='ocrx_word' id='word_1_53' title='bbox 898 426 927 454; x_wconf 90' lang='lat' dir='ltr'><strong>in</strong></span> <span class='ocrx_word' id='word_1_54' title='bbox 941 432 1016 455; x_wconf 80' lang='lat' dir='ltr'><strong>veste</strong></span> 
     </span>
    </p>
   </div>
   <div class='ocr_carea' id='block_1_10' title="bbox 226 467 1015 508">
    <p class='ocr_par' dir='ltr' id='par_1_10' title="bbox 226 467 1015 508">
     <span class='ocr_line' id='line_1_10' title="bbox 226 467 1015 508; baseline 0.01 -16"><span class='ocrx_word' id='word_1_55' title='bbox 226 467 293 493; x_wconf 91' lang='lat' dir='ltr'><strong>nihil</strong></span> <span class='ocrx_word' id='word_1_56' title='bbox 308 467 374 494; x_wconf 87' lang='lat' dir='ltr'><strong>illud</strong></span> <span class='ocrx_word' id='word_1_57' title='bbox 390 468 424 495; x_wconf 90' lang='lat' dir='ltr'><strong>ad</strong></span> <span class='ocrx_word' id='word_1_58' title='bbox 443 469 578 497; x_wconf 85' lang='lat' dir='ltr'><strong>rationem</strong></span> <span class='ocrx_word' id='word_1_59' title='bbox 603 475 726 498; x_wconf 87' lang='lat' dir='ltr'><strong>nostram</strong></span> <span class='ocrx_word' id='word_1_60' title='bbox 749 472 877 506; x_wconf 85' lang='lat' dir='ltr'><strong>pertinet,</strong></span> <span class='ocrx_word' id='word_1_61' title='bbox 897 473 970 508; x_wconf 85' lang='lat' dir='ltr'><strong>quod</strong></span> <span class='ocrx_word' id='word_1_62' title='bbox 987 473 1015 500; x_wconf 88' lang='lat' dir='ltr'><strong>id</strong></span> 
     </span>
    </p>
   </div>
   <div class='ocr_carea' id='block_1_11' title="bbox 222 513 1014 553">
    <p class='ocr_par' dir='ltr' id='par_1_11' title="bbox 222 513 1014 553">
     <span class='ocr_line' id='line_1_11' title="bbox 222 513 1014 553; baseline 0.009 -14"><span class='ocrx_word' id='word_1_63' title='bbox 222 513 297 540; x_wconf 86' lang='lat' dir='ltr'><strong>indui</strong></span> <span class='ocrx_word' id='word_1_64' title='bbox 325 513 445 549; x_wconf 86' lang='lat' dir='ltr'><strong>exnique</strong></span> <span class='ocrx_word' id='word_1_65' title='bbox 471 515 567 542; x_wconf 87' lang='lat' dir='ltr'><strong>soleat.</strong></span> <span class='ocrx_word' id='word_1_66' title='bbox 594 514 684 543; x_wconf 85' lang='lat' dir='ltr'><strong>Semel</strong></span> <span class='ocrx_word' id='word_1_67' title='bbox 709 516 792 549; x_wconf 89' lang='lat' dir='ltr'><strong>enim,</strong></span> <span class='ocrx_word' id='word_1_68' title='bbox 827 522 856 544; x_wconf 93' lang='lat' dir='ltr'><strong>ut</strong></span> <span class='ocrx_word' id='word_1_69' title='bbox 880 519 1014 553; x_wconf 81' lang='lat' dir='ltr'><strong>scriptum</strong></span> 
     </span>
    </p>
   </div>
   <div class='ocr_carea' id='block_1_12' title="bbox 220 559 1013 596">
    <p class='ocr_par' dir='ltr' id='par_1_12' title="bbox 220 559 1013 596">
     <span class='ocr_line' id='line_1_12' title="bbox 220 559 1013 596; baseline 0.006 -11"><span class='ocrx_word' id='word_1_70' title='bbox 220 564 272 592; x_wconf 83' lang='lat' dir='ltr'><strong>est,</strong></span> <span class='ocrx_word' id='word_1_71' title='bbox 295 559 415 587; x_wconf 78' lang='lat' dir='ltr'><strong>decorem</strong></span> <span class='ocrx_word' id='word_1_72' title='bbox 441 560 547 591; x_wconf 77' lang='lat' dir='ltr'><strong>induit;</strong></span> <span class='ocrx_word' id='word_1_73' title='bbox 566 561 664 588; x_wconf 90' lang='lat' dir='ltr'><strong>deinde</strong></span> <span class='ocrx_word' id='word_1_74' title='bbox 685 569 750 588; x_wconf 87' lang='lat' dir='ltr'><strong>vero</strong></span> <span class='ocrx_word' id='word_1_75' title='bbox 767 562 891 590; x_wconf 83' lang='lat' dir='ltr'><strong>virtutem</strong></span> <span class='ocrx_word' id='word_1_76' title='bbox 908 563 1013 596; x_wconf 79' lang='lat' dir='ltr'><strong>induit,</strong></span> 
     </span>
    </p>
   </div>
   <div class='ocr_carea' id='block_1_13' title="bbox 220 605 1012 643">
    <p class='ocr_par' dir='ltr' id='par_1_13' title="bbox 220 605 1012 643">
     <span class='ocr_line' id='line_1_13' title="bbox 220 605 1012 643; baseline 0.006 -13"><span class='ocrx_word' id='word_1_77' title='bbox 220 612 251 631; x_wconf 80' lang='lat' dir='ltr'><strong>uc</strong></span> <span class='ocrx_word' id='word_1_78' title='bbox 265 605 405 639; x_wconf 72' lang='lat' dir='ltr'><strong>prwcina‘it</strong></span> <span class='ocrx_word' id='word_1_79' title='bbox 421 614 448 632; x_wconf 79' lang='lat' dir='ltr'><strong>se</strong></span> <span class='ocrx_word' id='word_1_80' title='bbox 462 606 482 631; x_wconf 87' lang='lat'><strong>&#39;.</strong></span> <span class='ocrx_word' id='word_1_81' title='bbox 498 605 528 632; x_wconf 85' lang='lat' dir='ltr'><strong>in</strong></span> <span class='ocrx_word' id='word_1_82' title='bbox 539 613 594 641; x_wconf 88' lang='lat' dir='ltr'><strong>quo</strong></span> <span class='ocrx_word' id='word_1_83' title='bbox 604 605 728 641; x_wconf 86' lang='lat' dir='ltr'><strong>Apostoli</strong></span> <span class='ocrx_word' id='word_1_84' title='bbox 744 607 791 634; x_wconf 88' lang='lat' dir='ltr'><strong>illa</strong></span> <span class='ocrx_word' id='word_1_85' title='bbox 803 615 853 635; x_wconf 82' lang='lat' dir='ltr'><strong>vox</strong></span> <span class='ocrx_word' id='word_1_86' title='bbox 865 609 993 643; x_wconf 88' lang='lat' dir='ltr'><strong>impletur</strong></span> <span class='ocrx_word' id='word_1_87' title='bbox 1005 618 1012 635; x_wconf 91' lang='lat'>:</span> 
     </span>
    </p>
   </div>
   <div class='ocr_carea' id='block_1_14' title="bbox 221 650 1012 683">
    <p class='ocr_par' dir='ltr' id='par_1_14' title="bbox 221 650 1012 683">
     <span class='ocr_line' id='line_1_14' title="bbox 221 650 1012 683; baseline 0.008 -7"><span class='ocrx_word' id='word_1_88' title='bbox 221 650 281 677; x_wconf 80' lang='lat' dir='ltr'><strong>Non</strong></span> <span class='ocrx_word' id='word_1_89' title='bbox 298 651 353 682; x_wconf 82' lang='lat' dir='ltr'><strong>iam</strong></span> <span class='ocrx_word' id='word_1_90' title='bbox 368 651 501 679; x_wconf 81' lang='lat' dir='ltr'><strong>moritur:</strong></span> <span class='ocrx_word' id='word_1_91' title='bbox 520 660 590 680; x_wconf 76' lang='lat' dir='ltr'><strong>mors</strong></span> <span class='ocrx_word' id='word_1_92' title='bbox 604 652 646 679; x_wconf 82' lang='lat' dir='ltr'><strong>illi</strong></span> <span class='ocrx_word' id='word_1_93' title='bbox 663 653 737 680; x_wconf 84' lang='lat' dir='ltr'><strong>ultra</strong></span> <span class='ocrx_word' id='word_1_94' title='bbox 759 662 810 680; x_wconf 84' lang='lat' dir='ltr'><strong>non</strong></span> <span class='ocrx_word' id='word_1_95' title='bbox 825 654 979 682; x_wconf 71' lang='lat' dir='ltr'><strong>dominatur</strong></span> <span class='ocrx_word' id='word_1_96' title='bbox 991 655 1012 683; x_wconf 89' lang='grc'><strong>³.</strong></span> 
     </span>
    </p>
   </div>
   <div class='ocr_carea' id='block_1_15' title="bbox 219 697 1015 736">
    <p class='ocr_par' dir='ltr' id='par_1_15' title="bbox 219 697 1015 736">
     <span class='ocr_line' id='line_1_15' title="bbox 219 697 1015 736; baseline 0.005 -12"><span class='ocrx_word' id='word_1_97' title='bbox 219 697 285 730; x_wconf 69' lang='lat' dir='ltr'><strong>Quae</strong></span> <span class='ocrx_word' id='word_1_98' title='bbox 300 705 363 725; x_wconf 92' lang='lat' dir='ltr'><strong>cum</strong></span> <span class='ocrx_word' id='word_1_99' title='bbox 384 698 422 726; x_wconf 84' lang='lat' dir='ltr'><strong>ita</strong></span> <span class='ocrx_word' id='word_1_100' title='bbox 446 706 508 727; x_wconf 88' lang='lat' dir='ltr'><strong>sese</strong></span> <span class='ocrx_word' id='word_1_101' title='bbox 533 699 670 733; x_wconf 83' lang='lat' dir='ltr'><strong>habeant,</strong></span> <span class='ocrx_word' id='word_1_102' title='bbox 688 699 740 727; x_wconf 89' lang='lat' dir='ltr'><strong>hoc</strong></span> <span class='ocrx_word' id='word_1_103' title='bbox 767 700 800 727; x_wconf 88' lang='lat' dir='ltr'><strong>ad</strong></span> <span class='ocrx_word' id='word_1_104' title='bbox 817 700 859 728; x_wconf 84' lang='lat' dir='ltr'><strong>sui</strong></span> <span class='ocrx_word' id='word_1_105' title='bbox 879 700 1015 736; x_wconf 82' lang='lat' dir='ltr'><strong>dogmatis</strong></span> 
     </span>
    </p>
   </div>
   <div class='ocr_carea' id='block_1_16' title="bbox 219 744 1014 781">
    <p class='ocr_par' dir='ltr' id='par_1_16' title="bbox 219 744 1014 781">
     <span class='ocr_line' id='line_1_16' title="bbox 219 744 1014 781; baseline 0.003 -10"><span class='ocrx_word' id='word_1_106' title='bbox 219 744 403 778; x_wconf 84' lang='lat' dir='ltr'><strong>patrocinium</strong></span> <span class='ocrx_word' id='word_1_107' title='bbox 425 745 526 773; x_wconf 81' lang='lat' dir='ltr'><strong>fratres</strong></span> <span class='ocrx_word' id='word_1_108' title='bbox 545 746 633 773; x_wconf 85' lang='lat' dir='ltr'><strong>nostri</strong></span> <span class='ocrx_word' id='word_1_109' title='bbox 657 745 801 781; x_wconf 80' lang='lat' dir='ltr'><strong>proferunt</strong></span> <span class='ocrx_word' id='word_1_110' title='bbox 819 755 826 774; x_wconf 88' lang='lat'><strong>:</strong></span> <span class='ocrx_word' id='word_1_111' title='bbox 845 745 903 774; x_wconf 76' lang='lat' dir='ltr'><strong>Nos</strong></span> <span class='ocrx_word' id='word_1_112' title='bbox 925 751 1014 774; x_wconf 87' lang='lat' dir='ltr'><strong>autem</strong></span> 
     </span>
    </p>
   </div>
   <div class='ocr_carea' id='block_1_17' title="bbox 219 790 1014 826">
    <p class='ocr_par' dir='ltr' id='par_1_17' title="bbox 219 790 1014 826">
     <span class='ocr_line' id='line_1_17' title="bbox 219 790 1014 826; baseline 0.005 -10"><span class='ocrx_word' id='word_1_113' title='bbox 219 796 330 818; x_wconf 82' lang='lat' dir='ltr'><strong>mentem</strong></span> <span class='ocrx_word' id='word_1_114' title='bbox 358 790 458 819; x_wconf 79' lang='lat' dir='ltr'><strong>Christi</strong></span> <span class='ocrx_word' id='word_1_115' title='bbox 487 792 611 820; x_wconf 80' lang='lat' dir='ltr'><strong>habemus</strong></span> <span class='ocrx_word' id='word_1_116' title='bbox 628 794 647 820; x_wconf 74' lang='grc'><strong>⁸.</strong></span> <span class='ocrx_word' id='word_1_117' title='bbox 671 793 731 826; x_wconf 83' lang='lat' dir='ltr'><strong>Quo</strong></span> <span class='ocrx_word' id='word_1_118' title='bbox 757 800 791 820; x_wconf 80' lang='lat' dir='ltr'><strong>ex</strong></span> <span class='ocrx_word' id='word_1_119' title='bbox 820 793 929 820; x_wconf 87' lang='lat' dir='ltr'><strong>illorum</strong></span> <span class='ocrx_word' id='word_1_120' title='bbox 955 800 1014 819; x_wconf 83' lang='lat' dir='ltr'><strong>ser—</strong></span> 
     </span>
    </p>
   </div>
   <div class='ocr_carea' id='block_1_18' title="bbox 220 838 1014 873">
    <p class='ocr_par' dir='ltr' id='par_1_18' title="bbox 220 838 1014 873">
     <span class='ocr_line' id='line_1_18' title="bbox 220 838 1014 873; baseline 0.003 -11"><span class='ocrx_word' id='word_1_121' title='bbox 220 844 310 869; x_wconf 87' lang='lat' dir='ltr'><strong>mone,</strong></span> <span class='ocrx_word' id='word_1_122' title='bbox 331 844 412 872; x_wconf 87' lang='lat' dir='ltr'><strong>quem</strong></span> <span class='ocrx_word' id='word_1_123' title='bbox 431 838 457 864; x_wconf 92' lang='lat' dir='ltr'><strong>in</strong></span> <span class='ocrx_word' id='word_1_124' title='bbox 475 845 508 866; x_wconf 94' lang='lat' dir='ltr'><strong>eo</strong></span> <span class='ocrx_word' id='word_1_125' title='bbox 525 843 689 873; x_wconf 76' lang='lat' dir='ltr'><strong>argumento</strong></span> <span class='ocrx_word' id='word_1_126' title='bbox 707 843 858 872; x_wconf 73' lang='lat' dir='ltr'><strong>usurpant,</strong></span> <span class='ocrx_word' id='word_1_127' title='bbox 877 838 1014 873; x_wconf 85' lang='lat' dir='ltr'><strong>suspicari</strong></span> 
     </span>
    </p>
   </div>
   <div class='ocr_carea' id='block_1_19' title="bbox 219 881 1011 914">
    <p class='ocr_par' dir='ltr' id='par_1_19' title="bbox 219 881 1011 914">
     <span class='ocr_line' id='line_1_19' title="bbox 219 881 1011 914; baseline 0.003 -6"><span class='ocrx_word' id='word_1_128' title='bbox 219 881 291 914; x_wconf 84' lang='lat' dir='ltr'><strong>licet,</strong></span> <span class='ocrx_word' id='word_1_129' title='bbox 301 883 414 910; x_wconf 88' lang='lat' dir='ltr'><strong>alteram</strong></span> <span class='ocrx_word' id='word_1_130' title='bbox 430 883 492 911; x_wconf 90' lang='lat' dir='ltr'><strong>illos</strong></span> <span class='ocrx_word' id='word_1_131' title='bbox 505 883 609 911; x_wconf 88' lang='lat' dir='ltr'><strong>Christi</strong></span> <span class='ocrx_word' id='word_1_132' title='bbox 618 887 736 911; x_wconf 83' lang='lat' dir='ltr'><strong>mentem</strong></span> <span class='ocrx_word' id='word_1_133' title='bbox 746 890 870 911; x_wconf 86' lang='lat' dir='ltr'><strong>asserere</strong></span> <span class='ocrx_word' id='word_1_134' title='bbox 880 882 1011 910; x_wconf 81' lang='lat' dir='ltr'><strong>voluisse.</strong></span> 
     </span>
    </p>
   </div>
   <div class='ocr_carea' id='block_1_20' title="bbox 1068 288 1860 325">
    <p class='ocr_par' dir='ltr' id='par_1_20' title="bbox 1068 288 1860 325">
     <span class='ocr_line' id='line_1_20' title="bbox 1068 288 1860 325; baseline 0.003 -11"><span class='ocrx_word' id='word_1_135' title='bbox 1068 288 1199 315; x_wconf 78' lang='grc' dir='ltr'>εὸὐσατο</span> <span class='ocrx_word' id='word_1_136' title='bbox 1213 288 1352 324; x_wconf 81' lang='grc' dir='ltr'>δύναμιν,</span> <span class='ocrx_word' id='word_1_137' title='bbox 1366 289 1416 317; x_wconf 79' lang='grc' dir='ltr'>καὶ</span> <span class='ocrx_word' id='word_1_138' title='bbox 1428 289 1594 320; x_wconf 80' lang='grc' dir='ltr'><strong>διεζώσατο·</strong></span> <span class='ocrx_word' id='word_1_139' title='bbox 1608 289 1800 325; x_wconf 80' lang='grc' dir='ltr'><strong>πληρουμένης</strong></span> <span class='ocrx_word' id='word_1_140' title='bbox 1813 289 1860 316; x_wconf 77' lang='grc' dir='ltr'><strong>ἐπὶ</strong></span> 
     </span>
    </p>
   </div>
   <div class='ocr_carea' id='block_1_21' title="bbox 1070 334 1858 372">
    <p class='ocr_par' dir='ltr' id='par_1_21' title="bbox 1070 334 1858 372">
     <span class='ocr_line' id='line_1_21' title="bbox 1070 334 1858 372; baseline 0.003 -11"><span class='ocrx_word' id='word_1_141' title='bbox 1070 334 1158 370; x_wconf 87' lang='grc' dir='ltr'>τούτῳ</span> <span class='ocrx_word' id='word_1_142' title='bbox 1184 335 1231 362; x_wconf 88' lang='grc' dir='ltr'><strong>τοῦ</strong></span> <span class='ocrx_word' id='word_1_143' title='bbox 1258 336 1411 370; x_wconf 81' lang='grc' dir='ltr'>ἀγιωτάτου</span> <span class='ocrx_word' id='word_1_144' title='bbox 1440 337 1601 363; x_wconf 83' lang='grc' dir='ltr'>’Δποστόλου</span> <span class='ocrx_word' id='word_1_145' title='bbox 1623 336 1673 372; x_wconf 82' lang='grc' dir='ltr'>τῆς</span> <span class='ocrx_word' id='word_1_146' title='bbox 1694 335 1797 371; x_wconf 80' lang='grc' dir='ltr'><strong>φωνῆς,</strong></span> <span class='ocrx_word' id='word_1_147' title='bbox 1817 335 1858 362; x_wconf 82' lang='grc' dir='ltr'>τό·</span> 
     </span>
    </p>
   </div>
   <div class='ocr_carea' id='block_1_22' title="bbox 1069 381 1858 416">
    <p class='ocr_par' dir='ltr' id='par_1_22' title="bbox 1069 381 1858 416">
     <span class='ocr_line' id='line_1_22' title="bbox 1069 381 1858 416; baseline 0.004 -9"><span class='ocrx_word' id='word_1_148' title='bbox 1069 381 1176 408; x_wconf 73' lang='grc' dir='ltr'>οὐκέτι</span> <span class='ocrx_word' id='word_1_149' title='bbox 1195 381 1392 416; x_wconf 78' lang='grc' dir='ltr'><strong>ἀποθνήσκει,</strong></span> <span class='ocrx_word' id='word_1_150' title='bbox 1418 382 1546 416; x_wconf 81' lang='grc' dir='ltr'>θάνατος</span> <span class='ocrx_word' id='word_1_151' title='bbox 1570 382 1665 410; x_wconf 83' lang='grc' dir='ltr'>αὐτοῦ</span> <span class='ocrx_word' id='word_1_152' title='bbox 1686 381 1786 409; x_wconf 74' lang='grc' dir='ltr'>οὐκέτι</span> <span class='ocrx_word' id='word_1_153' title='bbox 1805 391 1858 410; x_wconf 81' lang='grc' dir='ltr'>κυ-</span> 
     </span>
    </p>
   </div>
   <div class='ocr_carea' id='block_1_23' title="bbox 1064 426 1859 463">
    <p class='ocr_par' dir='ltr' id='par_1_23' title="bbox 1064 426 1859 463">
     <span class='ocr_line' id='line_1_23' title="bbox 1064 426 1859 463; baseline 0.001 -11"><span class='ocrx_word' id='word_1_154' title='bbox 1064 427 1169 459; x_wconf 80' lang='grc' dir='ltr'>ριεύει.</span> <span class='ocrx_word' id='word_1_155' title='bbox 1186 427 1283 453; x_wconf 85' lang='grc' dir='ltr'>Τοίνυν</span> <span class='ocrx_word' id='word_1_156' title='bbox 1301 427 1405 454; x_wconf 85' lang='grc' dir='ltr'>τούτων</span> <span class='ocrx_word' id='word_1_157' title='bbox 1421 427 1508 460; x_wconf 77' lang='grc' dir='ltr'>οὕτως</span> <span class='ocrx_word' id='word_1_158' title='bbox 1527 427 1655 463; x_wconf 71' lang='grc' dir='ltr'>ἑχόντων,</span> <span class='ocrx_word' id='word_1_159' title='bbox 1678 426 1818 462; x_wconf 87' lang='grc' dir='ltr'>βούλονται</span> <span class='ocrx_word' id='word_1_160' title='bbox 1834 427 1859 453; x_wconf 85' lang='lat' dir='ltr'><strong>ot</strong></span> 
     </span>
    </p>
   </div>
   <div class='ocr_carea' id='block_1_24' title="bbox 1069 471 1859 508">
    <p class='ocr_par' dir='ltr' id='par_1_24' title="bbox 1069 471 1859 508">
     <span class='ocr_line' id='line_1_24' title="bbox 1069 471 1859 508; baseline 0.001 -10"><span class='ocrx_word' id='word_1_161' title='bbox 1069 471 1180 506; x_wconf 79' lang='grc' dir='ltr'>ἀδελφοὶ</span> <span class='ocrx_word' id='word_1_162' title='bbox 1192 473 1207 507; x_wconf 82' lang='grc' dir='ltr'>ἡ</span> <span class='ocrx_word' id='word_1_163' title='bbox 1212 472 1271 508; x_wconf 86' lang='grc' dir='ltr'>μῶν</span> <span class='ocrx_word' id='word_1_164' title='bbox 1283 473 1324 504; x_wconf 82' lang='grc' dir='ltr'><strong>εἱς</strong></span> <span class='ocrx_word' id='word_1_165' title='bbox 1334 473 1507 508; x_wconf 79' lang='grc' dir='ltr'>παράστασιν</span> <span class='ocrx_word' id='word_1_166' title='bbox 1518 473 1584 508; x_wconf 81' lang='grc' dir='ltr'>ἡμῖν</span> <span class='ocrx_word' id='word_1_167' title='bbox 1594 472 1697 508; x_wconf 79' lang='grc' dir='ltr'>φέρειν,</span> <span class='ocrx_word' id='word_1_168' title='bbox 1709 472 1750 499; x_wconf 80' lang='grc' dir='ltr'>ὅτι</span> <span class='ocrx_word' id='word_1_169' title='bbox 1766 472 1859 507; x_wconf 80' lang='grc' dir='ltr'><em>Ἡμεῖς</em></span> 
     </span>
    </p>
   </div>
   <div class='ocr_carea' id='block_1_25' title="bbox 1069 515 1857 553">
    <p class='ocr_par' dir='ltr' id='par_1_25' title="bbox 1069 515 1857 553">
     <span class='ocr_line' id='line_1_25' title="bbox 1069 515 1857 553; baseline 0.003 -11"><span class='ocrx_word' id='word_1_170' title='bbox 1069 515 1103 542; x_wconf 80' lang='grc' dir='ltr'><strong>δὲ</strong></span> <span class='ocrx_word' id='word_1_171' title='bbox 1116 516 1192 543; x_wconf 83' lang='grc' dir='ltr'>νοῦν</span> <span class='ocrx_word' id='word_1_172' title='bbox 1204 516 1334 551; x_wconf 83' lang='grc' dir='ltr'><strong>Χριστοῦ</strong></span> <span class='ocrx_word' id='word_1_173' title='bbox 1347 517 1467 553; x_wconf 73' lang='grc' dir='ltr'>ἔχομεν.</span> <span class='ocrx_word' id='word_1_174' title='bbox 1483 517 1562 544; x_wconf 81' lang='grc' dir='ltr'><strong>Κατά</strong></span> <span class='ocrx_word' id='word_1_175' title='bbox 1574 517 1602 544; x_wconf 82' lang='grc' dir='ltr'><strong>δὲ</strong></span> <span class='ocrx_word' id='word_1_176' title='bbox 1613 517 1658 544; x_wconf 82' lang='grc' dir='ltr'>τὸν</span> <span class='ocrx_word' id='word_1_177' title='bbox 1668 517 1748 551; x_wconf 89' lang='grc' dir='ltr'>λόγον</span> <span class='ocrx_word' id='word_1_178' title='bbox 1757 517 1857 549; x_wconf 83' lang='grc' dir='ltr'>αὐτῶν,</span> 
     </span>
    </p>
   </div>
   <div class='ocr_carea' id='block_1_26' title="bbox 1065 562 1858 601">
    <p class='ocr_par' dir='ltr' id='par_1_26' title="bbox 1065 562 1858 601">
     <span class='ocr_line' id='line_1_26' title="bbox 1065 562 1858 601; baseline 0.003 -13"><span class='ocrx_word' id='word_1_179' title='bbox 1065 562 1111 589; x_wconf 78' lang='grc' dir='ltr'>τὸν</span> <span class='ocrx_word' id='word_1_180' title='bbox 1125 563 1172 589; x_wconf 77' lang='grc' dir='ltr'><strong>ἐπὶ</strong></span> <span class='ocrx_word' id='word_1_181' title='bbox 1186 564 1219 599; x_wconf 82' lang='grc' dir='ltr'>τῇ</span> <span class='ocrx_word' id='word_1_182' title='bbox 1238 563 1340 600; x_wconf 81' lang='grc' dir='ltr'><strong>θεωρίᾳ</strong></span> <span class='ocrx_word' id='word_1_183' title='bbox 1358 565 1445 601; x_wconf 85' lang='grc' dir='ltr'>ταύτῃ</span> <span class='ocrx_word' id='word_1_184' title='bbox 1466 563 1647 600; x_wconf 80' lang='grc' dir='ltr'><strong>φραζόμενον,</strong></span> <span class='ocrx_word' id='word_1_185' title='bbox 1672 564 1713 596; x_wconf 84' lang='grc' dir='ltr'><strong>είς</strong></span> <span class='ocrx_word' id='word_1_186' title='bbox 1732 564 1858 591; x_wconf 83' lang='grc' dir='ltr'>ὑπόνοιαν</span> 
     </span>
    </p>
   </div>
   <div class='ocr_carea' id='block_1_27' title="bbox 1067 608 1856 646">
    <p class='ocr_par' dir='ltr' id='par_1_27' title="bbox 1067 608 1856 646">
     <span class='ocr_line' id='line_1_27' title="bbox 1067 608 1856 646; baseline 0.001 -11"><span class='ocrx_word' id='word_1_187' title='bbox 1067 608 1142 643; x_wconf 85' lang='grc' dir='ltr'>ἡμᾶς</span> <span class='ocrx_word' id='word_1_188' title='bbox 1156 608 1280 644; x_wconf 76' lang='grc' dir='ltr'>φέρουσι,</span> <span class='ocrx_word' id='word_1_189' title='bbox 1300 609 1337 646; x_wconf 87' lang='grc' dir='ltr'>μὴ</span> <span class='ocrx_word' id='word_1_190' title='bbox 1350 610 1421 645; x_wconf 83' lang='grc' dir='ltr'><strong>τάχα</strong></span> <span class='ocrx_word' id='word_1_191' title='bbox 1438 611 1598 646; x_wconf 85' lang='grc' dir='ltr'>νενοήκασιν</span> <span class='ocrx_word' id='word_1_192' title='bbox 1612 610 1649 642; x_wconf 84' lang='grc' dir='ltr'>ὡς</span> <span class='ocrx_word' id='word_1_193' title='bbox 1667 610 1715 637; x_wconf 86' lang='grc' dir='ltr'><strong>τοῦ</strong></span> <span class='ocrx_word' id='word_1_194' title='bbox 1731 609 1777 637; x_wconf 90' lang='grc' dir='ltr'><strong>νοῦ</strong></span> <span class='ocrx_word' id='word_1_195' title='bbox 1797 609 1856 636; x_wconf 78' lang='grc' dir='ltr'><strong>ἑτέ-</strong></span> 
     </span>
    </p>
   </div>
   <div class='ocr_carea' id='block_1_28' title="bbox 1068 652 1858 691">
    <p class='ocr_par' dir='ltr' id='par_1_28' title="bbox 1068 652 1858 691">
     <span class='ocr_line' id='line_1_28' title="bbox 1068 652 1858 691; baseline 0.003 -11"><span class='ocrx_word' id='word_1_196' title='bbox 1068 663 1114 689; x_wconf 86' lang='grc' dir='ltr'><strong>ρου</strong></span> <span class='ocrx_word' id='word_1_197' title='bbox 1127 654 1204 686; x_wconf 77' lang='grc' dir='ltr'>ὄντος</span> <span class='ocrx_word' id='word_1_198' title='bbox 1216 654 1263 682; x_wconf 86' lang='grc' dir='ltr'><strong>τοῦ</strong></span> <span class='ocrx_word' id='word_1_199' title='bbox 1280 655 1409 690; x_wconf 86' lang='grc' dir='ltr'>Χριστοῦ.</span> <span class='ocrx_word' id='word_1_200' title='bbox 1427 656 1458 683; x_wconf 79' lang='lat' dir='ltr'><strong>Et</strong></span> <span class='ocrx_word' id='word_1_201' title='bbox 1474 656 1503 683; x_wconf 83' lang='grc' dir='ltr'><strong>δὲ</strong></span> <span class='ocrx_word' id='word_1_202' title='bbox 1514 657 1543 683; x_wconf 81' lang='grc' dir='ltr'>οὐ</span> <span class='ocrx_word' id='word_1_203' title='bbox 1560 656 1712 691; x_wconf 78' lang='grc' dir='ltr'><strong>λογίζονται</strong></span> <span class='ocrx_word' id='word_1_204' title='bbox 1727 655 1807 688; x_wconf 75' lang='grc' dir='ltr'>ἐκτὸς</span> <span class='ocrx_word' id='word_1_205' title='bbox 1819 652 1858 682; x_wconf 72' lang='grc' dir='ltr'><strong>εῖ-</strong></span> 
     </span>
    </p>
   </div>
   <div class='ocr_carea' id='block_1_29' title="bbox 1068 700 1856 738">
    <p class='ocr_par' dir='ltr' id='par_1_29' title="bbox 1068 700 1856 738">
     <span class='ocr_line' id='line_1_29' title="bbox 1068 700 1856 738; baseline 0.001 -10"><span class='ocrx_word' id='word_1_206' title='bbox 1068 709 1113 728; x_wconf 88' lang='grc' dir='ltr'>ναι</span> <span class='ocrx_word' id='word_1_207' title='bbox 1132 701 1182 737; x_wconf 83' lang='grc' dir='ltr'>τὴν</span> <span class='ocrx_word' id='word_1_208' title='bbox 1202 701 1318 738; x_wconf 81' lang='grc' dir='ltr'>θεότητα</span> <span class='ocrx_word' id='word_1_209' title='bbox 1331 702 1380 738; x_wconf 83' lang='grc' dir='ltr'>τῆς</span> <span class='ocrx_word' id='word_1_210' title='bbox 1397 702 1640 738; x_wconf 74' lang='grc' dir='ltr'>ἐνανθρωπήσεως,</span> <span class='ocrx_word' id='word_1_211' title='bbox 1657 702 1726 729; x_wconf 78' lang='grc' dir='ltr'>ἀλλὰ</span> <span class='ocrx_word' id='word_1_212' title='bbox 1743 702 1808 738; x_wconf 84' lang='grc' dir='ltr'>μίαν</span> <span class='ocrx_word' id='word_1_213' title='bbox 1819 700 1856 729; x_wconf 76' lang='grc' dir='ltr'><strong>εἴ·</strong></span> 
     </span>
    </p>
   </div>
   <div class='ocr_carea' id='block_1_30' title="bbox 1065 747 1856 785">
    <p class='ocr_par' dir='ltr' id='par_1_30' title="bbox 1065 747 1856 785">
     <span class='ocr_line' id='line_1_30' title="bbox 1065 747 1856 785; baseline 0.001 -11"><span class='ocrx_word' id='word_1_214' title='bbox 1065 755 1109 774; x_wconf 86' lang='grc' dir='ltr'><strong>ναι</strong></span> <span class='ocrx_word' id='word_1_215' title='bbox 1123 747 1174 783; x_wconf 87' lang='grc' dir='ltr'>τὴν</span> <span class='ocrx_word' id='word_1_216' title='bbox 1190 748 1357 784; x_wconf 77' lang='grc' dir='ltr'>οἰκονομίαν,</span> <span class='ocrx_word' id='word_1_217' title='bbox 1372 748 1399 776; x_wconf 86' lang='grc' dir='ltr'><strong>τί</strong></span> <span class='ocrx_word' id='word_1_218' title='bbox 1417 749 1472 785; x_wconf 72' lang='grc' dir='ltr'>ἄρα</span> <span class='ocrx_word' id='word_1_219' title='bbox 1490 748 1568 776; x_wconf 72' lang='grc' dir='ltr'>ἔσται</span> <span class='ocrx_word' id='word_1_220' title='bbox 1584 749 1779 785; x_wconf 83' lang='grc' dir='ltr'>περισσότερον</span> <span class='ocrx_word' id='word_1_221' title='bbox 1794 748 1856 780; x_wconf 83' lang='grc' dir='ltr'>νοῦς</span> 
     </span>
    </p>
   </div>
   <div class='ocr_carea' id='block_1_31' title="bbox 1065 791 1856 830">
    <p class='ocr_par' dir='ltr' id='par_1_31' title="bbox 1065 791 1856 830">
     <span class='ocr_line' id='line_1_31' title="bbox 1065 791 1856 830; baseline 0.004 -12"><span class='ocrx_word' id='word_1_222' title='bbox 1065 791 1185 828; x_wconf 82' lang='grc' dir='ltr'><strong>Χριστοῦ</strong></span> <span class='ocrx_word' id='word_1_223' title='bbox 1201 794 1216 820; x_wconf 88' lang='grc' dir='ltr'><strong>ό</strong></span> <span class='ocrx_word' id='word_1_224' title='bbox 1230 793 1391 829; x_wconf 84' lang='grc' dir='ltr'>λεγόμενος;</span> <span class='ocrx_word' id='word_1_225' title='bbox 1414 794 1461 830; x_wconf 83' lang='grc' dir='ltr'><strong>Μὴ</strong></span> <span class='ocrx_word' id='word_1_226' title='bbox 1478 794 1533 830; x_wconf 79' lang='grc' dir='ltr'>ἄρα</span> <span class='ocrx_word' id='word_1_227' title='bbox 1554 795 1616 822; x_wconf 84' lang='grc' dir='ltr'>καθ’</span> <span class='ocrx_word' id='word_1_228' title='bbox 1639 794 1734 821; x_wconf 82' lang='grc' dir='ltr'>ἑαυτὸν</span> <span class='ocrx_word' id='word_1_229' title='bbox 1754 795 1768 820; x_wconf 84' lang='grc' dir='ltr'><strong><em>ὸ</em></strong></span> <span class='ocrx_word' id='word_1_230' title='bbox 1790 794 1856 826; x_wconf 80' lang='grc' dir='ltr'>Θεὺς</span> 
     </span>
    </p>
   </div>
   <div class='ocr_carea' id='block_1_32' title="bbox 1069 838 1855 877">
    <p class='ocr_par' dir='ltr' id='par_1_32' title="bbox 1069 838 1855 877">
     <span class='ocr_line' id='line_1_32' title="bbox 1069 838 1855 877; baseline 0.001 -12"><span class='ocrx_word' id='word_1_231' title='bbox 1069 838 1157 872; x_wconf 86' lang='grc' dir='ltr'>Λόγος</span> <span class='ocrx_word' id='word_1_232' title='bbox 1172 839 1242 872; x_wconf 73' lang='grc' dir='ltr'>ἐστὶ,</span> <span class='ocrx_word' id='word_1_233' title='bbox 1262 840 1299 876; x_wconf 83' lang='grc' dir='ltr'>μὴ</span> <span class='ocrx_word' id='word_1_234' title='bbox 1312 840 1382 876; x_wconf 79' lang='grc' dir='ltr'>ἔχων</span> <span class='ocrx_word' id='word_1_235' title='bbox 1394 841 1456 868; x_wconf 86' lang='grc' dir='ltr'>νοῦν</span> <span class='ocrx_word' id='word_1_236' title='bbox 1472 840 1650 877; x_wconf 82' lang='grc' dir='ltr'>ἀνθρώπινον,</span> <span class='ocrx_word' id='word_1_237' title='bbox 1669 841 1707 873; x_wconf 85' lang='grc' dir='ltr'>ὣς</span> <span class='ocrx_word' id='word_1_238' title='bbox 1722 849 1813 876; x_wconf 77' lang='grc' dir='ltr'>φασιν,</span> <span class='ocrx_word' id='word_1_239' title='bbox 1827 840 1855 867; x_wconf 81' lang='grc' dir='ltr'>ὲν</span> 
     </span>
    </p>
   </div>
   <div class='ocr_carea' id='block_1_33' title="bbox 1067 885 1855 924">
    <p class='ocr_par' dir='ltr' id='par_1_33' title="bbox 1067 885 1855 924">
     <span class='ocr_line' id='line_1_33' title="bbox 1067 885 1855 924; baseline 0.003 -13"><span class='ocrx_word' id='word_1_240' title='bbox 1067 886 1100 920; x_wconf 84' lang='grc' dir='ltr'><strong>τῇ</strong></span> <span class='ocrx_word' id='word_1_241' title='bbox 1119 886 1244 921; x_wconf 84' lang='grc' dir='ltr'>ὲνσάρκῳ</span> <span class='ocrx_word' id='word_1_242' title='bbox 1265 887 1421 924; x_wconf 83' lang='grc' dir='ltr'>παρουσίᾳ;</span> <span class='ocrx_word' id='word_1_243' title='bbox 1443 887 1515 914; x_wconf 86' lang='grc' dir='ltr'>Νοῦν</span> <span class='ocrx_word' id='word_1_244' title='bbox 1531 888 1559 914; x_wconf 80' lang='grc' dir='ltr'><strong>δὲ</strong></span> <span class='ocrx_word' id='word_1_245' title='bbox 1578 887 1671 923; x_wconf 66' lang='grc' dir='ltr'>ἕτερον</span> <span class='ocrx_word' id='word_1_246' title='bbox 1686 887 1742 922; x_wconf 75' lang='grc' dir='ltr'>ἔχει</span> <span class='ocrx_word' id='word_1_247' title='bbox 1757 887 1771 913; x_wconf 86' lang='grc' dir='ltr'><strong>ό</strong></span> <span class='ocrx_word' id='word_1_248' title='bbox 1786 885 1855 922; x_wconf 78' lang='grc' dir='ltr'>Χρι-</span> 
     </span>
    </p>
   </div>
   <div class='ocr_carea' id='block_1_34' title="bbox 220 922 1011 968">
    <p class='ocr_par' dir='ltr' id='par_1_34' title="bbox 220 928 1008 964">
     <span class='ocr_line' id='line_1_34' title="bbox 220 928 1008 964; baseline 0 -8"><span class='ocrx_word' id='word_1_249' title='bbox 220 928 272 956; x_wconf 88' lang='lat' dir='ltr'><strong>Sed</strong></span> <span class='ocrx_word' id='word_1_250' title='bbox 289 929 313 957; x_wconf 90' lang='lat' dir='ltr'><strong>si</strong></span> <span class='ocrx_word' id='word_1_251' title='bbox 330 929 501 957; x_wconf 75' lang='lat' dir='ltr'><strong>divinitatem</strong></span> <span class='ocrx_word' id='word_1_252' title='bbox 519 929 554 957; x_wconf 87' lang='lat' dir='ltr'><strong>ab</strong></span> <span class='ocrx_word' id='word_1_253' title='bbox 577 929 767 957; x_wconf 79' lang='lat' dir='ltr'><strong>incarnatione</strong></span> <span class='ocrx_word' id='word_1_254' title='bbox 789 937 843 957; x_wconf 89' lang='lat' dir='ltr'><strong>non</strong></span> <span class='ocrx_word' id='word_1_255' title='bbox 869 933 1008 964; x_wconf 85' lang='lat' dir='ltr'><strong>separant.</strong></span> 
     </span>
    </p>
   </div>
   <div class='ocr_carea' id='block_1_35' title="bbox 1065 922 1854 968">
    <p class='ocr_par' dir='ltr' id='par_1_35' title="bbox 1065 922 1854 968">
     <span class='ocr_line' id='line_1_35' title="bbox 1065 922 1854 968; baseline 0.003 -11"><span class='ocrx_word' id='word_1_256' title='bbox 1065 930 1128 962; x_wconf 81' lang='grc' dir='ltr'>στὸς</span> <span class='ocrx_word' id='word_1_257' title='bbox 1149 932 1225 967; x_wconf 78' lang='grc' dir='ltr'>παρὰ</span> <span class='ocrx_word' id='word_1_258' title='bbox 1247 932 1298 968; x_wconf 82' lang='grc' dir='ltr'><strong>τὴν</strong></span> <span class='ocrx_word' id='word_1_259' title='bbox 1323 922 1406 960; x_wconf 75' lang='grc' dir='ltr'>αὑτοῦ</span> <span class='ocrx_word' id='word_1_260' title='bbox 1433 933 1584 961; x_wconf 74' lang='grc' dir='ltr'>ὑπόστασιν</span> <span class='ocrx_word' id='word_1_261' title='bbox 1601 922 1652 965; x_wconf 72' lang='grc' dir='ltr'>τῆς</span> <span class='ocrx_word' id='word_1_262' title='bbox 1670 933 1812 968; x_wconf 78' lang='grc' dir='ltr'><strong>θεότητος,</strong></span> <span class='ocrx_word' id='word_1_263' title='bbox 1837 931 1854 967; x_wconf 78' lang='grc' dir='ltr'>ἢ</span> 
     </span>
    </p>
   </div>
   <div class='ocr_carea' id='block_1_36' title="bbox 218 975 1011 1014">
    <p class='ocr_par' dir='ltr' id='par_1_36' title="bbox 218 975 1009 1011">
     <span class='ocr_line' id='line_1_36' title="bbox 218 975 1009 1011; baseline -0.001 -8"><span class='ocrx_word' id='word_1_264' title='bbox 218 975 266 1003; x_wconf 85' lang='lat' dir='ltr'><strong>sed</strong></span> <span class='ocrx_word' id='word_1_265' title='bbox 298 976 411 1004; x_wconf 88' lang='lat' dir='ltr'><strong>unicum</strong></span> <span class='ocrx_word' id='word_1_266' title='bbox 435 983 469 1004; x_wconf 86' lang='lat' dir='ltr'><strong>ac</strong></span> <span class='ocrx_word' id='word_1_267' title='bbox 495 976 610 1011; x_wconf 88' lang='lat' dir='ltr'><strong>simplex</strong></span> <span class='ocrx_word' id='word_1_268' title='bbox 645 975 844 1003; x_wconf 86' lang='lat' dir='ltr'><strong>incarnationis</strong></span> <span class='ocrx_word' id='word_1_269' title='bbox 870 975 1009 1010; x_wconf 72' lang='lat' dir='ltr'><strong>negotium</strong></span> 
     </span>
    </p>
   </div>
   <div class='ocr_carea' id='block_1_37' title="bbox 1065 975 1855 1014">
    <p class='ocr_par' dir='ltr' id='par_1_37' title="bbox 1065 977 1855 1014">
     <span class='ocr_line' id='line_1_37' title="bbox 1065 977 1855 1014; baseline 0.003 -12"><span class='ocrx_word' id='word_1_270' title='bbox 1065 977 1292 1012; x_wconf 79' lang='grc' dir='ltr'>καταχρηστικῶς</span> <span class='ocrx_word' id='word_1_271' title='bbox 1305 977 1384 1005; x_wconf 68' lang='grc' dir='ltr'>εἴωθε</span> <span class='ocrx_word' id='word_1_272' title='bbox 1402 979 1458 1006; x_wconf 82' lang='grc' dir='ltr'>πᾶν</span> <span class='ocrx_word' id='word_1_273' title='bbox 1473 979 1549 1014; x_wconf 80' lang='grc' dir='ltr'>ῥῆμα</span> <span class='ocrx_word' id='word_1_274' title='bbox 1561 978 1713 1014; x_wconf 81' lang='grc' dir='ltr'>ὑπέρογκον</span> <span class='ocrx_word' id='word_1_275' title='bbox 1727 977 1855 1012; x_wconf 79' lang='grc' dir='ltr'>λέγεσθαι</span> 
     </span>
    </p>
   </div>
   <div class='ocr_carea' id='block_1_38' title="bbox 218 1021 1011 1063">
    <p class='ocr_par' dir='ltr' id='par_1_38' title="bbox 218 1021 1010 1063">
     <span class='ocr_line' id='line_1_38' title="bbox 218 1021 1010 1063; baseline -0.003 -14"><span class='ocrx_word' id='word_1_276' title='bbox 218 1022 285 1049; x_wconf 92' lang='lat' dir='ltr'><strong>illud</strong></span> <span class='ocrx_word' id='word_1_277' title='bbox 299 1029 362 1063; x_wconf 85' lang='lat' dir='ltr'><strong>esse</strong></span> <span class='ocrx_word' id='word_1_278' title='bbox 386 1026 493 1057; x_wconf 90' lang='lat' dir='ltr'><strong>putant,</strong></span> <span class='ocrx_word' id='word_1_279' title='bbox 516 1022 582 1057; x_wconf 82' lang='lat' dir='ltr'><strong>quid</strong></span> <span class='ocrx_word' id='word_1_280' title='bbox 599 1021 708 1050; x_wconf 83' lang='lat' dir='ltr'><strong>tandem</strong></span> <span class='ocrx_word' id='word_1_281' title='bbox 724 1021 855 1049; x_wconf 81' lang='lat' dir='ltr'><strong>eximium</strong></span> <span class='ocrx_word' id='word_1_282' title='bbox 870 1021 915 1048; x_wconf 89' lang='lat' dir='ltr'><strong>illa</strong></span> <span class='ocrx_word' id='word_1_283' title='bbox 927 1040 934 1052; x_wconf 86' lang='lat'><strong>.</strong></span> <span class='ocrx_word' id='word_1_284' title='bbox 950 1028 1010 1056; x_wconf 64' lang='lat' dir='ltr'><strong>quas</strong></span> 
     </span>
    </p>
   </div>
   <div class='ocr_carea' id='block_1_39' title="bbox 1065 1021 1802 1063">
    <p class='ocr_par' dir='ltr' id='par_1_39' title="bbox 1065 1021 1802 1061">
     <span class='ocr_line' id='line_1_39' title="bbox 1065 1021 1802 1061; baseline 0.007 -14"><span class='ocrx_word' id='word_1_285' title='bbox 1065 1021 1132 1057; x_wconf 84' lang='grc' dir='ltr'>ἡμῖν</span> <span class='ocrx_word' id='word_1_286' title='bbox 1148 1023 1189 1054; x_wconf 82' lang='grc' dir='ltr'><strong>είς</strong></span> <span class='ocrx_word' id='word_1_287' title='bbox 1205 1023 1378 1060; x_wconf 67' lang='grc' dir='ltr'>παράστασιν</span> <span class='ocrx_word' id='word_1_288' title='bbox 1392 1025 1447 1052; x_wconf 84' lang='grc' dir='ltr'>τῶν</span> <span class='ocrx_word' id='word_1_289' title='bbox 1462 1026 1491 1052; x_wconf 84' lang='grc' dir='ltr'>ὲν</span> <span class='ocrx_word' id='word_1_290' title='bbox 1508 1026 1575 1061; x_wconf 83' lang='grc' dir='ltr'>ἡμῖν</span> <span class='ocrx_word' id='word_1_291' title='bbox 1588 1024 1802 1061; x_wconf 72' lang='grc' dir='ltr'>πληρουμένωνς</span> 
     </span>
    </p>
   </div>
   <div class='ocr_carea' id='block_1_40' title="bbox 217 1065 1856 1101">
    <p class='ocr_par' dir='ltr' id='par_1_40' title="bbox 217 1065 1856 1101">
     <span class='ocr_line' id='line_1_40' title="bbox 217 1065 1856 1101; baseline 0.001 -6"><span class='ocrx_word' id='word_1_292' title='bbox 217 1068 329 1101; x_wconf 89' lang='lat' dir='ltr'><strong>dicitur,</strong></span> <span class='ocrx_word' id='word_1_293' title='bbox 346 1068 448 1096; x_wconf 82' lang='lat' dir='ltr'><strong>Christi</strong></span> <span class='ocrx_word' id='word_1_294' title='bbox 471 1076 549 1096; x_wconf 91' lang='lat' dir='ltr'><strong>mens</strong></span> <span class='ocrx_word' id='word_1_295' title='bbox 573 1067 705 1096; x_wconf 79' lang='lat' dir='ltr'><strong>habebit?</strong></span> <span class='ocrx_word' id='word_1_296' title='bbox 728 1067 769 1094; x_wconf 87' lang='lat' dir='ltr'><strong>An</strong></span> <span class='ocrx_word' id='word_1_297' title='bbox 796 1074 845 1101; x_wconf 86' lang='lat' dir='ltr'><strong>per</strong></span> <span class='ocrx_word' id='word_1_298' title='bbox 868 1074 898 1094; x_wconf 83' lang='lat' dir='ltr'><strong>se</strong></span> <span class='ocrx_word' id='word_1_299' title='bbox 921 1065 1010 1100; x_wconf 90' lang='lat' dir='ltr'><strong>ipsum</strong></span> <span class='ocrx_word' id='word_1_300' title='bbox 1028 1065 1074 1093; x_wconf 90' lang='lat' dir='ltr'><strong>Dei</strong></span> <span class='ocrx_word' id='word_1_301' title='bbox 1091 1065 1211 1095; x_wconf 85' lang='lat' dir='ltr'><strong>Verbum</strong></span> <span class='ocrx_word' id='word_1_302' title='bbox 1227 1069 1354 1101; x_wconf 86' lang='lat' dir='ltr'><strong>exsistit,</strong></span> <span class='ocrx_word' id='word_1_303' title='bbox 1371 1077 1422 1097; x_wconf 87' lang='lat' dir='ltr'><strong>nec</strong></span> <span class='ocrx_word' id='word_1_304' title='bbox 1455 1070 1575 1098; x_wconf 88' lang='lat' dir='ltr'><strong>humana</strong></span> <span class='ocrx_word' id='word_1_305' title='bbox 1597 1074 1688 1098; x_wconf 87' lang='lat' dir='ltr'><strong>mente</strong></span> <span class='ocrx_word' id='word_1_306' title='bbox 1714 1070 1742 1097; x_wconf 93' lang='lat' dir='ltr'><strong>in</strong></span> <span class='ocrx_word' id='word_1_307' title='bbox 1762 1070 1856 1097; x_wconf 80' lang='lat' dir='ltr'><strong>incar-</strong></span> 
     </span>
    </p>
   </div>
   <div class='ocr_carea' id='block_1_41' title="bbox 217 1111 1854 1153">
    <p class='ocr_par' dir='ltr' id='par_1_41' title="bbox 217 1111 1854 1153">
     <span class='ocr_line' id='line_1_41' title="bbox 217 1111 1854 1153; baseline 0.001 -12"><span class='ocrx_word' id='word_1_308' title='bbox 217 1115 326 1142; x_wconf 86' lang='lat' dir='ltr'><strong>natione</strong></span> <span class='ocrx_word' id='word_1_309' title='bbox 356 1114 500 1150; x_wconf 66' lang='lat' dir='ltr'><strong>praeditum</strong></span> <span class='ocrx_word' id='word_1_310' title='bbox 527 1114 586 1142; x_wconf 86' lang='lat' dir='ltr'><strong>est?</strong></span> <span class='ocrx_word' id='word_1_311' title='bbox 612 1121 673 1150; x_wconf 69' lang='lat' dir='ltr'><strong>quae</strong></span> <span class='ocrx_word' id='word_1_312' title='bbox 699 1117 742 1141; x_wconf 87' lang='lat' dir='ltr'><strong>est</strong></span> <span class='ocrx_word' id='word_1_313' title='bbox 771 1113 879 1140; x_wconf 89' lang='lat' dir='ltr'><strong>illorum</strong></span> <span class='ocrx_word' id='word_1_314' title='bbox 908 1111 1011 1147; x_wconf 90' lang='lat' dir='ltr'><strong>opinio.</strong></span> <span class='ocrx_word' id='word_1_315' title='bbox 1046 1112 1153 1148; x_wconf 77' lang='lat'><strong>1028</strong></span> <span class='ocrx_word' id='word_1_316' title='bbox 1189 1114 1231 1141; x_wconf 90' lang='lat' dir='ltr'><strong>An</strong></span> <span class='ocrx_word' id='word_1_317' title='bbox 1258 1115 1311 1141; x_wconf 88' lang='lat' dir='ltr'><strong>alia</strong></span> <span class='ocrx_word' id='word_1_318' title='bbox 1338 1120 1436 1150; x_wconf 61' lang='lat' dir='ltr'><strong>praeter</strong></span> <span class='ocrx_word' id='word_1_319' title='bbox 1462 1116 1614 1145; x_wconf 81' lang='lat' dir='ltr'><strong>divinitatis</strong></span> <span class='ocrx_word' id='word_1_320' title='bbox 1637 1116 1799 1153; x_wconf 79' lang='lat' dir='ltr'><strong>hypostasin</strong></span> <span class='ocrx_word' id='word_1_321' title='bbox 1826 1116 1854 1143; x_wconf 88' lang='lat' dir='ltr'><strong>in</strong></span> 
     </span>
    </p>
   </div>
   <div class='ocr_carea' id='block_1_42' title="bbox 216 1157 1855 1197">
    <p class='ocr_par' dir='ltr' id='par_1_42' title="bbox 216 1157 1855 1197">
     <span class='ocr_line' id='line_1_42' title="bbox 216 1157 1855 1197; baseline 0.001 -8"><span class='ocrx_word' id='word_1_322' title='bbox 216 1162 330 1190; x_wconf 78' lang='lat' dir='ltr'><strong>Christo</strong></span> <span class='ocrx_word' id='word_1_323' title='bbox 359 1169 437 1190; x_wconf 85' lang='lat' dir='ltr'><strong>mens</strong></span> <span class='ocrx_word' id='word_1_324' title='bbox 464 1160 589 1189; x_wconf 84' lang='lat' dir='ltr'><strong>residet?</strong></span> <span class='ocrx_word' id='word_1_325' title='bbox 610 1160 653 1187; x_wconf 85' lang='lat' dir='ltr'><strong>An</strong></span> <span class='ocrx_word' id='word_1_326' title='bbox 683 1159 775 1195; x_wconf 85' lang='lat' dir='ltr'><strong>potius</strong></span> <span class='ocrx_word' id='word_1_327' title='bbox 799 1158 948 1193; x_wconf 71' lang='lat' dir='ltr'><strong>Scriptum</strong></span> <span class='ocrx_word' id='word_1_328' title='bbox 968 1157 1014 1184; x_wconf 85' lang='lat' dir='ltr'><strong>ille</strong></span> <span class='ocrx_word' id='word_1_329' title='bbox 1030 1165 1090 1185; x_wconf 87' lang='lat' dir='ltr'><strong>mos</strong></span> <span class='ocrx_word' id='word_1_330' title='bbox 1103 1163 1157 1192; x_wconf 86' lang='lat' dir='ltr'><strong>est,</strong></span> <span class='ocrx_word' id='word_1_331' title='bbox 1173 1162 1203 1185; x_wconf 89' lang='lat' dir='ltr'><strong>ut</strong></span> <span class='ocrx_word' id='word_1_332' title='bbox 1214 1159 1248 1186; x_wconf 83' lang='lat' dir='ltr'><strong>ad</strong></span> <span class='ocrx_word' id='word_1_333' title='bbox 1263 1166 1296 1186; x_wconf 86' lang='lat' dir='ltr'><strong>ea</strong></span> <span class='ocrx_word' id='word_1_334' title='bbox 1311 1168 1372 1195; x_wconf 58' lang='lat' dir='ltr'><strong>qua</strong></span> <span class='ocrx_word' id='word_1_335' title='bbox 1388 1161 1416 1188; x_wconf 89' lang='lat' dir='ltr'><strong>in</strong></span> <span class='ocrx_word' id='word_1_336' title='bbox 1434 1161 1513 1190; x_wconf 87' lang='lat' dir='ltr'><strong>nobis</strong></span> <span class='ocrx_word' id='word_1_337' title='bbox 1535 1165 1679 1197; x_wconf 69' lang='lat' dir='ltr'><strong>geruntur,</strong></span> <span class='ocrx_word' id='word_1_338' title='bbox 1704 1161 1740 1190; x_wconf 87' lang='lat' dir='ltr'><strong>ob</strong></span> <span class='ocrx_word' id='word_1_339' title='bbox 1760 1161 1855 1190; x_wconf 87' lang='lat' dir='ltr'><strong>oculos</strong></span> 
     </span>
    </p>
   </div>
   <div class='ocr_carea' id='block_1_43' title="bbox 218 1205 790 1244">
    <p class='ocr_par' dir='ltr' id='par_1_43' title="bbox 218 1205 790 1244">
     <span class='ocr_line' id='line_1_43' title="bbox 218 1205 790 1244; baseline -0.007 -9"><span class='ocrx_word' id='word_1_340' title='bbox 218 1209 346 1244; x_wconf 81' lang='lat' dir='ltr'><strong>ponenda</strong></span> <span class='ocrx_word' id='word_1_341' title='bbox 362 1207 558 1244; x_wconf 76' lang='lat' dir='ltr'><strong>grandioribus</strong></span> <span class='ocrx_word' id='word_1_342' title='bbox 573 1205 664 1234; x_wconf 78' lang='lat' dir='ltr'><strong>verbis</strong></span> <span class='ocrx_word' id='word_1_343' title='bbox 680 1205 790 1232; x_wconf 80' lang='lat' dir='ltr'><strong>utatur?</strong></span> 
     </span>
    </p>
   </div>
   <div class='ocr_carea' id='block_1_44' title="bbox 255 1249 1014 1288">
    <p class='ocr_par' dir='ltr' id='par_1_44' title="bbox 255 1249 1014 1288">
     <span class='ocr_line' id='line_1_44' title="bbox 255 1249 1014 1288; baseline -0.008 -6"><span class='ocrx_word' id='word_1_344' title='bbox 255 1254 375 1282; x_wconf 77' lang='grc' dir='ltr'>ΧΧΧΝ.</span> <span class='ocrx_word' id='word_1_345' title='bbox 392 1253 459 1281; x_wconf 78' lang='lat' dir='ltr'><strong>Nam</strong></span> <span class='ocrx_word' id='word_1_346' title='bbox 477 1255 500 1283; x_wconf 89' lang='lat' dir='ltr'><strong>si</strong></span> <span class='ocrx_word' id='word_1_347' title='bbox 517 1261 579 1282; x_wconf 86' lang='lat' dir='ltr'><strong>vere</strong></span> <span class='ocrx_word' id='word_1_348' title='bbox 594 1252 670 1288; x_wconf 88' lang='lat' dir='ltr'><strong>loqui</strong></span> <span class='ocrx_word' id='word_1_349' title='bbox 690 1253 817 1279; x_wconf 88' lang='lat' dir='ltr'><strong>volumus</strong></span> <span class='ocrx_word' id='word_1_350' title='bbox 830 1271 837 1283; x_wconf 87' lang='lat'><strong>,</strong></span> <span class='ocrx_word' id='word_1_351' title='bbox 852 1251 914 1286; x_wconf 90' lang='lat' dir='ltr'><strong>pius</strong></span> <span class='ocrx_word' id='word_1_352' title='bbox 933 1249 1014 1285; x_wconf 89' lang='lat' dir='ltr'><strong>quili-</strong></span> 
     </span>
    </p>
   </div>
   <div class='ocr_carea' id='block_1_45' title="bbox 217 1299 1012 1330">
    <p class='ocr_par' dir='ltr' id='par_1_45' title="bbox 217 1299 1012 1330">
     <span class='ocr_line' id='line_1_45' title="bbox 217 1299 1012 1330; baseline -0.009 -1"><span class='ocrx_word' id='word_1_353' title='bbox 217 1303 263 1329; x_wconf 85' lang='lat' dir='ltr'><strong>het</strong></span> <span class='ocrx_word' id='word_1_354' title='bbox 277 1301 361 1328; x_wconf 89' lang='lat' dir='ltr'><strong>vitam</strong></span> <span class='ocrx_word' id='word_1_355' title='bbox 380 1308 459 1328; x_wconf 89' lang='lat' dir='ltr'><strong>suam</strong></span> <span class='ocrx_word' id='word_1_356' title='bbox 484 1307 539 1327; x_wconf 87' lang='lat' dir='ltr'><strong>non</strong></span> <span class='ocrx_word' id='word_1_357' title='bbox 555 1307 588 1327; x_wconf 79' lang='lat' dir='ltr'><strong>ex</strong></span> <span class='ocrx_word' id='word_1_358' title='bbox 608 1299 729 1326; x_wconf 84' lang='lat' dir='ltr'><strong>humana</strong></span> <span class='ocrx_word' id='word_1_359' title='bbox 748 1301 839 1325; x_wconf 89' lang='lat' dir='ltr'><strong>mente</strong></span> <span class='ocrx_word' id='word_1_360' title='bbox 867 1299 1012 1330; x_wconf 85' lang='lat' dir='ltr'><strong>temperat,</strong></span> 
     </span>
    </p>
   </div>
   <div class='ocr_carea' id='block_1_46' title="bbox 217 1342 1012 1381">
    <p class='ocr_par' dir='ltr' id='par_1_46' title="bbox 217 1342 1012 1381">
     <span class='ocr_line' id='line_1_46' title="bbox 217 1342 1012 1381; baseline -0.006 -7"><span class='ocrx_word' id='word_1_361' title='bbox 217 1348 265 1376; x_wconf 83' lang='lat' dir='ltr'><strong>sed</strong></span> <span class='ocrx_word' id='word_1_362' title='bbox 281 1355 314 1376; x_wconf 82' lang='lat' dir='ltr'><strong>ex</strong></span> <span class='ocrx_word' id='word_1_363' title='bbox 327 1355 359 1375; x_wconf 86' lang='lat' dir='ltr'><strong>ea</strong></span> <span class='ocrx_word' id='word_1_364' title='bbox 379 1354 441 1381; x_wconf 66' lang='lat' dir='ltr'><strong>qua:</strong></span> <span class='ocrx_word' id='word_1_365' title='bbox 455 1345 558 1374; x_wconf 87' lang='lat' dir='ltr'><strong>Christi</strong></span> <span class='ocrx_word' id='word_1_366' title='bbox 576 1345 686 1380; x_wconf 89' lang='lat' dir='ltr'><strong>propria</strong></span> <span class='ocrx_word' id='word_1_367' title='bbox 703 1348 757 1377; x_wconf 87' lang='lat' dir='ltr'><strong>est,</strong></span> <span class='ocrx_word' id='word_1_368' title='bbox 780 1350 895 1378; x_wconf 69' lang='lat' dir='ltr'><strong>quaeque</strong></span> <span class='ocrx_word' id='word_1_369' title='bbox 911 1342 945 1370; x_wconf 89' lang='lat' dir='ltr'><strong>ab</strong></span> <span class='ocrx_word' id='word_1_370' title='bbox 963 1349 1012 1369; x_wconf 49' lang='lat' dir='ltr'><strong>eo-</strong></span> 
     </span>
    </p>
   </div>
   <div class='ocr_carea' id='block_1_47' title="bbox 216 1387 1010 1429">
    <p class='ocr_par' dir='ltr' id='par_1_47' title="bbox 216 1387 1010 1429">
     <span class='ocr_line' id='line_1_47' title="bbox 216 1387 1010 1429; baseline -0.01 -7"><span class='ocrx_word' id='word_1_371' title='bbox 216 1396 279 1422; x_wconf 91' lang='lat' dir='ltr'><strong>dem</strong></span> <span class='ocrx_word' id='word_1_372' title='bbox 294 1392 429 1429; x_wconf 77' lang='lat' dir='ltr'><strong>sapientia</strong></span> <span class='ocrx_word' id='word_1_373' title='bbox 442 1392 581 1427; x_wconf 88' lang='lat' dir='ltr'><strong>repletur,</strong></span> <span class='ocrx_word' id='word_1_374' title='bbox 593 1399 654 1426; x_wconf 65' lang='lat' dir='ltr'><strong>qua:</strong></span> <span class='ocrx_word' id='word_1_375' title='bbox 671 1390 783 1418; x_wconf 85' lang='lat' dir='ltr'><strong>Christo</strong></span> <span class='ocrx_word' id='word_1_376' title='bbox 798 1393 911 1425; x_wconf 89' lang='lat' dir='ltr'><strong>propter</strong></span> <span class='ocrx_word' id='word_1_377' title='bbox 926 1387 1010 1423; x_wconf 89' lang='lat' dir='ltr'><strong>justi-</strong></span> 
     </span>
    </p>
   </div>
   <div class='ocr_carea' id='block_1_48' title="bbox 218 1433 1013 1473">
    <p class='ocr_par' dir='ltr' id='par_1_48' title="bbox 218 1433 1013 1473">
     <span class='ocr_line' id='line_1_48' title="bbox 218 1433 1013 1473; baseline -0.008 -7"><span class='ocrx_word' id='word_1_378' title='bbox 218 1440 285 1467; x_wconf 89' lang='lat' dir='ltr'><strong>tiam</strong></span> <span class='ocrx_word' id='word_1_379' title='bbox 310 1438 490 1470; x_wconf 82' lang='lat' dir='ltr'><strong>attribuitur,</strong></span> <span class='ocrx_word' id='word_1_380' title='bbox 519 1445 581 1473; x_wconf 81' lang='lat' dir='ltr'><strong>quae</strong></span> <span class='ocrx_word' id='word_1_381' title='bbox 606 1445 654 1472; x_wconf 87' lang='lat' dir='ltr'><strong>per</strong></span> <span class='ocrx_word' id='word_1_382' title='bbox 671 1436 733 1464; x_wconf 80' lang='lat' dir='ltr'><strong>fidei</strong></span> <span class='ocrx_word' id='word_1_383' title='bbox 758 1434 957 1471; x_wconf 79' lang='lat' dir='ltr'><strong>professionem</strong></span> <span class='ocrx_word' id='word_1_384' title='bbox 983 1433 1013 1461; x_wconf 87' lang='lat' dir='ltr'><strong>in</strong></span> 
     </span>
    </p>
   </div>
   <div class='ocr_carea' id='block_1_49' title="bbox 177 1480 1012 1519">
    <p class='ocr_par' dir='ltr' id='par_1_49' title="bbox 177 1480 1012 1519">
     <span class='ocr_line' id='line_1_49' title="bbox 177 1480 1012 1519; baseline -0.005 -8"><span class='ocrx_word' id='word_1_385' title='bbox 177 1497 182 1499; x_wconf 87' lang='lat'><em>-</em></span> <span class='ocrx_word' id='word_1_386' title='bbox 216 1485 329 1513; x_wconf 74' lang='lat' dir='ltr'><strong>Christo</strong></span> <span class='ocrx_word' id='word_1_387' title='bbox 348 1484 436 1516; x_wconf 84' lang='lat' dir='ltr'><strong>vivit,</strong></span> <span class='ocrx_word' id='word_1_388' title='bbox 458 1491 520 1519; x_wconf 63' lang='lat' dir='ltr'><strong>qua:</strong></span> <span class='ocrx_word' id='word_1_389' title='bbox 535 1483 714 1511; x_wconf 83' lang='lat' dir='ltr'><strong>honestorum</strong></span> <span class='ocrx_word' id='word_1_390' title='bbox 734 1489 847 1516; x_wconf 88' lang='lat' dir='ltr'><strong>operum</strong></span> <span class='ocrx_word' id='word_1_391' title='bbox 871 1480 1012 1508; x_wconf 78' lang='lat' dir='ltr'><strong>iunctione</strong></span> 
     </span>
    </p>
   </div>
   <div class='ocr_carea' id='block_1_50' title="bbox 217 1526 1010 1567">
    <p class='ocr_par' dir='ltr' id='par_1_50' title="bbox 217 1526 1010 1567">
     <span class='ocr_line' id='line_1_50' title="bbox 217 1526 1010 1567; baseline -0.006 -9"><span class='ocrx_word' id='word_1_392' title='bbox 217 1539 267 1567; x_wconf 79' lang='lat' dir='ltr'><strong>per</strong></span> <span class='ocrx_word' id='word_1_393' title='bbox 291 1531 434 1559; x_wconf 89' lang='lat' dir='ltr'><strong>Christum</strong></span> <span class='ocrx_word' id='word_1_394' title='bbox 464 1531 582 1558; x_wconf 86' lang='lat' dir='ltr'><strong>salutem</strong></span> <span class='ocrx_word' id='word_1_395' title='bbox 612 1528 778 1564; x_wconf 84' lang='lat' dir='ltr'><strong>assequitur.</strong></span> <span class='ocrx_word' id='word_1_396' title='bbox 805 1526 868 1555; x_wconf 71' lang='lat' dir='ltr'><strong>Haec</strong></span> <span class='ocrx_word' id='word_1_397' title='bbox 893 1529 936 1554; x_wconf 85' lang='lat' dir='ltr'><strong>est</strong></span> <span class='ocrx_word' id='word_1_398' title='bbox 964 1526 1010 1553; x_wconf 88' lang='lat' dir='ltr'><strong>illa</strong></span> 
     </span>
    </p>
   </div>
   <div class='ocr_carea' id='block_1_51' title="bbox 216 1573 1010 1611">
    <p class='ocr_par' dir='ltr' id='par_1_51' title="bbox 216 1573 1010 1611">
     <span class='ocr_line' id='line_1_51' title="bbox 216 1573 1010 1611; baseline -0.008 -7"><span class='ocrx_word' id='word_1_399' title='bbox 216 1577 320 1605; x_wconf 77' lang='lat' dir='ltr'><strong>Christi</strong></span> <span class='ocrx_word' id='word_1_400' title='bbox 338 1584 427 1608; x_wconf 86' lang='lat' dir='ltr'><strong>mens,</strong></span> <span class='ocrx_word' id='word_1_401' title='bbox 449 1583 511 1611; x_wconf 79' lang='lat' dir='ltr'><strong>quae</strong></span> <span class='ocrx_word' id='word_1_402' title='bbox 527 1576 567 1603; x_wconf 89' lang='lat' dir='ltr'><strong>sic</strong></span> <span class='ocrx_word' id='word_1_403' title='bbox 592 1575 620 1602; x_wconf 91' lang='lat' dir='ltr'><strong>in</strong></span> <span class='ocrx_word' id='word_1_404' title='bbox 647 1574 726 1602; x_wconf 88' lang='lat' dir='ltr'><strong>nobis</strong></span> <span class='ocrx_word' id='word_1_405' title='bbox 746 1573 837 1601; x_wconf 84' lang='lat' dir='ltr'><strong>inesse</strong></span> <span class='ocrx_word' id='word_1_406' title='bbox 862 1575 963 1607; x_wconf 82' lang='lat' dir='ltr'><strong>potest,</strong></span> <span class='ocrx_word' id='word_1_407' title='bbox 980 1575 1010 1599; x_wconf 89' lang='lat' dir='ltr'><strong>ut</strong></span> 
     </span>
    </p>
   </div>
   <div class='ocr_carea' id='block_1_52' title="bbox 215 1610 1048 1657">
    <p class='ocr_par' dir='ltr' id='par_1_52' title="bbox 215 1610 1048 1657">
     <span class='ocr_line' id='line_1_52' title="bbox 215 1610 1048 1657; baseline -0.006 -8"><span class='ocrx_word' id='word_1_408' title='bbox 215 1623 356 1652; x_wconf 71' lang='lat' dir='ltr'><strong>Christum</strong></span> <span class='ocrx_word' id='word_1_409' title='bbox 372 1622 441 1651; x_wconf 82' lang='lat' dir='ltr'><strong>certi</strong></span> <span class='ocrx_word' id='word_1_410' title='bbox 455 1610 574 1657; x_wconf 77' lang='lat' dir='ltr'><strong>alicujus</strong></span> <span class='ocrx_word' id='word_1_411' title='bbox 583 1621 634 1648; x_wconf 86' lang='lat' dir='ltr'><strong>loci</strong></span> <span class='ocrx_word' id='word_1_412' title='bbox 648 1620 759 1656; x_wconf 79' lang='lat' dir='ltr'><strong>regione</strong></span> <span class='ocrx_word' id='word_1_413' title='bbox 771 1619 883 1646; x_wconf 88' lang='lat' dir='ltr'><strong>minime</strong></span> <span class='ocrx_word' id='word_1_414' title='bbox 895 1619 1012 1646; x_wconf 90' lang='lat' dir='ltr'><strong>circum-</strong></span> <span class='ocrx_word' id='word_1_415' title='bbox 1025 1610 1048 1642; x_wconf 90' lang='lat' dir='ltr'><strong>C</strong></span> 
     </span>
    </p>
   </div>
   <div class='ocr_carea' id='block_1_53' title="bbox 215 1664 1010 1705">
    <p class='ocr_par' dir='ltr' id='par_1_53' title="bbox 215 1664 1010 1705">
     <span class='ocr_line' id='line_1_53' title="bbox 215 1664 1010 1705; baseline -0.009 -7"><span class='ocrx_word' id='word_1_416' title='bbox 215 1670 330 1698; x_wconf 86' lang='lat' dir='ltr'><strong>scribat.</strong></span> <span class='ocrx_word' id='word_1_417' title='bbox 342 1669 410 1697; x_wconf 79' lang='lat' dir='ltr'><strong>Nam</strong></span> <span class='ocrx_word' id='word_1_418' title='bbox 424 1669 528 1705; x_wconf 90' lang='lat' dir='ltr'><strong>ubique</strong></span> <span class='ocrx_word' id='word_1_419' title='bbox 544 1672 608 1696; x_wconf 88' lang='lat' dir='ltr'><strong>sunt</strong></span> <span class='ocrx_word' id='word_1_420' title='bbox 624 1667 714 1699; x_wconf 79' lang='lat' dir='ltr'><strong>Pater,</strong></span> <span class='ocrx_word' id='word_1_421' title='bbox 727 1670 754 1694; x_wconf 89' lang='lat' dir='ltr'><strong>et</strong></span> <span class='ocrx_word' id='word_1_422' title='bbox 766 1665 863 1697; x_wconf 82' lang='lat' dir='ltr'><strong>Filius,</strong></span> <span class='ocrx_word' id='word_1_423' title='bbox 879 1668 907 1692; x_wconf 84' lang='lat' dir='ltr'><strong>et</strong></span> <span class='ocrx_word' id='word_1_424' title='bbox 920 1664 1010 1699; x_wconf 89' lang='lat' dir='ltr'><strong>Spiri-</strong></span> 
     </span>
    </p>
   </div>
   <div class='ocr_carea' id='block_1_54' title="bbox 214 1712 1011 1752">
    <p class='ocr_par' dir='ltr' id='par_1_54' title="bbox 214 1712 1011 1752">
     <span class='ocr_line' id='line_1_54' title="bbox 214 1712 1011 1752; baseline -0.008 -8"><span class='ocrx_word' id='word_1_425' title='bbox 214 1723 261 1746; x_wconf 82' lang='lat' dir='ltr'><strong>tus</strong></span> <span class='ocrx_word' id='word_1_426' title='bbox 272 1721 396 1749; x_wconf 84' lang='lat' dir='ltr'><strong>sanctus,</strong></span> <span class='ocrx_word' id='word_1_427' title='bbox 411 1720 438 1744; x_wconf 89' lang='lat' dir='ltr'><strong>et</strong></span> <span class='ocrx_word' id='word_1_428' title='bbox 456 1716 574 1752; x_wconf 87' lang='lat' dir='ltr'><strong>spiritali</strong></span> <span class='ocrx_word' id='word_1_429' title='bbox 591 1714 710 1750; x_wconf 89' lang='lat' dir='ltr'><strong>quodam</strong></span> <span class='ocrx_word' id='word_1_430' title='bbox 731 1713 814 1740; x_wconf 89' lang='lat' dir='ltr'><strong>modo</strong></span> <span class='ocrx_word' id='word_1_431' title='bbox 834 1712 861 1740; x_wconf 91' lang='lat' dir='ltr'><strong>in</strong></span> <span class='ocrx_word' id='word_1_432' title='bbox 873 1712 952 1740; x_wconf 89' lang='lat' dir='ltr'><strong>nobis</strong></span> <span class='ocrx_word' id='word_1_433' title='bbox 962 1718 1011 1739; x_wconf 84' lang='lat' dir='ltr'><strong>ex-</strong></span> 
     </span>
    </p>
   </div>
   <div class='ocr_carea' id='block_1_55' title="bbox 214 1759 1010 1798">
    <p class='ocr_par' dir='ltr' id='par_1_55' title="bbox 214 1759 1010 1798">
     <span class='ocr_line' id='line_1_55' title="bbox 214 1759 1010 1798; baseline -0.008 -6"><span class='ocrx_word' id='word_1_434' title='bbox 214 1765 330 1798; x_wconf 85' lang='lat' dir='ltr'><strong>sistunt,</strong></span> <span class='ocrx_word' id='word_1_435' title='bbox 352 1764 375 1791; x_wconf 88' lang='lat' dir='ltr'><strong>si</strong></span> <span class='ocrx_word' id='word_1_436' title='bbox 387 1764 441 1792; x_wconf 89' lang='lat' dir='ltr'><strong>illis</strong></span> <span class='ocrx_word' id='word_1_437' title='bbox 453 1771 515 1792; x_wconf 88' lang='lat' dir='ltr'><strong>esse</strong></span> <span class='ocrx_word' id='word_1_438' title='bbox 527 1762 603 1798; x_wconf 80' lang='lat' dir='ltr'><strong>digni</strong></span> <span class='ocrx_word' id='word_1_439' title='bbox 618 1762 743 1789; x_wconf 84' lang='lat' dir='ltr'><strong>velimus.</strong></span> <span class='ocrx_word' id='word_1_440' title='bbox 765 1760 858 1796; x_wconf 83' lang='lat' dir='ltr'><strong>Neque</strong></span> <span class='ocrx_word' id='word_1_441' title='bbox 871 1767 934 1787; x_wconf 88' lang='lat' dir='ltr'><strong>vero</strong></span> <span class='ocrx_word' id='word_1_442' title='bbox 949 1759 1010 1786; x_wconf 90' lang='lat' dir='ltr'><strong>loco</strong></span> 
     </span>
    </p>
   </div>
   <div class='ocr_carea' id='block_1_56' title="bbox 215 1804 1011 1843">
    <p class='ocr_par' dir='ltr' id='par_1_56' title="bbox 215 1804 1011 1843">
     <span class='ocr_line' id='line_1_56' title="bbox 215 1804 1011 1843; baseline -0.008 -7"><span class='ocrx_word' id='word_1_443' title='bbox 215 1810 272 1837; x_wconf 87' lang='lat' dir='ltr'><strong>ullo</strong></span> <span class='ocrx_word' id='word_1_444' title='bbox 295 1809 337 1836; x_wconf 87' lang='lat' dir='ltr'><strong>vel</strong></span> <span class='ocrx_word' id='word_1_445' title='bbox 360 1809 419 1843; x_wconf 86' lang='lat' dir='ltr'><strong>ipse</strong></span> <span class='ocrx_word' id='word_1_446' title='bbox 445 1807 630 1838; x_wconf 86' lang='lat' dir='ltr'><strong>concluditur,</strong></span> <span class='ocrx_word' id='word_1_447' title='bbox 661 1806 704 1834; x_wconf 66' lang='lat' dir='ltr'><strong>vel</strong></span> <span class='ocrx_word' id='word_1_448' title='bbox 733 1806 821 1841; x_wconf 85' lang='lat' dir='ltr'><strong>ipsius</strong></span> <span class='ocrx_word' id='word_1_449' title='bbox 846 1804 937 1836; x_wconf 85' lang='lat' dir='ltr'><strong>Pater,</strong></span> <span class='ocrx_word' id='word_1_450' title='bbox 963 1807 1011 1831; x_wconf 91' lang='lat' dir='ltr'><strong>aut</strong></span> 
     </span>
    </p>
   </div>
   <div class='ocr_carea' id='block_1_57' title="bbox 217 1851 1010 1890">
    <p class='ocr_par' dir='ltr' id='par_1_57' title="bbox 217 1851 1010 1890">
     <span class='ocr_line' id='line_1_57' title="bbox 217 1851 1010 1890; baseline -0.006 -8"><span class='ocrx_word' id='word_1_451' title='bbox 217 1855 339 1890; x_wconf 85' lang='lat' dir='ltr'><strong>Spiritus</strong></span> <span class='ocrx_word' id='word_1_452' title='bbox 352 1860 477 1885; x_wconf 87' lang='lat' dir='ltr'><strong>sanctus,</strong></span> <span class='ocrx_word' id='word_1_453' title='bbox 495 1853 543 1881; x_wconf 84' lang='lat' dir='ltr'><strong>sed</strong></span> <span class='ocrx_word' id='word_1_454' title='bbox 560 1857 670 1888; x_wconf 88' lang='lat' dir='ltr'><strong>propter</strong></span> <span class='ocrx_word' id='word_1_455' title='bbox 685 1851 837 1879; x_wconf 88' lang='lat' dir='ltr'><strong>divinitatis</strong></span> <span class='ocrx_word' id='word_1_456' title='bbox 859 1851 946 1886; x_wconf 89' lang='lat' dir='ltr'><strong>ipsius</strong></span> <span class='ocrx_word' id='word_1_457' title='bbox 962 1858 1010 1886; x_wconf 91' lang='lat' dir='ltr'><strong>po-</strong></span> 
     </span>
    </p>
   </div>
   <div class='ocr_carea' id='block_1_58' title="bbox 216 1897 1009 1930">
    <p class='ocr_par' dir='ltr' id='par_1_58' title="bbox 216 1897 1009 1930">
     <span class='ocr_line' id='line_1_58' title="bbox 216 1897 1009 1930; baseline -0.009 -3"><span class='ocrx_word' id='word_1_458' title='bbox 216 1900 330 1928; x_wconf 82' lang='lat' dir='ltr'><strong>tentiam</strong></span> <span class='ocrx_word' id='word_1_459' title='bbox 351 1899 380 1926; x_wconf 87' lang='lat' dir='ltr'><strong>in</strong></span> <span class='ocrx_word' id='word_1_460' title='bbox 407 1899 537 1926; x_wconf 90' lang='lat' dir='ltr'><strong>omnibus</strong></span> <span class='ocrx_word' id='word_1_461' title='bbox 562 1897 691 1930; x_wconf 85' lang='lat' dir='ltr'><strong>exsistit;</strong></span> <span class='ocrx_word' id='word_1_462' title='bbox 717 1903 807 1930; x_wconf 89' lang='lat' dir='ltr'><strong>neque</strong></span> <span class='ocrx_word' id='word_1_463' title='bbox 828 1899 920 1922; x_wconf 82' lang='lat' dir='ltr'><strong>tamen</strong></span> <span class='ocrx_word' id='word_1_464' title='bbox 946 1900 1009 1921; x_wconf 91' lang='lat' dir='ltr'><strong>cum</strong></span> 
     </span>
    </p>
   </div>
   <div class='ocr_carea' id='block_1_59' title="bbox 216 1941 1008 1979">
    <p class='ocr_par' dir='ltr' id='par_1_59' title="bbox 216 1941 1008 1979">
     <span class='ocr_line' id='line_1_59' title="bbox 216 1941 1008 1979; baseline -0.008 -7"><span class='ocrx_word' id='word_1_465' title='bbox 216 1945 272 1973; x_wconf 80' lang='lat' dir='ltr'><strong>ulla</strong></span> <span class='ocrx_word' id='word_1_466' title='bbox 296 1945 449 1977; x_wconf 87' lang='lat' dir='ltr'><strong>miscetur,</strong></span> <span class='ocrx_word' id='word_1_467' title='bbox 467 1945 540 1979; x_wconf 91' lang='lat' dir='ltr'><strong>quod</strong></span> <span class='ocrx_word' id='word_1_468' title='bbox 564 1947 592 1971; x_wconf 86' lang='lat' dir='ltr'><strong>et</strong></span> <span class='ocrx_word' id='word_1_469' title='bbox 612 1943 686 1970; x_wconf 90' lang='lat' dir='ltr'><strong>illius</strong></span> <span class='ocrx_word' id='word_1_470' title='bbox 706 1941 860 1969; x_wconf 84' lang='lat' dir='ltr'><strong>substantia</strong></span> <span class='ocrx_word' id='word_1_471' title='bbox 885 1947 1008 1968; x_wconf 89' lang='lat' dir='ltr'><strong>commu-</strong></span> 
     </span>
    </p>
   </div>
   <div class='ocr_carea' id='block_1_60' title="bbox 216 1986 1010 2024">
    <p class='ocr_par' dir='ltr' id='par_1_60' title="bbox 216 1986 1010 2024">
     <span class='ocr_line' id='line_1_60' title="bbox 216 1986 1010 2024; baseline -0.006 -6"><span class='ocrx_word' id='word_1_472' title='bbox 216 1991 326 2018; x_wconf 82' lang='lat' dir='ltr'><strong>nionem</strong></span> <span class='ocrx_word' id='word_1_473' title='bbox 339 1996 448 2017; x_wconf 88' lang='lat' dir='ltr'><strong>onmem</strong></span> <span class='ocrx_word' id='word_1_474' title='bbox 470 1997 502 2017; x_wconf 87' lang='lat' dir='ltr'><strong>ac</strong></span> <span class='ocrx_word' id='word_1_475' title='bbox 531 1989 765 2024; x_wconf 90' lang='lat' dir='ltr'><strong>comparationem</strong></span> <span class='ocrx_word' id='word_1_476' title='bbox 778 1991 899 2022; x_wconf 84' lang='lat' dir='ltr'><strong>superet,</strong></span> <span class='ocrx_word' id='word_1_477' title='bbox 913 1990 940 2014; x_wconf 87' lang='lat' dir='ltr'><strong>et</strong></span> <span class='ocrx_word' id='word_1_478' title='bbox 953 1986 1010 2014; x_wconf 83' lang='lat' dir='ltr'><strong>sin-</strong></span> 
     </span>
    </p>
   </div>
   <div class='ocr_carea' id='block_1_61' title="bbox 218 2033 1010 2070">
    <p class='ocr_par' dir='ltr' id='par_1_61' title="bbox 218 2033 1010 2070">
     <span class='ocr_line' id='line_1_61' title="bbox 218 2033 1010 2070; baseline -0.004 -7"><span class='ocrx_word' id='word_1_479' title='bbox 218 2043 283 2065; x_wconf 86' lang='lat' dir='ltr'><strong>cera</strong></span> <span class='ocrx_word' id='word_1_480' title='bbox 308 2036 345 2064; x_wconf 89' lang='lat' dir='ltr'><strong>sit</strong></span> <span class='ocrx_word' id='word_1_481' title='bbox 368 2039 450 2070; x_wconf 88' lang='lat' dir='ltr'><strong>atque</strong></span> <span class='ocrx_word' id='word_1_482' title='bbox 474 2035 548 2062; x_wconf 90' lang='lat' dir='ltr'><strong>omni</strong></span> <span class='ocrx_word' id='word_1_483' title='bbox 575 2034 662 2069; x_wconf 80' lang='lat' dir='ltr'><strong>major</strong></span> <span class='ocrx_word' id='word_1_484' title='bbox 679 2033 927 2069; x_wconf 82' lang='lat' dir='ltr'><strong>comprehensione</strong></span> <span class='ocrx_word' id='word_1_485' title='bbox 941 2033 1010 2061; x_wconf 88' lang='lat' dir='ltr'><strong>divi-</strong></span> 
     </span>
    </p>
   </div>
   <div class='ocr_carea' id='block_1_62' title="bbox 216 2079 1010 2116">
    <p class='ocr_par' dir='ltr' id='par_1_62' title="bbox 216 2079 1010 2116">
     <span class='ocr_line' id='line_1_62' title="bbox 216 2079 1010 2116; baseline -0.006 -6"><span class='ocrx_word' id='word_1_486' title='bbox 216 2082 370 2111; x_wconf 85' lang='lat' dir='ltr'><strong>nitas.Cum</strong></span> <span class='ocrx_word' id='word_1_487' title='bbox 379 2086 469 2110; x_wconf 79' lang='lat' dir='ltr'><strong>autem</strong></span> <span class='ocrx_word' id='word_1_488' title='bbox 478 2081 545 2108; x_wconf 87' lang='lat' dir='ltr'><strong>dicit</strong></span> <span class='ocrx_word' id='word_1_489' title='bbox 552 2081 716 2116; x_wconf 61' lang='lat' dir='ltr'><strong>Apostolusj:</strong></span> <span class='ocrx_word' id='word_1_490' title='bbox 726 2079 783 2107; x_wconf 70' lang='lat' dir='ltr'><strong>Nos</strong></span> <span class='ocrx_word' id='word_1_491' title='bbox 791 2079 891 2108; x_wconf 78' lang='lat' dir='ltr'><strong>Christi</strong></span> <span class='ocrx_word' id='word_1_492' title='bbox 899 2083 1010 2106; x_wconf 80' lang='lat' dir='ltr'><strong>mentem</strong></span> 
     </span>
    </p>
   </div>
   <div class='ocr_carea' id='block_1_63' title="bbox 218 2125 1010 2163">
    <p class='ocr_par' dir='ltr' id='par_1_63' title="bbox 218 2125 1010 2163">
     <span class='ocr_line' id='line_1_63' title="bbox 218 2125 1010 2163; baseline -0.005 -7"><span class='ocrx_word' id='word_1_493' title='bbox 218 2129 362 2160; x_wconf 76' lang='lat' dir='ltr'><strong>habemus,</strong></span> <span class='ocrx_word' id='word_1_494' title='bbox 388 2127 454 2163; x_wconf 89' lang='lat' dir='ltr'><strong>quid</strong></span> <span class='ocrx_word' id='word_1_495' title='bbox 488 2127 597 2155; x_wconf 84' lang='lat' dir='ltr'><strong>tandem</strong></span> <span class='ocrx_word' id='word_1_496' title='bbox 616 2125 850 2154; x_wconf 78' lang='lat' dir='ltr'><strong>existimabimus?</strong></span> <span class='ocrx_word' id='word_1_497' title='bbox 868 2125 939 2152; x_wconf 85' lang='lat' dir='ltr'><strong>Num</strong></span> <span class='ocrx_word' id='word_1_498' title='bbox 964 2125 1010 2152; x_wconf 87' lang='lat' dir='ltr'><strong>ille</strong></span> 
     </span>
    </p>
   </div>
   <div class='ocr_carea' id='block_1_64' title="bbox 217 2171 1008 2210">
    <p class='ocr_par' dir='ltr' id='par_1_64' title="bbox 217 2171 1008 2210">
     <span class='ocr_line' id='line_1_64' title="bbox 217 2171 1008 2210; baseline -0.006 -8"><span class='ocrx_word' id='word_1_499' title='bbox 217 2175 373 2210; x_wconf 86' lang='lat' dir='ltr'><strong>propriam,</strong></span> <span class='ocrx_word' id='word_1_500' title='bbox 389 2174 442 2201; x_wconf 86' lang='lat' dir='ltr'><strong>hoc</strong></span> <span class='ocrx_word' id='word_1_501' title='bbox 465 2177 507 2202; x_wconf 90' lang='lat' dir='ltr'><strong>est</strong></span> <span class='ocrx_word' id='word_1_502' title='bbox 531 2174 678 2200; x_wconf 87' lang='lat' dir='ltr'><strong>humanam</strong></span> <span class='ocrx_word' id='word_1_503' title='bbox 703 2177 820 2200; x_wconf 88' lang='lat' dir='ltr'><strong>mentem</strong></span> <span class='ocrx_word' id='word_1_504' title='bbox 841 2171 955 2199; x_wconf 79' lang='lat' dir='ltr'><strong>habuit?</strong></span> <span class='ocrx_word' id='word_1_505' title='bbox 967 2171 1008 2198; x_wconf 78' lang='lat' dir='ltr'><strong>An</strong></span> 
     </span>
    </p>
   </div>
   <div class='ocr_carea' id='block_1_65' title="bbox 215 2218 1007 2253">
    <p class='ocr_par' dir='ltr' id='par_1_65' title="bbox 215 2218 1007 2253">
     <span class='ocr_line' id='line_1_65' title="bbox 215 2218 1007 2253; baseline -0.006 -4"><span class='ocrx_word' id='word_1_506' title='bbox 215 2221 318 2249; x_wconf 80' lang='lat' dir='ltr'><strong>Christi</strong></span> <span class='ocrx_word' id='word_1_507' title='bbox 343 2225 462 2248; x_wconf 84' lang='lat' dir='ltr'><strong>mentem</strong></span> <span class='ocrx_word' id='word_1_508' title='bbox 493 2220 520 2248; x_wconf 94' lang='lat' dir='ltr'><strong>in</strong></span> <span class='ocrx_word' id='word_1_509' title='bbox 548 2228 610 2248; x_wconf 83' lang='lat' dir='ltr'><strong>sese</strong></span> <span class='ocrx_word' id='word_1_510' title='bbox 630 2219 740 2251; x_wconf 87' lang='lat' dir='ltr'><strong>ferens,</strong></span> <span class='ocrx_word' id='word_1_511' title='bbox 761 2219 862 2246; x_wconf 87' lang='lat' dir='ltr'><strong>amissa</strong></span> <span class='ocrx_word' id='word_1_512' title='bbox 887 2218 1007 2253; x_wconf 72' lang='lat' dir='ltr'><strong>propria,</strong></span> 
     </span>
    </p>
   </div>
   <div class='ocr_carea' id='block_1_66' title="bbox 214 2263 1007 2302">
    <p class='ocr_par' dir='ltr' id='par_1_66' title="bbox 214 2263 1007 2302">
     <span class='ocr_line' id='line_1_66' title="bbox 214 2263 1007 2302; baseline -0.004 -8"><span class='ocrx_word' id='word_1_513' title='bbox 214 2267 276 2302; x_wconf 88' lang='lat' dir='ltr'><strong>ejus</strong></span> <span class='ocrx_word' id='word_1_514' title='bbox 292 2267 366 2294; x_wconf 89' lang='lat' dir='ltr'><strong>illam</strong></span> <span class='ocrx_word' id='word_1_515' title='bbox 386 2267 448 2294; x_wconf 85' lang='lat' dir='ltr'><strong>loco</strong></span> <span class='ocrx_word' id='word_1_516' title='bbox 466 2266 622 2294; x_wconf 78' lang='lat' dir='ltr'><strong>obtinuisse</strong></span> <span class='ocrx_word' id='word_1_517' title='bbox 639 2265 778 2301; x_wconf 85' lang='lat' dir='ltr'><strong>putandus</strong></span> <span class='ocrx_word' id='word_1_518' title='bbox 795 2265 857 2293; x_wconf 84' lang='lat' dir='ltr'><strong>est?</strong></span> <span class='ocrx_word' id='word_1_519' title='bbox 876 2263 935 2292; x_wconf 84' lang='lat' dir='ltr'><strong>Non</strong></span> <span class='ocrx_word' id='word_1_520' title='bbox 951 2264 1007 2299; x_wconf 90' lang='lat' dir='ltr'><strong>opi-</strong></span> 
     </span>
    </p>
   </div>
   <div class='ocr_carea' id='block_1_67' title="bbox 216 2309 1009 2346">
    <p class='ocr_par' dir='ltr' id='par_1_67' title="bbox 216 2309 1009 2346">
     <span class='ocr_line' id='line_1_67' title="bbox 216 2309 1009 2346; baseline -0.005 -6"><span class='ocrx_word' id='word_1_521' title='bbox 216 2319 287 2346; x_wconf 88' lang='lat' dir='ltr'><strong>nor;</strong></span> <span class='ocrx_word' id='word_1_522' title='bbox 310 2319 361 2339; x_wconf 88' lang='lat' dir='ltr'><strong>nec</strong></span> <span class='ocrx_word' id='word_1_523' title='bbox 374 2316 416 2340; x_wconf 84' lang='lat' dir='ltr'><strong>est</strong></span> <span class='ocrx_word' id='word_1_524' title='bbox 435 2312 596 2346; x_wconf 84' lang='lat' dir='ltr'><strong>quisquam,</strong></span> <span class='ocrx_word' id='word_1_525' title='bbox 612 2311 660 2346; x_wconf 89' lang='lat' dir='ltr'><strong>qui</strong></span> <span class='ocrx_word' id='word_1_526' title='bbox 681 2311 739 2338; x_wconf 61' lang='lat' dir='ltr'><strong>haec</strong></span> <span class='ocrx_word' id='word_1_527' title='bbox 759 2310 870 2342; x_wconf 85' lang='lat' dir='ltr'><strong>audiat,</strong></span> <span class='ocrx_word' id='word_1_528' title='bbox 890 2309 937 2345; x_wconf 92' lang='lat' dir='ltr'><strong>qui</strong></span> <span class='ocrx_word' id='word_1_529' title='bbox 954 2317 1009 2337; x_wconf 83' lang='lat' dir='ltr'><strong>non</strong></span> 
     </span>
    </p>
   </div>
   <div class='ocr_carea' id='block_1_68' title="bbox 216 2357 1010 2394">
    <p class='ocr_par' dir='ltr' id='par_1_68' title="bbox 216 2357 1010 2394">
     <span class='ocr_line' id='line_1_68' title="bbox 216 2357 1010 2394; baseline -0.005 -8"><span class='ocrx_word' id='word_1_530' title='bbox 216 2358 383 2394; x_wconf 86' lang='lat' dir='ltr'><strong>peculiarem</strong></span> <span class='ocrx_word' id='word_1_531' title='bbox 406 2358 446 2385; x_wconf 87' lang='lat' dir='ltr'><strong>illi</strong></span> <span class='ocrx_word' id='word_1_532' title='bbox 471 2357 558 2386; x_wconf 81' lang='lat' dir='ltr'><strong>fuisse</strong></span> <span class='ocrx_word' id='word_1_533' title='bbox 584 2361 702 2386; x_wconf 88' lang='lat' dir='ltr'><strong>mentem</strong></span> <span class='ocrx_word' id='word_1_534' title='bbox 730 2357 889 2387; x_wconf 87' lang='lat' dir='ltr'><strong>arbitretur,</strong></span> <span class='ocrx_word' id='word_1_535' title='bbox 911 2359 1010 2391; x_wconf 66' lang='lat' dir='ltr'><strong>praeter</strong></span> 
     </span>
    </p>
   </div>
   <div class='ocr_carea' id='block_1_69' title="bbox 215 2402 1011 2439">
    <p class='ocr_par' dir='ltr' id='par_1_69' title="bbox 215 2402 1011 2439">
     <span class='ocr_line' id='line_1_69' title="bbox 215 2402 1011 2439; baseline -0.004 -8"><span class='ocrx_word' id='word_1_536' title='bbox 215 2411 298 2438; x_wconf 84' lang='lat' dir='ltr'><strong>quam</strong></span> <span class='ocrx_word' id='word_1_537' title='bbox 314 2403 417 2432; x_wconf 88' lang='lat' dir='ltr'><strong>Christi</strong></span> <span class='ocrx_word' id='word_1_538' title='bbox 434 2411 544 2439; x_wconf 87' lang='lat' dir='ltr'><strong>quoque</strong></span> <span class='ocrx_word' id='word_1_539' title='bbox 564 2408 657 2431; x_wconf 89' lang='lat' dir='ltr'><strong>mente</strong></span> <span class='ocrx_word' id='word_1_540' title='bbox 676 2403 839 2438; x_wconf 88' lang='lat' dir='ltr'><strong>repleretur,</strong></span> <span class='ocrx_word' id='word_1_541' title='bbox 856 2402 902 2437; x_wconf 91' lang='lat' dir='ltr'><strong>qui</strong></span> <span class='ocrx_word' id='word_1_542' title='bbox 919 2409 949 2429; x_wconf 88' lang='lat' dir='ltr'><strong>se</strong></span> <span class='ocrx_word' id='word_1_543' title='bbox 968 2409 1011 2429; x_wconf 86' lang='lat' dir='ltr'><strong>rc-</strong></span> 
     </span>
    </p>
   </div>
   <div class='ocr_carea' id='block_1_70' title="bbox 215 2445 1011 2485">
    <p class='ocr_par' dir='ltr' id='par_1_70' title="bbox 215 2445 1011 2485">
     <span class='ocr_line' id='line_1_70' title="bbox 215 2445 1011 2485; baseline 0.001 -10"><span class='ocrx_word' id='word_1_544' title='bbox 215 2445 336 2484; x_wconf 75' lang='lat' dir='ltr'><strong>ligionis,</strong></span> <span class='ocrx_word' id='word_1_545' title='bbox 355 2449 477 2478; x_wconf 75' lang='lat' dir='ltr'><strong>scicntia:</strong></span> <span class='ocrx_word' id='word_1_546' title='bbox 504 2457 536 2477; x_wconf 83' lang='lat' dir='ltr'><strong>ac</strong></span> <span class='ocrx_word' id='word_1_547' title='bbox 550 2449 650 2477; x_wconf 69' lang='lat' dir='ltr'><strong>divina:</strong></span> <span class='ocrx_word' id='word_1_548' title='bbox 684 2448 828 2485; x_wconf 88' lang='lat' dir='ltr'><strong>cujusdam</strong></span> <span class='ocrx_word' id='word_1_549' title='bbox 848 2453 875 2476; x_wconf 88' lang='lat' dir='ltr'><strong>et</strong></span> <span class='ocrx_word' id='word_1_550' title='bbox 890 2448 1011 2476; x_wconf 69' lang='lat' dir='ltr'><strong>caelestis</strong></span> 
     </span>
    </p>
   </div>
   <div class='ocr_carea' id='block_1_71' title="bbox 215 2494 1012 2531">
    <p class='ocr_par' dir='ltr' id='par_1_71' title="bbox 215 2494 1012 2531">
     <span class='ocr_line' id='line_1_71' title="bbox 215 2494 1012 2531; baseline -0.003 -9"><span class='ocrx_word' id='word_1_551' title='bbox 215 2495 279 2523; x_wconf 62' lang='lat' dir='ltr'><strong>vitae</strong></span> <span class='ocrx_word' id='word_1_552' title='bbox 294 2495 465 2524; x_wconf 86' lang='lat' dir='ltr'><strong>ornamentis</strong></span> <span class='ocrx_word' id='word_1_553' title='bbox 485 2496 614 2524; x_wconf 76' lang='lat' dir='ltr'><strong>alliceret.</strong></span> <span class='ocrx_word' id='word_1_554' title='bbox 631 2495 806 2531; x_wconf 81' lang='lat' dir='ltr'><strong>Quapropter</strong></span> <span class='ocrx_word' id='word_1_555' title='bbox 819 2494 852 2527; x_wconf 87' lang='lat' dir='ltr'><strong>si,</strong></span> <span class='ocrx_word' id='word_1_556' title='bbox 872 2502 934 2521; x_wconf 91' lang='lat' dir='ltr'><strong>cum</strong></span> <span class='ocrx_word' id='word_1_557' title='bbox 948 2501 1012 2529; x_wconf 78' lang='lat' dir='ltr'><strong>pro-</strong></span> 
     </span>
    </p>
   </div>
   <div class='ocr_carea' id='block_1_72' title="bbox 215 2541 1009 2578">
    <p class='ocr_par' dir='ltr' id='par_1_72' title="bbox 215 2541 1009 2578">
     <span class='ocr_line' id='line_1_72' title="bbox 215 2541 1009 2578; baseline -0.003 -9"><span class='ocrx_word' id='word_1_558' title='bbox 215 2542 304 2578; x_wconf 84' lang='lat' dir='ltr'><strong>priam</strong></span> <span class='ocrx_word' id='word_1_559' title='bbox 326 2542 451 2575; x_wconf 87' lang='lat' dir='ltr'><strong>haberet,</strong></span> <span class='ocrx_word' id='word_1_560' title='bbox 466 2542 569 2570; x_wconf 83' lang='lat' dir='ltr'><strong>Christi</strong></span> <span class='ocrx_word' id='word_1_561' title='bbox 594 2542 706 2577; x_wconf 89' lang='lat' dir='ltr'><strong>insuper</strong></span> <span class='ocrx_word' id='word_1_562' title='bbox 729 2541 775 2568; x_wconf 77' lang='lat' dir='ltr'><strong>ille</strong></span> <span class='ocrx_word' id='word_1_563' title='bbox 791 2544 912 2568; x_wconf 84' lang='lat' dir='ltr'><strong>mentem</strong></span> <span class='ocrx_word' id='word_1_564' title='bbox 932 2548 1009 2567; x_wconf 93' lang='lat' dir='ltr'><strong>com-</strong></span> 
     </span>
    </p>
   </div>
   <div class='ocr_carea' id='block_1_73' title="bbox 216 2586 1009 2625">
    <p class='ocr_par' dir='ltr' id='par_1_73' title="bbox 216 2586 1009 2625">
     <span class='ocr_line' id='line_1_73' title="bbox 216 2586 1009 2625; baseline -0.004 -8"><span class='ocrx_word' id='word_1_565' title='bbox 216 2590 313 2625; x_wconf 80' lang='lat' dir='ltr'><strong>plexus</strong></span> <span class='ocrx_word' id='word_1_566' title='bbox 334 2593 388 2621; x_wconf 87' lang='lat' dir='ltr'><strong>est,</strong></span> <span class='ocrx_word' id='word_1_567' title='bbox 408 2597 582 2624; x_wconf 86' lang='lat' dir='ltr'><strong>consequens</strong></span> <span class='ocrx_word' id='word_1_568' title='bbox 599 2594 651 2620; x_wconf 89' lang='lat' dir='ltr'><strong>est,</strong></span> <span class='ocrx_word' id='word_1_569' title='bbox 669 2588 810 2616; x_wconf 83' lang='lat' dir='ltr'><strong>Christum</strong></span> <span class='ocrx_word' id='word_1_570' title='bbox 833 2588 922 2622; x_wconf 89' lang='lat' dir='ltr'><strong>ipsum</strong></span> <span class='ocrx_word' id='word_1_571' title='bbox 940 2586 1009 2615; x_wconf 78' lang='lat' dir='ltr'><strong>Ver-</strong></span> 
     </span>
    </p>
   </div>
   <div class='ocr_carea' id='block_1_74' title="bbox 215 2626 1009 2670">
    <p class='ocr_par' dir='ltr' id='par_1_74' title="bbox 215 2626 1009 2670">
     <span class='ocr_line' id='line_1_74' title="bbox 215 2626 1009 2670; baseline -0.004 -7"><span class='ocrx_word' id='word_1_572' title='bbox 215 2635 281 2663; x_wconf 88' lang='lat' dir='ltr'><strong>bum</strong></span> <span class='ocrx_word' id='word_1_573' title='bbox 293 2640 412 2662; x_wconf 88' lang='lat' dir='ltr'><strong>meutem</strong></span> <span class='ocrx_word' id='word_1_574' title='bbox 426 2626 487 2663; x_wconf 74' lang='lat' dir='ltr'><strong>csso</strong></span> <span class='ocrx_word' id='word_1_575' title='bbox 500 2655 507 2668; x_wconf 92' lang='lat'><strong>,</strong></span> <span class='ocrx_word' id='word_1_576' title='bbox 524 2635 546 2662; x_wconf 85' lang='lat' dir='ltr'><strong>si</strong></span> <span class='ocrx_word' id='word_1_577' title='bbox 561 2634 671 2670; x_wconf 88' lang='lat' dir='ltr'><strong>quidem</strong></span> <span class='ocrx_word' id='word_1_578' title='bbox 691 2635 728 2662; x_wconf 91' lang='lat' dir='ltr'><strong>ita</strong></span> <span class='ocrx_word' id='word_1_579' title='bbox 739 2634 812 2669; x_wconf 89' lang='lat' dir='ltr'><strong>loqui</strong></span> <span class='ocrx_word' id='word_1_580' title='bbox 827 2634 899 2661; x_wconf 88' lang='lat' dir='ltr'><strong>licet.</strong></span> <span class='ocrx_word' id='word_1_581' title='bbox 917 2633 1009 2666; x_wconf 86' lang='lat' dir='ltr'><strong>Quan-</strong></span> 
     </span>
    </p>
   </div>
   <div class='ocr_carea' id='block_1_75' title="bbox 215 2681 1008 2718">
    <p class='ocr_par' dir='ltr' id='par_1_75' title="bbox 215 2681 1008 2718">
     <span class='ocr_line' id='line_1_75' title="bbox 215 2681 1008 2718; baseline -0.003 -8"><span class='ocrx_word' id='word_1_582' title='bbox 215 2682 363 2718; x_wconf 87' lang='lat' dir='ltr'><strong>doquidem</strong></span> <span class='ocrx_word' id='word_1_583' title='bbox 388 2682 527 2709; x_wconf 91' lang='lat' dir='ltr'><strong>nonnullis</strong></span> <span class='ocrx_word' id='word_1_584' title='bbox 551 2682 640 2709; x_wconf 91' lang='lat' dir='ltr'><strong>visum</strong></span> <span class='ocrx_word' id='word_1_585' title='bbox 664 2685 706 2709; x_wconf 85' lang='lat' dir='ltr'><strong>est</strong></span> <span class='ocrx_word' id='word_1_586' title='bbox 729 2685 847 2709; x_wconf 85' lang='lat' dir='ltr'><strong>mentem</strong></span> <span class='ocrx_word' id='word_1_587' title='bbox 871 2681 1008 2715; x_wconf 83' lang='lat' dir='ltr'><strong>appellare</strong></span> 
     </span>
    </p>
   </div>
   <div class='ocr_carea' id='block_1_76' title="bbox 218 2727 1010 2762">
    <p class='ocr_par' dir='ltr' id='par_1_76' title="bbox 218 2727 1010 2762">
     <span class='ocr_line' id='line_1_76' title="bbox 218 2727 1010 2762; baseline 0 -8"><span class='ocrx_word' id='word_1_588' title='bbox 218 2727 317 2756; x_wconf 42' lang='lat' dir='ltr'><strong>Deum;</strong></span> <span class='ocrx_word' id='word_1_589' title='bbox 332 2727 389 2762; x_wconf 68' lang='lat' dir='ltr'><strong>Ego</strong></span> <span class='ocrx_word' id='word_1_590' title='bbox 411 2735 477 2756; x_wconf 87' lang='lat' dir='ltr'><strong>vero</strong></span> <span class='ocrx_word' id='word_1_591' title='bbox 493 2732 612 2755; x_wconf 88' lang='lat' dir='ltr'><strong>mentem</strong></span> <span class='ocrx_word' id='word_1_592' title='bbox 627 2731 748 2754; x_wconf 86' lang='lat' dir='ltr'><strong>nostram</strong></span> <span class='ocrx_word' id='word_1_593' title='bbox 772 2727 933 2762; x_wconf 83' lang='lat' dir='ltr'><strong>hypostasin</strong></span> <span class='ocrx_word' id='word_1_594' title='bbox 948 2735 1010 2755; x_wconf 85' lang='lat' dir='ltr'><strong>esse</strong></span> 
     </span>
    </p>
   </div>
   <div class='ocr_carea' id='block_1_77' title="bbox 217 2773 1008 2810">
    <p class='ocr_par' dir='ltr' id='par_1_77' title="bbox 217 2773 1008 2810">
     <span class='ocr_line' id='line_1_77' title="bbox 217 2773 1008 2810; baseline -0.001 -9"><span class='ocrx_word' id='word_1_595' title='bbox 217 2782 270 2801; x_wconf 89' lang='lat' dir='ltr'><strong>non</strong></span> <span class='ocrx_word' id='word_1_596' title='bbox 281 2775 411 2807; x_wconf 86' lang='lat' dir='ltr'><strong>arbitror,</strong></span> <span class='ocrx_word' id='word_1_597' title='bbox 419 2782 508 2810; x_wconf 90' lang='lat' dir='ltr'><strong>neque</strong></span> <span class='ocrx_word' id='word_1_598' title='bbox 517 2782 549 2802; x_wconf 86' lang='lat' dir='ltr'><strong>ex</strong></span> <span class='ocrx_word' id='word_1_599' title='bbox 562 2773 691 2801; x_wconf 61' lang='lat' dir='ltr'><strong>Ecclesiae</strong></span> <span class='ocrx_word' id='word_1_600' title='bbox 700 2773 762 2801; x_wconf 83' lang='lat' dir='ltr'><strong>filiis</strong></span> <span class='ocrx_word' id='word_1_601' title='bbox 772 2774 842 2801; x_wconf 85' lang='lat' dir='ltr'><strong>alius</strong></span> <span class='ocrx_word' id='word_1_602' title='bbox 851 2773 1008 2809; x_wconf 70' lang='lat' dir='ltr'><strong>quisquam,</strong></span> 
     </span>
    </p>
   </div>
   <div class='ocr_carea' id='block_1_78' title="bbox 217 2818 1010 2856">
    <p class='ocr_par' dir='ltr' id='par_1_78' title="bbox 217 2818 1010 2856">
     <span class='ocr_line' id='line_1_78' title="bbox 217 2818 1010 2856; baseline -0.001 -9"><span class='ocrx_word' id='word_1_603' title='bbox 217 2818 266 2847; x_wconf 78' lang='lat' dir='ltr'><strong>sed</strong></span> <span class='ocrx_word' id='word_1_604' title='bbox 296 2819 471 2848; x_wconf 77' lang='lat' dir='ltr'><strong>ellicicntiam</strong></span> <span class='ocrx_word' id='word_1_605' title='bbox 497 2819 656 2856; x_wconf 85' lang='lat' dir='ltr'><strong>quamdam,</strong></span> <span class='ocrx_word' id='word_1_606' title='bbox 683 2827 743 2854; x_wconf 80' lang='lat' dir='ltr'><strong>qua:</strong></span> <span class='ocrx_word' id='word_1_607' title='bbox 760 2819 787 2846; x_wconf 91' lang='lat' dir='ltr'><strong>in</strong></span> <span class='ocrx_word' id='word_1_608' title='bbox 813 2819 893 2846; x_wconf 87' lang='lat' dir='ltr'><strong>nobis</strong></span> <span class='ocrx_word' id='word_1_609' title='bbox 915 2827 930 2846; x_wconf 86' lang='lat' dir='ltr'><strong>a</strong></span> <span class='ocrx_word' id='word_1_610' title='bbox 954 2818 1010 2846; x_wconf 88' lang='lat' dir='ltr'><strong>Deo</strong></span> 
     </span>
    </p>
   </div>
   <div class='ocr_carea' id='block_1_79' title="bbox 1100 1247 1856 1286">
    <p class='ocr_par' dir='ltr' id='par_1_79' title="bbox 1100 1247 1856 1286">
     <span class='ocr_line' id='line_1_79' title="bbox 1100 1247 1856 1286; baseline 0.008 -12"><span class='ocrx_word' id='word_1_611' title='bbox 1100 1247 1160 1274; x_wconf 84' lang='lat' dir='ltr'><strong>AA’.</strong></span> <span class='ocrx_word' id='word_1_612' title='bbox 1183 1248 1238 1274; x_wconf 73' lang='grc' dir='ltr'><strong>Καὶ</strong></span> <span class='ocrx_word' id='word_1_613' title='bbox 1254 1248 1308 1284; x_wconf 78' lang='grc' dir='ltr'><strong>γὰρ</strong></span> <span class='ocrx_word' id='word_1_614' title='bbox 1327 1248 1367 1284; x_wconf 88' lang='grc' dir='ltr'>τῷ</span> <span class='ocrx_word' id='word_1_615' title='bbox 1388 1249 1438 1285; x_wconf 82' lang='grc' dir='ltr'>μὲν</span> <span class='ocrx_word' id='word_1_616' title='bbox 1453 1249 1511 1277; x_wconf 77' lang='grc' dir='ltr'>ὄντι</span> <span class='ocrx_word' id='word_1_617' title='bbox 1525 1251 1579 1282; x_wconf 78' lang='grc' dir='ltr'><strong>πᾶς</strong></span> <span class='ocrx_word' id='word_1_618' title='bbox 1595 1250 1724 1286; x_wconf 76' lang='grc' dir='ltr'>θεοσεϐὴς</span> <span class='ocrx_word' id='word_1_619' title='bbox 1739 1252 1769 1279; x_wconf 86' lang='grc' dir='ltr'><strong>οὑ</strong></span> <span class='ocrx_word' id='word_1_620' title='bbox 1785 1254 1856 1280; x_wconf 82' lang='grc' dir='ltr'><strong>κατά</strong></span> 
     </span>
    </p>
   </div>
   <div class='ocr_carea' id='block_1_80' title="bbox 1063 1293 1856 1330">
    <p class='ocr_par' dir='ltr' id='par_1_80' title="bbox 1063 1293 1856 1330">
     <span class='ocr_line' id='line_1_80' title="bbox 1063 1293 1856 1330; baseline 0.008 -10"><span class='ocrx_word' id='word_1_621' title='bbox 1063 1293 1109 1320; x_wconf 76' lang='grc' dir='ltr'>τὸν</span> <span class='ocrx_word' id='word_1_622' title='bbox 1131 1293 1194 1320; x_wconf 94' lang='grc' dir='ltr'>νοῦν</span> <span class='ocrx_word' id='word_1_623' title='bbox 1217 1294 1263 1321; x_wconf 80' lang='grc' dir='ltr'><strong>τὸν</strong></span> <span class='ocrx_word' id='word_1_624' title='bbox 1288 1293 1460 1330; x_wconf 82' lang='grc' dir='ltr'>ἀνθρώπινον</span> <span class='ocrx_word' id='word_1_625' title='bbox 1487 1296 1669 1330; x_wconf 80' lang='grc' dir='ltr'>πολιτεύεται,</span> <span class='ocrx_word' id='word_1_626' title='bbox 1693 1297 1760 1325; x_wconf 76' lang='grc' dir='ltr'>ἀλλὰ</span> <span class='ocrx_word' id='word_1_627' title='bbox 1787 1299 1856 1326; x_wconf 81' lang='grc' dir='ltr'><strong>κατά</strong></span> 
     </span>
    </p>
   </div>
   <div class='ocr_carea' id='block_1_81' title="bbox 1062 1339 1854 1379">
    <p class='ocr_par' dir='ltr' id='par_1_81' title="bbox 1062 1339 1854 1379">
     <span class='ocr_line' id='line_1_81' title="bbox 1062 1339 1854 1379; baseline 0.008 -14"><span class='ocrx_word' id='word_1_628' title='bbox 1062 1339 1109 1365; x_wconf 80' lang='grc' dir='ltr'>τὸν</span> <span class='ocrx_word' id='word_1_629' title='bbox 1125 1339 1171 1366; x_wconf 86' lang='grc' dir='ltr'><strong>τοῦ</strong></span> <span class='ocrx_word' id='word_1_630' title='bbox 1185 1339 1315 1376; x_wconf 80' lang='grc' dir='ltr'>Χριστοῦ,</span> <span class='ocrx_word' id='word_1_631' title='bbox 1337 1340 1382 1367; x_wconf 82' lang='grc' dir='ltr'>τὸν</span> <span class='ocrx_word' id='word_1_632' title='bbox 1400 1340 1453 1367; x_wconf 79' lang='grc' dir='ltr'>ὑπὸ</span> <span class='ocrx_word' id='word_1_633' title='bbox 1482 1341 1600 1376; x_wconf 84' lang='grc' dir='ltr'>Χριστοῦ</span> <span class='ocrx_word' id='word_1_634' title='bbox 1620 1342 1807 1379; x_wconf 78' lang='grc' dir='ltr'>πληρούμενον</span> <span class='ocrx_word' id='word_1_635' title='bbox 1822 1345 1854 1379; x_wconf 81' lang='grc' dir='ltr'>τῇ</span> 
     </span>
    </p>
   </div>
   <div class='ocr_carea' id='block_1_82' title="bbox 1064 1385 1856 1424">
    <p class='ocr_par' dir='ltr' id='par_1_82' title="bbox 1064 1385 1856 1424">
     <span class='ocr_line' id='line_1_82' title="bbox 1064 1385 1856 1424; baseline 0.006 -12"><span class='ocrx_word' id='word_1_636' title='bbox 1064 1385 1182 1418; x_wconf 77' lang='grc' dir='ltr'>συνέσει,</span> <span class='ocrx_word' id='word_1_637' title='bbox 1201 1385 1248 1412; x_wconf 82' lang='grc' dir='ltr'><strong>τὸν</strong></span> <span class='ocrx_word' id='word_1_638' title='bbox 1273 1385 1346 1412; x_wconf 84' lang='grc' dir='ltr'>κατὰ</span> <span class='ocrx_word' id='word_1_639' title='bbox 1362 1386 1408 1413; x_wconf 81' lang='grc' dir='ltr'>τὸν</span> <span class='ocrx_word' id='word_1_640' title='bbox 1423 1387 1541 1422; x_wconf 85' lang='grc' dir='ltr'>Χριστὸν</span> <span class='ocrx_word' id='word_1_641' title='bbox 1565 1387 1739 1424; x_wconf 75' lang='grc' dir='ltr'>λογιζόμενον</span> <span class='ocrx_word' id='word_1_642' title='bbox 1764 1390 1794 1416; x_wconf 78' lang='grc' dir='ltr'>ἐν</span> <span class='ocrx_word' id='word_1_643' title='bbox 1818 1390 1856 1417; x_wconf 76' lang='grc' dir='ltr'><strong>δι-</strong></span> 
     </span>
    </p>
   </div>
   <div class='ocr_carea' id='block_1_83' title="bbox 1065 1432 1855 1471">
    <p class='ocr_par' dir='ltr' id='par_1_83' title="bbox 1065 1432 1855 1471">
     <span class='ocr_line' id='line_1_83' title="bbox 1065 1432 1855 1471; baseline 0.004 -12"><span class='ocrx_word' id='word_1_644' title='bbox 1065 1432 1208 1469; x_wconf 84' lang='grc' dir='ltr'>καιοσύνῃ,</span> <span class='ocrx_word' id='word_1_645' title='bbox 1223 1433 1269 1460; x_wconf 83' lang='grc' dir='ltr'><strong>τὸν</strong></span> <span class='ocrx_word' id='word_1_646' title='bbox 1287 1434 1317 1461; x_wconf 82' lang='grc' dir='ltr'>ὲν</span> <span class='ocrx_word' id='word_1_647' title='bbox 1333 1433 1447 1470; x_wconf 80' lang='grc' dir='ltr'>Χριστῷ</span> <span class='ocrx_word' id='word_1_648' title='bbox 1463 1434 1693 1470; x_wconf 83' lang='grc' dir='ltr'>πεπολιτευμένον</span> <span class='ocrx_word' id='word_1_649' title='bbox 1710 1437 1744 1471; x_wconf 83' lang='grc' dir='ltr'><strong>τῇ</strong></span> <span class='ocrx_word' id='word_1_650' title='bbox 1761 1437 1855 1471; x_wconf 65' lang='grc' dir='ltr'>ὁμολο-</span> 
     </span>
    </p>
   </div>
   <div class='ocr_carea' id='block_1_84' title="bbox 1064 1478 1854 1517">
    <p class='ocr_par' dir='ltr' id='par_1_84' title="bbox 1064 1478 1854 1517">
     <span class='ocr_line' id='line_1_84' title="bbox 1064 1478 1854 1517; baseline 0.005 -13"><span class='ocrx_word' id='word_1_651' title='bbox 1064 1478 1124 1514; x_wconf 76' lang='grc' dir='ltr'>γίᾳ,</span> <span class='ocrx_word' id='word_1_652' title='bbox 1143 1479 1189 1506; x_wconf 77' lang='grc' dir='ltr'><strong>τὸν</strong></span> <span class='ocrx_word' id='word_1_653' title='bbox 1203 1479 1249 1506; x_wconf 85' lang='grc' dir='ltr'>διὰ</span> <span class='ocrx_word' id='word_1_654' title='bbox 1262 1480 1381 1516; x_wconf 81' lang='grc' dir='ltr'>Χριστὸν</span> <span class='ocrx_word' id='word_1_655' title='bbox 1395 1480 1549 1516; x_wconf 83' lang='grc' dir='ltr'>σωζόμενον</span> <span class='ocrx_word' id='word_1_656' title='bbox 1561 1481 1591 1508; x_wconf 83' lang='grc' dir='ltr'>ὲν</span> <span class='ocrx_word' id='word_1_657' title='bbox 1602 1482 1634 1516; x_wconf 86' lang='grc' dir='ltr'>τῇ</span> <span class='ocrx_word' id='word_1_658' title='bbox 1648 1481 1854 1517; x_wconf 81' lang='grc' dir='ltr'>δικαιοπραγίᾳ.</span> 
     </span>
    </p>
   </div>
   <div class='ocr_carea' id='block_1_85' title="bbox 1065 1523 1855 1563">
    <p class='ocr_par' dir='ltr' id='par_1_85' title="bbox 1065 1523 1855 1563">
     <span class='ocr_line' id='line_1_85' title="bbox 1065 1523 1855 1563; baseline 0.003 -11"><span class='ocrx_word' id='word_1_659' title='bbox 1065 1523 1151 1558; x_wconf 71' lang='grc' dir='ltr'>Οὗτος</span> <span class='ocrx_word' id='word_1_660' title='bbox 1167 1526 1224 1562; x_wconf 84' lang='grc' dir='ltr'><strong>γάρ</strong></span> <span class='ocrx_word' id='word_1_661' title='bbox 1238 1527 1313 1554; x_wconf 76' lang='grc' dir='ltr'>ἐστιν</span> <span class='ocrx_word' id='word_1_662' title='bbox 1330 1527 1344 1553; x_wconf 84' lang='grc'>6</span> <span class='ocrx_word' id='word_1_663' title='bbox 1357 1527 1421 1559; x_wconf 85' lang='grc' dir='ltr'>νοῦς</span> <span class='ocrx_word' id='word_1_664' title='bbox 1440 1526 1571 1563; x_wconf 84' lang='grc' dir='ltr'>Χριστοῦ,</span> <span class='ocrx_word' id='word_1_665' title='bbox 1587 1529 1602 1554; x_wconf 85' lang='grc' dir='ltr'><strong>ό</strong></span> <span class='ocrx_word' id='word_1_666' title='bbox 1618 1528 1646 1554; x_wconf 81' lang='grc' dir='ltr'>ὲν</span> <span class='ocrx_word' id='word_1_667' title='bbox 1659 1528 1724 1563; x_wconf 77' lang='grc' dir='ltr'>ἡμῖν</span> <span class='ocrx_word' id='word_1_668' title='bbox 1737 1527 1855 1563; x_wconf 81' lang='grc' dir='ltr'>δυνάμε-</span> 
     </span>
    </p>
   </div>
   <div class='ocr_carea' id='block_1_86' title="bbox 1063 1571 1855 1611">
    <p class='ocr_par' dir='ltr' id='par_1_86' title="bbox 1063 1571 1855 1611">
     <span class='ocr_line' id='line_1_86' title="bbox 1063 1571 1855 1611; baseline 0.001 -11"><span class='ocrx_word' id='word_1_669' title='bbox 1063 1582 1107 1605; x_wconf 87' lang='grc' dir='ltr'><strong>νος</strong></span> <span class='ocrx_word' id='word_1_670' title='bbox 1121 1571 1201 1607; x_wconf 76' lang='grc' dir='ltr'>εἶναι,</span> <span class='ocrx_word' id='word_1_671' title='bbox 1224 1574 1271 1601; x_wconf 73' lang='grc' dir='ltr'><strong>καὶ</strong></span> <span class='ocrx_word' id='word_1_672' title='bbox 1286 1575 1315 1601; x_wconf 82' lang='grc' dir='ltr'>ὲν</span> <span class='ocrx_word' id='word_1_673' title='bbox 1332 1574 1407 1610; x_wconf 79' lang='grc' dir='ltr'>τόπῳ</span> <span class='ocrx_word' id='word_1_674' title='bbox 1420 1573 1586 1610; x_wconf 77' lang='grc' dir='ltr'>περιεκτικῷ</span> <span class='ocrx_word' id='word_1_675' title='bbox 1607 1574 1653 1601; x_wconf 82' lang='grc' dir='ltr'>τὸν</span> <span class='ocrx_word' id='word_1_676' title='bbox 1673 1575 1791 1611; x_wconf 85' lang='grc' dir='ltr'>Χριστὸν</span> <span class='ocrx_word' id='word_1_677' title='bbox 1818 1575 1855 1611; x_wconf 81' lang='grc' dir='ltr'>μὴ</span> 
     </span>
    </p>
   </div>
   <div class='ocr_carea' id='block_1_87' title="bbox 1064 1620 1856 1657">
    <p class='ocr_par' dir='ltr' id='par_1_87' title="bbox 1064 1620 1856 1657">
     <span class='ocr_line' id='line_1_87' title="bbox 1064 1620 1856 1657; baseline 0.003 -11"><span class='ocrx_word' id='word_1_678' title='bbox 1064 1620 1198 1655; x_wconf 80' lang='grc' dir='ltr'>κατέχειν.</span> <span class='ocrx_word' id='word_1_679' title='bbox 1212 1620 1303 1656; x_wconf 86' lang='grc' dir='ltr'>Πάντη</span> <span class='ocrx_word' id='word_1_680' title='bbox 1317 1621 1373 1657; x_wconf 81' lang='grc' dir='ltr'>γάρ</span> <span class='ocrx_word' id='word_1_681' title='bbox 1389 1621 1463 1647; x_wconf 76' lang='grc' dir='ltr'>ἐστιν</span> <span class='ocrx_word' id='word_1_682' title='bbox 1478 1621 1493 1647; x_wconf 86' lang='grc' dir='ltr'><strong>ό</strong></span> <span class='ocrx_word' id='word_1_683' title='bbox 1507 1621 1613 1657; x_wconf 83' lang='grc' dir='ltr'>Πατὴρ,</span> <span class='ocrx_word' id='word_1_684' title='bbox 1629 1622 1675 1648; x_wconf 78' lang='grc' dir='ltr'>καὶ</span> <span class='ocrx_word' id='word_1_685' title='bbox 1689 1623 1703 1648; x_wconf 86' lang='grc' dir='ltr'><strong>ό</strong></span> <span class='ocrx_word' id='word_1_686' title='bbox 1719 1621 1794 1654; x_wconf 83' lang='grc' dir='ltr'>Υιὺς,</span> <span class='ocrx_word' id='word_1_687' title='bbox 1810 1622 1856 1649; x_wconf 75' lang='grc' dir='ltr'>καὶ</span> 
     </span>
    </p>
   </div>
   <div class='ocr_carea' id='block_1_88' title="bbox 1065 1666 1855 1704">
    <p class='ocr_par' dir='ltr' id='par_1_88' title="bbox 1065 1666 1855 1704">
     <span class='ocr_line' id='line_1_88' title="bbox 1065 1666 1855 1704; baseline 0.003 -11"><span class='ocrx_word' id='word_1_688' title='bbox 1065 1666 1143 1701; x_wconf 73' lang='grc' dir='ltr'>ἅγιον</span> <span class='ocrx_word' id='word_1_689' title='bbox 1160 1666 1284 1701; x_wconf 83' lang='grc' dir='ltr'>Πνεῦμα,</span> <span class='ocrx_word' id='word_1_690' title='bbox 1303 1667 1351 1694; x_wconf 72' lang='grc' dir='ltr'>καὶ</span> <span class='ocrx_word' id='word_1_691' title='bbox 1370 1669 1399 1694; x_wconf 85' lang='grc' dir='ltr'>ὲν</span> <span class='ocrx_word' id='word_1_692' title='bbox 1421 1668 1487 1702; x_wconf 76' lang='grc' dir='ltr'>ἡμῖν</span> <span class='ocrx_word' id='word_1_693' title='bbox 1506 1667 1624 1703; x_wconf 78' lang='grc' dir='ltr'>ὑπάρχει</span> <span class='ocrx_word' id='word_1_694' title='bbox 1649 1668 1855 1704; x_wconf 82' lang='grc' dir='ltr'>πνευματικῶς,</span> 
     </span>
    </p>
   </div>
   <div class='ocr_carea' id='block_1_89' title="bbox 1065 1712 1856 1750">
    <p class='ocr_par' dir='ltr' id='par_1_89' title="bbox 1065 1712 1856 1750">
     <span class='ocr_line' id='line_1_89' title="bbox 1065 1712 1856 1750; baseline 0.004 -12"><span class='ocrx_word' id='word_1_695' title='bbox 1065 1712 1113 1739; x_wconf 78' lang='grc' dir='ltr'>ἐὰν</span> <span class='ocrx_word' id='word_1_696' title='bbox 1125 1712 1208 1739; x_wconf 84' lang='grc' dir='ltr'>αὐτοῦ</span> <span class='ocrx_word' id='word_1_697' title='bbox 1222 1712 1290 1745; x_wconf 76' lang='grc' dir='ltr'>ἄξιοι</span> <span class='ocrx_word' id='word_1_698' title='bbox 1307 1713 1459 1749; x_wconf 83' lang='grc' dir='ltr'>γενώμεθα·</span> <span class='ocrx_word' id='word_1_699' title='bbox 1481 1713 1511 1740; x_wconf 83' lang='grc' dir='ltr'><strong>οῦ</strong></span> <span class='ocrx_word' id='word_1_700' title='bbox 1527 1723 1600 1746; x_wconf 85' lang='grc' dir='ltr'>τινος</span> <span class='ocrx_word' id='word_1_701' title='bbox 1618 1714 1703 1741; x_wconf 90' lang='grc' dir='ltr'>τόπου</span> <span class='ocrx_word' id='word_1_702' title='bbox 1717 1715 1856 1750; x_wconf 83' lang='grc' dir='ltr'>περικλεί-</span> 
     </span>
    </p>
   </div>
   <div class='ocr_carea' id='block_1_90' title="bbox 1065 1758 1856 1795">
    <p class='ocr_par' dir='ltr' id='par_1_90' title="bbox 1065 1758 1856 1795">
     <span class='ocr_line' id='line_1_90' title="bbox 1065 1758 1856 1795; baseline 0.004 -10"><span class='ocrx_word' id='word_1_703' title='bbox 1065 1767 1142 1790; x_wconf 90' lang='grc' dir='ltr'>οντος</span> <span class='ocrx_word' id='word_1_704' title='bbox 1157 1758 1247 1790; x_wconf 80' lang='grc' dir='ltr'>αὑτὸν,</span> <span class='ocrx_word' id='word_1_705' title='bbox 1261 1759 1308 1786; x_wconf 78' lang='grc' dir='ltr'>καὶ</span> <span class='ocrx_word' id='word_1_706' title='bbox 1323 1759 1368 1786; x_wconf 85' lang='grc' dir='ltr'>τὸν</span> <span class='ocrx_word' id='word_1_707' title='bbox 1381 1759 1464 1787; x_wconf 78' lang='grc' dir='ltr'>αὑτοῦ</span> <span class='ocrx_word' id='word_1_708' title='bbox 1478 1759 1598 1795; x_wconf 75' lang='grc' dir='ltr'>Πατέρα,</span> <span class='ocrx_word' id='word_1_709' title='bbox 1615 1761 1663 1787; x_wconf 77' lang='grc' dir='ltr'>καὶ</span> <span class='ocrx_word' id='word_1_710' title='bbox 1676 1760 1707 1787; x_wconf 83' lang='grc' dir='ltr'><strong>τὺ</strong></span> <span class='ocrx_word' id='word_1_711' title='bbox 1717 1760 1795 1795; x_wconf 69' lang='grc' dir='ltr'>ἅγιον</span> <span class='ocrx_word' id='word_1_712' title='bbox 1808 1761 1856 1788; x_wconf 85' lang='grc' dir='ltr'>αὑ-</span> 
     </span>
    </p>
   </div>
   <div class='ocr_carea' id='block_1_91' title="bbox 1063 1804 1857 1842">
    <p class='ocr_par' dir='ltr' id='par_1_91' title="bbox 1063 1804 1857 1842">
     <span class='ocr_line' id='line_1_91' title="bbox 1063 1804 1857 1842; baseline 0.005 -12"><span class='ocrx_word' id='word_1_713' title='bbox 1063 1804 1112 1830; x_wconf 89' lang='grc' dir='ltr'><strong>τοῦ</strong></span> <span class='ocrx_word' id='word_1_714' title='bbox 1135 1804 1259 1840; x_wconf 89' lang='grc' dir='ltr'>Πνεῦμα·</span> <span class='ocrx_word' id='word_1_715' title='bbox 1277 1806 1310 1841; x_wconf 79' lang='grc' dir='ltr'>τῇ</span> <span class='ocrx_word' id='word_1_716' title='bbox 1332 1805 1361 1832; x_wconf 82' lang='grc' dir='ltr'><strong>δὲ</strong></span> <span class='ocrx_word' id='word_1_717' title='bbox 1382 1805 1495 1841; x_wconf 81' lang='grc' dir='ltr'>δυνάμει</span> <span class='ocrx_word' id='word_1_718' title='bbox 1514 1806 1566 1841; x_wconf 81' lang='grc' dir='ltr'>τῆς</span> <span class='ocrx_word' id='word_1_719' title='bbox 1581 1805 1663 1833; x_wconf 79' lang='grc' dir='ltr'>αὐτοῦ</span> <span class='ocrx_word' id='word_1_720' title='bbox 1683 1806 1810 1842; x_wconf 77' lang='grc' dir='ltr'>θεότητος</span> <span class='ocrx_word' id='word_1_721' title='bbox 1828 1808 1857 1834; x_wconf 80' lang='grc' dir='ltr'>ὲν</span> 
     </span>
    </p>
   </div>
   <div class='ocr_carea' id='block_1_92' title="bbox 1064 1849 1857 1888">
    <p class='ocr_par' dir='ltr' id='par_1_92' title="bbox 1064 1849 1857 1888">
     <span class='ocr_line' id='line_1_92' title="bbox 1064 1849 1857 1888; baseline 0.005 -13"><span class='ocrx_word' id='word_1_722' title='bbox 1064 1849 1150 1876; x_wconf 73' lang='grc' dir='ltr'>ἅπασι</span> <span class='ocrx_word' id='word_1_723' title='bbox 1167 1850 1310 1885; x_wconf 85' lang='grc' dir='ltr'>τυγχάνων</span> <span class='ocrx_word' id='word_1_724' title='bbox 1332 1850 1400 1884; x_wconf 72' lang='grc' dir='ltr'>ἐστὶ,</span> <span class='ocrx_word' id='word_1_725' title='bbox 1422 1851 1470 1878; x_wconf 78' lang='grc' dir='ltr'>καὶ</span> <span class='ocrx_word' id='word_1_726' title='bbox 1485 1851 1589 1888; x_wconf 81' lang='grc' dir='ltr'>ἀμιγὴς</span> <span class='ocrx_word' id='word_1_727' title='bbox 1603 1851 1714 1879; x_wconf 87' lang='grc' dir='ltr'>πάντων</span> <span class='ocrx_word' id='word_1_728' title='bbox 1726 1852 1797 1884; x_wconf 73' lang='grc' dir='ltr'>ἐστὶ,</span> <span class='ocrx_word' id='word_1_729' title='bbox 1811 1853 1857 1880; x_wconf 78' lang='grc' dir='ltr'><strong>διὰ</strong></span> 
     </span>
    </p>
   </div>
   <div class='ocr_carea' id='block_1_93' title="bbox 1063 1894 1855 1934">
    <p class='ocr_par' dir='ltr' id='par_1_93' title="bbox 1063 1894 1855 1934">
     <span class='ocr_line' id='line_1_93' title="bbox 1063 1894 1855 1934; baseline 0.005 -13"><span class='ocrx_word' id='word_1_730' title='bbox 1063 1894 1114 1930; x_wconf 85' lang='grc' dir='ltr'>τὴν</span> <span class='ocrx_word' id='word_1_731' title='bbox 1123 1895 1205 1922; x_wconf 82' lang='grc' dir='ltr'>αὐτοῦ</span> <span class='ocrx_word' id='word_1_732' title='bbox 1217 1895 1455 1932; x_wconf 81' lang='grc' dir='ltr'>ἀσυγκοινώνητόν</span> <span class='ocrx_word' id='word_1_733' title='bbox 1467 1905 1496 1923; x_wconf 86' lang='grc' dir='ltr'><strong>τε</strong></span> <span class='ocrx_word' id='word_1_734' title='bbox 1511 1898 1558 1924; x_wconf 85' lang='grc' dir='ltr'>καὶ</span> <span class='ocrx_word' id='word_1_735' title='bbox 1570 1897 1736 1934; x_wconf 80' lang='grc' dir='ltr'>ἀσύγκριτον</span> <span class='ocrx_word' id='word_1_736' title='bbox 1750 1899 1855 1933; x_wconf 82' lang='grc' dir='ltr'>οὐσίαν,</span> 
     </span>
    </p>
   </div>
   <div class='ocr_carea' id='block_1_94' title="bbox 1067 1941 1856 1979">
    <p class='ocr_par' dir='ltr' id='par_1_94' title="bbox 1067 1941 1856 1979">
     <span class='ocr_line' id='line_1_94' title="bbox 1067 1941 1856 1979; baseline 0.004 -11"><span class='ocrx_word' id='word_1_737' title='bbox 1067 1941 1114 1969; x_wconf 82' lang='grc' dir='ltr'><strong>καὶ</strong></span> <span class='ocrx_word' id='word_1_738' title='bbox 1135 1942 1273 1978; x_wconf 82' lang='grc' dir='ltr'>ἀκραιφνῆ</span> <span class='ocrx_word' id='word_1_739' title='bbox 1297 1942 1344 1969; x_wconf 76' lang='grc' dir='ltr'>καὶ</span> <span class='ocrx_word' id='word_1_740' title='bbox 1366 1943 1557 1978; x_wconf 83' lang='grc' dir='ltr'>ἀκατάληπτον</span> <span class='ocrx_word' id='word_1_741' title='bbox 1575 1943 1699 1979; x_wconf 84' lang='grc' dir='ltr'>θεότητα.</span> <span class='ocrx_word' id='word_1_742' title='bbox 1732 1944 1817 1971; x_wconf 84' lang='grc' dir='ltr'>Ὅταν</span> <span class='ocrx_word' id='word_1_743' title='bbox 1833 1945 1856 1971; x_wconf 85' lang='grc' dir='ltr'><strong>δ’</strong></span> 
     </span>
    </p>
   </div>
   <div class='ocr_carea' id='block_1_95' title="bbox 1063 1989 1855 2027">
    <p class='ocr_par' dir='ltr' id='par_1_95' title="bbox 1063 1989 1855 2027">
     <span class='ocr_line' id='line_1_95' title="bbox 1063 1989 1855 2027; baseline 0.004 -12"><span class='ocrx_word' id='word_1_744' title='bbox 1063 1989 1128 2026; x_wconf 73' lang='grc' dir='ltr'>εἴπῃ</span> <span class='ocrx_word' id='word_1_745' title='bbox 1152 1990 1166 2016; x_wconf 89' lang='grc' dir='ltr'><strong>ό</strong></span> <span class='ocrx_word' id='word_1_746' title='bbox 1188 1989 1357 2021; x_wconf 84' lang='grc' dir='ltr'>Ἀπόστολος·</span> <span class='ocrx_word' id='word_1_747' title='bbox 1380 1989 1475 2027; x_wconf 78' lang='grc' dir='ltr'>Ἡμεῖς</span> <span class='ocrx_word' id='word_1_748' title='bbox 1495 1989 1529 2016; x_wconf 79' lang='grc' dir='ltr'><strong>δὲ</strong></span> <span class='ocrx_word' id='word_1_749' title='bbox 1542 1989 1618 2017; x_wconf 82' lang='grc' dir='ltr'>νοῦν</span> <span class='ocrx_word' id='word_1_750' title='bbox 1636 1989 1766 2024; x_wconf 78' lang='grc' dir='ltr'>Χριστοῦ</span> <span class='ocrx_word' id='word_1_751' title='bbox 1786 1990 1855 2025; x_wconf 81' lang='grc' dir='ltr'>ἕχο-</span> 
     </span>
    </p>
   </div>
   <div class='ocr_carea' id='block_1_96' title="bbox 1060 2032 1855 2072">
    <p class='ocr_par' dir='ltr' id='par_1_96' title="bbox 1060 2032 1855 2072">
     <span class='ocr_line' id='line_1_96' title="bbox 1060 2032 1855 2072; baseline 0.001 -10"><span class='ocrx_word' id='word_1_752' title='bbox 1060 2043 1128 2070; x_wconf 77' lang='grc' dir='ltr'>μεν·</span> <span class='ocrx_word' id='word_1_753' title='bbox 1143 2032 1199 2071; x_wconf 84' lang='grc' dir='ltr'><strong>ἆρά</strong></span> <span class='ocrx_word' id='word_1_754' title='bbox 1215 2043 1247 2069; x_wconf 86' lang='grc' dir='ltr'><strong>γε</strong></span> <span class='ocrx_word' id='word_1_755' title='bbox 1265 2035 1291 2062; x_wconf 91' lang='grc' dir='ltr'><strong>τί</strong></span> <span class='ocrx_word' id='word_1_756' title='bbox 1314 2035 1494 2071; x_wconf 79' lang='grc' dir='ltr'>λογισόμεθα;</span> <span class='ocrx_word' id='word_1_757' title='bbox 1513 2033 1577 2071; x_wconf 75' lang='grc' dir='ltr'>Εἶχε</span> <span class='ocrx_word' id='word_1_758' title='bbox 1592 2036 1639 2063; x_wconf 84' lang='grc' dir='ltr'>τὸν</span> <span class='ocrx_word' id='word_1_759' title='bbox 1660 2036 1725 2063; x_wconf 89' lang='grc' dir='ltr'>ῐδιον</span> <span class='ocrx_word' id='word_1_760' title='bbox 1747 2036 1855 2072; x_wconf 79' lang='grc' dir='ltr'>ἀνθρώ-</span> 
     </span>
    </p>
   </div>
   <div class='ocr_carea' id='block_1_97' title="bbox 1064 2080 1856 2117">
    <p class='ocr_par' dir='ltr' id='par_1_97' title="bbox 1064 2080 1856 2117">
     <span class='ocr_line' id='line_1_97' title="bbox 1064 2080 1856 2117; baseline 0.001 -10"><span class='ocrx_word' id='word_1_761' title='bbox 1064 2089 1156 2114; x_wconf 87' lang='grc' dir='ltr'>πινον;</span> <span class='ocrx_word' id='word_1_762' title='bbox 1174 2081 1209 2107; x_wconf 83' lang='grc' dir='ltr'>Ἢ</span> <span class='ocrx_word' id='word_1_763' title='bbox 1224 2080 1271 2107; x_wconf 88' lang='grc' dir='ltr'><strong>τοῦ</strong></span> <span class='ocrx_word' id='word_1_764' title='bbox 1290 2080 1406 2116; x_wconf 84' lang='grc' dir='ltr'>Χριστοῦ</span> <span class='ocrx_word' id='word_1_765' title='bbox 1429 2081 1633 2116; x_wconf 76' lang='grc' dir='ltr'>ἐμφορούμενος</span> <span class='ocrx_word' id='word_1_766' title='bbox 1650 2081 1722 2114; x_wconf 87' lang='grc' dir='ltr'>νοῦν,</span> <span class='ocrx_word' id='word_1_767' title='bbox 1742 2081 1788 2108; x_wconf 74' lang='grc' dir='ltr'><strong>τὸν</strong></span> <span class='ocrx_word' id='word_1_768' title='bbox 1807 2082 1856 2117; x_wconf 84' lang='grc' dir='ltr'>μὲν</span> 
     </span>
    </p>
   </div>
   <div class='ocr_carea' id='block_1_98' title="bbox 1038 2125 1856 2163">
    <p class='ocr_par' dir='ltr' id='par_1_98' title="bbox 1038 2125 1856 2163">
     <span class='ocr_line' id='line_1_98' title="bbox 1038 2125 1856 2163; baseline 0.002 -11"><span class='ocrx_word' id='word_1_769' title='bbox 1038 2139 1040 2141; x_wconf 66' lang='grc' dir='ltr'><strong>ι</strong></span> <span class='ocrx_word' id='word_1_770' title='bbox 1064 2126 1130 2153; x_wconf 76' lang='grc' dir='ltr'>ἴδιον</span> <span class='ocrx_word' id='word_1_771' title='bbox 1156 2126 1335 2158; x_wconf 77' lang='grc' dir='ltr'>ἀπεϐάλλετο,</span> <span class='ocrx_word' id='word_1_772' title='bbox 1359 2127 1422 2154; x_wconf 88' lang='grc' dir='ltr'>νοῦν</span> <span class='ocrx_word' id='word_1_773' title='bbox 1444 2126 1473 2153; x_wconf 78' lang='grc' dir='ltr'><strong>δὲ</strong></span> <span class='ocrx_word' id='word_1_774' title='bbox 1495 2127 1615 2162; x_wconf 83' lang='grc' dir='ltr'>Χριστοῦ</span> <span class='ocrx_word' id='word_1_775' title='bbox 1634 2125 1707 2163; x_wconf 72' lang='grc' dir='ltr'>εἶχεν</span> <span class='ocrx_word' id='word_1_776' title='bbox 1723 2129 1786 2155; x_wconf 80' lang='grc' dir='ltr'>ἀντὶ</span> <span class='ocrx_word' id='word_1_777' title='bbox 1808 2127 1856 2155; x_wconf 83' lang='grc' dir='ltr'><strong>τοῦ</strong></span> 
     </span>
    </p>
   </div>
   <div class='ocr_carea' id='block_1_99' title="bbox 1065 2172 1857 2209">
    <p class='ocr_par' dir='ltr' id='par_1_99' title="bbox 1065 2172 1857 2209">
     <span class='ocr_line' id='line_1_99' title="bbox 1065 2172 1857 2209; baseline 0 -10"><span class='ocrx_word' id='word_1_778' title='bbox 1065 2172 1148 2206; x_wconf 82' lang='grc' dir='ltr'>ίδίου;</span> <span class='ocrx_word' id='word_1_779' title='bbox 1165 2173 1202 2199; x_wconf 88' lang='grc' dir='ltr'><strong>Οὐ</strong></span> <span class='ocrx_word' id='word_1_780' title='bbox 1216 2173 1333 2204; x_wconf 83' lang='grc' dir='ltr'>πάντως.</span> <span class='ocrx_word' id='word_1_781' title='bbox 1353 2172 1583 2208; x_wconf 85' lang='grc' dir='ltr'>Συνομολογήσειε</span> <span class='ocrx_word' id='word_1_782' title='bbox 1598 2172 1652 2209; x_wconf 79' lang='grc' dir='ltr'><strong>γὰρ</strong></span> <span class='ocrx_word' id='word_1_783' title='bbox 1668 2173 1784 2205; x_wconf 64' lang='grc' dir='ltr'>ἕκαστος</span> <span class='ocrx_word' id='word_1_784' title='bbox 1803 2174 1857 2201; x_wconf 82' lang='grc' dir='ltr'>τῶν</span> 
     </span>
    </p>
   </div>
   <div class='ocr_carea' id='block_1_100' title="bbox 1065 2215 1858 2255">
    <p class='ocr_par' dir='ltr' id='par_1_100' title="bbox 1065 2215 1858 2255">
     <span class='ocr_line' id='line_1_100' title="bbox 1065 2215 1858 2255; baseline 0.003 -11"><span class='ocrx_word' id='word_1_785' title='bbox 1065 2218 1229 2250; x_wconf 82' lang='grc' dir='ltr'>ἀκουόντων,</span> <span class='ocrx_word' id='word_1_786' title='bbox 1248 2219 1290 2245; x_wconf 83' lang='grc' dir='ltr'>ὅτι</span> <span class='ocrx_word' id='word_1_787' title='bbox 1310 2218 1356 2244; x_wconf 87' lang='grc' dir='ltr'>τὸν</span> <span class='ocrx_word' id='word_1_788' title='bbox 1377 2218 1426 2254; x_wconf 84' lang='grc' dir='ltr'>μὲν</span> <span class='ocrx_word' id='word_1_789' title='bbox 1445 2217 1509 2245; x_wconf 79' lang='grc' dir='ltr'>ἴδιον</span> <span class='ocrx_word' id='word_1_790' title='bbox 1528 2215 1596 2254; x_wconf 75' lang='grc' dir='ltr'>εἶχε,</span> <span class='ocrx_word' id='word_1_791' title='bbox 1618 2219 1664 2246; x_wconf 85' lang='grc' dir='ltr'><strong>τοῦ</strong></span> <span class='ocrx_word' id='word_1_792' title='bbox 1686 2228 1714 2246; x_wconf 91' lang='grc' dir='ltr'><strong>τε</strong></span> <span class='ocrx_word' id='word_1_793' title='bbox 1736 2219 1858 2255; x_wconf 83' lang='grc' dir='ltr'>Χριστοῦ</span> 
     </span>
    </p>
   </div>
   <div class='ocr_carea' id='block_1_101' title="bbox 1065 2263 1858 2301">
    <p class='ocr_par' dir='ltr' id='par_1_101' title="bbox 1065 2263 1858 2301">
     <span class='ocr_line' id='line_1_101' title="bbox 1065 2263 1858 2301; baseline 0.004 -11"><span class='ocrx_word' id='word_1_794' title='bbox 1065 2264 1230 2300; x_wconf 73' lang='grc' dir='ltr'>ἐνεφορεῖτο,</span> <span class='ocrx_word' id='word_1_795' title='bbox 1248 2263 1294 2291; x_wconf 89' lang='grc' dir='ltr'><strong>τοῦ</strong></span> <span class='ocrx_word' id='word_1_796' title='bbox 1312 2265 1500 2299; x_wconf 83' lang='grc' dir='ltr'>κοσμήσαντος</span> <span class='ocrx_word' id='word_1_797' title='bbox 1513 2264 1594 2292; x_wconf 75' lang='grc' dir='ltr'>αὐτὸν</span> <span class='ocrx_word' id='word_1_798' title='bbox 1610 2264 1680 2292; x_wconf 85' lang='grc' dir='ltr'>κατὰ</span> <span class='ocrx_word' id='word_1_799' title='bbox 1697 2265 1747 2301; x_wconf 75' lang='grc' dir='ltr'>τὴν</span> <span class='ocrx_word' id='word_1_800' title='bbox 1764 2265 1858 2293; x_wconf 82' lang='grc' dir='ltr'>θεοσέ-</span> 
     </span>
    </p>
   </div>
   <div class='ocr_carea' id='block_1_102' title="bbox 1067 2310 1859 2347">
    <p class='ocr_par' dir='ltr' id='par_1_102' title="bbox 1067 2310 1859 2347">
     <span class='ocr_line' id='line_1_102' title="bbox 1067 2310 1859 2347; baseline 0.004 -10"><span class='ocrx_word' id='word_1_801' title='bbox 1067 2311 1145 2338; x_wconf 75' lang='grc' dir='ltr'>ϐειαν</span> <span class='ocrx_word' id='word_1_802' title='bbox 1156 2310 1203 2337; x_wconf 74' lang='grc' dir='ltr'>καὶ</span> <span class='ocrx_word' id='word_1_803' title='bbox 1214 2310 1326 2344; x_wconf 82' lang='grc' dir='ltr'>γνῶσιν,</span> <span class='ocrx_word' id='word_1_804' title='bbox 1340 2311 1386 2337; x_wconf 69' lang='grc' dir='ltr'><strong>καὶ</strong></span> <span class='ocrx_word' id='word_1_805' title='bbox 1400 2311 1468 2338; x_wconf 86' lang='grc' dir='ltr'>Θεοῦ</span> <span class='ocrx_word' id='word_1_806' title='bbox 1486 2311 1626 2338; x_wconf 84' lang='grc' dir='ltr'>πολιτείαν</span> <span class='ocrx_word' id='word_1_807' title='bbox 1641 2312 1812 2347; x_wconf 76' lang='grc' dir='ltr'>ἐπουράνιον.</span> <span class='ocrx_word' id='word_1_808' title='bbox 1826 2313 1859 2340; x_wconf 80' lang='lat' dir='ltr'><strong>Et</strong></span> 
     </span>
    </p>
   </div>
   <div class='ocr_carea' id='block_1_103' title="bbox 1065 2355 1857 2393">
    <p class='ocr_par' dir='ltr' id='par_1_103' title="bbox 1065 2355 1857 2393">
     <span class='ocr_line' id='line_1_103' title="bbox 1065 2355 1857 2393; baseline 0.003 -11"><span class='ocrx_word' id='word_1_809' title='bbox 1065 2355 1165 2388; x_wconf 86' lang='grc' dir='ltr'>τοίνυν,</span> <span class='ocrx_word' id='word_1_810' title='bbox 1179 2355 1224 2382; x_wconf 77' lang='grc' dir='ltr'><strong>τὸν</strong></span> <span class='ocrx_word' id='word_1_811' title='bbox 1237 2356 1302 2382; x_wconf 79' lang='grc' dir='ltr'>ἴδιον</span> <span class='ocrx_word' id='word_1_812' title='bbox 1314 2356 1383 2391; x_wconf 79' lang='grc' dir='ltr'>ἔχων</span> <span class='ocrx_word' id='word_1_813' title='bbox 1398 2356 1471 2388; x_wconf 87' lang='grc' dir='ltr'>νοῦν,</span> <span class='ocrx_word' id='word_1_814' title='bbox 1484 2357 1603 2393; x_wconf 85' lang='grc' dir='ltr'>Χριστοῦ</span> <span class='ocrx_word' id='word_1_815' title='bbox 1619 2358 1773 2393; x_wconf 68' lang='grc' dir='ltr'>ἐνεφορεῖτο</span> <span class='ocrx_word' id='word_1_816' title='bbox 1783 2358 1857 2392; x_wconf 83' lang='grc' dir='ltr'>νοῦν,</span> 
     </span>
    </p>
   </div>
   <div class='ocr_carea' id='block_1_104' title="bbox 1063 2402 1856 2440">
    <p class='ocr_par' dir='ltr' id='par_1_104' title="bbox 1063 2402 1856 2440">
     <span class='ocr_line' id='line_1_104' title="bbox 1063 2402 1856 2440; baseline 0 -9"><span class='ocrx_word' id='word_1_817' title='bbox 1063 2403 1117 2439; x_wconf 80' lang='grc' dir='ltr'>ἄρα</span> <span class='ocrx_word' id='word_1_818' title='bbox 1137 2411 1169 2437; x_wconf 85' lang='grc' dir='ltr'><strong>γε</strong></span> <span class='ocrx_word' id='word_1_819' title='bbox 1192 2403 1241 2430; x_wconf 77' lang='grc' dir='ltr'>καὶ</span> <span class='ocrx_word' id='word_1_820' title='bbox 1261 2403 1381 2438; x_wconf 82' lang='grc' dir='ltr'>Χριστὸς</span> <span class='ocrx_word' id='word_1_821' title='bbox 1401 2403 1482 2436; x_wconf 77' lang='grc' dir='ltr'>αὐτὸς</span> <span class='ocrx_word' id='word_1_822' title='bbox 1500 2405 1514 2430; x_wconf 90' lang='grc' dir='ltr'><strong>ὀ</strong></span> <span class='ocrx_word' id='word_1_823' title='bbox 1538 2404 1625 2438; x_wconf 86' lang='grc' dir='ltr'>Λόγος</span> <span class='ocrx_word' id='word_1_824' title='bbox 1647 2404 1708 2436; x_wconf 84' lang='grc' dir='ltr'>νοῦς</span> <span class='ocrx_word' id='word_1_825' title='bbox 1725 2402 1770 2440; x_wconf 80' lang='grc' dir='ltr'>ἢν·</span> <span class='ocrx_word' id='word_1_826' title='bbox 1786 2405 1814 2432; x_wconf 75' lang='grc' dir='ltr'>εἴ</span> <span class='ocrx_word' id='word_1_827' title='bbox 1824 2414 1856 2440; x_wconf 85' lang='grc' dir='ltr'><strong>γε</strong></span> 
     </span>
    </p>
   </div>
   <div class='ocr_carea' id='block_1_105' title="bbox 1062 2450 1857 2487">
    <p class='ocr_par' dir='ltr' id='par_1_105' title="bbox 1062 2450 1857 2487">
     <span class='ocr_line' id='line_1_105' title="bbox 1062 2450 1857 2487; baseline 0.001 -9"><span class='ocrx_word' id='word_1_828' title='bbox 1062 2451 1150 2483; x_wconf 82' lang='grc' dir='ltr'>οὕτως</span> <span class='ocrx_word' id='word_1_829' title='bbox 1161 2450 1193 2486; x_wconf 89' lang='grc' dir='ltr'>δὴ</span> <span class='ocrx_word' id='word_1_830' title='bbox 1203 2450 1303 2485; x_wconf 82' lang='grc' dir='ltr'>λέγειν·</span> <span class='ocrx_word' id='word_1_831' title='bbox 1316 2451 1410 2487; x_wconf 74' lang='grc' dir='ltr'>ἐπειδή</span> <span class='ocrx_word' id='word_1_832' title='bbox 1420 2459 1475 2478; x_wconf 87' lang='grc' dir='ltr'>τισι</span> <span class='ocrx_word' id='word_1_833' title='bbox 1487 2450 1567 2478; x_wconf 83' lang='grc' dir='ltr'>τοῦτο</span> <span class='ocrx_word' id='word_1_834' title='bbox 1579 2451 1663 2484; x_wconf 78' lang='grc' dir='ltr'>ἔδειξε</span> <span class='ocrx_word' id='word_1_835' title='bbox 1672 2451 1682 2468; x_wconf 88' lang='grc'><strong><em>⁸</em></strong></span> <span class='ocrx_word' id='word_1_836' title='bbox 1691 2451 1754 2478; x_wconf 85' lang='grc' dir='ltr'>νοῦν</span> <span class='ocrx_word' id='word_1_837' title='bbox 1764 2452 1857 2479; x_wconf 82' lang='grc' dir='ltr'>καλεῖν</span> 
     </span>
    </p>
   </div>
   <div class='ocr_carea' id='block_1_106' title="bbox 1065 2495 1857 2533">
    <p class='ocr_par' dir='ltr' id='par_1_106' title="bbox 1065 2495 1857 2533">
     <span class='ocr_line' id='line_1_106' title="bbox 1065 2495 1857 2533; baseline 0.003 -10"><span class='ocrx_word' id='word_1_838' title='bbox 1065 2496 1143 2523; x_wconf 79' lang='grc' dir='ltr'>Θεόν.</span> <span class='ocrx_word' id='word_1_839' title='bbox 1166 2495 1239 2531; x_wconf 82' lang='grc' dir='ltr'>Ἐγὼ</span> <span class='ocrx_word' id='word_1_840' title='bbox 1253 2496 1282 2523; x_wconf 81' lang='grc' dir='ltr'><strong>δὲ</strong></span> <span class='ocrx_word' id='word_1_841' title='bbox 1296 2496 1342 2523; x_wconf 80' lang='grc' dir='ltr'>τὸν</span> <span class='ocrx_word' id='word_1_842' title='bbox 1356 2496 1419 2523; x_wconf 88' lang='grc' dir='ltr'>νοῦν</span> <span class='ocrx_word' id='word_1_843' title='bbox 1434 2497 1478 2524; x_wconf 81' lang='grc' dir='ltr'><strong>τὸν</strong></span> <span class='ocrx_word' id='word_1_844' title='bbox 1493 2496 1626 2533; x_wconf 78' lang='grc' dir='ltr'>ἡμέτερον</span> <span class='ocrx_word' id='word_1_845' title='bbox 1642 2497 1690 2532; x_wconf 83' lang='grc' dir='ltr'><strong>οὐχ</strong></span> <span class='ocrx_word' id='word_1_846' title='bbox 1706 2497 1857 2525; x_wconf 78' lang='grc' dir='ltr'>ὑπόστασιν</span> 
     </span>
    </p>
   </div>
   <div class='ocr_carea' id='block_1_107' title="bbox 1062 2542 1857 2579">
    <p class='ocr_par' dir='ltr' id='par_1_107' title="bbox 1062 2542 1857 2579">
     <span class='ocr_line' id='line_1_107' title="bbox 1062 2542 1857 2579; baseline 0 -10"><span class='ocrx_word' id='word_1_847' title='bbox 1062 2542 1194 2579; x_wconf 80' lang='grc' dir='ltr'>ἡγοῦμαι,</span> <span class='ocrx_word' id='word_1_848' title='bbox 1221 2542 1282 2569; x_wconf 84' lang='grc' dir='ltr'><strong>οὺδέ</strong></span> <span class='ocrx_word' id='word_1_849' title='bbox 1308 2551 1350 2574; x_wconf 86' lang='grc' dir='ltr'><strong>τις</strong></span> <span class='ocrx_word' id='word_1_850' title='bbox 1373 2542 1427 2570; x_wconf 83' lang='grc' dir='ltr'>τῶν</span> <span class='ocrx_word' id='word_1_851' title='bbox 1449 2542 1515 2569; x_wconf 87' lang='grc' dir='ltr'>υίῶν</span> <span class='ocrx_word' id='word_1_852' title='bbox 1534 2543 1585 2578; x_wconf 83' lang='grc' dir='ltr'>τῆς</span> <span class='ocrx_word' id='word_1_853' title='bbox 1603 2542 1779 2579; x_wconf 81' lang='grc' dir='ltr'>Ἐκκλησίας,</span> <span class='ocrx_word' id='word_1_854' title='bbox 1798 2542 1857 2569; x_wconf 78' lang='grc' dir='ltr'>ἀλλ’</span> 
     </span>
    </p>
   </div>
   <div class='ocr_carea' id='block_1_108' title="bbox 1062 2579 1856 2624">
    <p class='ocr_par' dir='ltr' id='par_1_108' title="bbox 1062 2579 1856 2624">
     <span class='ocr_line' id='line_1_108' title="bbox 1062 2579 1856 2624; baseline 0 -10"><span class='ocrx_word' id='word_1_855' title='bbox 1062 2588 1203 2624; x_wconf 72' lang='grc' dir='ltr'>ἐνέργειαν</span> <span class='ocrx_word' id='word_1_856' title='bbox 1216 2597 1277 2615; x_wconf 91' lang='grc' dir='ltr'>τινα</span> <span class='ocrx_word' id='word_1_857' title='bbox 1290 2588 1322 2615; x_wconf 81' lang='grc' dir='ltr'>ὲκ</span> <span class='ocrx_word' id='word_1_858' title='bbox 1331 2588 1398 2615; x_wconf 85' lang='grc' dir='ltr'>Θεοῦ</span> <span class='ocrx_word' id='word_1_859' title='bbox 1411 2589 1440 2615; x_wconf 79' lang='grc' dir='ltr'>ἐν</span> <span class='ocrx_word' id='word_1_860' title='bbox 1450 2589 1516 2624; x_wconf 81' lang='grc' dir='ltr'>ἡμῖν</span> <span class='ocrx_word' id='word_1_861' title='bbox 1528 2579 1673 2624; x_wconf 71' lang='grc' dir='ltr'>δεδομένην</span> <span class='ocrx_word' id='word_1_862' title='bbox 1700 2588 1748 2615; x_wconf 71' lang='grc' dir='ltr'><strong>καὶ</strong></span> <span class='ocrx_word' id='word_1_863' title='bbox 1761 2586 1856 2615; x_wconf 80' lang='grc' dir='ltr'>οὖσαν.</span> 
     </span>
    </p>
   </div>
   <div class='ocr_carea' id='block_1_109' title="bbox 1063 2633 1857 2668">
    <p class='ocr_par' dir='ltr' id='par_1_109' title="bbox 1063 2633 1857 2668">
     <span class='ocr_line' id='line_1_109' title="bbox 1063 2633 1857 2668; baseline 0 -8"><span class='ocrx_word' id='word_1_864' title='bbox 1063 2634 1116 2661; x_wconf 88' lang='grc' dir='ltr'><strong>Τὸν</strong></span> <span class='ocrx_word' id='word_1_865' title='bbox 1133 2634 1161 2661; x_wconf 81' lang='grc' dir='ltr'><strong>δὲ</strong></span> <span class='ocrx_word' id='word_1_866' title='bbox 1176 2634 1293 2668; x_wconf 83' lang='grc' dir='ltr'>Χριστὸν</span> <span class='ocrx_word' id='word_1_867' title='bbox 1310 2633 1460 2660; x_wconf 83' lang='grc' dir='ltr'>ὑπόστασιν</span> <span class='ocrx_word' id='word_1_868' title='bbox 1476 2633 1558 2668; x_wconf 83' lang='grc' dir='ltr'>λέγω,</span> <span class='ocrx_word' id='word_1_869' title='bbox 1576 2633 1614 2665; x_wconf 84' lang='grc' dir='ltr'>ὡς</span> <span class='ocrx_word' id='word_1_870' title='bbox 1630 2633 1676 2660; x_wconf 71' lang='grc' dir='ltr'>καὶ</span> <span class='ocrx_word' id='word_1_871' title='bbox 1691 2633 1793 2666; x_wconf 82' lang='grc' dir='ltr'>πάντες</span> <span class='ocrx_word' id='word_1_872' title='bbox 1809 2642 1857 2660; x_wconf 86' lang='grc' dir='ltr'>πι-</span> 
     </span>
    </p>
   </div>
   <div class='ocr_carea' id='block_1_110' title="bbox 1064 2679 1858 2716">
    <p class='ocr_par' dir='ltr' id='par_1_110' title="bbox 1064 2679 1858 2716">
     <span class='ocr_line' id='line_1_110' title="bbox 1064 2679 1858 2716; baseline 0 -10"><span class='ocrx_word' id='word_1_873' title='bbox 1064 2681 1123 2707; x_wconf 71' lang='grc' dir='ltr'>στοὶ</span> <span class='ocrx_word' id='word_1_874' title='bbox 1134 2679 1305 2716; x_wconf 82' lang='grc' dir='ltr'>ὁμολογοῦσι,</span> <span class='ocrx_word' id='word_1_875' title='bbox 1323 2680 1370 2707; x_wconf 76' lang='grc' dir='ltr'>καὶ</span> <span class='ocrx_word' id='word_1_876' title='bbox 1380 2680 1446 2706; x_wconf 84' lang='grc' dir='ltr'>Θεὸν</span> <span class='ocrx_word' id='word_1_877' title='bbox 1463 2679 1596 2715; x_wconf 81' lang='grc' dir='ltr'>ὁμολογῶ,</span> <span class='ocrx_word' id='word_1_878' title='bbox 1613 2680 1659 2706; x_wconf 75' lang='grc' dir='ltr'>καὶ</span> <span class='ocrx_word' id='word_1_879' title='bbox 1675 2680 1740 2707; x_wconf 75' lang='grc' dir='ltr'>ὄντα</span> <span class='ocrx_word' id='word_1_880' title='bbox 1752 2680 1858 2716; x_wconf 86' lang='grc' dir='ltr'>Κύριον</span> 
     </span>
    </p>
   </div>
   <div class='ocr_carea' id='block_1_111' title="bbox 1062 2725 1858 2763">
    <p class='ocr_par' dir='ltr' id='par_1_111' title="bbox 1062 2725 1858 2763">
     <span class='ocr_line' id='line_1_111' title="bbox 1062 2725 1858 2763; baseline -0.003 -9"><span class='ocrx_word' id='word_1_881' title='bbox 1062 2728 1095 2754; x_wconf 80' lang='grc' dir='ltr'>ἐκ</span> <span class='ocrx_word' id='word_1_882' title='bbox 1104 2727 1212 2763; x_wconf 80' lang='grc' dir='ltr'>Πατρὸς</span> <span class='ocrx_word' id='word_1_883' title='bbox 1222 2728 1433 2762; x_wconf 79' lang='grc' dir='ltr'>γεγεννημένον,</span> <span class='ocrx_word' id='word_1_884' title='bbox 1447 2727 1550 2753; x_wconf 86' lang='grc' dir='ltr'>τέλειον</span> <span class='ocrx_word' id='word_1_885' title='bbox 1564 2727 1596 2753; x_wconf 77' lang='grc' dir='ltr'>ἐκ</span> <span class='ocrx_word' id='word_1_886' title='bbox 1612 2725 1725 2757; x_wconf 86' lang='grc' dir='ltr'>τελείου,</span> <span class='ocrx_word' id='word_1_887' title='bbox 1738 2726 1786 2753; x_wconf 83' lang='grc' dir='ltr'>καὶ</span> <span class='ocrx_word' id='word_1_888' title='bbox 1798 2726 1858 2761; x_wconf 76' lang='grc' dir='ltr'>φῶς</span> 
     </span>
    </p>
   </div>
   <div class='ocr_carea' id='block_1_112' title="bbox 1059 2771 1858 2807">
    <p class='ocr_par' dir='ltr' id='par_1_112' title="bbox 1059 2771 1858 2807">
     <span class='ocr_line' id='line_1_112' title="bbox 1059 2771 1858 2807; baseline -0.001 -8"><span class='ocrx_word' id='word_1_889' title='bbox 1059 2773 1092 2800; x_wconf 81' lang='grc' dir='ltr'>ἐκ</span> <span class='ocrx_word' id='word_1_890' title='bbox 1114 2773 1212 2807; x_wconf 75' lang='grc' dir='ltr'>φωτὸς,</span> <span class='ocrx_word' id='word_1_891' title='bbox 1236 2774 1283 2800; x_wconf 75' lang='grc' dir='ltr'>καὶ</span> <span class='ocrx_word' id='word_1_892' title='bbox 1300 2773 1366 2799; x_wconf 79' lang='grc' dir='ltr'>Θεὸν</span> <span class='ocrx_word' id='word_1_893' title='bbox 1382 2773 1414 2799; x_wconf 82' lang='grc' dir='ltr'>ἐκ</span> <span class='ocrx_word' id='word_1_894' title='bbox 1430 2773 1508 2799; x_wconf 79' lang='grc' dir='ltr'>Θεοῦ.</span> <span class='ocrx_word' id='word_1_895' title='bbox 1533 2772 1602 2799; x_wconf 78' lang='grc' dir='ltr'>Ἀλλ’</span> <span class='ocrx_word' id='word_1_896' title='bbox 1625 2773 1700 2807; x_wconf 74' lang='grc' dir='ltr'>ὅμως</span> <span class='ocrx_word' id='word_1_897' title='bbox 1721 2773 1794 2798; x_wconf 81' lang='grc' dir='ltr'>κατὰ</span> <span class='ocrx_word' id='word_1_898' title='bbox 1810 2771 1858 2799; x_wconf 68' lang='grc' dir='ltr'>τὸν</span> 
     </span>
    </p>
   </div>
   <div class='ocr_carea' id='block_1_113' title="bbox 1059 2817 1857 2854">
    <p class='ocr_par' dir='ltr' id='par_1_113' title="bbox 1059 2817 1857 2854">
     <span class='ocr_line' id='line_1_113' title="bbox 1059 2817 1857 2854; baseline -0.001 -9"><span class='ocrx_word' id='word_1_899' title='bbox 1059 2818 1150 2845; x_wconf 71' lang='grc' dir='ltr'>αὐτῶν</span> <span class='ocrx_word' id='word_1_900' title='bbox 1165 2818 1254 2852; x_wconf 82' lang='grc' dir='ltr'>λόγον,</span> <span class='ocrx_word' id='word_1_901' title='bbox 1275 2819 1290 2845; x_wconf 88' lang='grc' dir='ltr'>ὁ</span> <span class='ocrx_word' id='word_1_902' title='bbox 1315 2818 1354 2845; x_wconf 83' lang='grc' dir='ltr'>ὢν</span> <span class='ocrx_word' id='word_1_903' title='bbox 1375 2819 1405 2845; x_wconf 81' lang='grc' dir='ltr'>ἐν</span> <span class='ocrx_word' id='word_1_904' title='bbox 1427 2818 1517 2854; x_wconf 78' lang='grc' dir='ltr'>ἐαυτῷ</span> <span class='ocrx_word' id='word_1_905' title='bbox 1540 2817 1613 2851; x_wconf 81' lang='grc' dir='ltr'>νοῦς,</span> <span class='ocrx_word' id='word_1_906' title='bbox 1636 2817 1731 2854; x_wconf 81' lang='grc' dir='ltr'>ὥσπερ</span> <span class='ocrx_word' id='word_1_907' title='bbox 1748 2818 1764 2845; x_wconf 85' lang='grc' dir='ltr'><strong>ὀ</strong></span> <span class='ocrx_word' id='word_1_908' title='bbox 1777 2818 1857 2853; x_wconf 74' lang='grc' dir='ltr'>Ξιγιος</span> 
     </span>
    </p>
   </div>
   <div class='ocr_carea' id='block_1_114' title="bbox 257 2897 1427 2934">
    <p class='ocr_par' dir='ltr' id='par_1_114' title="bbox 257 2897 1427 2934">
     <span class='ocr_line' id='line_1_114' title="bbox 257 2897 1427 2934; baseline 0.002 -10"><span class='ocrx_word' id='word_1_909' title='bbox 257 2898 264 2914; x_wconf 88' lang='grc'>¹</span> <span class='ocrx_word' id='word_1_910' title='bbox 285 2897 351 2925; x_wconf 85' lang='lat' dir='ltr'><strong>Gen.</strong></span> <span class='ocrx_word' id='word_1_911' title='bbox 372 2906 445 2931; x_wconf 78' lang='lat' dir='ltr'><strong>xux,</strong></span> <span class='ocrx_word' id='word_1_912' title='bbox 460 2899 486 2925; x_wconf 86' lang='lat'><strong>9.</strong></span> <span class='ocrx_word' id='word_1_913' title='bbox 525 2900 535 2914; x_wconf 82' lang='lat'><em>&#39;</em></span> <span class='ocrx_word' id='word_1_914' title='bbox 548 2898 620 2926; x_wconf 82' lang='lat' dir='ltr'><strong>Psal.</strong></span> <span class='ocrx_word' id='word_1_915' title='bbox 638 2907 702 2931; x_wconf 87' lang='lat' dir='ltr'><strong>xcu,</strong></span> <span class='ocrx_word' id='word_1_916' title='bbox 723 2899 745 2926; x_wconf 90' lang='lat' dir='ltr'><strong>l.</strong></span> <span class='ocrx_word' id='word_1_917' title='bbox 786 2899 796 2914; x_wconf 76' lang='grc'><strong>³</strong></span> <span class='ocrx_word' id='word_1_918' title='bbox 808 2897 888 2927; x_wconf 74' lang='lat' dir='ltr'><strong>Rom.</strong></span> <span class='ocrx_word' id='word_1_919' title='bbox 901 2907 937 2934; x_wconf 86' lang='lat' dir='ltr'><strong>vt,</strong></span> <span class='ocrx_word' id='word_1_920' title='bbox 950 2898 976 2926; x_wconf 86' lang='lat'><strong>9.</strong></span> <span class='ocrx_word' id='word_1_921' title='bbox 1018 2899 1025 2916; x_wconf 74' lang='grc'><strong>⁴</strong></span> <span class='ocrx_word' id='word_1_922' title='bbox 1042 2898 1051 2926; x_wconf 96' lang='lat' dir='ltr'><strong>l</strong></span> <span class='ocrx_word' id='word_1_923' title='bbox 1066 2899 1129 2928; x_wconf 85' lang='lat' dir='ltr'><strong>Cor.</strong></span> <span class='ocrx_word' id='word_1_924' title='bbox 1146 2907 1175 2932; x_wconf 91' lang='lat' dir='ltr'><strong>ll,</strong></span> <span class='ocrx_word' id='word_1_925' title='bbox 1195 2898 1235 2927; x_wconf 81' lang='lat' dir='ltr'><strong>Ili.</strong></span> <span class='ocrx_word' id='word_1_926' title='bbox 1274 2898 1284 2916; x_wconf 76' lang='grc'><strong><em>⁸</em></strong></span> <span class='ocrx_word' id='word_1_927' title='bbox 1301 2898 1331 2926; x_wconf 81' lang='lat' dir='ltr'><strong>F.</strong></span> <span class='ocrx_word' id='word_1_928' title='bbox 1345 2898 1427 2933; x_wconf 79' lang='grc' dir='ltr'><strong>ἔδοξε.</strong></span> 
     </span>
    </p>
   </div>
  </div>
