1945 3043
229 166 283 195 695

935 167 973 198 S.‘
985 169 1154 198 EPlPllANII

1815 172 1877 202 696

229 223 301 252 Tum
329 223 450 258 ejusdem
471 231 571 259 corpus
597 232 659 252 vere
681 224 716 253 de
739 233 823 254 cruce
847 225 1020 261 detractum,

1076 227 1172 263 μένους
1186 227 1215 253 tv
1229 226 1340 263 ἀνδρείᾳ
1357 227 1403 253 καὶ
1420 226 1448 253 tv
1463 225 1587 262 δυνάμει,
1602 227 1787 263 ἀνερχόμενος
1798 227 1876 261 θεὸς

229 269 358 297 inanibus
370 274 580 302 contrectatum,
592 278 607 297 a
619 270 738 306 Josepho
750 272 841 300 linteis
854 273 1018 307 involutum,

229 321 257 342 ιιι
272 315 299 342 in
327 321 533 343 monumentum
563 325 657 344 revera
684 317 840 353 depositum
859 328 866 346 :
886 319 930 346 cui
951 319 1020 354 lapis

231 360 264 386 ad
291 360 501 388 custodiendum
527 361 665 390 obductus
679 367 731 390 est.
751 363 822 396 Quin
843 363 924 392 etiam
945 368 973 392 et
987 364 1021 392 ad

229 405 333 433 inferos
348 405 435 440 ipsius
447 406 576 435 divinitas
593 415 655 434 cum
673 407 764 434 anima
785 408 943 442 descendit,
959 417 1021 437 eos-

228 459 292 485 que,
311 451 357 485 qui
374 451 457 478 vincti
471 451 527 479 illic
546 452 748 486 attinebantur,
770 461 795 480 Vl
809 461 859 481 sua
871 462 904 481 ac
924 459 1022 490 poten-

229 496 266 523 tia
282 496 427 524 liberavit:
444 501 502 524 tum
515 497 586 526 idem
599 498 644 526 Dei
656 498 774 527 Verbum
792 507 855 527 cum
868 501 958 527 anima
972 509 1021 529 sua

229 543 403 570 sanctissima
421 551 531 571 sursum
546 552 704 580 emergens,
724 549 751 572 et
765 545 937 580 captivorum
952 554 1022 582 quos

229 588 378 624 eripuerat,
403 590 537 617 comitatu
568 595 663 625 septus
692 594 754 625 post
774 591 895 618 triduum
926 600 1021 620 revera

229 641 292 661 cum
311 641 445 670 corpore,
465 635 557 663 anima
571 656 578 667 ,
596 636 719 671 adeoque
736 640 793 663 toto
809 637 869 672 ipso
889 638 962 665 velut
977 639 1020 666 in-

230 683 385 707 strumento
396 681 516 708 surrexit
535 689 551 708 a
573 682 706 715 mortuis;
723 682 823 710 deinde
839 683 1021 720 quadraginta

229 724 327 752 diebus
342 733 404 752 cum
419 725 563 762 discipulis
578 731 704 756 versatus
717 733 759 755 est
777 738 784 755 :
802 729 903 763 quibus
917 737 979 756 eum
995 730 1021 757 in

229 769 370 798 Olivarum
401 776 495 800 monte
517 780 610 800 revera
633 773 838 806 benedixisset,
864 775 892 802 in
920 776 1022 803 cadum

230 816 378 844 subvectus
401 821 462 849 est,
489 825 607 854 eumque
623 819 751 854 discipuli
778 820 813 847 ad
830 821 918 849 nubes
936 829 1023 856 usque

229 862 394 891 subeuntem
408 863 546 897 viderunt,
563 869 590 892 et
613 865 647 892 ad
663 865 753 894 Patris
772 866 912 895 dexteram
927 875 1022 895 revera

1070 272 1157 306 Λόγος
1171 272 1220 298 σὺν
1233 272 1306 308 ψυχῇ
1318 273 1352 308 τῇ
1365 271 1442 307 ἁγίᾳ,
1456 272 1516 308 μεθ’
1528 271 1562 309 ἧς
1573 272 1706 309 ἐρρύσατο
1722 274 1878 309 αἰχμαλω-

1072 318 1144 350 σίας,
1157 318 1189 344 τὸ
1202 319 1351 354 τριήμερον
1371 319 1400 345 ὲν
1421 318 1535 354 ἀληθείᾳ
1556 319 1729 354 ἐγειρόμενος
1745 320 1797 345 σὺν
1815 318 1878 347 σώ-

1073 372 1150 399 ματι,
1167 364 1215 390 καὶ
1229 363 1313 399 ψυχῇ,
1331 364 1379 390 καὶ
1401 365 1482 391 παντὶ
1496 364 1535 399 τῷ
1557 364 1665 400 ὀργάνῳ
1683 365 1712 391 ὲν
1736 364 1876 401 ἀληθείᾳ,

1071 409 1266 444 εὑρισκόμενος
1287 410 1357 445 μετὰ
1372 409 1427 436 τῶν
1443 409 1572 446 μαθητῶν
1593 410 1643 446 τὴν
1660 410 1858 446 τεσσαρακονθ
1870 425 1876 429 -

1071 455 1185 491 ήμερον,
1208 455 1326 489 εὐλογῶν
1343 464 1372 482 τε
1391 456 1489 487 αὐτοὺς
1503 456 1533 482 tv
1547 455 1585 491 τῷ
1597 456 1655 492 ὄρει
1672 457 1726 483 τῶν
1748 457 1874 484 Ἐλαιῶν

1072 502 1102 529 tv
1118 502 1243 538 ἀληθείᾳ,
1258 502 1439 538 ἀνερχόμενος
1452 503 1492 534 είς
1502 503 1616 538 οὐρανὸν
1629 503 1657 529 tv
1670 503 1796 538 ἀληθείᾳ,
1814 503 1875 530 τῶν

1074 547 1203 583 μαθητῶν
1218 548 1300 575 αὐτὸν
1321 548 1495 584 θεωρούντων
1512 549 1564 581 ἕως
1585 549 1638 575 τῶν
1658 549 1779 584 νεφελῶν
1801 550 1874 576 ἀνα-

1072 594 1277 630 λαμϐανόμενον
1297 596 1326 622 tv
1346 595 1470 631 ἀληθείᾳ.
1484 595 1664 628 καθεσθέντα,
1684 595 1732 622 καὶ
1748 595 1873 627 καθεζό-

1074 648 1153 674 μενον
1172 641 1202 666 tv
1215 640 1290 676 δεξιᾷ
1306 640 1354 667 τοῦ
1368 641 1476 676 Πατρὸς
1496 641 1525 667 tv
1545 641 1670 677 ἀληθείᾳ,
1694 642 1722 668 tv
1738 641 1818 676 αὐτῷ
1832 640 1873 676 τῷ

1074 685 1190 720 σώματι,
1207 687 1254 712 καὶ
1267 687 1300 722 τῇ
1313 686 1430 722 θεότητι,
1446 688 1476 713 tv
1490 687 1558 722 αὑτῇ
1573 688 1606 723 τῇ
1624 687 1714 722 τελείᾳ
1728 684 1875 722 ὲνανθρωί

1073 732 1166 767 πήσει,
1218 733 1355 767 συνήνωσε
1369 732 1402 759 τὰ
1417 732 1465 759 ὅλα
1478 733 1519 764 είς
1531 732 1571 764 ἓν,
1590 732 1637 759 καὶ
1662 731 1725 767 μίαν
1741 740 1874 766 πνευμα-

1072 778 1151 813 τικὴν
1158 778 1307 812 τελείωσιν,
1322 778 1387 810 Θεὸς
1402 778 1439 805 ὢν
1451 779 1480 805 tv
1494 779 1558 814 δόξῃ
1571 778 1760 813 καθεζόμενος,
1773 779 1872 813 κρῖναι

1073 823 1176 856 ζῶντας
1202 825 1249 851 καὶ
1274 825 1405 860 νεκροὺς,
1430 825 1579 860 ἐρχόμενος
1602 825 1631 851 ὲν
1654 824 1781 860 ἀληθείᾳ.
1812 823 1872 852 Καὶ

1071 870 1148 898 οὐδέν
1170 872 1229 898 ἐστι
1251 871 1489 907 παρηλλαγμένον,
1513 871 1580 898 ἀλλὰ
1600 871 1689 898 πάντα
1713 870 1809 897 τέλεια
1823 878 1870 896 τε-

229 909 431 942 considentem,
446 917 563 946 corpore
589 911 660 947 ipso.
685 912 838 944 divinitate,
855 920 888 940 ac
908 917 966 941 tota
980 914 1022 942 de-

1076 916 1154 948 λείως
1168 917 1196 944 tv
1212 917 1287 953 αὐτῷ
1302 919 1331 944 tv
1341 917 1489 953 τελειότητι
1500 917 1677 954 εἰργασμένα.

230 954 315 989 nique
329 961 412 989 quam
430 960 621 991 assumpserat
637 955 757 984 hominis
775 961 874 984 natura
888 965 896 984 :
923 965 978 992 quo
995 957 1024 985 in
1041 957 1241 988 lnearnationis
1255 961 1387 996 mysterio
1403 961 1430 988 in
1446 969 1530 988 unum
1561 961 1664 993 omnia,
1679 965 1707 988 et
1729 960 1757 988 in
1785 967 1864 987 eam-

229 1000 291 1043 dem
316 1000 468 1035 spiritalem
487 1001 683 1036 perfectionem
701 1003 861 1038 conjunxit,
891 1003 963 1031 Deus
989 1004 1084 1040 utique
1110 1005 1138 1033 in
1163 1007 1251 1043 gloria
1282 1007 1432 1035 considens
1453 1011 1481 1035 et
1507 1007 1541 1034 ad
1573 1007 1649 1035 vivos
1680 1011 1864 1040 mortuosque

227 1042 393 1077 iudicandos
409 1055 472 1076 vere
487 1048 635 1084 aliquando
647 1053 788 1078 venturus.
805 1049 878 1077 Nihil
892 1050 976 1086 igitur
987 1051 1016 1079 in
1034 1051 1081 1080 illo
1091 1052 1230 1081 diversum
1252 1060 1285 1081 ac
1299 1053 1461 1090 discrepans
1488 1057 1541 1086 est,
1572 1051 1620 1082 sed
1637 1054 1730 1080 omnia
1757 1052 1787 1079 in
1807 1051 1870 1086 ipso

228 1091 349 1127 perfecta
382 1093 555 1131 perfecteque
570 1103 684 1131 prorsus
696 1097 844 1125 elaborata.

264 1151 385 1180 XXXVI.
407 1152 460 1181 Sed
477 1161 540 1182 cum
554 1154 588 1183 de
604 1155 648 1183 his
660 1156 769 1184 abunde
787 1157 921 1185 hactenus
935 1158 1026 1194 egisse

229 1198 383 1232 videamur,
404 1207 465 1234 quae
486 1200 559 1228 dicta
588 1205 654 1229 sunt
674 1210 736 1230 esse
761 1203 831 1231 satis
846 1203 1023 1232 arbitramur.

230 1244 297 1279 Quae
311 1253 376 1274 vero
393 1246 428 1274 de
438 1247 546 1275 ceteris
558 1248 716 1276 vanissiniis
735 1249 843 1277 illorum
852 1249 1025 1285 dogmatibus

228 1297 263 1317 ex
274 1289 391 1318 aliorum
405 1291 565 1319 narratione
579 1291 738 1325 didicimus,
754 1293 916 1328 explicanda
929 1301 1026 1322 neces-

229 1336 305 1363 sario
326 1341 400 1364 sunt.
420 1337 582 1373 Quanquam
611 1338 647 1366 ita
664 1339 720 1367 haec
742 1340 776 1366 ab
807 1340 862 1368 illis
880 1340 1024 1375 praedicari

230 1382 354 1410 nondum
373 1384 488 1411 omnino
513 1392 675 1420 persuasum
704 1386 847 1414 habemus.
876 1387 1024 1422 Utcunque

229 1436 296 1456 vero
312 1437 342 1457 sc
356 1437 401 1457 res
417 1429 526 1463 habeat,
543 1439 605 1466 qua:
615 1431 650 1459 ab
658 1431 720 1460 aliis
736 1433 888 1467 accipimus
902 1441 956 1460 non
971 1433 1024 1461 dis-

230 1475 385 1502 simulanda
403 1477 570 1511 putavimus.
588 1476 644 1505 lloc
659 1478 732 1506 enim
748 1478 884 1507 aﬂirmare
899 1479 1023 1514 plerique

230 1528 287 1548 non
301 1521 447 1555 dubitant,
463 1523 596 1557 quosdam
617 1531 649 1550 ex
674 1524 728 1551 illis
746 1523 774 1550 in
789 1531 821 1551 ea
837 1532 900 1552 esse
913 1528 1024 1552 senten-
1037 1527 1058 1556 C

229 1566 278 1600 tia,
297 1565 407 1594 Mariam
427 1571 489 1602 post
496 1567 598 1595 editum
609 1567 747 1595 Christum
759 1575 820 1596 cum
832 1567 951 1604 Josepho
966 1569 1023 1597 viro

230 1619 282 1639 suo
297 1613 524 1641 consuetudinem
544 1613 686 1641 habuisse.
701 1613 780 1646 Quod
796 1614 830 1641 ab
847 1614 903 1642 illis
915 1621 1022 1642 assere.

232 1658 286 1685 rari
297 1658 447 1693 permirum
464 1658 528 1686 mihi
545 1659 660 1687 videtur.
677 1659 732 1688 Nec
744 1659 845 1688 desunt
859 1660 917 1691 alii,
933 1660 979 1696 qui
995 1660 1024 1688 in

229 1703 326 1731 eodem
345 1711 440 1733 errore
465 1709 621 1739 versantur,
648 1714 719 1741 quos
743 1706 816 1733 inter
830 1706 1024 1734 schismaticos

232 1749 337 1786 1031
357 1751 563 1779 numeravimus
580 1753 608 1780 in
625 1759 658 1780 ea
674 1752 806 1788 epistola,
823 1760 905 1788 quam
919 1752 1024 1780 amico-

230 1802 293 1823 rum
312 1796 425 1824 hortatu
443 1797 577 1829 adversus
598 1799 673 1826 illius
688 1799 824 1834 dogmatis
844 1803 976 1834 patronos
990 1797 1024 1826 ad

1110 1158 1181 1191 Λεῖν.
1195 1156 1294 1189 Καλῶς
1310 1156 1337 1184 δὲ
1354 1157 1426 1193 ἔχειν
1440 1156 1503 1193 περὶ
1517 1157 1620 1183 τούτων
1630 1155 1803 1191 νομίσαντες,
1815 1154 1870 1187 ἕως

1073 1203 1170 1230 τούτου
1189 1203 1254 1240 περὶ
1273 1203 1376 1230 τούτων
1389 1202 1516 1239 εἰρῆσθαι
1528 1202 1738 1238 ἐδικαιώσαμεν.
1754 1201 1826 1237 Περὶ
1839 1200 1869 1227 δὲ

1073 1245 1111 1276 ὧν
1125 1249 1299 1285 ὲνηχήθημεν
1315 1249 1397 1276 πάλιν
1413 1248 1622 1284 περιπολογιῶν
1636 1247 1690 1274 τῶν
1708 1248 1742 1274 τὰ
1754 1247 1869 1274 τοιαῦτα

1073 1296 1217 1330 λεγόντων,
1232 1296 1379 1330 ἀναγκαῖον
1395 1295 1442 1321 καὶ
1453 1295 1524 1322 αὐτὰ
1541 1293 1690 1326 ὑποδεῖξαι.
1704 1294 1742 1320 Οὐ
1757 1294 1831 1320 πάνυ
1840 1292 1868 1320 δὲ

1073 1340 1308 1376 πεπιστεύκαμεν,
1320 1340 1361 1367 ὅτι
1371 1340 1457 1372 οὕτως
1468 1339 1533 1376 παρ’
1546 1340 1638 1371 αὐτοῖς
1652 1338 1754 1375 ᾄδεται.
1770 1338 1868 1373 Ὅμως

1076 1385 1112 1412 τά
1128 1384 1294 1420 ὲνηχηθέντα
1308 1384 1339 1410 οὐ
1358 1384 1544 1419 σιωπήσομεν.
1567 1383 1646 1415 Τινὲς
1662 1383 1715 1419 γὰρ
1732 1383 1779 1409 καὶ
1793 1382 1868 1409 ἐτόλ-

1075 1440 1165 1467 μησαν
1179 1431 1278 1465 λέγειν,
1296 1431 1336 1457 ὃτι
1350 1430 1431 1457 πάλιν
1447 1430 1518 1462 τινὲς
1533 1429 1562 1462 ἐξ
1577 1430 1666 1456 αὐτῶν
1680 1429 1790 1463 λέγουσι
1803 1428 1867 1464 περὶ

1073 1477 1193 1513 Μαρίας,
1211 1477 1281 1512 μετὰ
1299 1477 1329 1503 τὸ
1345 1475 1538 1512 γεγεννηκέναι
1553 1475 1743 1512 τὸν1Χριστὺν,
1756 1476 1868 1501 ἐπισυν-

1075 1523 1160 1559 ἦφθαι
1173 1522 1249 1559 ἀνδρὶ
1262 1523 1302 1558 τῷ
1323 1522 1432 1558 Ἰωσήφ.
1456 1521 1594 1558 Θαυμάξω
1615 1522 1644 1548 δὲ
1668 1522 1692 1548 εί
1718 1521 1765 1548 καὶ
1790 1519 1867 1547 αὐτοὶ

1076 1568 1155 1596 τοῦτο
1165 1568 1297 1602 λέγουσιν.
1312 1568 1371 1595 Είσὶ
1383 1568 1411 1594 δὲ
1425 1569 1449 1594 οἱ
1460 1567 1539 1594 τοῦτο
1549 1567 1684 1602 λέγοντες,
1699 1567 1747 1599 οὓς
1757 1567 1805 1594 καὶ
1819 1567 1868 1593 αὓ-

1076 1615 1140 1647 τοὺς
1152 1615 1180 1641 ἐν
1192 1616 1247 1646 τοϊς
1262 1614 1409 1650 σχίσμασιν
1421 1613 1625 1650 ὴριθμήσαμεν,
1640 1613 1808 1649 αἰτηθέντες,
1820 1612 1867 1640 καὶ

1077 1659 1233 1696 γράψαντες
1244 1659 1388 1695 ἐπιστολὴν
1401 1659 1430 1686 tv
1445 1660 1478 1695 τῇ
1497 1658 1613 1694 Ἀραϐίᾳ
1627 1657 1696 1694 πρός
1706 1666 1783 1689 τινας
1795 1657 1867 1684 κατὰ

1076 1705 1131 1732 τῶν
1145 1705 1224 1733 τοῦτο
1236 1705 1379 1740 λεγόντων.
1396 1705 1485 1732 Πολλὰ
1499 1704 1527 1732 δὲ
1539 1705 1629 1731 ἐκεῖσε
1643 1704 1707 1739 περὶ
1721 1703 1817 1730 τούτου
1828 1703 1866 1729 εί-

1078 1753 1203 1788 ρήκαμεν
1213 1751 1242 1778 tv
1254 1752 1288 1787 τῇ
1305 1752 1364 1778 κατ’
1378 1751 1477 1782 αὐτοὺς
1494 1750 1631 1778 ὑποθέσει.
1652 1749 1776 1785 Καθεξῆς
1791 1750 1821 1777 δὲ
1837 1750 1865 1777 tv

1077 1797 1138 1833 Θεῷ
1152 1797 1199 1824 καὶ
1216 1796 1300 1832 αὐτὴν
1315 1796 1467 1829 ἰδιάζουσαν
1482 1795 1674 1829 καθυποτάξω.

230 1844 380 1872 nonnullos
404 1843 432 1871 in
451 1844 552 1872 Arabia
567 1845 730 1880 scripsimus
751 1855 758 1873 :
780 1845 808 1873 in
826 1853 880 1890 qua
898 1845 1022 1880 pluribus
1037 1851 1133 1872 contra
1149 1843 1211 1871 illos
1237 1842 1271 1871 de
1299 1843 1352 1870 hoc
1385 1846 1547 1878 argumento
1569 1841 1779 1877 disputavimus.
1798 1841 1864 1870 Eam

231 1895 283 1916 nos
299 1895 366 1916 vero
388 1889 522 1922 hatresin,
538 1889 690 1925 opitulante
711 1890 768 1918 Deo
779 1911 788 1924 ,
804 1892 953 1926 separatim
973 1898 1006 1918 ac
1021 1897 1072 1918 suo
1086 1890 1148 1917 loco
1164 1892 1258 1924 postea
1280 1895 1478 1924 proponemus.

266 1945 327 1973 Jam
341 1954 405 1974 vero
429 1947 511 1974 etiam
532 1947 585 1976 hoc
607 1948 774 1983 Apollinaris
797 1955 859 1976 esse
884 1948 1025 1984 decretum

232 1991 358 2019 nonnulli
378 1992 539 2027 praedicant,
563 1992 593 2019 in
615 1992 701 2028 priori
725 1992 929 2020 resurrectione
952 1993 1026 2020 mille

233 2046 285 2066 nos
310 2046 444 2066 annorum
468 2039 587 2073 spatium
616 2038 712 2066 iisdem
736 2038 763 2065 in
790 2038 851 2066 vita:
878 2038 1024 2071 institutis,

233 2085 335 2120 quibus
361 2092 435 2112 nunc
452 2085 566 2118 utimur,
593 2093 654 2112 esse
671 2084 864 2118 conlecturos,
891 2089 920 2113 ut
943 2089 970 2113 et
991 2085 1026 2113 Ie-

233 2138 293 2167 gem
313 2138 376 2159 cum
395 2130 457 2159 aliis
478 2131 656 2159 observemus
676 2131 816 2163 omnibus,
839 2135 867 2159 et
888 2131 1022 2167 quidquid

231 2181 275 2205 est
296 2177 325 2204 in
343 2177 455 2210 mundo,
475 2177 549 2213 quod
568 2177 604 2204 ad
619 2185 707 2208 usum
724 2177 916 2212 quotidianum
936 2177 1021 2212 perti-

232 2227 289 2256 net,
305 2223 380 2252 velut
396 2224 516 2259 nuptias,
531 2223 781 2255 circumcisionem,
798 2231 831 2250 ac
847 2227 947 2250 caetera
963 2230 1022 2250 om-

1097 1947 1202 1974 -Ἂλλοι
1219 1947 1247 1974 δὲ
1260 1947 1364 1982 ἔφασαν
1375 1946 1420 1973 τὸν
1434 1946 1550 1983 γέροντα
1565 1946 1716 1982 εἰρηκέναι,
1731 1946 1771 1973 ὅτι
1790 1946 1820 1972 tv
1829 1947 1862 1983 τῇ

1074 1995 1170 2030 πρώτῃ
1183 1994 1329 2021 ἀναστάσει
1345 1994 1580 2030 χιλιονταετηρίδα
1596 1993 1658 2021 τινὰ
1677 1993 1862 2029 ἐπιτελοῦμεν,

1073 2041 1130 2071 τοῖς
1143 2040 1234 2072 αὐτοῖς
1246 2039 1496 2075 ὲμπολιτευόμενοι.
1511 2039 1614 2071 ὁποίοις
1627 2039 1674 2066 καὶ
1691 2039 1751 2072 νῦν,
1768 2039 1806 2071 ὡς
1818 2039 1862 2075 καὶ

1074 2086 1155 2121 νόμον
1181 2086 1227 2113 καὶ
1241 2086 1308 2114 ἄλλα
1318 2085 1507 2119 φυλάττοντες,
1523 2086 1570 2113 καὶ
1580 2086 1669 2113 πάντα
1682 2086 1732 2122 τῆς
1743 2087 1862 2123 χρήσεως

1073 2132 1123 2166 τῆς
1138 2132 1167 2158 tv
1182 2131 1221 2167 τῷ
1240 2132 1345 2167 κόσμῳ,
1363 2132 1454 2166 γάμου
1466 2140 1496 2158 τε
1509 2132 1554 2158 καὶ
1572 2132 1734 2168 περιτομῆς,
1750 2132 1796 2158 καὶ
1809 2131 1861 2158 τῶν

1074 2178 1162 2205 ἄλλων
1187 2177 1361 2213 μετέχοντες·
1376 2179 1444 2214 ὅπερ
1460 2179 1489 2205 οὐ
1507 2179 1578 2206 πάνυ
1595 2179 1660 2215 περὶ
1682 2177 1765 2205 αὑτοῦ
1785 2187 1861 2205 πεπι-

1076 2223 1239 2258 στεύκαμεν.
1261 2223 1305 2256 Ὦς
1318 2223 1347 2250 δέ
1363 2232 1435 2256 τινες
1453 2223 1688 2257 διεϐεὕαιώσαντο,
1704 2223 1784 2250 τοῦτο
1797 2223 1861 2260 ἔφη·

233 2271 289 2303 nia,
316 2270 705 2306 participenius:cujusmodi
732 2270 767 2297 ab
786 2270 833 2297 illo
857 2269 956 2305 dogma
978 2269 1022 2297 de-

1076 2277 1124 2295 σαν
1137 2269 1219 2296 αὐτὸν
1234 2269 1386 2305 εἰρηκέναι.

231 2317 306 2346 l’endi
321 2318 485 2354 persuadere
510 2318 590 2346 nobis
606 2318 718 2346 omnino
734 2325 788 2346 non
802 2325 949 2353 possumus
960 2339 967 2348 .
985 2325 1142 2353 quanquam
1157 2317 1233 2344 illum
1246 2321 1414 2345 assertorem
1432 2324 1495 2345 esse
1506 2324 1522 2344 a
1539 2317 1679 2345 nonnullis
1695 2323 1857 2351 accepimus.

266 2376 401 2404 (laterum
418 2375 453 2404 de
467 2376 519 2404 hoc
533 2376 686 2404 millenario
701 2381 823 2411 tempore
840 2375 952 2406 alicubi.
971 2374 1024 2403 hoc

231 2424 276 2449 est
289 2421 317 2448 in
327 2420 442 2449 Joannis
459 2421 634 2457 Apocalypsi,
652 2422 819 2449 mentionem
836 2420 906 2453 licri,
921 2424 949 2448 et
960 2429 1022 2448 eum

232 2469 332 2496 librum
348 2475 363 2495 a
376 2468 516 2504 plerisque
538 2468 610 2496 inter
629 2468 778 2496 canonic05
793 2467 889 2502 recipi,
902 2466 1024 2502 religiosi

233 2514 358 2542 homines
388 2522 444 2542 non
475 2514 613 2550 ignorant.
643 2513 744 2542 Verum
777 2514 815 2541 ita
847 2513 1022 2548 complures,

232 2561 370 2596 iidemque
386 2560 435 2595 pii,
452 2567 484 2587 ac
505 2559 671 2596 spiritalium
688 2567 781 2587 rerum
798 2558 879 2594 periti
899 2559 926 2585 in
948 2558 1023 2586 illius

231 2607 350 2636 lectione
362 2611 520 2641 versantur,
531 2611 560 2634 ut
569 2614 629 2642 qua:
640 2607 666 2633 in
675 2606 735 2641 ipso
745 2606 899 2641 spiritalem
907 2612 1022 2634 sensum

231 2652 376 2680 continent.
388 2652 567 2687 accipientes,
583 2659 647 2679 vera
663 2651 710 2679 illa
725 2651 847 2686 quidem,
866 2651 914 2678 sed
930 2650 1022 2678 altiori

231 2699 349 2731 quadam
367 2698 547 2734 intelligentia
562 2698 698 2733 explicata
720 2697 868 2725 fateantur.
881 2696 949 2724 Nam
966 2703 1021 2723 non

232 2745 298 2772 illud
322 2745 411 2773 solum
427 2753 482 2780 quo
507 2745 542 2772 de
563 2744 665 2779 agitur,
693 2743 741 2772 sed
762 2749 790 2771 et
807 2744 861 2772 alia
884 2744 1021 2778 permulta

233 2791 456 2824 profundioribus
471 2789 615 2818 sententiis
625 2794 798 2817 enarrantur.

269 2845 399 2873 XXXVII.
421 2845 501 2873 Nune
516 2849 606 2872 autem
627 2845 661 2872 ad
681 2844 734 2871 alia
759 2847 940 2879 properantes
961 2843 1021 2870 bre-

233 2891 302 2920 viter
317 2891 479 2920 admonendi
496 2899 579 2920 causa
601 2891 674 2919 istud
691 2891 873 2927 aspersimus,
899 2897 954 2925 quo
975 2897 1020 2918 re—

1108 2374 1164 2401 Καὶ
1179 2375 1221 2401 ὅτι
1241 2375 1291 2410 μὲν
1304 2374 1458 2410 γέγραπται
1477 2374 1542 2410 περὶ
1555 2374 1605 2409 τῆς
1621 2373 1858 2410 χιλιονταετηρίδος

1073 2421 1183 2457 ταύτης,
1208 2422 1249 2449 ὅτι
1272 2422 1302 2448 tv
1329 2423 1362 2457 τῇ
1389 2418 1572 2455 ’Δποκαλύψει
1599 2421 1733 2453 Ἰωάννου,
1755 2422 1800 2448 καὶ
1820 2422 1857 2448 ὅτι

1073 2467 1148 2503 παρά
1174 2467 1310 2498 πλείστοις
1331 2467 1348 2502 ἡ
1373 2466 1464 2502 βίϐλος
1483 2467 1699 2502 πεπιστευμένη,
1722 2468 1769 2494 καὶ
1789 2468 1857 2503 παρὰ

1071 2515 1127 2546 τοῖς
1144 2513 1292 2547 θεοσεὸἑσι,
1305 2513 1398 2549 δῆλον·
1413 2513 1463 2549 τὴν
1476 2513 1505 2540 δὲ
1521 2513 1612 2548 βίϐλον
1631 2513 1855 2547 ἀναγινώσκοντες

1071 2561 1095 2586 oi
1117 2559 1249 2592 πλεῖστοι,
1270 2559 1318 2586 καὶ
1342 2559 1479 2592 εὐλαϐεῖς,
1504 2558 1643 2595 περὶτῶν
1670 2559 1856 2594 πνευματικῶν

1072 2606 1183 2638 εἰδότες,
1204 2606 1251 2632 καὶ
1273 2606 1302 2632 tv
1325 2606 1393 2641 αὐτῇ
1420 2605 1615 2640 πνευματικῶς
1637 2605 1734 2640 ἔχοντα
1761 2604 1856 2640 λαμᾶίν

1072 2661 1174 2684 νον-τες,
1194 2651 1282 2688 ἀληθῆ
1307 2651 1356 2687 μὲν
1378 2651 1453 2685 ὄντα,
1477 2652 1505 2678 tv
1522 2650 1652 2686 βαθύτητι
1675 2649 1704 2677 δὲ
1720 2650 1856 2684 σαφηνιςόη

1075 2707 1143 2734 μενα
1157 2698 1379 2725 πεπιστεύκασιν.
1393 2698 1430 2724 Οὺ
1445 2697 1525 2733 μόνον
1536 2696 1658 2733 γάρῆὲκεῖ
1667 2695 1746 2723 τοῦτο
1761 2696 1855 2731 βαθέως

1072 2745 1191 2781 εἴρηται,
1205 2744 1273 2771 ἀλλὰ
1289 2745 1336 2772 καὶ
1354 2743 1422 2772 ἄλλα
1436 2743 1531 2771 πολλά.

1110 2842 1169 2869 AZ‘.
1192 2841 1236 2868 ‘Ev
1249 2841 1278 2868 δὲ
1291 2840 1329 2876 τῷ
1345 2841 1459 2876 παρόντι
1477 2839 1567 2875 καιρῴ
1581 2836 1628 2865 διὰ
1648 2839 1698 2874 τὴν
1719 2837 1855 2872 συντομίαν

1076 2888 1156 2924 μόνον
1168 2889 1197 2915 ἐν
1211 2887 1360 2926 ὑπομνήσει
1372 2887 1524 2923 γεγένημαι
1536 2886 1573 2922 τῷ
1582 2885 1664 2922 λόγῳ,
1678 2885 1753 2917 ὅπως
1765 2885 1854 2921 γνῶσιν
