1945 3043
178 156 233 185 697
244 156 246 160 ’

479 144 662 190 Αυνειιευὲ
680 162 850 192 ιιιιειιΕεΕε
863 164 927 193 LIB.
947 166 956 193 ι

1012 166 1091 196 ΤΟΜ.
1112 168 1188 197 Il.—
1212 169 1346 200 IIJERES.
1368 171 1497 202 LXXVII.

1743 177 1794 205 698

176 216 202 242 οἱ
217 215 363 249 θεοσεϐεῖς,
379 216 420 244 δτι
442 219 524 245 παντὶ
539 219 690 256 βουλομένῳ
712 221 885 257 ὑπερϐαίνειν
900 224 957 256 τοὺς

1015 226 1129 262 ligiosus
1142 229 1259 263 quilibet
1277 230 1520 266 animadverteret,
1538 233 1694 269 quicunque
1709 237 1795 263 semel
1840 256 1845 257 γ

175 261 256 296 ὅρους
277 262 326 297 τῆς
339 262 420 296 ἁγίας
442 263 510 291 Θεοῦ
532 266 703 301 Ἐκκλησίας,
726 269 773 294 καὶ
788 269 963 304 παραδόσεως

175 308 226 342 τῆς
249 309 422 344 πῳφητικῆς
445 310 491 336 καί
515 310 706 347 ὰποττολικῆς,
732 313 851 346 πίστεώς
871 323 901 341 τε
916 315 963 342 καὶ

175 352 349 384 διδασκαλίας
363 354 412 389 τὴν
422 354 526 388 ἐλπίδα,
541 356 595 383 ἀπὸ
606 357 654 392 τῆς
670 358 733 393 μιᾶς
749 358 902 392 ὑποθέσεως
915 360 962 387 τοῦ

177 398 287 434 μικροῦ,
302 399 350 426 καὶ
365 399 479 435 βραχέος
495 401 574 435 λόγου
587 423 594 435 ,
613 403 683 429 κατὰ
703 403 733 430 τὸ
748 404 899 440 ἀκαριαῖον,
916 407 962 433 καὶ

175 446 256 480 τυχὸν
287 446 316 472 ἐν
344 446 511 481 παρεκϐάσει
541 448 681 483 γινόμενος
707 450 888 485 φρονήματος,
924 452 962 482 εἰς

176 491 276 523 πολλὰς
289 491 381 518 λοιπὸν
403 492 569 526 κενοφωνίας
591 493 638 520 καὶ
659 495 794 530 σφαλερὰς
810 496 934 528 ὑπονοίας
947 497 961 523 ὁ

175 537 313 572 λογισμὸς,
330 537 376 563 καὶ
392 538 432 569 είς
447 538 644 573 ἀναρμόστους,
660 540 707 566 καὶ
726 539 804 573 ξένας
821 541 959 578 ζητήσεις,

175 583 222 609 καὶ
239 583 407 617 ἀπεράντους
418 584 602 618 γενεαλογίας,
615 586 686 612 κατὰ
697 586 731 613 τὰ
744 587 795 613 ὑπὸ
811 588 857 614 τοῦ
878 589 957 615 Ἀπο-

1010 583 1186 628 quaestiones,
1203 599 1295 629 atque,
1310 600 1340 622 ut
1351 596 1500 631 Apostolus
1514 583 1669 633 loquiturI',
1682 583 1796 627 iii’extri-

176 629 269 655 στόλου
280 630 420 664 εἰρημένα,
431 630 521 666 τραπὴ
527 639 611 657 σεται.
625 630 700 658 Εἶναι
711 632 764 667 γὰρ
775 633 853 660 τοῦτο
864 633 960 669 εὔηθες

175 674 253 707 πολὺ,
266 676 314 702 καὶ
333 675 401 710 μήτε
416 675 510 711 χρείαν
528 675 589 711 ἔχον
605 677 763 713 ἑρμηνείας,
781 679 861 705 παντὶ
876 679 960 713 σαφές

173 721 231 747 ἐστι
245 720 283 755 τῷ
294 721 400 747 σύνεσιν
415 721 585 757 κεκτημένῳ,
601 722 641 749 ὅτι
655 723 714 749 οὐδὲ
731 723 865 750 ἐπιδέεται
879 723 960 760 ζητή-

174 775 243 798 σεως
264 766 405 802 ἡτοιαύτη
429 767 508 801 σοφία
529 769 576 794 καὶ
602 768 728 800 ὑπόθεσις
752 768 798 795 τοῦ
821 769 909 803 λόγου.
928 769 959 795 Et

173 811 226 846 γὰρ
247 811 409 847 ὲγειρόμεθα
435 812 513 838 πάλιν
527 813 748 848 περιτέμνεσθαι,
762 814 814 840 τίνι
828 814 867 849 τῷ
888 814 959 850 λόγῳ

172 859 202 885 οὺ
222 858 427 895 προξιλήφαμεν
446 859 476 886 τὸ
496 858 723 894 περιτέμνεσθαι;
739 859 809 895 Ἀρα
825 857 871 886 οὖν
889 859 959 887 κατὰ

172 903 251 930 τοῦτο
263 904 473 940 ἀναγκαιότερος
485 905 493 920 ¹
507 904 585 940 ἡμῶν
598 904 775 940 τυγχάνουσιν
788 905 812 931 οί
827 904 958 931 ἀπεντεῦ-
973 891 996 922 Β

172 950 218 976 θεν
230 949 260 976 τὸ
275 949 376 976 τέλειον
395 950 562 984 ἐπιγνόντες,
575 950 621 977 καὶ
636 950 831 986 προειληφότες
842 950 957 979 τελειοῦ-

172 996 244 1029 σθαι,
259 996 288 1023 ἐν
307 998 341 1031 τῇ
362 996 424 1022 τότε
450 996 584 1032 μελλούσῃ
610 997 768 1032 τελειότητι.
790 996 844 1024 Ποῦ
859 994 905 1024 οὖν
928 997 960 1023 τὺ

172 1042 247 1077 παρὰ
261 1041 300 1077 τῷ
327 1042 481 1078 Ἀποστόλῳ
503 1043 666 1078 εἰρημένον,
687 1043 728 1069 ὃτι
758 1043 828 1070 Ἐὰν
844 1043 958 1078 περιτέ-

168 1090 296 1122 ιιιησθε,
305 1088 433 1123 Χριστὸς
450 1088 527 1124 ὑμᾶς
537 1089 626 1116 οὐδὲν
639 1089 869 1124 ὠφελήσεκκαὶ,
884 1091 959 1117 Olu-

169 1142 222 1166 νες
236 1134 272 1160 ἐν
284 1134 365 1168 νόμῳ
381 1133 562 1166 δικαιοῦσθε,
578 1134 633 1169 τῆς
645 1135 766 1170 χάριτος
777 1135 940 1168 ἐξεπέσατε
949 1143 957 1152 ο

171 1179 218 1205 καὶ
240 1179 298 1210 πῶς
318 1180 349 1205 τὸ
370 1179 446 1215 παρὰ
469 1178 507 1215 τῷ
529 1180 625 1215 Κυρίῳ
646 1181 804 1216 εἰρημένονο
832 1181 880 1207 Ἐν
903 1182 958 1216 γὰρ

170 1224 208 1258 τῇ
223 1225 387 1252 ἀναστάσει
404 1225 472 1252 οὔτε
486 1226 646 1261 γαμοῦσιν,
663 1227 732 1253 οὔτε
744 1228 955 1261 γαμίσκονται·

170 1269 251 1296 ἀλλὰ
274 1269 428 1305 ἰσάγγελοι
446 1272 516 1298 εἰσι.
540 1271 576 1297 Τὸ
591 1271 629 1304 δὲ,
652 1271 825 1305 Καοήσεσθε
841 1272 889 1299 ἐπὶ
905 1271 958 1307 τῆς

170 1315 312 1350 τραπέζης
324 1317 376 1343 τοῦ
391 1317 504 1351 Πατρός
508 1326 567 1352 μου
580 1317 734 1351 ἐσθίοντες
747 1318 795 1345 καί
806 1318 956 1351 πίνοντες·

170 1360 228 1392 καὶ,
246 1361 333 1387 Ὅταν
349 1361 420 1388 αὐτὸ
432 1362 488 1388 πίω
504 1362 610 1389 καινὸν
623 1362 689 1396 μεθ’
703 1362 786 1396 ὑμῶν
801 1362 836 1389 ὲν
849 1361 887 1397 τῇ
898 1363 956 1395 βα-

169 1407 270 1441 σιλείᾳ
284 1406 343 1434 τῶν
355 1407 499 1442 οὐρανῶν,
523 1408 591 1443 μετὰ
605 1408 764 1444 προσθήκης
779 1408 825 1435 τοῦ
834 1409 956 1436 καινόν’

170 1453 218 1480 καὶ
231 1453 271 1484 τὸ,
294 1453 358 1480 Ἐπὶ
372 1454 428 1487 τῆς
443 1453 586 1488 τραπέζης
597 1454 652 1488 τῆς
666 1455 845 1488 βασιλείας,
864 1456 957 1491 ἕτερον

150 1513 157 1517 τ
168 1499 215 1525 τὸν
231 1499 294 1525 νοῦν
312 1499 446 1534 σημαίνει.
460 1500 516 1526 Καὶ
531 1499 585 1535 γὰρ
604 1501 651 1527 καὶ
665 1500 740 1527 αὐτοί
756 1509 856 1536 φαμεν,
872 1510 957 1537 μεμα-

1013 275 1179 302 constitutos
1196 276 1223 302 in
1241 275 1363 304 Ecclesia
1379 279 1524 311 terminos,
1539 287 1571 307 ac
1592 281 1756 316 prophetica:
1769 290 1797 311 et

1013 321 1170 354 apostolicae
1197 321 1270 353 fidei,
1296 330 1378 357 quam
1399 324 1527 352 traditam
1556 327 1725 362 accepimus,
1747 328 1797 356 do-

1012 367 1162 401 ctrinaeque
1185 375 1260 402 spem
1284 369 1375 403 egredi
1395 371 1521 404 voluerit,
1543 371 1603 406 ejus
1624 373 1746 400 animum
1761 381 1797 402 ex

1012 412 1145 440 levissimi
1159 414 1277 449 alicujus
1301 416 1448 443 occasione
1463 416 1539 450 dicti,
1556 417 1584 444 in
1599 426 1627 445 re
1642 419 1748 446 modica
1764 427 1796 447 ac

1011 460 1114 487 nullius
1127 468 1194 494 pene
1208 462 1338 488 momenti
1356 469 1370 487 a
1388 463 1523 489 comnmni
1537 463 1580 490 via
1595 463 1794 498 deflectentem,

1012 504 1046 531 ad
1065 505 1233 532 vanissimas
1256 506 1373 533 subinde
1394 508 1574 541 assertiones,
1590 509 1795 543 periculosissi-

1010 557 1123 585 masque
1143 551 1306 583 sententias,
1328 556 1355 579 et
1378 552 1411 579 ad
1433 553 1568 581 absurdae
1590 562 1622 581 ac
1636 556 1796 590 peregrinas

1010 640 1112 667 cabiles
1129 641 1311 676 genealogias,
1334 649 1396 670 esse
1417 642 1567 678 lapsurum.
1584 643 1661 677 Quod
1686 645 1795 680 quidem

1011 684 1043 712 ad
1060 685 1086 712 id
1101 684 1134 713 de
1147 693 1201 720 quo
1216 686 1242 712 in
1265 688 1411 721 praesentia
1426 696 1517 715 sermo
1534 693 1586 722 est,
1603 689 1710 721 attinet,
1725 691 1796 718 stul-

1011 731 1150 758 tissimum
1185 732 1257 760 istud
1288 740 1366 766 esse,
1399 742 1488 769 neque
1517 736 1697 770 explicatione
1725 744 1795 771 opus

1010 775 1122 808 habere,
1143 777 1269 812 quisquis
1283 778 1426 812 paululum
1451 780 1522 814 sapit
1539 780 1670 808 facillime
1692 788 1795 816 cogno-

1008 821 1070 854 scit,
1085 829 1136 849 nec
1155 822 1182 849 in
1200 823 1335 857 ejusmodi
1361 824 1495 859 sapientia
1511 825 1693 861 opinioneque
1712 827 1794 861 quid-

1010 874 1091 901 quam
1111 875 1182 901 esse,
1206 868 1278 902 quod
1296 869 1500 904 inquisitidnem
1515 870 1660 898 desideret.
1681 870 1750 898 Nam
1771 871 1794 899 si

1010 912 1100 940 denuo
1115 916 1145 940 ut
1160 913 1390 941 circumcidamur
1406 916 1584 950 resurgimus,
1603 923 1653 943 cur
1667 923 1722 943 non
1742 917 1795 943 cir-

1009 958 1204 986 cumcisionem
1226 960 1439 987 antevertimus?
1456 960 1527 988 Sane
1549 961 1594 996 qui
1619 961 1647 987 in
1671 961 1722 988 hac
1739 961 1793 988 vita

1009 1003 1138 1038 idipsum,
1160 1004 1232 1040 quod
1256 1005 1405 1040 perfectum
1425 1005 1552 1038 habetur,
1570 1006 1674 1041 1032
1691 1014 1793 1042 cogno-

1009 1051 1109 1082 verint,
1126 1054 1152 1078 et
1173 1055 1250 1078 tanto
1267 1055 1329 1079 ante
1350 1059 1484 1086 usurpare
1501 1052 1644 1086 cwperint,
1667 1053 1793 1080 luculen-

1009 1095 1065 1123 tius
1078 1096 1111 1122 ad
1129 1095 1247 1123 futuram
1264 1096 1335 1123 illam
1350 1096 1544 1131 perfectionem
1557 1096 1733 1124 obtinendam
1747 1097 1795 1132 jus

1008 1142 1081 1169 nacti
1103 1145 1177 1169 sunt.
1209 1141 1345 1174 Quorsum
1373 1142 1455 1176 igitur
1480 1142 1513 1169 ab
1539 1142 1668 1176 Apostolo
1689 1142 1793 1170 dictum

1007 1191 1065 1215 est:
1089 1187 1119 1214 Si
1134 1187 1372 1220 circumcidamini,
1391 1186 1514 1214 Christus
1535 1187 1600 1214 nihil
1626 1187 1697 1215 vobis
1713 1188 1796 1222 prodo

1007 1234 1058 1259 erit
1068 1233 1097 1260 "3
1112 1232 1177 1260 Item
1191 1242 1198 1260 :
1213 1232 1265 1265 Qui
1281 1233 1308 1260 in
1320 1233 1374 1268 lege
1383 1232 1583 1267 justiﬁcantini,
1596 1242 1611 1260 a
1622 1234 1710 1269 gratia
1724 1234 1796 1260 erci-

1008 1278 1085 1306 distis
1096 1278 1117 1305 ⁸.
1144 1278 1214 1305 Tum
1240 1278 1307 1306 illud
1335 1279 1417 1306 etiam
1444 1279 1595 1306 Salvatoris
1619 1279 1744 1306 dictum:
1763 1279 1796 1313 In

1008 1324 1202 1352 resurrectione
1219 1325 1288 1352 enim
1309 1333 1389 1360 neque
1405 1324 1505 1352 ducunt
1520 1332 1627 1357 uxores,
1649 1332 1729 1360 neque
1746 1333 1796 1351 nu-

1009 1369 1091 1402 bunt;
1108 1370 1153 1398 sed
1170 1371 1283 1405 aequales
1299 1374 1361 1398 sunt
1374 1371 1474 1405 angeli:
1485 1371 1506 1397 '.
1524 1369 1603 1403 Quod
1618 1374 1709 1398 autem
1726 1370 1797 1398 scri-

1007 1419 1084 1451 ptum
1100 1419 1142 1443 est
1158 1425 1165 1443 :
1182 1415 1312 1443 Sedebitis
1331 1415 1364 1442 ad
1380 1424 1496 1443 mensam
1527 1415 1618 1443 Patris
1642 1415 1705 1448 mei,
1724 1423 1797 1442 com-

1007 1462 1111 1490 edentes
1132 1467 1157 1489 et
1178 1461 1321 1494 bibentes“,
1348 1465 1375 1489 et
1399 1461 1486 1489 :Cum
1505 1461 1571 1488 illud
1592 1461 1679 1488 bibam
1702 1469 1796 1488 novum

1007 1509 1140 1536 vobiscum
1153 1508 1182 1535 in
1205 1516 1284 1543 regno
1300 1507 1424 1535 caelorum
1435 1508 1456 1540 ⁷,
1470 1516 1502 1536 ex
1519 1516 1552 1535 eo
1571 1508 1644 1543 quod
1666 1508 1793 1540 additur.

170 1544 283 1580 θηκότες
304 1545 357 1572 ἀπὸ
374 1545 428 1572 τῶν
444 1545 523 1572 θείων
545 1545 641 1580 λόγων,
666 1546 814 1582 μετάληψιν
833 1556 893 1574 τινα
907 1548 955 1574 πό-

1009 1562 1110 1586 novum,
1138 1558 1176 1588 et,
1194 1554 1228 1580 ad
1245 1562 1363 1581 mensam
1378 1554 1466 1589 regni,
1486 1553 1539 1582 alio
1555 1561 1638 1582 sensu
1656 1553 1795 1588 accipien-

171 1597 255 1624 ματος
274 1590 322 1616 καὶ
337 1588 481 1625 βρώματος
503 1590 654 1626 ἀμϐροσίου
666 1599 673 1606 ·
698 1592 762 1627 περὶ
778 1589 815 1618 ὧν
836 1591 954 1628 εἴρηται,

168 1636 210 1661 ὅτι
227 1636 264 1662 "A
279 1635 433 1670 ὀφθαλμὸς
454 1637 509 1662 οὐκ
528 1633 600 1668 οἶδε,
618 1636 667 1663 καί
687 1634 742 1670 οὖς
757 1637 812 1664 οὐκ
831 1636 955 1672 ἤκουσε,

169 1680 218 1708 καί
234 1680 283 1707 ἐπὶ
299 1680 425 1715 καρδίαν
437 1681 593 1715 ἀνθρώπου
611 1683 666 1710 οὐκ
682 1682 773 1718 ἀνέθη
784 1690 790 1697 ·
806 1682 825 1710 d
837 1683 957 1719 ἡτοίμα-

170 1734 226 1754 σεν
240 1728 256 1754 d
272 1726 344 1760 Θεὸς
358 1726 420 1761 τοῖς
435 1727 592 1763 ἀγαπῶσιν
608 1729 710 1756 αὐτόν.

206 1863 272 1891 AH’.
292 1863 373 1891 Ἀλλά
394 1873 485 1900 φησιν,
501 1865 542 1891 ὅτι
584 1865 695 1900 Πρῶτον
709 1865 759 1902 μὲν
773 1867 801 1894 ἑν
813 1867 844 1903 τῇ
860 1867 958 1902 χιλιον-

169 1908 309 1944 ταετηρίδι
324 1908 378 1935 τῶν
394 1909 517 1944 φυσικῶν
534 1910 777 1947 μεταλαμϐάνομεν
796 1912 882 1947 ἡδέων
893 1912 956 1939 ἄνευ

170 1954 294 1988 καμάτου
320 1955 366 1981 καὶ
383 1954 487 1990 λύπης·
507 1955 576 1990 μετὰ
598 1955 626 1982 δὲ
643 1956 691 1992 τὴν
716 1957 956 1993 χιλιονταετηρίδα,

170 2000 231 2027 τότε
254 2001 496 2037 μεταλαμϐάνομεν
512 1998 549 2028 ὧν
566 2001 684 2038 εἴρηται,
710 2004 778 2030 κατὰ
795 2004 824 2030 τδ
845 2003 958 2040 εἰρημέ-

170 2054 215 2074 νον
223 2055 230 2063 ·
243 2047 277 2075 Ἃ
287 2047 442 2082 ὀφθαλμὸς
451 2048 508 2076 οὐκ
518 2048 591 2080 οἵδε,
600 2049 649 2076 καὶ
662 2047 716 2082 οὖς
727 2051 781 2077 οὐκ
792 2049 934 2084 ἤκουσεν.
947 2087 951 2092 ι

188 2170 193 2175 _
212 2135 361 2167 Ἀντίθετος
383 2135 411 2162 δέ
428 2136 501 2163 ἐστιν
516 2137 530 2163 ὀ
554 2136 633 2171 λόγος
654 2136 721 2172 πρὸς
734 2137 782 2172 τὴν
797 2138 886 2164 πᾶσαν
907 2137 958 2173 τῆς

170 2181 282 2216 Γραφῆς
298 2181 424 2217 θεωρίαν.
440 2182 472 2208 Εἰ
493 2182 547 2218 γὰρ
562 2183 576 2208 ό
592 2182 673 2217 νόμος
688 2182 782 2208 οὐδένα
805 2182 955 2214 ἐτελείωσε,

1007 1600 1074 1628 dum
1091 1599 1159 1627 illud
1179 1599 1299 1627 videtur.
1325 1599 1432 1634 Quippe
1456 1603 1483 1626 et
1509 1606 1569 1630 nos,
1585 1599 1611 1626 id
1627 1598 1699 1634 quod
1715 1606 1731 1626 e
1751 1606 1795 1626 sa-

1007 1645 1063 1673 cris
1075 1643 1166 1672 Libris
1189 1644 1348 1676 didicimus,
1369 1648 1463 1678 potum
1490 1651 1522 1671 ac
1541 1643 1632 1671 cibum
1649 1645 1794 1679 quemdam

1007 1691 1064 1718 illic
1079 1690 1247 1718 ambrosium
1271 1697 1334 1717 esse
1350 1689 1532 1722 defendimus,
1548 1690 1583 1717 de
1605 1690 1705 1725 quibus
1725 1691 1796 1718 scri-

1007 1738 1083 1769 ptum
1096 1737 1139 1761 est
1154 1743 1161 1761 :
1174 1734 1240 1766 Qui:
1266 1734 1358 1761 oculus
1369 1742 1421 1760 non
1440 1733 1518 1767 vidit,
1538 1742 1586 1761 nec
1605 1735 1679 1762 auris
1696 1733 1795 1768 audiit,

1007 1788 1087 1815 neque
1109 1780 1136 1807 in
1160 1788 1205 1807 cor
1229 1778 1341 1807 hominis
1360 1772 1549 1812 ascenderunt;
1564 1787 1622 1815 quae
1635 1782 1795 1815 preparavit

1006 1825 1078 1853 Deus
1092 1825 1260 1860 diligentibus
1273 1832 1300 1852 se
1311 1824 1332 1851 ⁸.

1043 1870 1185 1899 XXXVIII.
1207 1870 1259 1898 Sed
1284 1870 1322 1898 ita
1340 1870 1386 1898 ille
1404 1871 1500 1899 statuit
1517 1869 1660 1898 :Primum
1685 1870 1714 1899 in
1735 1875 1793 1898 toto

1008 1917 1055 1945 illo
1068 1916 1223 1944 milienario
1236 1915 1378 1943 curriculo
1395 1915 1568 1944 naturalibus
1581 1923 1633 1944 nos
1647 1916 1795 1951 voluptati—

1007 1963 1058 1991 bus
1074 1970 1134 1991 esse
1153 1962 1296 1993 fruituros,
1311 1961 1404 1989 labore
1428 1961 1503 1989 omni
1518 1969 1551 1990 ac
1566 1962 1660 1990 dolore
1670 1963 1789 1995 sublato,

1007 2016 1062 2044 quo
1090 2007 1200 2044 quidem
1231 2007 1339 2036 evoluto
1366 2011 1501 2042 tempore,
1522 2015 1617 2036 eorum
1639 2015 1701 2043 quae
1720 2008 1794 2036 dicta

1007 2058 1081 2087 sunt,
1108 2053 1257 2089 participes
1281 2053 1400 2081 futuros.
1421 2053 1499 2086 Quod
1517 2050 1574 2081 haec
1596 2054 1679 2082 verba
1701 2054 1794 2082 decla-

1007 2102 1069 2126 rant
1084 2109 1090 2126 :
1107 2099 1173 2132 Quae
1189 2108 1235 2127 nec
1244 2099 1335 2126 oculus
1348 2098 1423 2131 vidit,
1440 2107 1486 2125 nec
1500 2099 1573 2125 auris
1592 2098 1705 2126 audivit.

1043 2143 1143 2172 Verum
1167 2144 1211 2172 hic
1234 2145 1342 2172 illorum
1373 2151 1465 2172 sermo
1490 2144 1619 2171 omnibus
1644 2143 1794 2178 Scriptum

1009 2190 1152 2217 sententiis
1172 2195 1314 2225 repugnat.
1335 2189 1403 2217 Cum
1419 2190 1492 2217 enim
1509 2189 1552 2217 lex
1574 2189 1708 2217 neminem
1729 2197 1793 2224 per-

171 2227 252 2262 νόμον
263 2227 290 2253 δὲ
308 2227 377 2263 μετὰ
398 2228 546 2255 ἀνάστασιν
563 2227 707 2263 φυλάττειν
722 2228 954 2264 προσταττόμεθα,

1009 2236 1109 2263 fectum
1135 2235 1294 2268 reddiderit,
1322 2239 1350 2263 et
1368 2235 1491 2263 eamdem
1519 2238 1609 2262 tamen
1629 2235 1716 2270 legem
1731 2239 1794 2270 post

170 2273 218 2300 καὶ
230 2273 272 2300 ὅτι
287 2273 365 2307 ἅγιος
384 2273 466 2308 νόμος
481 2274 494 2300 ό
510 2273 554 2300 διὰ
573 2273 713 2304 Μωῦσέως
732 2273 784 2299 ὑπὸ
798 2273 900 2309 Κυρίου
917 2274 958 2300 δο-

171 2320 230 2352 θεὶς
245 2319 419 2355 παιδαγωγὸς
437 2321 477 2353 είς
493 2320 609 2356 Χριστὸν
623 2321 688 2356 ἡμῖν
704 2319 825 2354 γέγονεν,
836 2320 874 2352 ὡς
892 2321 958 2347 ὑπο-

170 2366 311 2402 δεέστερος
329 2366 383 2392 τῶν
402 2366 596 2402 τελειουμένων
607 2366 646 2401 τῷ
662 2365 776 2402 μείζονι,
793 2367 841 2393 καὶ
857 2366 957 2393 τελειο-

170 2412 244 2448 τὰτῳ
275 2412 424 2447 προσάγειν
452 2412 678 2447 πεπιστευμένος.
708 2411 827 2448 Χριστοῦ
855 2413 884 2440 δὲ
909 2413 956 2440 τοῦ

171 2458 273 2484 τελείου
288 2458 422 2490 ἐλθόντος,
432 2459 480 2485 καὶ
493 2458 638 2490 Δεσπότου,
654 2458 701 2484 καὶ
714 2458 911 2494 παρειληφότος
926 2460 957 2486 ἐκ

171 2504 262 2540 χειρὸς
275 2504 322 2531 τοῦ
339 2505 599 2540 παιδαγωγήσαντος
619 2504 665 2531 τὸν
676 2504 862 2539 είσαγόμενον,
877 2513 956 2532 τουτ-

171 2551 229 2577 έστι
242 2550 298 2577 τῶν
313 2551 418 2578 πιστῶν
438 2551 487 2585 τὴν
514 2551 595 2585 ἁγίαν
611 2550 758 2586 Παρθένον,
778 2551 825 2577 καὶ
844 2551 957 2586 Ἐκκλη-

172 2595 244 2627 σίαν,
260 2596 392 2632 καλήμῶν
399 2596 574 2630 ἐπιγνόντων,
591 2596 636 2623 διὰ
650 2597 700 2632 μὲν
719 2596 802 2632 νόμου
817 2597 864 2624 τοῦ
879 2597 957 2624 παιδ-

171 2641 281 2675 αγωγοῦ
303 2641 349 2668 τὸν
379 2640 491 2677 μείζονα
516 2641 563 2668 καὶ
588 2641 731 2677 τελειωτὴν
758 2641 871 2677 Ἰησοῦν,
898 2643 958 2675 πῶς

142 2704 146 2708 .
171 2686 232 2722 οὐχὶ
255 2687 354 2722 μᾶλλον
374 2686 503 2723 βραχείας
523 2687 627 2719 ἑννοίας
650 2688 698 2714 καὶ
714 2688 840 2723 εὐηθείας
858 2689 958 2724 μᾶλλον

171 2732 343 2768 δειχθήσεται
358 2733 373 2759 ὸ
392 2732 470 2766 λόγος
488 2732 542 2759 τῶν
562 2733 597 2760 τὰ
617 2733 729 2760 τοιαῦτα
753 2733 896 2768 λεγόντων,
916 2734 958 2762 ὃτι

209 2822 217 2858 f
235 2819 264 2849 Ρ.
275 2822 496 2858 ἀναγκαιότερονἓ
543 2824 553 2839 ³
568 2823 576 2850 l
589 2822 658 2850 Tim.
677 2831 695 2857 I,
713 2824 739 2851 4.
790 2824 801 2840 ³
815 2824 873 2852 Gal.
890 2834 919 2855 ιι.
935 2825 960 2854 5.

1006 2281 1232 2309 resurrectionem
1256 2281 1403 2309 observare
1427 2289 1477 2308 nos
1506 2280 1623 2314 jubeant
1635 2281 1650 2315 ξι
1674 2287 1794 2316 cumque

1006 2331 1099 2355 sancta
1116 2327 1162 2354 illa
1177 2327 1231 2360 lex,
1249 2335 1330 2362 quam
1352 2335 1399 2362 per
1415 2326 1533 2359 Moysem
1557 2326 1689 2354 Dominus
1711 2326 1792 2355 nobis

1005 2374 1100 2407 edidit,
1129 2374 1267 2410 psedagogi
1293 2383 1343 2402 nos
1370 2374 1477 2403 instar”
1498 2374 1532 2401 ad
1561 2373 1700 2402 Christum
1730 2381 1793 2408 per—

1006 2421 1126 2453 duxerit,
1145 2421 1201 2451 cui,
1222 2421 1295 2455 quod
1317 2421 1397 2456 longe
1422 2420 1556 2448 absolutis
1581 2419 1637 2447 illis
1658 2427 1691 2447 ac
1707 2419 1793 2455 perfe-

1005 2467 1058 2495 ctis
1075 2472 1147 2495 esset
1161 2467 1286 2498 inferior,
1304 2466 1398 2494 datum
1420 2467 1559 2501 negotium
1575 2470 1628 2498 est,
1646 2471 1676 2494 ut
1692 2473 1742 2493 nos
1757 2465 1792 2492 ad

1005 2513 1188 2541 excellentius
1216 2512 1305 2544 illud,
1330 2519 1363 2539 ac
1392 2511 1467 2539 velut
1493 2515 1576 2547 caput
1602 2519 1792 2546 summumque

1006 2558 1165 2590 deduceret,
1193 2565 1255 2584 cum
1272 2561 1333 2592 post
1359 2557 1416 2584 haec
1441 2557 1568 2585 Christus
1583 2557 1721 2593 perfectus
1745 2557 1791 2584 ille

1006 2610 1038 2630 ac
1056 2603 1187 2630 Dominus
1205 2602 1354 2634 advenerit,
1365 2609 1398 2630 ac
1406 2602 1439 2630 de
1448 2602 1586 2638 paedagogi
1603 2610 1684 2629 manu
1704 2601 1790 2628 alum.

1006 2657 1071 2676 num
1101 2655 1133 2676 ac
1163 2648 1292 2681 tironem,
1323 2648 1375 2675 hoc
1396 2652 1439 2676 est
1467 2648 1608 2676 collectam
1627 2655 1642 2675 e
1666 2646 1790 2674 fidelibus

1006 2693 1173 2725 Ecclesiam,
1201 2694 1275 2721 velut
1298 2694 1446 2728 quamdam
1471 2693 1606 2728 virginem
1633 2691 1789 2726 acceperit;

1007 2739 1075 2767 adeo
1099 2743 1128 2766 ut
1150 2738 1368 2774 praestantiorem
1394 2738 1490 2770 alium,
1508 2736 1636 2764 nimirum
1660 2742 1788 2763 consum-

1576 2819 1643 2849 Luc.
1673 2828 1719 2854 ιι,
1745 2820 1793 2850 '53.

1016 2825 1026 2841 ⁸
1042 2824 1100 2852 Gal.
1122 2807 1148 2851 ὲ.
1166 2824 1192 2851 ll.
1246 2824 1256 2840 '
1275 2823 1369 2852 Matth.
1384 2830 1452 2857 ml,
1483 2821 1534 2855 30;

177 2853 187 2868 ⁶
201 2855 268 2886 Luc.
285 2853 352 2891 uti,
364 2858 408 2886 30.
441 2853 456 2874 ’⁷
472 2857 554 2885 Marc.
570 2853 694 2890 x1v,2t.'
719 2859 729 2875 ⁸
746 2859 756 2886 l
770 2859 832 2886 Cor.
852 2868 880 2893 ιι,
895 2853 921 2890 9,

1009 2861 1042 2888 al.
1059 2868 1100 2894 III,
1120 2859 1164 2887 24.
