1945 3043
125 130 178 159 699

830 129 858 157 S.
875 129 1047 159 EPII’IIANII

1711 129 1770 159 Ἰθο

126 190 261 214 matorcm
275 186 382 219 Jesnm,
399 185 479 219 legis,
499 186 539 213 sic
554 189 684 221 tanquam
701 186 853 222 pmdagogi.
875 186 920 214 be-

986 188 1047 214 ιετὰ
1070 187 1119 223 τὴν
1132 187 1179 215 τοῦ
1194 187 1315 223 Χριστοῦ
1339 187 1478 214 τελείωσιν
1495 186 1575 214 πάλιν
1591 187 1764 222 παιδαγωγοῦ

127 233 225 261 neticio
253 233 481 268 cognoverimus;
504 240 595 260 nonne
622 240 728 261 summa
754 240 788 260 ex
814 233 918 268 ingenii

128 279 221 314 inopia
246 286 279 306 ae
307 279 423 306 stultitia
446 278 598 313 profectum
620 282 674 310 est,
692 277 765 313 quod
791 279 825 306 ab
844 279 919 306 illius

129 325 265 360 dogmatis
279 325 401 360 patronis
421 324 576 352 asseritnr:
591 329 654 360 post
669 325 797 352 collatam
812 324 885 352 illam
904 332 919 351 a

134 370 245 398 Christo
261 369 466 405 perfectionem,
486 370 632 405 paedagogo
647 371 744 398 iterum
761 378 830 405 opus
849 378 922 403 esse,

132 421 162 443 ut
180 416 212 444 ad
236 416 325 450 priora
346 416 390 443 illa
417 416 504 448 initia,
521 421 549 444 et
570 418 724 450 elementa,
753 417 921 444 doctrinam-

131 468 195 496 que,
211 467 242 487 ac
257 468 384 487 manuum
397 460 599 496 impositiouem
618 465 799 493 revertamur,
810 465 838 488 ut
855 462 923 488 alic-

132 506 178 534 ubi
203 507 334 541 scriptum
365 507 446 534 est‘?
465 515 527 534 cum
549 511 640 535 tamen
658 507 808 542 Apostolus
820 507 924 534 diserte

131 561 182 580 nos
205 553 302 580 doceat
326 562 332 579 :
361 552 497 587 Quidquid
521 552 695 580 inveteratum
722 558 782 584 est,
818 551 924 586 1033

132 608 162 626 ac
181 599 253 626 senio
263 599 420 633 confectum,
433 600 551 633 proxime
565 599 600 626 ad
613 599 746 626 interitum
762 603 879 633 spectare
894 598 923 629 ’ς

131 645 204 680 quod
224 646 258 672 de
273 644 369 672 Vetere
385 645 563 673 Testamento
583 652 614 672 ac
630 645 687 680 lege
711 642 898 678 pronuntiavit
916 650 922 668 :

134 691 274 718 Translata
292 692 372 723 enim,
390 691 488 726 inquit,
509 691 669 724 sacerdotia,
692 689 840 716 necessario
856 688 885 722 ﬁt
901 693 926 715 et

132 737 195 771 legis
222 738 366 764 translatio
378 737 397 764 ⁸.
429 737 521 770 Quare
541 745 603 764 cum
631 735 725 764 Vetere
750 735 926 763 Testamento

969 233 1059 268 χρεία,
1075 234 1149 266 ὅπως
1172 234 1381 270 ἐπιστρέψωμεν
1394 234 1441 260 ἐπὶ
1458 233 1507 268 τὴν
1528 233 1615 268 ἀρχὴν
1626 233 1680 260 τῶν
1695 242 1766 261 atat-

969 278 1062 314 χείων,
1081 283 1128 306 καὶ
1152 279 1272 314 διδαχῆς,
1289 280 1336 305 καὶ
1358 278 1506 310 ἐπιθέσεως
1519 278 1636 314 χειρῶν,
1653 279 1724 305 κατὰ
1735 279 1767 306 τδ

970 325 1185 361 γεγραμμένονς
1216 325 1308 360 σαφῶς
1334 327 1398 361 ἡμῖν
1423 325 1469 352 τοῦ
1493 325 1653 352 Ἀποστόλου
1673 325 1767 359 λὲγονο

971 378 1027 402 τος,
1053 370 1094 396 ὅτι
1127 369 1190 397 Πᾶν
1217 370 1250 397 τὸ
1277 371 1500 405 πιιῖαιούμενον
1534 370 1585 398 καὶ
1613 370 1768 405 γηράσκον

973 416 1063 451 ἐγγὺς
1075 416 1248 452 ἀφανισμοῦ
1263 418 1389 452 γίνεται·
1404 418 1442 450 ὼς
1458 417 1522 453 περὶ
1535 417 1656 449 Παλαιᾶς
1670 417 1768 452 Διαθῆ-

973 471 1025 497 κης
1042 462 1090 489 καὶ
1108 462 1278 497 νομοθεσίας.
1296 463 1521 498 Μετατιθεμένης
1542 462 1607 498 γὰρ,
1624 463 1701 497 φησι,
1719 462 1769 497 τῆς

976 506 1126 542 ἱερωσύνης
1143 507 1172 540 ἐξ
1190 508 1313 543 ἀνάγκης
1329 508 1376 535 καὶ
1389 508 1472 544 νόμου
1492 507 1636 542 μετάθεσις
1651 507 1768 542 γίνεται.

977 553 1012 578 Ἢ
1027 553 1037 567 ⁵
1052 552 1080 579 δὲ
1098 553 1228 590 μετετέθη
1242 555 1258 589 ἡ
1277 553 1394 587 Παλαιὰ,
1408 555 1454 581 καὶ
1476 553 1650 588 ἀνεκαινίσθη
1669 553 1686 588 ἡ
1700 553 1768 584 Νέα,

977 597 1017 629 τίς
1036 598 1101 634 ἡμῖν
1124 599 1206 626 πάλιν
1228 599 1373 636 τολμηρῶς
1399 600 1562 636 παρεισάγοι
1586 598 1706 625 Παλαιὰν
1730 598 1770 629 εἰς

978 644 1085 679 χρῆσιν,
1112 645 1162 680 τὴν
1182 646 1287 681 Καινὴν
1310 647 1350 678 είς
1376 646 1528 673 παλαίωσιν
1548 645 1772 682 μετατιθέμενος,

978 689 1028 723 τῆς
1049 690 1098 725 μὲν
1113 691 1224 726 χάριτος
1241 693 1390 719 ἀποπεσεῖν
1405 691 1633 728 παρασκευάζων.
1652 690 1698 718 καὶ
1719 689 1772 716 ἀπὺ

978 734 1029 770 τῆς
1046 735 1178 770 ὠφελείας
1195 738 1314 774 Χριστοῦ
1330 740 1404 774 ἡμᾶς
1425 738 1568 774 ἐκτρέπειν
1583 736 1770 772 πειρώμενοςς

132 785 277 816 translato,
307 784 412 811 Novum
441 785 623 812 instauratum
651 783 751 815 fuerit,
779 781 842 816 quis
870 783 912 807 est
936 780 1049 808 audacia
1076 786 1153 810 tanta
1178 785 1319 819 pra'ditus,
1337 785 1384 821 qui
1405 784 1490 812 Vetus
1523 784 1556 811 ad
1578 791 1657 812 usum
1683 782 1775 810 denuo

133 837 262 859 revocare
291 831 455 864 contendat,
485 830 589 858 Novum
618 835 707 857 autent
738 829 771 856 ad
802 829 885 856 situm
918 830 1139 864 vetustatemque
1163 831 1322 865 transferre,
1345 837 1374 859 ut
1406 836 1434 860 et
1452 840 1564 861 causam
1603 830 1683 859 nobis
1704 837 1774 865 prte-

135 878 206 910 beat,
229 886 279 906 cur
303 878 462 907 excidamus
476 886 491 905 a
508 878 605 914 gratia,
621 881 649 905 et
665 877 698 905 ab
714 884 746 904 eo
765 876 867 908 fructu,
883 874 928 910 qui
944 883 993 910 per
1020 875 1160 906 Christum
1183 881 1261 908 nobis
1293 885 1467 916 comparatus
1491 885 1552 914 est,
1575 883 1698 909 avertere
1719 885 1768 906 co-

133 925 234 954 nctnr?

169 971 218 999 ldis
231 971 350 999 breviter
363 971 396 999 ad
417 979 479 999 eum
495 970 606 998 modum
627 969 782 1005 explicatis,
803 976 864 1004 qua!
877 975 928 995 nos

1015 965 1162 1002 Συντόμως
1183 967 1212 994 δὲ
1235 967 1322 996 ταῦτα
1347 969 1386 1005 τῷ
1405 970 1476 1006 λόγῳ
1501 970 1643 1005 διελόντες,
1670 973 1716 999 καὶ
1743 975 1777 1001 τδ

134 1024 185 1053 pro
201 1017 323 1044 instituti
342 1017 435 1052 operis
449 1016 556 1044 ratione
569 1015 638 1044 satis
649 1024 711 1043 esse
726 1015 879 1047 credimus,
895 1014 929 1041 ad

134 1064 241 1098 reliqua
260 1067 452 1096 transeamus;
470 1070 501 1090 ac
517 1062 563 1090 Dei
579 1062 707 1097 inprimis
736 1068 814 1096 opem
835 1061 931 1095 implo-

134 1117 238 1141 remus,
259 1113 288 1136 ut
313 1109 347 1136 ad
371 1114 470 1136 caetera
490 1108 651 1144 _tractanda,
677 1107 833 1136 enarranda
855 1115 931 1136 ever-

135 1154 273 1190 tendaque
287 1153 402 1182 feliciter
418 1154 595 1182 accedamus.

234 1210 421 1239 ADVERSUS
440 1209 833 1242 ANTIDICOMARIANITAS,

216 1269 282 1302 Qua:
302 1273 341 1296 est
357 1268 465 1295 hamis
487 1266 599 1300 LVIII,
614 1268 666 1295 sive
682 1266 851 1295 LXXVIII.

172 1324 194 1351 1.
215 1322 287 1351 Idem
303 1323 369 1350 illud
385 1323 482 1359 dogma
496 1323 589 1359 (cujus
608 1327 761 1352 assertores
782 1323 866 1351 etiam
886 1322 932 1350 Di-

139 1370 257 1398 mmritae
273 1370 354 1405 vulgo
370 1370 588 1406 nuncupantur),
605 1370 679 1404 quod
693 1375 830 1405 suscepta:
844 1369 933 1397 homi-

139 1417 183 1444 nis
197 1424 213 1443 a
233 1416 342 1444 Christo
360 1420 465 1443 natura
486 1420 604 1443 mentem
622 1416 756 1449 detrahit,
772 1417 841 1444 alias
857 1417 934 1444 insu-

139 1469 187 1496 per
201 1461 345 1489 molestias
374 1467 406 1487 ac
424 1461 532 1495 negotia
550 1463 665 1496 peperit,
686 1467 768 1496 atque
786 1462 812 1488 in
832 1461 934 1488 Arabia

140 1507 315 1542 praesertim:
332 1506 366 1534 de
391 1507 492 1541 quibus
519 1506 655 1541 religiosis
678 1507 844 1542 quibusdam
867 1506 934 1534 viris

141 1560 238 1580 sumus
263 1551 408 1579 admoniti.
436 1551 475 1578 Ac
491 1551 553 1578 licet
577 1555 656 1578 antea
683 1552 716 1579 de
739 1551 833 1580 eodem
857 1560 935 1588 argu-

142 1602 236 1626 mento
261 1597 405 1632 epistolam
427 1597 633 1633 scripserimus,
660 1601 751 1626 tamen
777 1598 849 1633 quod
876 1598 935 1626 hate

983 1011 1073 1039 ἱκανὸν
1090 1012 1275 1049 λογισάμενοι,
1299 1014 1342 1042 διὰ
1361 1015 1391 1042 τὸ
1415 1016 1517 1048 πλάτος
1541 1017 1592 1052 τῆς
1610 1018 1774 1052 συντάξεως,

981 1057 1028 1083 ἐπὶ
1044 1057 1078 1084 τὰ
1095 1057 1157 1093 ἑξῆς
1173 1059 1267 1094 ἴωμεν,
1283 1060 1429 1095 ἀγαπητοὶ,
1445 1060 1512 1087 Θεὸν
1534 1061 1630 1097 βοηθὸν
1653 1063 1776 1098 συνήθως

981 1103 1202 1139 ἐπικαλούμενοι,
1228 1106 1266 1136 εἰς
1286 1105 1335 1142 τὴν
1347 1105 1402 1132 τῶν
1422 1106 1524 1134 λοιπῶν
1542 1107 1671 1134 ὑπόθεσίν
1683 1117 1713 1135 τε
1730 1108 1778 1136 καὶ

982 1148 1128 1182 ὐπόδειξιν,
1147 1150 1194 1176 καὶ
1208 1150 1310 1177 τούτων
1322 1150 1489 1188 ἀνατροπήν.

1088 1209 1183 1236 ΚΑΤΑ
1202 1209 1586 1239 ΑΝΤΙΔΙΚΟΜΑΡΙΑΝΙΤΩΝ
1602 1213 1670 1248 (96),

1018 1265 1216 1299 Πεντηκοστὴ
1232 1266 1334 1301 ὀγδόη,
1353 1267 1372 1300 ἡ
1383 1267 1430 1294 καὶ
1447 1267 1619 1304 ἑπτακοστὴ
1638 1269 1739 1305 ὀγδόη.

1018 1321 1058 1347 A'.
1082 1320 1148 1347 Ἀπδ
1160 1321 1259 1356 ταύτης
1274 1322 1325 1357 τῆς
1342 1323 1417 1358 παρά
1432 1332 1485 1350 τισι
1500 1324 1664 1360 Διμοιριτῶν
1678 1325 1780 1362 κεκλη-

985 1367 1079 1403 μένης,
1103 1366 1119 1402 ἢ
1146 1367 1230 1402 χωρὶς
1253 1367 1299 1394 νοῦ
1319 1369 1452 1404 ὲνσάρκου
1478 1369 1597 1405 Χριστοῦ
1627 1371 1779 1406 παρουσίας

984 1411 1198 1447 ὀνομαζομένης.
1218 1412 1288 1448 ἐφύη
1304 1414 1364 1440 τινὰ
1378 1414 1460 1449 ἕτερα
1478 1415 1640 1450 πράγματα,
1660 1416 1780 1451 μάλιστα.

984 1457 1013 1483 ὲν
1027 1458 1060 1492 τῇ
1084 1457 1217 1493 Ἀραϐίᾳ.-
1239 1458 1374 1494 ἁνηνέχθη
1395 1459 1424 1485 δὲ
1446 1460 1478 1495 τῇ
1503 1460 1581 1495 ἡμῶν
1603 1462 1779 1497 ταπεινότητι

985 1503 1050 1538 περὶ
1073 1502 1176 1530 τούτων
1198 1503 1251 1530 ὑπό
1272 1513 1353 1531 τινων
1367 1504 1498 1533 εὐλαῦὦν.
1517 1506 1572 1532 Καὶ
1597 1507 1704 1542 πρῶτον
1728 1509 1778 1543 μὲν

985 1547 1129 1584 ἐπιστολὴν
1141 1551 1205 1584 περὶ
1214 1549 1264 1584 τῆς
1275 1549 1428 1581 ὑποθέσεως
1436 1551 1537 1587 ταύτης
1549 1555 1778 1589 γεγραφήκαμεν·

986 1594 1060 1630 ὅμως
1075 1595 1104 1621 δὲ
1116 1594 1159 1621 διὰ
1172 1595 1220 1630 τῆς
1233 1595 1393 1627 ἀκολουθίας
1408 1595 1455 1622 τοῦ
1467 1596 1584 1632 ἀριθμοῦ
1599 1598 1646 1624 καὶ
1662 1598 1780 1626 ἐνταῦθα

143 1644 257 1672 haeresis
282 1643 379 1671 ordine
416 1651 466 1671 suo
493 1651 664 1678 numeroque
694 1645 843 1676 succedat.
861 1645 932 1672 hanc

986 1641 1070 1677 αὐτὴν
1090 1641 1178 1668 διόλου
1199 1642 1248 1677 τὴν
1268 1641 1414 1678 ἐπιστολὴν
1433 1643 1502 1678 μετὰ
1525 1643 1573 1670 καὶ
1591 1644 1645 1671 τῶν
1661 1644 1780 1679 εὐλόγως

141 1691 229 1724 ipsam
249 1698 300 1718 nos
317 1690 472 1725 epistolam,
491 1689 658 1725 quihusdam
682 1690 780 1717 merito
797 1690 840 1718 vel
856 1690 935 1718 addi-

142 1738 188 1768 tis,
205 1737 245 1764 vel
262 1736 405 1768 detractis,
421 1736 554 1763 adversus
568 1736 642 1762 illam
659 1735 848 1770 subjiciemus.

178 1783 286 1810 Etenim
316 1791 348 1810 ex
382 1782 721 1810 Antidicomarianitarum
755 1789 836 1817 grege
865 1790 935 1809 nou-

144 1829 224 1861 nulli,
249 1829 329 1864 quasi
354 1829 493 1863 praecipuo
513 1828 632 1863 quodam
658 1828 686 1855 in
708 1827 846 1863 Virginem
872 1829 935 1856 odio

144 1878 281 1909 suscepto,
300 1877 330 1900 ut
350 1874 409 1907 ejus
425 1873 539 1908 gloriam
564 1873 763 1906 obscararent,
780 1874 838 1901 sive
862 1874 936 1901 invi-

145 1920 201 1952 dia,
217 1919 274 1946 sive
286 1919 390 1946 erroris
405 1919 527 1946 tenebris
547 1919 692 1954 obcaecati,
709 1927 764 1954 quo
778 1920 935 1947 mortalium

145 1966 253 1993 animos
271 1965 461 2000 inquinarent,
476 1973 509 1992 eo
525 1966 690 1993 temeritatis
709 1966 847 2001 progressi
861 1970 935 1998 sunt,

146 2016 177 2040 ut
200 2011 405 2039 sanctissimam
429 2011 539 2038 Mariam
557 2015 618 2046 post
637 2011 777 2038 Christum
796 2012 823 2039 in
848 2011 936 2039 lucem

145 2057 247 2085 editum
267 2065 329 2084 cum
354 2057 413 2084 viro
435 2065 486 2085 suo
503 2056 622 2091 Joscpho
640 2057 867 2086 consuetudinem
888 2058 938 2085 ιω-

145 2104 240 2131 huisse
255 2103 389 2131 dicerent.
410 2103 496 2136 Quam
514 2103 624 2139 quidem
642 2104 811 2139 opinionem,
837 2110 868 2132 ut
889 2113 935 2132 su~

146 2156 194 2184 pra
212 2148 278 2181 dixi,
305 2149 339 2175 ab
358 2156 423 2176 sene
439 2149 485 2175 illo
503 2149 666 2185 Apollinari,
697 2154 744 2176 aut
764 2149 798 2178 ab
822 2150 882 2186 cius
896 2151 952 2182 dig

146 2195 259 2230 scipnlis
278 2202 405 2223 manasse
420 2195 581 2229 praedicant,
599 2195 632 2222 de
651 2203 706 2230 quo
729 2195 850 2223 nondum
871 2196 937 2222 mihi

145 2240 250 2275 liquido
275 2244 393 2268 constat.
421 2239 565 2276 Utcunque
594 2248 654 2268 sese
675 2249 719 2268 res
742 2241 850 2273 habeat,
876 2249 938 2268 cum

146 2287 303 2314 necessario
316 2294 331 2313 a
351 2287 432 2314 nobis
450 2287 489 2314 illi
511 2286 650 2314 refutandi
665 2288 731 2319 sint,
757 2295 790 2315 ne
811 2288 936 2315 eumdem

145 2332 267 2360 laborem
284 2332 390 2368 1034
403 2332 494 2360 denuo
518 2338 683 2368 repctatnus,
700 2334 844 2368 subjiciam
865 2334 938 2361 illam

146 2377 292 2412 ipsammet
308 2378 463 2413 epistolam,
482 2386 564 2414 quam
578 2378 607 2405 in
623 2379 754 2406 Arabiam
768 2387 782 2406 a
798 2387 841 2407 me
858 2384 939 2407 antea

147 2423 277 2458 scriptam
295 2431 357 2451 esse
372 2424 531 2452 memoravi.
547 2424 613 2458 Quae
629 2429 671 2453 est
686 2425 822 2461 ejusmodi
843 2435 849 2453 :

179 2479 323 2514 Epipltauii
337 2481 449 2515 epistola
462 2481 588 2509 adversus
606 2483 905 2510 Antidicomariauilas.

185 2538 217 2567 ll.
240 2537 362 2566 Dominis
376 2538 443 2566 meis
458 2539 605 2574 plurimum
618 2539 808 2572 observandis,
826 2547 858 2568 ac
876 2539 940 2568 cha-

148 2585 268 2612 rissimis
285 2585 358 2617 ﬁliis,
374 2589 401 2612 ct
416 2585 531 2613 sinceris
547 2586 689 2619 fratribus,
703 2586 826 2620 ejusdem
841 2587 937 2614 ortho-

149 2632 227 2660 doxa:
242 2631 303 2660 ﬁdei
322 2631 534 2667 professoribus,
556 2637 610 2659 tam
632 2632 834 2667 sacerdotibus,
855 2641 936 2669 quam

197 2723 207 2739 ¹
225 2722 305 2751 Hebr.
324 2731 350 2756 ν,
367 2723 419 2755 l2;
435 2730 471 2756 vi,
485 2721 513 2749 2.
562 2723 572 2738 ²
590 2721 672 2750 llebr.
686 2730 747 2755 vrtt,
766 2723 809 2751 15.

186 2799 243 2833 (96)
262 2798 594 2834 Ἀντίδικομαριανιτῶν.
623 2799 661 2827 De
685 2800 943 2828 Antidicomariani-

152 2839 240 2861 tarum
258 2836 392 2871 dogmate,
410 2836 481 2871 quod
497 2835 658 2869 Jovinianus
679 2836 879 2872 propugnabat,
898 2844 943 2864 ac-

987 1686 1089 1722 ταύτην
1102 1687 1113 1703 ⁵
1124 1687 1368 1722 προστεθειμένων,
1379 1688 1396 1723 ἢ
1408 1687 1463 1715 ἀπὸ
1473 1688 1557 1724 αὐτῆς
1569 1689 1780 1724 ὲξαιρουμένων,

988 1735 1028 1767 εἰς
1045 1734 1093 1770 τὴν
1109 1735 1216 1771 αἵρεσιν
1231 1734 1358 1770 ἐροῦμεν.

1025 1780 1327 1816 Ἀντιδικομαριανιτῶν
1354 1781 1408 1817 γάρ
1436 1790 1520 1814 τινες,
1544 1781 1640 1818 ὥσπερ
1667 1782 1781 1818 ὲχθρίαν

989 1827 1058 1863 πρὸς
1072 1827 1120 1862 τὴν
1134 1827 1271 1863 Παρθένον
1287 1827 1404 1863 ἔχοντες,
1420 1828 1467 1854 καὶ
1482 1827 1639 1863 βουλόμενοι
1652 1837 1782 1855 κατευτε-

989 1872 1075 1904 λίζειν
1091 1873 1198 1909 ἐκείνης
1212 1872 1241 1899 τὸ
1254 1872 1341 1905 κλέος,
1357 1872 1446 1908 φθόνῳ
1457 1873 1511 1899 τιν).
1524 1872 1654 1908 ἀρθέντες
1667 1873 1683 1908 ἢ
1701 1873 1782 1907 σφάλο

991 1928 1067 1954 ματι,
1096 1921 1143 1946 καλ¹
1171 1920 1269 1954 χρᾶναι
1299 1919 1456 1955 βουλόμενοι
1478 1919 1597 1951 διανοίας
1618 1919 1780 1954 ἀνθρώπων,

990 1965 1142 2001 ἐτόλμησαν
1165 1965 1255 1999 λέγειν
1276 1966 1325 2001 τὴν
1349 1966 1430 2000 ἁγίαν
1447 1966 1556 2002 Μαρίαν
1577 1965 1647 2001 μετὰ
1667 1965 1717 2001 τὴν
1733 1965 1782 1992 τοῦ

990 2011 1108 2046 Χριστοῦ
1122 2011 1249 2046 γέννησιν
1271 2010 1346 2047 ἀνδρὶ
1362 2011 1505 2047 συνῆφθαι,
1522 2012 1594 2047 my).
1607 2011 1634 2037 δὲ
1653 2011 1728 2046 αὐτῷ
1743 2011 1783 2046 τῷ

991 2057 1101 2092 Ἰωσήφ.
1116 2056 1184 2083 Φασὶ
1199 2056 1238 2089 δὲ,
1256 2056 1295 2087 ὡς
1311 2056 1367 2083 ἄνω
1384 2065 1429 2091 μοι
1442 2055 1560 2090 εἴρηται,
1579 2056 1620 2082 ὅτι
1634 2056 1681 2082 ἀπ’
1698 2055 1781 2082 αὑτοῦ

990 2103 1038 2130 τοῦ
1065 2103 1218 2140 πρεσϐύτου
1239 2102 1443 2138 Ἀπολλιναρίου
1467 2102 1597 2138 ἐξήχηται
1617 2101 1632 2128 ὁ
1654 2101 1742 2135 λόγος,
1765 2101 1780 2136 ῆ

991 2150 1046 2177 ἀπό
1067 2158 1147 2176 τινων
1169 2149 1223 2176 τῶν
1245 2149 1320 2184 αὑτῷ
1336 2148 1602 2184 μεμαθητευμὲνων·
1628 2147 1676 2174 καὶ¹
1697 2148 1783 2182 ἀμφι-

992 2197 1091 2224 ϐάλλω.
1108 2197 1177 2233 Περὶ
1193 2196 1222 2223 δὲ
1244 2195 1298 2223 τῶν
1321 2196 1406 2222 ταῦτα
1430 2195 1563 2229 λεγόντων
1585 2195 1713 2229 ἀνάγκην
1729 2194 1783 2229 ἔχω

992 2243 1093 2278 λέγειν.
1114 2243 1173 2270 Ἵνα
1189 2242 1218 2269 δὲ
1236 2241 1273 2278 μὴ
1287 2242 1326 2274 είς
1345 2241 1470 2277 δεύτερον
1490 2241 1612 2276 κάματον
1626 2240 1721 2266 ἑαυτὸν
1734 2248 1783 2265 πε-

994 2290 1148 2326 ριϐάλλοιμι
1157 2309 1165 2321 ,
1181 2289 1300 2324 καθεξῆς
1315 2289 1349 2324 ἢν
1363 2289 1494 2324 προεῖπον
1509 2288 1662 2323 γραφεῖσαν
1674 2287 1782 2313 ἐπιστο-

993 2337 1041 2373 λὴν
1067 2337 1107 2369 εἰς
1130 2335 1177 2372 τὴν
1206 2335 1330 2371 Ἀράϐων
1353 2334 1444 2370 χώραν
1469 2333 1605 2367 ὑποτάξω.
1628 2333 1683 2360 Καὶ
1709 2332 1782 2359 ἐστιν

991 2384 1049 2420 ias-

996 2483 1173 2518 Ἐπιερανίου
1187 2480 1335 2515 ἐπιστολὴ
1352 2481 1429 2508 κατὰ
1445 2478 1782 2515 Ἀντιδικομαριαγιτῶν.

1026 2539 1062 2565 Β’.
1075 2538 1187 2574 Κυρὶοις
1203 2547 1253 2574 μου
1273 2537 1449 2573 τιμιωτάτοις
1473 2537 1521 2563 καὶ
1536 2535 1730 2572 ποθηνοτάτοις
1743 2535 1784 2561 τέ-

991 2595 1075 2617 κνοις,
1091 2586 1138 2613 καὶ
1153 2585 1277 2620 ἀδελφοῖς
1288 2584 1421 2620 γνησίοις,
1437 2583 1484 2609 καὶ
1497 2583 1657 2618 ὁμοπίστοις
1677 2581 1783 2616 ὀρθοδό-

992 2634 1048 2666 ξοις
1063 2633 1117 2660 ἀπὸ
1133 2632 1227 2667 ἱερέως
1242 2632 1307 2668 ἄχρι
1320 2630 1428 2663 λαῖκοῦ,
1444 2629 1491 2656 καὶ
1502 2628 1717 2665 κατηχουμένοις
1729 2628 1784 2658 τοῖς

848 2723 858 2739 ³
875 2722 958 2752 Hebr.
969 2730 1020 2756 vn,
1035 2722 1080 2750 12.
1119 2722 1130 2738 ⁸
1144 2721 1176 2750 F.
1193 2722 1228 2749 εἰ.
1267 2721 1278 2738 ⁸
1295 2721 1361 2756 Reg.
1376 2719 1473 2747 ταῦτα.
1492 2719 1572 2747 Forte
1585 2718 1681 2754 ταύτῃ.

996 2805 1090 2828 curate
1115 2799 1246 2836 disputat,
1259 2799 1451 2836 Hieronymus.
1478 2797 1785 2836 Yide_et__Ambrosinm

996 2844 1059 2864 cum
1074 2835 1136 2864 aliis
1152 2833 1180 2864 in
1195 2835 1276 2869 locis,
1292 2839 1348 2863 tum
1364 2833 1452 2870 Epist.
1469 2835 1485 2863 5
1501 2838 1528 2863 et
1544 2834 1571 2870 7,
1582 2833 1627 2862 lib.
1644 2841 1664 2862 r.
