1945 3043
90 196 93 197 ν
147 181 198 212 ’101

452 181 638 212 ADVERSUS
658 182 830 211 ΗΔΕΙΙΕΞΕΞ
848 181 912 210 LIB.
932 180 948 209 ll

1000 180 1079 210 TOM.
1097 181 1130 209 ll.
1141 195 1173 201 --ι
1193 179 1331 209 ΙΙᾹΞΒΕΒ.
1347 176 1490 206 LXXVIII.

1731 175 1783 204 ποθ

149 241 222 269 κατὰ
233 241 283 278 τὴν
304 240 435 278 ’Δραϐῐαν
452 241 611 278 Ἐπιφάνιος
624 243 765 279 ἐλάχιστος
787 243 944 271 ἐπισκόπων

1000 242 1072 271 laicis
1100 246 1127 270 et
1150 240 1366 274 catechumenis,
1389 221 1574 275 [Epiphanius~
1591 236 1783 272 episcoporum

149 288 268 324 χαίρειν.

186 333 346 369 Θαυμάζειν
374 333 449 361 ἔστιν
468 334 497 361 ἐν
512 334 552 371 τῷ
579 335 693 370 παρόντι
721 335 818 372 καιρῷ,
834 336 881 363 καὶ
907 336 944 372 μὴ

149 379 320 415 θαυμάζειν·
343 379 494 416 θαυμάζειν
523 381 590 416 μὲν,
616 382 657 408 ὅτι
684 382 730 408 ἐπὶ
761 383 794 418 τῇ
822 382 945 418 ἡμετέρᾳ.

150 428 233 462 γενεᾷ.
244 426 334 454 πάντα
349 427 501 463 πληροῦται
513 436 520 442 '
536 428 583 455 καὶ
599 428 636 464 μὴ
652 427 802 464 Θαυμάζειν
814 436 820 443 ”
841 428 881 454 δεῖ
890 428 945 464 γὰρ

150 471 331 509 πληροῦσθαι.
353 473 505 509 Ὀσημέραι
526 473 580 509 γὰρ
599 473 669 500 κατὰ
692 473 821 509 πρόθεσιν
838 473 886 501 νῦν
900 474 944 508 γί-

150 528 226 547 νεται
237 520 301 555 ἡμῖν
315 519 348 546 ὲκ
360 519 498 554 λογισμῶν
510 519 688 555 ἀνθρωπίνων
701 520 747 546 καὶ
759 520 945 556 διανοημάτων

151 565 296 600 σοφιστικὴ
318 564 441 599 ὑπόνοια,
458 565 506 592 καὶ
521 565 568 591 ἐπὶ
587 565 616 592 τὸ
636 566 726 600 χεῖρον
742 566 944 602 προκύπτουσα,

151 610 397 646 καταλιμπάνουσά
419 619 450 638 τε
474 611 523 646 τὴν
551 611 732 647 ἀποστολικὴν
754 611 943 639 διδασκαλίαν·

151 655 243 687 καθὼς
257 656 270 682 ό
284 655 435 690 ἀγιώτατος
455 655 617 688 Ἀπόστολος
636 658 775 692 προεῖπεν,
794 657 835 683 ὅτι
858 657 944 684 Ἀπο-

150 700 320 734 στὴσονταί
344 709 425 734 τινες
439 700 493 735 τῆς
508 702 706 736 ὑγιαινούσης
728 701 926 734 διδασκαλίας
937 721 945 734 ,

151 746 356 781 προσέχοντες
380 747 497 781 μύθοις,
524 746 574 773 καὶ
604 747 815 780 διδασκαλίαις
845 746 946 781 δαιμο-

150 792 236 825 νίων,
261 792 310 818 καὶ
337 791 372 818 τὰ
398 790 472 825 ὲξῆς.
497 790 532 817 Εἴ
552 799 578 817 τι
598 790 652 826 γὰρ
668 791 707 818 ἔνι
722 791 881 826 ἀνερευνᾷν,
900 791 947 816 καὶ

152 837 271 863 ἐπινοεῖν
282 835 358 868 όδοὺς
378 835 511 871 πονηρὰς,
528 835 615 862 ταῦτα
635 835 736 871 μᾶλλον
749 836 947 868 σπουδάζουσιν

150 882 176 909 οἱ
194 881 344 917 ἄνθρωποι,
364 881 437 918 ἢπερ
458 881 625 916 πληροῦντες
647 881 697 917 τὴν
714 881 823 917 ἐντολὴν
839 881 888 917 τὴν
903 881 947 908 λέ-

151 936 262 962 γουσαν,
279 927 351 954 καλὰ
367 928 415 954 καὶ
441 927 627 963 εὐπρόσδεκτα
642 927 734 963 ζητεῖν
747 934 754 942 '
771 927 828 960 καὶ,
853 927 884 954 ’0
893 927 946 954 λό-

96 1012 104 1021 ’
153 982 204 1010 τος
230 973 320 1002 ἅλατι
345 974 364 1008 ᾖ
392 974 569 1009 ἠρτυμένος,
597 974 676 1007 ὅπως
700 972 741 1006 δῷ
767 972 856 1008 χάριν
882 972 945 1006 τοῖς

152 1021 310 1048 ἀκούουσι.
326 1021 382 1048 Καὶ
404 1022 428 1048 εἰ
453 1021 539 1048 ταῦτα
561 1020 778 1056 διανοηθείημεν,
798 1020 839 1046 ὅτι
864 1019 945 1047 πόθεν

153 1066 297 1102 συμόαίνει
309 1066 371 1093 καθ’
386 1067 505 1101 ἑκάστην
523 1067 628 1102 ἡμέραν
644 1065 866 1098 ἀνακαινίζεσθαι
879 1066 945 1100 ἡμῖν

151 1112 186 1139 τὰ
205 1111 307 1147 φαῦλα,
339 1112 457 1148 ἐσόμεθα
481 1113 528 1140 καὶ
551 1112 628 1139 αὐτοὶ
653 1111 691 1144 ὡς
713 1111 880 1143 ἀπαίδευτοι,
898 1110 945 1138 καὶ

153 1156 192 1192 μὴ
207 1157 385 1193 προσέχοντες
399 1158 455 1189 τοῖς
466 1157 548 1189 θείοις
567 1157 615 1184 καὶ
633 1157 828 1192 προρρητικοίς
844 1156 943 1191 λόγοις.

152 1203 199 1228 Δεῖ
210 1201 265 1237 γὰρ
289 1202 376 1229 ταῦτα
396 1202 577 1238 πληροῦσθαι.
602 1203 646 1229 Ἐν
662 1201 748 1229 ἅπασι
770 1201 825 1237 γὰρ
849 1201 946 1237 μέρεσι

152 1249 202 1285 τῆς
213 1249 331 1281 πίστεως
343 1249 383 1276 δεῖ
394 1249 527 1276 τελεῖσθαι
540 1248 571 1275 τὸ
586 1248 728 1284 εἰρημένον
740 1255 747 1262 ·
761 1245 837 1282 Ἀρα
849 1247 947 1274 ἐλθὼν

153 1296 169 1322 ὀ
190 1295 256 1328 mg
267 1295 319 1322 τοῦ
334 1295 493 1329 ἀνθρώπου
505 1294 628 1329 εὑρήσει
640 1293 698 1328 τὴν
712 1293 818 1320 πίστιν
831 1293 880 1320 ἐπὶ
890 1292 946 1327 τῆς

152 1341 230 1376 γῆς;
257 1340 313 1369 Ποῦ
332 1341 387 1377 γὰρ
406 1340 523 1375 ἔφθασεν
542 1340 558 1375 ὴ
586 1339 691 1366 διάνοια
713 1338 767 1365 τῶν
794 1337 945 1374 ἀνθρώπων

152 1387 299 1423 ἐγκειμένη
316 1387 363 1414 ἐπὶ
377 1387 408 1413 τὸ
431 1386 549 1422 πονηρὸν
571 1387 603 1413 ὲκ
625 1385 768 1421 νεότητος;
790 1385 857 1412 Ποῖα
874 1384 945 1420 μέρη

152 1434 200 1470 τῆς
216 1433 334 1465 πίστεως
346 1433 397 1459 οὐκ
418 1433 577 1465 ἀπώλεσεν;
600 1432 644 1458 Ἐν
669 1431 755 1463 ποίοις
773 1431 801 1457 δὲ
823 1430 913 1465 λόγοις
929 1431 945 1465 ὴ

153 1479 317 1506 κακοδουλία
329 1478 359 1505 τὸ
374 1478 508 1514 χρήσιμον
524 1477 575 1504 οὐκ
594 1476 725 1512 trapetis;
742 1477 749 1491 ¹
768 1475 823 1503 τῶν
837 1475 866 1502 δὲ
880 1484 947 1511 πρε-

152 1524 343 1556 πωδεστάτων,
360 1524 407 1551 καὶ
418 1525 446 1550 ὲν
466 1523 634 1551 καταστάσει
653 1522 764 1557 λογικῆς
781 1521 898 1556 φύσεως,
912 1517 946 1555 ἧς

153 1570 184 1597 τὸ
198 1570 302 1607 πρέπον
315 1567 349 1605 ἦν
360 1569 395 1596 τὰ
411 1569 498 1605 σεμνὰ
517 1568 618 1604 μᾶλλον
634 1567 808 1599 διανοεῖσθαι,
826 1567 873 1593 καὶ
886 1566 947 1592 τού-

153 1625 210 1648 τοις
227 1616 402 1652 προστιθέναι
421 1615 574 1651 βιάζεσθαι,
590 1615 614 1641 εἰ
634 1614 682 1642 καὶ
697 1613 751 1640 ἔδει
768 1612 843 1648 παρὰ
856 1612 966 1648 φύσιν,ζ

154 1664 202 1690 καὶ
217 1663 254 1699 μὴ
276 1662 376 1699 μᾶλλον
389 1662 424 1689 τὰ
445 1661 560 1697 ἀληθινὰ
575 1661 616 1693 είς
627 1660 662 1688 τὰ
685 1660 792 1695 ἄσεμνα
811 1658 949 1695 παρατρέ-

155 1718 216 1736 πειν
233 1708 411 1745 βιαζομένους
425 1708 472 1735 ἐπὶ
486 1707 517 1735 τὸ
532 1708 633 1743 χεῖρον.

995 289 1135 321 minimus,
1153 288 1289 316 salutem.‘

1032 334 1080 363 Est
1107 335 1160 362 hoc
1191 338 1314 369 tempore
1337 331 1410 368 quod
1437 329 1628 358 admirandum
1655 327 1736 356 simul
1759 330 1786 354 ct

996 388 1052 407 non
1076 379 1268 407 admirandum
1287 377 1412 406 videatur
1431 375 1641 404 :admirandum
1665 372 1786 408 quidem,

995 426 1068 461 quod
1086 430 1168 453 aetate
1184 429 1279 453 n05tra
1296 424 1462 459 impleantur
1475 421 1584 453 omnia;
1598 420 1709 446 minime
1724 425 1788 446 vero

996 472 1161 504 mirandum,
1187 471 1260 506 quod
1283 470 1377 498 eadem
1405 469 1449 496 illa
1472 466 1579 502 impleri
1606 472 1718 493 necesse
1739 464 1785 491 sit.

996 517 1103 545 Etenim
1123 517 1245 552 quotidie
1263 516 1344 543 nobis
1362 513 1512 549 sophistica
1536 512 1627 546 aliqua
1648 509 1787 538 cavillatio

995 570 1140 599 perperam
1155 562 1280 589 all'ectala
1302 557 1431 588 humanis
1446 568 1478 587 ex
1494 558 1611 593 ingeniis
1632 563 1664 583 ac
1690 555 1788 582 menti-

996 609 1049 637 bus
1065 608 1195 644 erumpit,
1219 613 1302 642 atque
1317 607 1345 634 in
1360 605 1484 634 deterius
1497 610 1642 639 progressa
1665 601 1699 628 ab
1721 608 1787 636 apo-

996 655 1097 682 stolica
1112 653 1238 681 doctrina
1254 652 1394 684 desciscit,
1408 648 1636 685 quemadmodum
1649 646 1789 681 apostolus

995 700 1097 728 Paulus
1109 700 1272 736 praedixerat
1284 698 1426 733 :Deﬁcient
1434 695 1539 732 quidem
1551 703 1567 721 a
1576 702 1643 721 sana
1655 692 1788 724 doctrina,

997 746 1159 774 attendentes
1178 746 1277 781 fabulis
1300 749 1325 772 et
1344 743 1474 770 doctrinis
1492 738 1717 771 dwmoniorum',
1733 741 1787 766 etc.

996 792 1064 819 Nam
1088 793 1110 820 si
1124 799 1178 827 qua
1196 799 1256 819 sese
1274 797 1467 827 perversarum
1485 787 1593 815 viarum
1614 784 1789 821 inquirenda-

996 845 1058 865 rum
1087 841 1170 872 atque
1201 835 1443 872 excogitandarum
1471 832 1581 861 occasio
1608 834 1636 859 et
1670 830 1788 857 lacultas

999 882 1143 915 obtulerit,
1158 882 1186 909 in
1205 889 1238 909 eo
1256 881 1347 917 potius
1369 879 1510 907 hominum
1527 878 1619 906 studia
1632 880 1789 907 versantur,

960 924 981 952 Β
996 935 1077 964 quam
1091 935 1123 956 ex
1135 920 1272 963 praecepto
1282 927 1330 954 illo
1343 924 1613 960 exsequendo,quod
1626 923 1742 950 honesta
1762 924 1790 947 et

996 973 1195 1008 approbatione
1205 972 1285 1007 digna
1300 978 1424 1007 quarere
1437 970 1514 1005 jubet
1526 969 1552 1002 ις
1566 972 1613 996 aut
1627 968 1715 995 altero
1726 966 1789 993 illo:

996 1019 1089 1047 Sermo
1105 1023 1188 1047 vester
1204 1018 1260 1046 sale
1275 1018 1310 1045 sit
1318 1017 1450 1049 conditus,
1462 1020 1490 1042 ut
1501 1015 1544 1042 det
1557 1014 1672 1050 gratiam
1684 1011 1792 1039 audien-

998 1066 1067 1093 tibus
1079 1067 1100 1093 ⁵.
1119 1065 1197 1098 Quod
1222 1065 1244 1093 si
1265 1065 1323 1092 haec
1340 1063 1472 1091 attentius
1492 1061 1584 1088 animo
1597 1059 1771 1087 revolvamus
1783 1075 1792 1089 ,

998 1113 1072 1150 u‘ude
1087 1113 1145 1145 liat,
1165 1116 1194 1139 ut
1209 1111 1329 1147 pessima
1347 1117 1462 1145 quaeque
1477 1108 1557 1135 nobis
1572 1107 1600 1133 in
1615 1105 1674 1133 dies
1689 1105 1792 1131 instau-

996 1161 1104 1189 rentur,
1128 1160 1155 1185 et
1179 1164 1229 1184 nos
1255 1156 1308 1191 ipsi
1332 1156 1523 1189 imperitorum
1549 1151 1654 1179 similes
1673 1149 1791 1181 erimus,

996 1203 1041 1239 qui
1068 1202 1170 1230 divinis
1196 1202 1288 1230 verbis
1327 1206 1353 1229 et
1378 1199 1516 1228 vaticiniis
1545 1198 1667 1224 animum
1700 1195 1792 1222 miqu

997 1249 1185 1277 adhibeamus.
1211 1247 1274 1276 llaec
1291 1247 1362 1275 enim
1379 1245 1486 1281 impleri
1510 1250 1623 1272 necesse
1637 1245 1691 1274 est,
1709 1245 1792 1276 atque

996 1295 1023 1323 iu
1038 1295 1167 1322 onmibus
1182 1293 1242 1321 ildei
1257 1293 1384 1329 partibus
1398 1290 1490 1327 perlici
1507 1289 1580 1325 quod
1598 1288 1702 1315 dictum
1723 1290 1766 1313 est
1782 1293 1790 1312 :

997 1340 1063 1369 Cum
1087 1341 1185 1368 venerit
1214 1339 1302 1367 Filius
1331 1337 1457 1370 hominis,
1474 1344 1509 1363 an
1529 1335 1608 1370 ﬁdem
1630 1332 1742 1360 inveniet
1764 1331 1793 1357 in

997 1391 1069 1414 terra
1079 1387 1108 1414 °?
1121 1387 1182 1419 Quo
1193 1385 1268 1414 enim
1282 1384 1395 1412 tandem
1410 1382 1551 1410 hominum
1568 1388 1646 1408 mens
1663 1385 1749 1414 prona
1764 1377 1792 1404 in

997 1429 1098 1457 malum
1113 1429 1147 1456 ab
1162 1433 1256 1457 tenera
1268 1432 1348 1455 aetate
1364 1427 1499 1463 processit
1510 1426 1539 1452 "?
1563 1424 1650 1457 Quam
1662 1431 1719 1450 non
1731 1421 1793 1449 lidei

997 1479 1102 1511 partem
1114 1474 1323 1510 pessumdedit‘l
1338 1474 1483 1508 Quodnam
1499 1479 1564 1499 vero
1579 1471 1678 1505 dogma
1695 1473 1749 1501 est,
1765 1468 1793 1495 in

997 1529 1052 1557 quo
1069 1521 1204 1556 perditum
1220 1521 1330 1548 illorum
1352 1519 1511 1552 consilium,
1533 1516 1666 1553 quidquid
1686 1516 1794 1543 fructus

998 1572 1058 1596 erat
1075 1573 1101 1596 et
1117 1568 1255 1600 utilitatis,
1273 1575 1328 1595 non
1343 1564 1533 1602 perturbarit?
1545 1571 1607 1591 eum
1629 1562 1695 1589 illud
1708 1561 1794 1589 semel

999 1615 1176 1650 neglexisset,
1188 1613 1262 1649 quod
1278 1613 1402 1649 apprime
1418 1611 1543 1642 decebat,
1558 1613 1585 1637 et
1601 1609 1709 1636 ratione
1726 1614 1795 1642 pra:-

1000 1660 1065 1689 ditze
1076 1663 1182 1687 natura
1191 1659 1274 1687 statui
1288 1661 1504 1686 consentaneum
1520 1659 1578 1683 erat
1593 1664 1600 1682 :
1617 1654 1662 1681 cui
1681 1653 1794 1688 quidem

998 1705 1063 1732 illud
1083 1705 1175 1739 potius
1196 1703 1386 1734 conveniebat,
1416 1705 1446 1728 ut
1477 1701 1591 1728 honesta
1616 1705 1732 1734 qumque
1755 1704 1789 1724 ac

155 1754 284 1790 religiosa
301 1753 434 1789 cogitaret
449 1753 552 1784 animo,
568 1756 595 1779 et
610 1751 645 1779 ad
659 1757 691 1778 ea
703 1757 765 1778 sese
779 1749 820 1778 vel
843 1749 956 1777 invitam
990 1753 1088 1785 praeter
1116 1754 1243 1776 naturam
1265 1755 1353 1778 suam,
1380 1747 1403 1774 si
1428 1747 1464 1773 ita
1491 1752 1603 1773 necesse
1639 1744 1719 1774 foret,
1748 1748 1795 1769 ac-

155 1799 353 1831 commodaret,
371 1805 454 1834 quam
483 1797 588 1833 1035
605 1800 634 1824 ut
654 1796 689 1824 ad
720 1795 857 1823 deteriora
887 1794 1021 1822 violenter
1043 1794 1150 1823 enitens
1176 1801 1238 1829 quae
1256 1799 1318 1820 vera
1342 1795 1406 1820 sunt
1427 1790 1460 1818 ad
1479 1789 1604 1826 profana,
1630 1796 1662 1817 ac
1679 1786 1795 1816 ridicula

155 1847 341 1881 detorqueret.

190 1894 227 1921 I".
243 1893 344 1920 Λοιπὸν
361 1891 428 1928 γὰρ,
448 1890 543 1927 ἐπειδὴ
560 1890 650 1917 πάντα
672 1889 750 1925 ἡμῶν
770 1889 950 1924 πεπλήρωται

155 1940 189 1974 τῇ
205 1938 296 1974 γενεᾷ,
308 1937 342 1964 τά
354 1946 384 1964 τε
399 1936 558 1972 βλάσφημα,
570 1935 617 1962 καὶ
628 1935 663 1962 τὰ
676 1934 754 1966 ἐκτὸς
768 1934 846 1968 ἁγίου
863 1933 950 1960 Πνεῦ-

159 1992 255 2018 ματος,
270 1982 312 2017 ἐφ’
326 1982 409 2017 ἕτερα
422 1982 505 2009 πάλιν
519 1979 600 2008 καινὰ
615 1980 772 2016 τρέπονται.
787 1979 819 2006 Οί
836 1978 885 2013 μὲν
895 1977 950 2014 γὰρ

156 2029 203 2055 τὸν
228 2027 337 2063 Πατέρα
364 2026 565 2062 βλασφημοῦσι,
579 2025 625 2053 τὸν
647 2025 702 2051 τῶν
723 2024 791 2051 ὅλων
816 2024 882 2051 Θεὸν
905 2024 952 2050 καὶ

157 2073 332 2110 δημιουργὸν,
350 2075 374 2101 οῑ
395 2073 467 2109 ἀμφὶ
479 2072 528 2108 τὴν
545 2071 646 2107 γνῶσιν
665 2071 824 2106 λεγόμενον
838 2070 862 2097 οἱ
881 2070 904 2097 o“
918 2066 951 2097 αὖ

159 2120 239 2148 πάλιν
255 2120 418 2157 Μαρκίωνες
443 2120 490 2147 καὶ
522 2118 690 2154 ’Λρχοντικοὶ
712 2116 885 2152 καλούμενοι,
903 2115 951 2142 καὶ

158 2168 264 2200 τούτοις
282 2169 307 2194 οἱ
322 2167 501 2202 συνεπόμενοι
516 2165 672 2200 Μανιχαῖοι,
693 2163 717 2190 οἰ
733 2163 783 2198 τὴν
803 2161 950 2198 ὀνομασίαν

158 2215 319 2243 δικαιότατα
343 2214 484 2250 εἰληφότες
511 2214 544 2239 ὲκ
570 2211 676 2243 δικαίας
699 2210 772 2242 τινὸς
795 2209 950 2244 οἰκονομίας

159 2261 238 2294 Θεοῦ,
255 2261 286 2287 τὸ
302 2260 435 2296 μανιῶδες
447 2259 546 2295 ὄνομα·
560 2254 635 2292 οὗτοι
655 2256 755 2288 πάντες
774 2255 842 2292 μετὰ
861 2254 953 2282 πλειό-

159 2317 213 2334 νων
229 2307 372 2344 αίρέσεων,
393 2306 513 2338 Καῖνῶν,
539 2305 622 2341 φημὶ,
645 2302 794 2339 Σητιανῶν,
819 2301 953 2337 Μελχισε-

160 2354 302 2386 δεκιανῶν,
326 2351 530 2388 Κολορὸασίων,
550 2348 754 2387 Κερδωνιανῶν,
772 2347 887 2375 καὶτῶν
903 2346 952 2374 ἄλη

161 2399 225 2432 λων,
245 2399 414 2435 βλασφημεῖν
426 2398 436 2413 ¹
450 2398 490 2429 εἰς
508 2397 554 2424 τὸν
572 2395 626 2422 τῶν
645 2395 714 2422 ὅλων
736 2394 856 2429 Πατέρα,
872 2394 901 2420 ὲν
914 2392 954 2430 τῷ

161 2446 256 2474 τοῦτον
269 2445 410 2482 ἀρνεῖσθαι
424 2441 494 2472 εἶναι
509 2444 574 2470 Θεὸν
585 2442 631 2469 τὸν
644 2442 672 2469 ἐν
689 2440 764 2476 νόμῳ
781 2440 827 2467 καὶ
843 2441 872 2466 ὲν
888 2447 955 2475 προσ

162 2493 262 2528 φήταις
284 2491 449 2527 λαλήσαντα,
466 2489 578 2521 δικαίως
601 2496 631 2515 τε
646 2485 884 2523 προσκυνούμενον
902 2484 955 2511 ὑπὸ

163 2539 272 2567 πάντων
285 2537 453 2572 κτισμάτων,
467 2535 505 2567 ὡς
520 2534 631 2568 κτίστην
645 2533 692 2560 καὶ
702 2530 867 2567 δημιουργὸν
883 2526 956 2556 οὗτοι

165 2585 235 2621 μετὰ
256 2584 303 2611 τοῦ
322 2583 492 2619 σεϐάσματος
516 2581 638 2616 ἀναιρεῖν
659 2577 807 2614 πειρῶνται
834 2576 881 2603 καὶ
907 2575 955 2611 τὴν

163 2629 338 2657 δεσποτείαν·
358 2628 402 2655 τὸν
419 2628 468 2664 μὲν
483 2627 567 2658 ὅντως
591 2625 655 2652 ὂντα
673 2623 845 2660 ἀρνούμενοι,
863 2622 956 2658 ἕτερον

163 2675 192 2703 δὲ
202 2675 248 2702 τὸν
263 2675 301 2711 μὴ
318 2675 383 2702 ὅντα
398 2675 431 2710 τῇ
453 2672 569 2709 μυθώδει
586 2670 676 2698 αὐτῶν
691 2669 803 2704 ὑπονοίᾳ
819 2667 954 2703 φανταζό-

166 2729 242 2757 μενοι
251 2729 258 2736 ·
278 2721 321 2748 ῖνα
333 2722 366 2747 ὲκ
377 2719 424 2747 τοῦ
439 2720 513 2750 δντος
529 2718 644 2749 πέσωσι,
659 2716 706 2743 καὶ
717 2715 746 2742 ὃν
760 2713 902 2741 ὑπονοοῦσι
919 2712 956 2749 μὴ

165 2767 292 2804 ιῦρωσιν.
309 2766 388 2794 Οὕτω
404 2765 458 2802 γὰρ
476 2766 493 2802 ή
515 2763 645 2800 ληρῳδία,
666 2762 713 2790 καὶ
732 2762 749 2798 ἡ
764 2760 811 2788 τοῦ
834 2759 956 2788 διαϐόλου

202 2858 210 2874 ⁸
229 2857 328 2885 Dccssc
342 2856 488 2892 quidpiam
497 2855 614 2883 videtur.
627 2889 638 2892 ἡ
648 2855 662 2892 _'
677 2853 706 2882 F.
724 2852 923 2890 βλασφημοῦσι.

167 2894 177 2909 ⁸
201 2892 268 2922 Luc.
290 2889 418 2926 xvui,8.'
446 2893 455 2909 ⁷
470 2891 611 2925 Geu.vu|,
624 2889 670 2917 21.

982 2850 1017 2878 ³Ι
1037 2851 1107 2881 Tim.
1128 2859 1166 2886 ιν,
1185 2852 1210 2880 l.
1249 2851 1261 2868 ⁵
1281 2849 1397 2885 Philipp.
1427 2855 1462 2881 ιν,
1491 2845 1517 2874 8.

1037 1884 1081 1913 lll.
1103 1884 1208 1912 Etenim
1228 1886 1408 1919 posteaquam
1434 1878 1666 1915 blasphemiarum
1695 1884 1795 1912 genera

1001 1931 1093 1959 omnia
1105 1938 1137 1958 ac
1151 1936 1322 1965 qmecunque
1335 1935 1350 1955 a
1369 1926 1480 1962 Spiritu'
1496 1930 1592 1954 sancto
1612 1924 1700 1951 aliena
1719 1927 1796 1955 sunt,

1003 1978 1030 2005 in
1049 1977 1102 2004 hac
1119 1980 1198 2004 aetate
1211 1980 1306 2002 nostra
1321 1978 1384 2002 sunt
1395 1973 1539 2003 exhausta,
1559 1970 1592 1998 ad
1610 1970 1662 1996 alia
1677 1977 1706 1997 se
1722 1976 1797 2004 qure—

1003 2024 1065 2052 dam
1083 2030 1151 2051 nova
1165 2024 1338 2049 convertunt.
1350 2018 1466 2052 Quidam
1479 2018 1551 2046 enim
1570 2017 1598 2044 in
1617 2016 1725 2043 Patrem
1738 2015 1799 2042 uni-

1004 2077 1145 2098 versorum
1177 2068 1263 2096 Deum
1289 2074 1323 2094 ac
1345 2065 1516 2094 conditorem
1549 2062 1730 2092 contumelias
1754 2060 1798 2096 ja-

1001 2117 1095 2149 ciunt,
1120 2115 1215 2150 quales
1239 2117 1303 2141 sunt
1317 2113 1363 2147 qui
1382 2110 1506 2139 Gnostici
1522 2109 1661 2137 dicuntur.
1675 2107 1710 2134 At
1723 2105 1796 2134 Mar-

1001 2163 1094 2190 ciones
1110 2182 1117 2194 ,
1140 2165 1168 2188 et
1187 2159 1357 2191 Archontici,
1383 2165 1489 2185 necnon
1511 2159 1538 2183 et
1560 2155 1667 2182 illorum
1686 2153 1798 2183 assecla

1002 2206 1154 2237 Manicha‘i.
1171 2205 1218 2240 qui
1234 2212 1289 2232 non
1309 2204 1369 2231 sine
1381 2201 1474 2230 divina
1489 2200 1606 2236 quadam
1625 2199 1796 2234 providentia

970 2264 990 2290 ι)
1004 2254 1138 2281 furiosum
1151 2252 1219 2280 illud
1232 2258 1331 2279 nomen
1347 2249 1436 2277 sortiti
1449 2248 1585 2276 videntur.
1601 2245 1686 2282 Igitur
1699 2252 1796 2273 omnes

1000 2299 1046 2327 isti
1063 2306 1125 2326 cum
1140 2297 1279 2333 plerisque
1302 2295 1364 2323 aliis
1379 2293 1541 2325 haeresibus,
1568 2292 1728 2323 Cainorum,
1745 2289 1797 2318 Se~

1001 2346 1139 2373 tianorum
1151 2364 1159 2378 ,
1189 2341 1495 2372 hlelchisedceianorum
1510 2358 1518 2371 .
1550 2337 1772 2366 Colorhasiorum
1788 2355 1796 2367 .

1001 2391 1249 2421 Cerdouiauorum,
1263 2396 1295 2418 ac
1309 2387 1416 2415 caeteris
1429 2386 1455 2414 id
1466 2392 1562 2422 genus,
1579 2383 1705 2412 eumdem
1719 2381 1797 2409 illum

1002 2437 1194 2465 universorum
1219 2434 1330 2462 Patrem
1360 2431 1536 2461 contumeliis
1561 2429 1702 2461 alliciunt,
1731 2427 1797 2456 dum

1003 2483 1092 2519 ipsum
1109 2486 1210 2518 negant
1227 2481 1310 2509 Deum
1328 2480 1405 2507 illum
1422 2477 1578 2510 exstitisse,
1593 2476 1639 2512 qui
1651 2476 1678 2503 in
1689 2475 1747 2510 lege
1765 2482 1799 2501 ac

1004 2529 1146 2565 pmphetis
1166 2528 1277 2556 locutus
1291 2531 1349 2559 est,
1370 2526 1471 2561 quique
1483 2524 1546 2560 jure
1564 2530 1580 2550 a
1599 2521 1700 2550 creatis
1715 2520 1798 2547 rebus

1004 2576 1145 2608 omnibus,
1162 2579 1291 2611 tanquam
1309 2578 1417 2602 creator
1430 2577 1457 2601 et
1479 2570 1569 2607 opifex
1591 2570 1721 2597 aduratur
1733 2575 1740 2594 :
1754 2573 1799 2593 cu-

1002 2622 1049 2657 jus
1061 2622 1098 2649 illi
1115 2622 1218 2649 cultum
1236 2627 1290 2648 una
1313 2628 1374 2648 cum
1395 2618 1536 2646 dominatu
1557 2624 1589 2644 ac
1604 2616 1738 2650 potestate
1752 2619 1799 2638 co—

1006 2671 1106 2696 nantur
1123 2671 1257 2699 evertere.
1271 2671 1300 2694 ut
1310 2670 1338 2694 et
1352 2666 1439 2698 illum,
1453 2664 1500 2700 qui
1515 2670 1609 2691 revera
1625 2664 1677 2691 est.
1690 2658 1798 2692 eiurent

1010 2713 1106 2747 Deum,
1119 2718 1146 2742 et
1162 2714 1289 2745 alterum.
1305 2713 1351 2748 qui
1371 2717 1506 2746 nusquam
1521 2712 1572 2740 est,
1591 2707 1657 2734 falsa
1673 2711 1705 2731 ac
1720 2702 1799 2730 fabu-

1011 2760 1070 2788 losa
1084 2760 1214 2796 opinioue
1231 2767 1280 2788 sua
1295 2758 1467 2794 contingant;
1485 2761 1566 2790 atque
1580 2757 1607 2781 et
1615 2757 1709 2779 verum
1721 2748 1799 2775 illum

1576 2843 1586 2860 '
1605 2841 1664 2881 Col.
1698 2847 1734 2872 Iv,
1771 2838 1798 2867 ϐ.
