1945 3043
153 142 204 170 703

857 143 886 171 S.
907 142 1078 172 EPll’llANll

1726 143 1801 171 ’104

153 200 297 232 amittant,
316 203 355 232 et,
377 207 457 235 quem
481 199 550 228 falso
570 199 622 228 sibi
640 204 808 235 proponunt,
835 208 938 236 nequa-

995 202 1082 238 σπορὰ
1096 200 1151 228 τῶν
1167 201 1253 235 λόγων
1268 199 1395 236 τοιαύτην
1416 200 1495 227 εἴωθε
1518 199 1646 236 ταραχὴν
1656 199 1800 235 ἐμποιεῖν

153 253 235 280 quam
251 250 443 281 assequamur.
459 244 526 272 Nam
541 246 598 272 hate
611 249 653 273 est
666 246 779 281 uugacis
795 247 875 274 istius
887 247 938 275 do-

995 249 1038 275 καὶ
1053 248 1176 280 θόλωσιν,
1193 247 1237 274 διὰ
1259 246 1396 282 λογισμῶν
1416 247 1584 282 βλασφήμων
1602 248 1799 282 ἐπεγείρουσα

153 291 267 324 ctrinae,
290 299 350 326 quze
370 299 404 319 ex
424 290 525 318 diaboli
550 294 611 318 satu
638 291 832 326 proficiScitur,
848 293 890 320 vis
913 297 940 320 et

152 340 261 369 natura,
271 342 300 365 ut
307 337 545 364 tumultuationcm
553 344 585 364 ac
596 338 826 372 perturbationem
837 338 941 366 immit-

153 387 202 414 tat,
218 387 245 410 et
255 386 459 418 procreatarum
475 383 617 410 hominum
634 387 740 411 mentes
759 384 941 411 contumelio-

153 429 192 456 sis
215 429 241 455 in
266 428 349 456 Deum
368 429 580 463 cogitationibus
599 429 708 461 excitet,
737 433 767 456 ut
786 429 940 464 depravatis

152 473 316 509 quibusdam
340 474 527 509 opinionibus,
553 482 613 510 quae
638 482 700 502 cum
724 475 771 502 Dei
795 475 942 510 negatione

151 520 306 554 conjuncta:
320 525 394 552 sunt,
411 525 507 547 contra
519 521 664 548 Dominum
677 529 757 548 suum
774 522 873 549 hostile
885 522 942 549 bel-

153 567 207 593 lum
223 563 390 600 suscipiant.~
402 565 455 593 Sed
468 574 577 593 rursum
595 567 668 594 velut
685 567 803 602 quodam
821 567 884 594 hinc
899 568 942 595 di-

152 611 240 638 vortio
259 610 341 643 facto,
366 611 489 638 nonnulli
510 612 589 638 aliam
616 611 644 638 in
666 615 771 646 partem
798 611 942 639 deﬂectere

153 663 207 682 non
226 655 397 687 dubitarunt,
415 659 444 682 ut
463 656 572 682 unicum
591 654 800 690 Redemptorem
815 663 893 683 suum
910 663 942 683 ac

154 700 298 727 Dominum
315 701 493 735 abnegarent,
507 701 677 736 unigenitum
703 701 818 729 viventis
831 701 876 729 Dci
895 700 941 728 Fi-

153 746 218 773 lium
236 745 329 773 Jcsum
344 747 494 779 Christum,
517 747 564 781 qui
583 747 616 774 ab
628 746 723 774 eodem
744 746 825 774 Patre
845 754 940 774 revera

154 794 268 821 estsine
283 793 339 820 ullo
360 793 438 821 initio
453 801 486 821 ac
502 798 625 829 tempore
646 795 770 829 genitus,
788 795 888 829 quique
907 795 942 822 ab

152 846 196 871 eo,
217 843 245 866 et
259 846 323 866 cum
337 847 369 867 eo
381 847 489 874 semper
504 840 620 873 exstitit,
634 840 680 874 qui
695 840 799 867 ratione
811 839 940 874 quadam,

153 893 214 920 qua:
230 885 304 912 omni
321 884 565 920 comprehensione
582 885 707 919 superior
731 889 785 916 est.
812 885 871 913 sine
890 885 943 912 ulla

154 931 343 966 iuquiuatione
359 931 467 966 genitus
482 936 524 958 est
548 930 670 965 ejusdem
685 938 747 958 cum
771 930 852 957 Patre
877 930 944 957 sub-

155 977 271 1009 stantia},
293 984 343 1004 nec
365 977 399 1003 ab
415 984 447 1004 eo
471 977 526 1003 ullo
553 977 633 1003 modo
656 976 824 1011 discrepans.
841 975 943 1003 Contra

154 1022 229 1049 hunc
255 1022 339 1057 igitur
366 1022 533 1049 insanientes
558 1021 614 1054 alii,
640 1022 714 1048 velut
741 1021 828 1049 rabidi
847 1029 942 1054 canes,

155 1066 299 1094 Dominunl
328 1075 407 1094 suum
432 1067 594 1094 allatrantes
609 1076 615 1094 :
630 1066 858 1102 quemadmodum
878 1067 942 1094 olim

153 1108 249 1143 Judaei,
268 1110 340 1145 quod
357 1111 432 1138 illum
448 1111 614 1147 ignorarent,
631 1112 731 1139 merito
745 1112 815 1139 muti
832 1119 914 1140 canes
928 1119 944 1139 a

155 1155 286 1190 propheta
303 1157 466 1184 vocanturﬁ.
486 1157 591 1194 Qum‘in
603 1158 665 1186 illos
678 1158 822 1192 appellatio
833 1162 945 1193 propter

960 853 981 903 ξι

988 294 1038 329 τὴν
1050 293 1104 320 τῶν
1113 293 1298 328 κεκτισμένων
1306 291 1456 327 ἀνθρώπων
1471 292 1590 319 διάνοιαν
1603 293 1667 329 περὶ
1677 292 1723 319 τοῦ
1738 292 1797 319 a6-

990 338 1045 366 τῶν
1069 338 1207 365 Δεσπύτου
1235 337 1428 373 στρατεύεσθαι
1443 338 1503 369 ταῖς
1519 338 1618 368 κακαῖς
1642 337 1798 369 ὑπονοίαις

991 385 1039 411 καὶ¹
1056 384 1287 420 ὲπαρνησιθεῖαις.
1314 383 1395 410 Ἀλλά
1415 391 1446 417 γε
1462 383 1543 410 πάλιν
1566 383 1598 410 ὲκ
1616 382 1712 410 τούτου
1732 384 1794 409 ὲκ-

989 431 1142 466 τραπὲντες
1157 431 1237 463 τινὲς,
1253 430 1296 464 ἐφ’
1309 430 1390 465 ἕτερα
1403 429 1520 464 βαδίζειν
1530 429 1723 464 τετολμήκασι,
1737 428 1795 454 τὸν

993 477 1071 512 μόνον
1086 469 1260 512 ἀγόράσαντα
1279 475 1377 506 αὐτοὺς
1390 474 1527 510 Δεσπότην
1547 474 1717 510 ἀρνούμενοι,
1735 472 1793 499 τὸν

995 522 1126 557 μονογενῆ
1142 521 1228 548 Παῖδα
1250 520 1352 555 Ἰησοῦν
1373 519 1500 555 Χριστὸν,
1514 519 1560 546 τὸν
1574 519 1636 545 Υἱδν
1650 518 1697 545 τοῦ
1713 517 1793 545 Θεοῦ

991 567 1038 594 τοῦ
1052 566 1161 599 ζῶντος,
1176 566 1221 592 τὸν
1242 566 1326 598 ὅντως
1339 565 1403 592 ὄντα
1415 566 1446 592 ὲκ
1460 565 1568 600 Πατρδς
1581 564 1793 600 γεγεννημένον

992 612 1118 648 ἀνάρχως
1137 612 1183 639 καὶ
1202 612 1335 647 ἀχρόνως,
1352 611 1397 637 τὸν
1418 611 1461 637 ἀεὶ
1477 611 1540 637 ὄντα
1555 611 1587 637 ἐκ
1601 609 1648 636 τοῦ
1663 609 1790 645 Πατρὸς,

992 657 1038 683 καὶ
1055 657 1104 683 σὺν
1123 656 1212 692 Πατρὶ
1226 656 1301 687 ὄντα,
1322 655 1520 690 γεγεννημένον
1533 654 1562 680 δὲ
1580 654 1793 688 ἀκαταλήπτοις

993 703 1040 729 καὶ
1061 702 1213 737 ἀχράντως,
1239 700 1381 736 ὁμοούσιον
1401 700 1441 735 τῷ
1467 700 1555 735 Πατρὶ
1579 700 1653 732 ὄντα,
1669 700 1717 726 καὶ
1733 700 1791 726 οὐκ

993 748 1097 775 ἀλλοῖον
1120 747 1195 783 παρὰ
1216 747 1260 774 τὸν
1283 746 1403 781 Πατέρα,
1427 747 1457 772 Οί
1485 746 1533 781 μὲν
1549 743 1627 777 αὖθις
1652 745 1791 781 μανέντες

992 793 1069 828 δίκην
1084 793 1261 828 λυσσητήρων
1276 791 1364 818 κυνῶν
1376 791 1423 818 ἐπὶ
1438 791 1484 818 τὸν
1500 791 1565 818 ῐδιον
1578 790 1667 818 αὐτῶν
1681 790 1790 817 Δεσπό-

993 847 1042 873 την
1053 837 1200 865 ὑλακτοῦσι
1209 845 1216 852 ·
1233 836 1358 872 καθάπερ
1371 835 1400 868 ἐξ
1413 836 1538 872 ὑπαρχῆς
1555 836 1675 863 Ἰουδαῖοι
1687 835 1790 862 τοῦτον

994 878 1177 918 ἅγνοήσαντες
1193 882 1339 917 κέκληνται
1361 881 1444 914 κύνες
1470 883 1567 915 ὲννεοὶ,
1584 883 1696 915 εἰκότως
1707 883 1789 918 παρὰ

993 928 1040 955 τοῦ
1060 928 1200 963 προφήτου
1213 927 1329 963 ταυτησὶ
1341 927 1391 963 τῆς
1406 928 1564 963 ἐπωνυμίας
1582 928 1788 964 κατηξιωμένοι

993 972 1122 1008 τοῦνομα,
1136 972 1185 1007 τῆς
1206 971 1296 999 αὐτῶν
1308 973 1372 1007 περὶ
1385 972 1431 999 τὸν
1451 972 1552 1008 Κύριον
1573 974 1620 999 καὶ
1631 973 1680 1008 τὴν
1699 972 1786 999 αὐτοῦ

993 1018 1146 1054 παρουσίαν
1156 1018 1334 1053 ἀναισχύντου
1346 1018 1444 1054 ὁρμῆς,
1458 1018 1496 1050 ὡς
1507 1018 1579 1045 ἐστιν
1590 1018 1689 1053 ἀληθὲς
1705 1019 1785 1045 ίδείν.

991 1065 1060 1091 Φασὶ
1076 1065 1130 1100 γὰρ
1151 1064 1215 1096 τοὺς
1235 1064 1392 1096 λυσσῶντας
1405 1064 1490 1096 κύνας
1504 1065 1612 1096 ὲννεοὺς
1629 1064 1786 1095 καλεῖσθαι,

992 1110 1037 1137 διὰ
1050 1110 1081 1136 τὸ
1099 1110 1199 1142 νωδοὺς
1213 1109 1400 1136 ἀποτελεῖσθαι
1416 1110 1449 1137 ὲκ
1461 1110 1511 1146 τῆς
1524 1110 1787 1146 καταλιμπανούσης

993 1155 1091 1187 αὐτοὺς
1101 1155 1232 1187 διανοίας.

155 1201 339 1237 impudentem
373 1211 405 1230 ac
434 1203 610 1231 temerarium
639 1203 746 1238 1036
778 1203 885 1231 illorum
913 1203 940 1230 in
957 1201 1117 1233 Dominum,
1148 1205 1175 1228 et
1201 1204 1355 1235 susceptam
1378 1201 1412 1228 ab
1436 1208 1469 1230 eo
1499 1205 1625 1229 naturam
1652 1202 1786 1238 impetum

154 1253 181 1276 et
194 1249 324 1277 insultum
338 1250 400 1284 jure
414 1248 564 1281 confertur,
579 1253 608 1276 ut
618 1257 651 1276 ex
664 1256 697 1276 eo
710 1253 839 1277 constare
849 1253 940 1284 potest
954 1247 1027 1284 quod
1040 1247 1165 1275 rabiosos
1179 1247 1263 1273 canes
1272 1246 1306 1273 ob
1317 1246 1345 1273 id
1358 1250 1448 1274 mutos
1474 1254 1536 1274 esse
1564 1253 1689 1281 narrant,
1716 1256 1785 1284 quo-

155 1295 229 1324 niam
249 1295 308 1330 ipsa
325 1295 386 1322 illos
405 1295 494 1322 rabies
509 1295 653 1323 edentulos
669 1294 746 1322 facit.

190 1340 235 1368 ιν.
256 1341 305 1368 Est
317 1341 389 1369 enim
402 1341 459 1369 haec
472 1346 570 1369 natura
581 1349 692 1374 canum,
707 1345 853 1378 postquam
868 1341 944 1370 rabie

155 1387 253 1415 tentati
268 1390 343 1420 sunt,
361 1391 401 1420 ut,
416 1387 463 1422 qui
479 1387 621 1415 dominum
635 1391 725 1419 antea,
744 1387 860 1422 ejusque
874 1387 944 1414 libe-

155 1441 213 1466 ros,
236 1440 268 1460 ac
288 1433 453 1460 domesticos
476 1438 643 1468 ceterosque
668 1433 741 1460 illius
758 1433 942 1468 propinquos,

155 1484 182 1506 et
204 1478 352 1506 familiares
373 1482 570 1514 cognoverant,
590 1479 755 1514 simulatque
776 1479 873 1506 morbo
897 1479 944 1505 illo

155 1524 272 1559 correpti
284 1527 360 1555 sunt,
375 1523 497 1551 omnium
511 1523 627 1550 istorum
642 1523 733 1552 vultus
749 1523 857 1551 illorum
874 1531 942 1551 ocu-

155 1570 189 1598 lis
205 1570 365 1598 commutati
384 1570 537 1601 videantur,
557 1573 640 1604 atque
663 1570 692 1597 in
710 1573 790 1598 notos
807 1569 941 1602 insiliant,

154 1623 224 1651 quos
239 1619 319 1644 antea
334 1616 434 1651 partim
455 1616 543 1643 cauda
567 1615 743 1649 blandiendo,
762 1616 859 1651 partim
882 1623 943 1644 sese

155 1661 337 1697 subjiciendo,
365 1661 439 1690 velut
462 1661 567 1689 honore
592 1661 839 1696 prosequebantur.
871 1661 943 1690 Ecce

155 1708 205 1735 tibi
225 1707 311 1735 Judaei
327 1707 376 1739 illi,
392 1707 438 1742 qui
455 1710 482 1734 et
498 1706 603 1734 Domini
627 1705 774 1734 adventum
798 1710 942 1741 exspecta-

155 1756 232 1789 bant,
258 1758 286 1782 et
304 1754 337 1782 ad
355 1753 546 1788 excipiendum
570 1760 702 1788 sponsum
720 1760 781 1780 sese
798 1759 944 1788 compara-

156 1801 232 1833 bant,
249 1800 294 1835 qui
311 1799 458 1834 prophetas
472 1798 564 1826 videre
585 1798 732 1832 cupiebant
747 1816 755 1830 ,
774 1797 820 1832 qui
843 1797 942 1825 divinis

157 1847 270 1874 vocibus
282 1845 519 1879 obtemperaturos
534 1851 564 1870 se
583 1851 644 1871 esse
659 1842 870 1878 proﬁtebantur,
895 1843 943 1879 qui

155 1900 218 1920 cum
233 1891 324 1925 Moyse
339 1891 491 1925 pactionem
504 1889 639 1924 ejusmodi
656 1888 778 1916 fecerant
792 1899 798 1916 :
816 1889 880 1916 Esto
893 1897 943 1916 no-

159 1936 198 1963 bis
221 1936 249 1962 in
271 1935 311 1962 liis
325 1942 382 1969 quw
398 1938 458 1960 sunt
473 1933 543 1968 apud
560 1932 712 1964 Dominum,
732 1933 795 1960 item
810 1942 816 1960 :
830 1932 942 1965 Omnia,

156 1988 315 2016 quiscunque
338 1979 435 2006 dixerit
460 1979 506 2005 tibi
522 1978 662 2010 Dominus,
678 1977 814 2005 audiemus
841 1982 867 2005 et
900 1978 944 2013 [a-

156 2028 254 2054 ciemus
270 2027 300 2054 ':
317 2025 365 2058 illi,
391 2025 512 2060 inquam,
528 2031 592 2051 cum
609 2027 770 2059 praesentem
799 2023 944 2051 Dominum

157 2073 347 2104 intuerentur,
375 2070 497 2097 veritatis
520 2076 666 2104 expressas
690 2068 795 2103 species
814 2075 847 2096 ac
865 2073 944 2097 notas

155 2119 324 2155 ignorantes,
349 2123 418 2152 quas
439 2115 587 2151 prophetae,
617 2115 665 2150 qui
688 2115 765 2142 illum
789 2119 944 2143 antecesse—

1031 1342 1068 1367 Δ’.
1082 1339 1160 1367 Οὕτω
1176 1339 1231 1375 γὰρ
1248 1339 1301 1366 τῶν
1316 1339 1404 1367 κυνῶν
1417 1341 1433 1376 ή
1450 1340 1531 1374 φύσις
1543 1340 1612 1367 ἐπὰν
1628 1341 1668 1373 εἰς
1682 1341 1787 1368 λύσσαν

995 1386 1155 1422 ἐκτραπείη,
1173 1387 1197 1412 οἰ
1215 1386 1280 1412 ποτὲ
1302 1385 1436 1422 δεσπότην
1452 1385 1642 1421 γινώσκοντες,
1659 1387 1705 1414 καῖΙ
1719 1388 1784 1419 τοὺς

995 1432 1077 1459 αὐτοῦ
1094 1433 1173 1465 υἱεῖς,
1190 1434 1307 1466 οἰκείους
1322 1443 1351 1460 τε
1367 1434 1414 1460 καὶ¹
1437 1435 1500 1465 τοὺς
1511 1434 1606 1466 ἄλλους
1622 1435 1725 1466 πάντας
1736 1435 1784 1461 τοῦ

994 1478 1183 1505 οἰκοδεσπότου
1205 1479 1342 1515 γνησίους,
1361 1480 1426 1506 ὅταν
1445 1479 1514 1516 λάϐῃ
1533 1480 1631 1511 αὐτοὺς
1644 1481 1669 1515 ,ἡ
1688 1480 1781 1516 μανία.

993 1523 1162 1551 ἁλλοιοῦνται
1173 1525 1208 1552 τὰ
1221 1525 1353 1561 πρόσωπα
1364 1525 1479 1553 ἐνώπιον
1490 1526 1540 1561 τῆς
1551 1525 1640 1554 αὐτῶν
1650 1526 1782 1561 ὁράσεως,

995 1569 1043 1596 καὶ
1057 1570 1102 1596 ἐπ’
1123 1571 1221 1602 αὐτοὺς
1245 1571 1397 1606 ἐγείρονται
1413 1571 1476 1603 τοὺς
1497 1571 1633 1607 γνησίους,
1648 1571 1696 1604 οὓς
1718 1580 1782 1598 ποτε

997 1615 1132 1651 τιμῶντες
1143 1617 1177 1652 τῇ
1198 1617 1247 1651 μὲν
1268 1617 1360 1653 κέρκῳ
1375 1617 1491 1649 ἑσαινον,
1506 1619 1561 1649 τοῖς
1572 1617 1601 1644 δὲ
1613 1617 1723 1653 τρόποις
1736 1618 1784 1645 ὑπ.

993 1660 1149 1688 ετάσσοντο.
1161 1662 1265 1689 Αὐτίκα
1276 1662 1300 1689 οἱ
1309 1661 1511 1698 προσδοκῶντες
1524 1661 1641 1698 Χριστοῦ
1649 1662 1698 1698 τὴν
1712 1671 1781 1698 παρ-

992 1706 1095 1738 ουσίαν,
1118 1707 1143 1733 οἱ
1162 1706 1366 1743 ὲτοιμαζόμενοι
1387 1707 1514 1740 δέξασθαι
1538 1707 1583 1734 τὸν
1601 1708 1728 1743 νυμφίον,
1757 1708 1783 1734 οξ

993 1751 1135 1787 προφήτας
1150 1751 1289 1787 εὐχόμενοι
1306 1752 1434 1784 κατιδεῖν,
1449 1752 1473 1778 οἱ
1489 1751 1630 1779 πείθεσθαι
1647 1752 1729 1784 θείοις
1740 1752 1782 1779 l6-

993 1804 1051 1830 γοις
1068 1797 1260 1833 ὑποσχόμενοι,
1273 1799 1298 1825 οἱ
1312 1798 1351 1834 τῷ
1369 1799 1481 1825 Μωῡσεϊ
1493 1799 1521 1825 ὲν
1535 1798 1655 1834 συνθήκῃ
1671 1798 1782 1834 συνελη-

992 1842 1103 1875 λυθότες
1114 1843 1136 1876 ⁸,
1154 1844 1197 1870 ὅτι
1226 1844 1322 1872 Ferci
1341 1844 1383 1872 σὺ
1409 1844 1446 1871 τὰ
1471 1844 1546 1878 πρὸς
1573 1845 1698 1878 Κύριον·
1724 1845 1779 1878 καὶ,

993 1887 1096 1915 Πάντα
1113 1888 1171 1915 ὅσα
1187 1889 1241 1916 ἐὰν
1254 1889 1332 1916 εἴποι
1347 1897 1397 1916 σοι
1416 1891 1432 1916 o'
1449 1890 1567 1924 Κύριος,
1595 1890 1781 1925 ἀκουσόμεθα

994 1934 1042 1961 καὶ
1056 1933 1227 1969 ποιήσωμεν
1235 1942 1243 1949 '
1254 1936 1298 1961 ὅτε
1308 1933 1378 1962 εἶδον
1389 1935 1435 1962 τὸν
1446 1935 1536 1962 αὐτῶν
1546 1935 1685 1970 Δεσπότην
1695 1944 1782 1972 παρα-

994 1979 1151 2014 γενόμενον,
1166 1979 1351 2015 ἀγνοήσαντες
1364 1979 1414 2015 τὴν
1429 1980 1535 2016 μορφὴν
1549 1979 1595 2006 καὶ⁴
1609 1981 1672 2012 τοὺς
1683 1980 1783 2012 τύπους

993 2024 1043 2060 τῆς
1059 2024 1198 2060 ἀληθείας,
1220 2024 1266 2057 οὒς
1281 2026 1306 2052 οἱ
1329 2025 1466 2061 προφῆται
1490 2025 1543 2060 πρὸ
1557 2025 1639 2052 αὑτοῦ
1660 2027 1688 2052 ὲν
1703 2027 1781 2062 σαρκὶ

994 2071 1138 2106 γενόμενον
1161 2071 1178 2104 θ,
1195 2070 1347 2103 διετύπουν,
1373 2070 1564 2107 διεχάραττον,
1589 2071 1776 2106 κατήγγελλον,

995 2117 1160 2152 ἐσήμαινον·
1184 2116 1292 2152 πρῶτον
1313 2117 1363 2153 μὲν
1384 2114 1431 2144 οὖν
1450 2116 1524 2152 αὐτῷ
1540 2117 1648 2151 ἔλεγον·
1668 2117 1715 2150 Τις
1731 2115 1777 2145 οὖ-

156 2167 232 2196 runt,
249 2161 440 2193 describendo,
465 2159 640 2193 delineando,
664 2159 817 2188 nuntiando
841 2160 943 2196 signiti-

996 2171 1046 2196 τος
1061 2162 1095 2196 ὃς
1111 2162 1202 2190 λαλεῖ
1210 2163 1427 2197 βλασφημίας;
1442 2163 1535 2190 ἄλλοτε
1548 2163 1576 2190 δὲ
1589 2163 1725 2198 δαιμόνιον
1736 2164 1778 2190 αύ-

156 2209 298 2244 candoque
319 2207 542 2243 pi'azscripserant
560 2215 567 2233 :
586 2205 705 2241 primum
729 2206 787 2233 haec
811 2205 839 2233 in
869 2206 944 2234 illum

154 2255 299 2290 iecerunt:
314 2253 379 2287 Quis
387 2257 427 2280 est
446 2253 488 2279 hic
500 2271 507 2285 ,
529 2252 575 2287 qui
597 2251 713 2287 loquitur
732 2251 945 2286 blasphemias'?

156 2301 232 2329 Alias
259 2307 324 2328 vero
344 2299 511 2327 "daamonium
538 2298 639 2326 habere
671 2298 747 2325 illum
773 2297 944 2333 impudenter

117 2349 124 2354 ”
157 2354 189 2374 ac
204 2346 345 2381 praefracta
359 2345 477 2380 quadam
498 2344 612 2372 audacia
640 2343 793 2379 jactarunt.
822 2342 875 2371 Sed
892 2351 944 2371 nec

156 2391 231 2426 ipsos
263 2389 464 2418 Samaritanum
495 2388 620 2417 eumdem
654 2389 790 2424 appellare
808 2389 904 2424 puduit
919 2389 941 2416 δ.

156 2436 312 2469 Postremo,
327 2439 356 2462 ut
364 2434 432 2467 dixi,
449 2434 489 2461 sic
502 2438 631 2468 tanquam
640 2433 726 2461 rabidi
742 2441 824 2461 canes
841 2433 869 2460 in
880 2441 942 2461 eum

156 2482 330 2514 insilierunt,
351 2488 383 2508 ac
398 2487 497 2508 manus
514 2479 673 2513 aﬂixerunf,
700 2478 727 2507 id
745 2479 819 2515 quod
844 2479 942 2508 furiosi

997 2207 1042 2235 τὸν
1065 2207 1148 2243 ἔχειν,
1166 2208 1217 2235 οὐκ
1240 2208 1440 2244 αἰσχυνόμενοι,
1464 2209 1662 2244 τετολμήκασιν
1686 2209 1776 2236 εἰπεῖν.

997 2254 1059 2281 Ἔτι
1079 2254 1107 2280 δὲ
1128 2255 1176 2281 καὶ
1192 2254 1365 2290 Σαμαρείτην
1386 2254 1467 2281 αὐτὸν
1488 2254 1635 2281 ἀποκαλεῖν
1650 2255 1700 2281 οὐκ
1716 2255 1778 2290 ἠρυ-

996 2299 1090 2336 θρίων.
1115 2301 1206 2337 Πέρας
1231 2299 1288 2333 οὗν,
1311 2300 1437 2337 καθάπερ
1453 2310 1498 2336 μοι
1521 2300 1729 2337 προδεδήλωται,
1745 2300 1777 2332 ὡς

997 2345 1148 2381 μεμηνότες
1172 2345 1252 2378 κύνες
1274 2346 1478 2382 ἐπανέστησαν·
1496 2345 1544 2373 καὶ
1559 2345 1608 2377 τὰς
1624 2346 1673 2381 μὲν
1690 2347 1777 2381 χεῖρας

995 2391 1181 2428 προσέπηξαν,
1193 2392 1230 2424 ὡς
1240 2393 1284 2419 ἀεὶ
1298 2392 1366 2428 μετὰ
1375 2393 1426 2428 τῆς
1440 2392 1538 2428 μανίας
1548 2393 1562 2419 ὁ
1575 2391 1658 2425 κύων,
1669 2392 1776 2427 ἀνακρε-

995 2437 1084 2473 μάσας
1097 2437 1154 2474 (97)
1167 2437 1250 2465 αὐτοῦ
1260 2438 1310 2470 τὰς
1323 2440 1427 2475 χεῖρας,
1444 2438 1590 2474 ἐπέρχεται
1598 2439 1645 2465 καὶ
1658 2438 1692 2465 τὰ
1704 2439 1777 2474 πρόσ-

993 2492 1057 2510 ωπα
1083 2483 1137 2511 τῶν
1161 2484 1233 2512 ἰδίων
1262 2484 1344 2511 αύτοῦ
1371 2484 1508 2512 δεσποτῶν
1531 2484 1713 2519 καταγλύφειν
1733 2484 1777 2511 οὐκ

191 2552 201 2568 ¹
218 2549 272 2580 isa.
307 2559 361 2584 LVI,
375 2551 419 2579 10.
468 2551 479 2567 ³
496 2550 575 2578 Deut.
588 2559 614 2583 ν,
624 2550 670 2577 ‘27.
707 2549 718 2566 ³
732 2549 797 2577 Luc.
809 2558 834 2583 ν,
850 2549 896 2578 21.
928 2539 943 2566 ’ί

995 2560 1032 2581 ιη.
1048 2562 1110 2587 vttl,
1126 2554 1170 2583 48.
1210 2556 1220 2571 ⁵
1238 2564 1282 2590 no.
1301 2554 1514 2590 είσεληλυθότες.
1551 2554 1562 2570 ⁸
1582 2553 1611 2581 F.
1628 2554 1774 2589 γενομένου.

193 2636 250 2670 (97)
282 2635 515 2670 Ἀνακρεμὰσας.
540 2634 635 2662 Merito
662 2634 771 2670 quidem
800 2633 950 2670 mendosus

157 2672 235 2699 visus
249 2675 294 2699 est
306 2671 383 2699 locus
395 2669 446 2698 iste
459 2679 466 2698 :
486 2671 529 2701 Ὠς
546 2669 696 2705 μεμηνότες
708 2669 786 2700 κύνες
800 2669 950 2705 ἐπανέστη-

160 2715 227 2733 σαν·
242 2707 288 2733 κα)⁵
311 2707 362 2738 τὰς
379 2706 427 2741 μὲν
446 2706 540 2741 χεῖρας
565 2704 802 2741 προσέπτηξανζὼς
820 2704 864 2730 ἀεὶ
881 2704 951 2739 μετὰ

159 2743 209 2776 τῆς
226 2742 325 2776 μανίας
336 2743 350 2768 ὁ
367 2738 761 2776 κύωνξάνακρεμᾴσαςαὺτού
775 2738 825 2776 τᾲς
845 2738 949 2776 χεῖρας,

161 2773 308 2811 ἐπέρχεται
320 2777 366 2803 καὶ
381 2776 415 2802 τὰ
428 2776 562 2811 πρόσῳπα
574 2773 632 2811 τῶν
640 2774 712 2811 ίδίων
723 2773 805 2811 αὐτού
814 2773 951 2811 δεσποτῶν

164 2809 348 2845 καταγλύφειν
368 2811 419 2837 οὐκ
441 2809 608 2845 αἰσχύνεται.
626 2809 736 2845 Υρτυῐιιν
751 2809 830 2845 ιιιιιιοΔ
842 2810 951 2844 negotio

163 2843 302 2874 cmundari
312 2850 426 2881 poterat,
437 2843 590 2879 hoe'inodo,
598 2844 792 2882 ἀνακρεμάσας
802 2843 893 2878 αὑτὸν,
902 2845 951 2877 τὰς

1017 2636 1093 2672 εἴρας
1114 2635 1271 2672 ἐπέρχεται.
1287 2634 1373 2662 Judaei
1391 2634 1418 2662 in
1439 2634 1577 2672 Christum
1596 2639 1719 2672 tanquam
1738 2643 1775 2661 ra-

1017 2645 1093 2672 ειρας
1114 2645 1271 2672 επερχεται.
1287 2645 1372 2662 auuan
1392 2645 1418 2662 In
1439 2645 1577 2662 uirlsulm
1596 2645 1719 2668 tanquam
1738 2645 1771 2661 m-

998 2645 1053 2698 ἔίάὶ
1073 2679 1151 2698 canes
1174 2671 1342 2702 insilierunt;
1359 2675 1384 2697 et
1398 2679 1491 2697 "ianus
1512 2669 1617 2705 quidem
1635 2669 1771 2704 alﬁzerum,

999 2707 1069 2733 sicut
1092 2713 1193 2740 semper
1212 2706 1329 2740 furiosus
1354 2705 1427 2732 canis
1447 2705 1610 2739 suspendens
1629 2713 1667 2736 se,
1693 2713 1774 2731 manus

999 2741 1112 2773 invadit,
1135 2739 1166 2768 ac
1182 2739 1269 2768 uultus
1284 2740 1452 2767 dominorum
1474 2748 1581 2767 auorum
1605 2739 1707 2766 laniare
1720 2739 1774 2765 nillil

999 2782 1109 2804 veretur.
1125 2777 1308 2810 COTELEIHUS,
1325 2775 1444 2805 Monum.
1463 2775 1535 2803 Eccl.
1552 2774 1660 2809 (imaue,
1675 2774 1773 2807 tonuit,

1000 2817 1069 2847 not.,
1085 2819 1113 2848 p.
1124 2811 1186 2840 669.
