1945 3043
91 129 143 158 705

402 130 589 159 ADVERSUS
608 130 780 159 IIIEIIESES
799 130 863 158 LIB.
884 118 929 158 III.
949 128 1031 157 TOM.
1051 127 1084 156 Il.
1102 143 1137 148 —
1158 127 1298 156 II/EIIES.
1319 125 1460 154 LXXVIII.

1674 128 1726 156 706

91 190 262 227 αἰσχύνεται.
289 191 458 227 Παρέδωκαν
482 193 582 220 ἐκεῖνοι
606 193 652 220 τὸν
672 193 763 220 αὐτῶν
783 192 886 228 Κύριον

941 197 1021 217 canes
1047 188 1173 216 factitare
1202 187 1311 219 solent,
1340 186 1384 222 qui
1412 185 1585 214 dominorum
1613 193 1725 213 suorum

91 237 131 268 είς
151 236 183 263 τὸ
205 238 407 274 σταυρωθῆναι,
432 239 577 275 προφήτας
596 247 626 265 τε
648 239 712 270 τοὺς
730 238 885 270 οίκειακοὺς

91 282 138 309 τοῦ
156 282 241 310 αὐτοῦ
254 283 401 316 Δεσπότου,
418 283 465 311 τὸν
482 284 531 319 μὲν
552 284 678 320 ἔπρισαν,
691 283 738 310 τὸν
753 284 781 310 δὲ
801 283 886 315 λίθοις

92 328 271 362 κατέλευσαν,
296 329 376 356 ἄλλον
396 329 423 356 δὲ
441 329 514 365 φόνῳ
537 329 674 365 μαχαίρας
696 329 883 365 διεχρήσαντο.

91 375 170 401 Μετὰ
181 374 292 406 τούτους
305 375 333 402 δὲ
350 375 481 407 ὡσαύτως
497 375 544 402 νῦν
558 376 582 402 οἱ
595 375 650 402 νέοι
673 375 794 402 Ἰουδαῖοι
819 374 883 401 ἀλλ-

91 421 252 456 επαλλήλως
264 422 297 457 τῇ
311 421 379 457 αὐτῇ
393 421 557 458 κεχρημένοι
578 422 685 457 ἀγωγῇ,
703 421 728 447 oI
744 420 792 456 μὲν
808 428 886 455 φυσι-

93 467 136 493 κοὶ
159 467 280 494 Ἰουδαῖοι
301 467 373 494 κατὰ
388 468 478 503 σάρκα
496 468 545 503 μὲν
561 468 726 503 ἠρνήσαντο,
740 467 765 493 oi
779 466 808 492 δὲ
825 465 884 500 νῦν,

91 514 256 549 ἀρνούμενοι
270 514 320 549 τὴν
333 514 381 541 τοῦ
396 514 462 540 Υἱοῦ
478 514 526 540 τοῦ
539 514 607 541 Θεοῦ
623 513 730 540 τελείαν
747 513 815 550 πρὸς
829 514 886 540 Πα-

92 560 159 596 τέρα
175 559 360 595 γνησιότητα,
385 560 489 595 κτίσμα
514 559 606 592 αὐτὸν,
631 560 678 586 καὶ
700 559 816 594 ποίημα,
839 558 886 585 καὶ

92 605 231 641 ἀλλότριον
245 606 351 642 Πατρὸς
372 606 530 632 παντάπασι
545 606 697 641 μεμηνότες
712 606 758 632 καί
774 604 885 640 βεὸρον-

93 650 206 686 τημένοι
222 650 402 682 ἀδιαλείπτως
418 649 640 686 διισχυρίζονται.

129 780 169 806 Ε’.
191 779 238 807 Ἐκ
251 764 353 806 τούτων
365 779 393 806 δὲ
412 779 492 807 πάλιν
507 779 582 807 ἄλλοι
600 780 715 814 ἀφέντες
727 780 778 812 τὰς
791 789 884 816 προει-

95 825 218 861 ρημένας
232 825 408 861 βλασφήμους
420 825 605 857 διδασκαλίας,
619 825 711 857 καθὼς
725 826 822 858 εἰπεῖν,
837 826 885 853 αὐ-

93 871 145 906 τὴν
156 871 207 906 τὴν
224 871 295 898 κατὰ
309 871 389 906 φύσιν
402 871 565 906 θεασάμενοι
580 872 740 908 ἐπουράνιον
756 871 884 907 Θεωρίαν,
901 867 922 895 Β

94 917 142 944 καὶ¹
158 917 192 943 τὰ
211 917 268 943 ἄνω
289 917 518 953 ὲμϐατεύσαντες,
534 918 582 945 καὶ
604 918 886 954 πολυπραγμονήσαν-

92 971 149 995 τες,
164 962 203 994 ὡς
216 962 318 990 ἄνωθεν
333 965 456 999 ἥκοντες,
469 964 598 999 αὐθαδείᾳ
614 964 826 999 ἀπαγγέλλουσι,
839 973 874 991 κα

94 1008 215 1044 Ιτχυρῶς
232 1008 456 1044 διισχυρίζονται,
479 1009 656 1041 ἐκϐάλλοντες
674 1010 706 1036 ἐκ
726 1010 775 1045 τῆς
790 1009 885 1044 θεότη-

93 1063 140 1086 τος
154 1054 185 1081 τὸ
199 1054 276 1088 ἅγιον
293 1055 415 1091 Πνεῦμα.
433 1055 488 1082 Καὶ
504 1056 549 1082 τὸν
573 1056 623 1091 μὲν
646 1055 756 1091 Πατέρα
772 1056 822 1082 οὐκ
836 1056 886 1091 ἦρ-

93 1108 200 1136 νηνται,
218 1099 279 1126 οὔτε
300 1100 349 1136 τὴν
363 1100 410 1127 τοῦ
432 1100 497 1127 Υἱοῦ
515 1100 584 1136 πρὸς
608 1100 690 1128 αὑτὸν
708 1101 884 1136 γνησιότητα,

90 1146 137 1180 ἐφ’
154 1146 251 1181 ἑτέραν
269 1146 298 1172 δὲ
325 1146 405 1173 πάλιν
421 1145 480 1173 ὁδὸν
502 1146 666 1181 βαδίζουσιν,
684 1146 728 1174 ἵνα
752 1146 886 1174 πάντοθεν

95 1190 226 1226 πληρωθῇ
240 1191 281 1223 τὺ,
303 1190 456 1223 Ἐξέλιπεν
469 1191 489 1228 ἠ
505 1191 607 1224 πίστις
623 1192 658 1218 ἐκ
672 1191 822 1226 στόματος
834 1192 886 1219 αὺ-

94 1236 165 1263 τῶν.
182 1236 214 1262 Τί
229 1237 283 1272 γὰρ
300 1236 356 1263 ἀλλ’
372 1237 388 1272 ἢ
410 1238 450 1269 εἰς
465 1237 496 1264 τὸ
510 1237 622 1272 Πνεῦμα
641 1237 672 1264 τὸ
687 1238 763 1272 ἅγιον
782 1237 885 1270 λοιπὸν,

93 1281 125 1308 τδ
136 1281 187 1307 οὐκ
204 1281 344 1317 ἀλλότριον
357 1282 462 1317 Πατρδς
485 1282 531 1308 καὶ
544 1281 622 1315 Υίοῦ,
637 1281 667 1308 τὸ
689 1281 721 1308 ἐκ
735 1281 784 1316 τῆς
800 1281 887 1317 αὐτῆς

94 1327 224 1362 θεότητος
237 1327 277 1361 ὃν,
292 1328 340 1354 καὶ
357 1328 395 1363 μὴ
409 1328 583 1363 ἐνδεχόμενον
597 1327 667 1354 εἶναι
681 1327 822 1364 ἀλλότριον
837 1327 888 1363 τῆς

94 1374 244 1409 θεότητος,
272 1374 430 1409 βούλονται,
467 1375 506 1406 ὡς
533 1374 611 1401 αὐτοὶ
650 1374 775 1407 ἐξουσίαν
815 1374 889 1410 έχον-

95 1427 151 1451 τες,
171 1418 292 1446 κελεύειν
317 1419 417 1455 μᾶλλον
443 1418 503 1454 Θεῷ
525 1420 599 1455 ήπερ
626 1419 804 1453 κελεύεσθαι;
831 1419 889 1446 Οὐκ

96 1465 287 1501 αἰσχυνόμενοι
301 1465 354 1502 γὰρ
371 1466 510 1502 ἀλλότριον
523 1466 554 1492 τὸ
577 1466 691 1502 Πνεῦμα
707 1466 827 1501 λέγουσι,
841 1466 889 1493 καὶ

97 1509 202 1542 δοῦλον,
217 1511 264 1536 καὶ
277 1510 391 1545 κτίσμα,
405 1511 451 1537 καὶ
467 1510 636 1546 πρόσφατον,
654 1511 701 1538 καὶ
715 1511 827 1546 ποιητὸν
842 1511 889 1538 καὶ

97 1555 123 1581 εἰ
135 1564 162 1582 τι
183 1555 276 1591 ἕτερον
290 1557 402 1592 αἰσχρὸν
420 1557 488 1592 πρὸς
503 1557 634 1584 ὑπόνοιαν
649 1557 713 1594 περὶ
726 1556 809 1584 αὐτοῦ
823 1557 888 1584 ὲαυ-
902 1548 923 1577 c

97 1603 153 1634 τοῖς
172 1602 272 1637 μᾶλλον
293 1602 431 1630 ἐπινοοῦσι
448 1603 695 1639 προσπορίσασθαι.
719 1603 795 1630 Ἐπεὶ
811 1601 856 1631 οὖν
874 1604 888 1630 ό

97 1648 201 1682 κόσμος
222 1648 281 1675 νυνὶ
297 1648 382 1680 οὕτως
404 1648 503 1684 μᾶλλον
521 1648 636 1684 πληγεὶς
652 1648 760 1684 πληγὴν
780 1649 889 1676 ἀνίατον

97 1693 238 1725 ἀπιστίας,
258 1693 301 1720 ἵνα
319 1693 401 1729 μηδέν
414 1702 441 1720 τι
462 1694 616 1730 παραλείψῃ
632 1695 649 1730 ἡ
668 1694 768 1730 ἀνομία
791 1695 806 1729 ή
826 1694 889 1726 τοὺς

99 1738 259 1774 ἀνθρώπους
285 1739 455 1766 ἀπολλύουσα
477 1742 511 1775 τῇ
533 1740 673 1776 κακονοίᾳ,
691 1741 738 1767 καὶ
765 1740 888 1776 ἀπιστίᾳ,

99 1784 147 1811 καὶ
170 1784 306 1820 ἀγνωσία·
326 1781 370 1811 οἷα
393 1785 456 1817 τοὺς
474 1785 681 1822 ἀποδράσαντας
694 1786 745 1821 τῆς
760 1787 825 1822 περὶ
840 1787 889 1822 τὴν

100 1831 182 1866 ἁγίαν
205 1829 308 1866 Τριάδα
325 1830 499 1868 βλασφημίας
520 1832 560 1863 είς
585 1832 666 1868 ἕτερα
682 1832 762 1860 πάλιν
777 1833 794 1868 ή
816 1833 889 1868 ἀργὴ

101 1877 146 1903 καὶ
163 1876 327 1909 κακόϐουλος
342 1876 431 1904 ἔννοια
447 1878 630 1913 περιέσπασεν
641 1886 647 1892 ·
663 1878 706 1906 ἵνα
726 1878 822 1914 μηδεὶς
843 1878 890 1905 λά-

101 1921 142 1948 οοι
157 1922 330 1957 ἁμαρτάνων.
352 1923 439 1949 Κενὺν
450 1923 504 1958 γάρ
519 1931 546 1949 τι
563 1922 654 1950 ἀκούω
670 1923 734 1958 περὶ
748 1923 796 1958 τῆς
811 1923 891 1958 ἁγίας

101 1967 211 2002 Μαρίας
227 1968 277 2002 τῆς
299 1967 479 2004 ἀειπαρθένου
495 1968 555 1996 τινὰ
571 1968 745 2001 διανοεῖσθαι,
761 1969 808 1996 καὶ
829 1969 890 1996 τολ-

102 2015 156 2050 μᾷν
171 2013 330 2050 βλάσφημόν
341 2023 402 2042 τινα
412 2014 543 2042 ὑπόνοιαν
558 2015 600 2042 ἐπ’
618 2015 702 2050 αὐτὴν
715 2016 890 2051 ὲνσκήπτειν,

101 2060 141 2092 εἰς
156 2060 188 2086 τὸ
212 2061 244 2087 ὲκ
260 2060 429 2096 πανταχόθεν
451 2058 522 2087 εἶναι
535 2061 581 2087 τὸν
597 2061 693 2096 χρόνον
713 2060 793 2096 ἡμῶν
813 2061 891 2097 δίκην

102 2105 188 2132 κακοῦ
205 2105 302 2140 ὄφεως,
319 2105 401 2141 θηρὸς
418 2105 521 2132 ίοϐόλου
532 2106 561 2133 ὲν
574 2105 662 2140 σκότῳ
676 2105 890 2141 ὲμφωλεύοντος,

103 2151 149 2177 καὶ
163 2152 221 2182 τοῖς
237 2150 357 2186 δήγμασι
375 2150 480 2182 πάντας
497 2150 683 2186 πειράζοντος,
697 2150 742 2176 τὸν
763 2150 811 2186 μὲν
827 2151 892 2186 περὶ

103 2196 133 2222 τὸ
145 2196 302 2231 πρόσωπον,
320 2196 398 2223 ἄλλον
419 2196 483 2231 περὶ
497 2196 547 2232 τὴν
568 2196 697 2232 πτέρναν,
718 2196 810 2232 ἕτερον
827 2197 892 2232 περὶ

100 2243 151 2279 τὴν
166 2244 245 2278 χεῖρα
254 2251 261 2258 ⁸
277 2243 320 2269 ἵνα
335 2243 436 2278 μηδένα
448 2242 524 2270 λάθοι
535 2243 565 2269 τδ
578 2243 668 2279 δῆγμα
678 2243 728 2278 τῆς
744 2243 872 2275 ἀπιστίας
882 2251 888 2257 ·

102 2288 172 2316 ἀλλὰ
187 2289 202 2314 ὁ
218 2289 303 2316 δοκῶν
319 2289 348 2315 ὲν
358 2288 446 2324 τούτῳ
460 2289 610 2325 ἀποδρᾶναι
628 2289 728 2325 ἑτέρως
741 2289 786 2316 τὸν
802 2289 840 2316 ἰὸν
853 2289 891 2325 μὴ

102 2334 189 2370 λάθῃ·
207 2335 222 2361 ὀ
236 2334 264 2360 δὲ
277 2336 306 2361 ὲν
323 2335 395 2370 ἄλλῳ
408 2335 471 2370 ὑγιῆ
483 2335 553 2370 ἔχων
565 2335 614 2370 τὴν
630 2335 720 2362 πίστιν
734 2335 821 2367 ἄλλως
833 2344 892 2368 πως

102 2381 270 2416 βλάπτεσθαι
286 2381 380 2408 ἑαυτὸν
395 2381 594 2417 προξενήσειεν.

935 244 1035 263 manus
1052 242 1084 262 ac
1105 235 1198 263 vultus
1219 235 1394 262 incurrentes
1419 232 1523 259 laniare
1542 231 1609 258 nihil
1631 239 1727 259 veren-

936 285 992 313 tur,
1008 281 1049 309 sic
1063 280 1102 308 illi
1119 280 1264 308 Dominum
1282 279 1316 306 ad
1338 278 1431 307 crucis
1456 277 1621 313 supplicium
1643 277 1726 304 tradi-

936 329 1046 361 derunt,
1063 328 1209 363 prophetas
1223 319 1345 362 ejusdem
1361 325 1528 353 domesticos
1539 324 1637 359 partim
1650 330 1727 350 serra

935 379 1151 407 consecuernnt,
1172 374 1271 410 partim
1286 372 1422 407 lapidibus
1438 371 1609 402 obruerunt,
1626 369 1726 404 partim

935 421 1025 458 gladio
1042 420 1242 448 interfecerunt
1255 419 1279 444 ⁸.
1291 418 1446 447 Secundum
1465 417 1526 444 illos
1539 422 1603 443 vero
1614 414 1727 450 perinde

936 472 963 494 et
987 465 1069 493 hodie
1087 465 1151 493 novi
1170 464 1210 492 illi
1227 463 1312 491 Judaei
1337 463 1434 490 iisdem
1453 461 1569 488 invicem
1593 459 1727 487 institutis

936 520 970 540 ac
984 512 1131 548 disciplina
1150 510 1269 543 formati,
1285 509 1326 536 uti
1341 509 1400 537 veri
1420 509 1459 536 illi
1476 507 1561 536 Judaei
1580 506 1726 534 Dominum

935 565 998 586 cum
1022 565 1106 585 carne
1130 561 1292 592 praesentem
1318 555 1498 590 abnegarunt,
1524 554 1561 580 ita
1589 551 1640 588 ipsi
1664 550 1728 578 Filii

936 603 983 630 Dei
1001 602 1150 638 perfectam
1163 609 1224 629 eum
1241 600 1322 628 Patre
1337 600 1543 635 gertuanitatem
1559 597 1726 629 inﬁcientes,

936 653 1089 676 creaturam
1106 654 1168 675 esse
1191 647 1278 680 illum,
1295 649 1321 674 et
1338 645 1488 681 opiﬁcium,
1502 648 1529 672 et
1543 651 1559 670 a
1578 643 1658 670 Patre
1676 649 1726 677 pe-

936 694 1011 721 nitus
1033 694 1151 722 alienum
1173 691 1270 719 furiosi
1292 699 1324 718 ac
1347 690 1478 718 vecordes
1508 687 1656 717 identidem
1684 686 1728 714 af-

937 740 1057 767 ﬁrmant.

974 785 1079 820 1037
1099 783 1132 812 V.
1153 783 1206 811 Alii
1221 790 1303 819 porro
1320 782 1518 810 contumeliosa
1535 780 1581 808 illa
1597 779 1624 807 in
1642 778 1728 807 Deum

937 832 1065 866 dogmata
1079 831 1275 865 relinquentes,
1294 830 1373 865 quasi
1388 829 1507 856 divinam
1522 827 1609 862 ipsam
1620 826 1648 853 in
1659 824 1729 853 emlo

936 867 1073 909 naturam,
1089 880 1119 904 ut
1133 876 1171 903 ita
1189 876 1288 907 dicam,
1312 874 1460 910 aliquando
1475 871 1651 908 contemplati
1671 870 1731 898 fue-

936 922 1001 955 rint,
1013 927 1040 950 el.
1050 922 1132 950 altius
1144 922 1171 949 in
1185 928 1286 948 arcana
1306 920 1351 947 illa
1370 927 1402 947 ac
1415 918 1537 947 coelestia
1551 915 1729 952 penetrarint,

936 975 969 996 ac
990 968 1134 1003 diligenter
1149 966 1364 1002 introspexerint
1379 964 1421 1001 (ut
1442 972 1457 992 e
1475 963 1545 991 coelo
1568 966 1648 998 putes
1669 968 1731 988 esse

936 1014 1086 1048 delapsos),
1100 1016 1261 1047 arroganter
1275 1010 1342 1038 illud
1360 1008 1522 1045 praedicant,
1541 1014 1573 1034 ac
1584 1006 1732 1034 vehemen-

938 1063 978 1086 ter
997 1058 1151 1085 afﬁrmant:
1170 1056 1302 1092 Spiritum
1321 1059 1446 1083 sanetum
1463 1062 1478 1081 a
1491 1052 1643 1081 divinitatis
1657 1058 1732 1079 com-

937 1103 1067 1131 munione
1087 1102 1280 1138 separandum.
1305 1101 1356 1134 Qui
1371 1107 1433 1128 cum
1455 1106 1543 1134 neque
1557 1097 1665 1125 Patrem
1680 1097 1731 1124 ah-

937 1152 1046 1184 negent,
1063 1155 1114 1176 nec
1128 1147 1161 1175 ab
1173 1153 1301 1183 germana
1318 1153 1380 1173 cum
1401 1145 1448 1172 illo
1469 1143 1663 1179 conjunctione
1682 1140 1731 1168 Fi-

937 1195 1004 1223 lium
1024 1194 1191 1230 abjudicent,
1213 1193 1247 1220 ad
1271 1192 1345 1220 aliud
1364 1192 1414 1219 viae
1434 1190 1626 1218 diverticulum
1650 1186 1732 1216 defle-

937 1245 1027 1274 ctunt,
1046 1244 1076 1268 ut
1100 1239 1214 1268 omnino
1237 1239 1341 1266 dictum
1370 1237 1435 1264 illud
1457 1236 1602 1272 impleatur
1622 1243 1629 1262 :
1646 1233 1732 1261 Periit

938 1287 1004 1323 ﬁdes
1019 1295 1051 1314 ex
1065 1295 1110 1314 ore
1127 1285 1274 1321 ipsorum”.
1295 1284 1366 1318 Quid
1380 1283 1452 1310 enim
1463 1281 1536 1309 aliud
1551 1280 1665 1313 faciunt,
1677 1279 1732 1306 nisi

937 1333 1051 1369 perinde
1066 1339 1098 1360 ac
1118 1331 1140 1360 si
1157 1332 1185 1358 in
1201 1330 1333 1366 Spiritum
1355 1333 1480 1358 sanctum
1496 1328 1542 1362 jus
1558 1334 1590 1354 ac
1611 1329 1734 1362 potesta-

939 1384 993 1407 tem
1009 1379 1141 1406 haberent
1159 1377 1216 1413 (qui
1232 1376 1342 1412 quidem
1357 1383 1372 1402 a
1388 1374 1467 1401 Patre
1489 1373 1613 1408 Filioque
1627 1378 1733 1406 nequa-

938 1433 1021 1461 quam
1043 1425 1160 1457 alienus,
1184 1431 1217 1451 ex
1238 1423 1332 1450 eadem
1355 1425 1398 1449 est
1416 1419 1569 1452 divinitate,
1585 1426 1636 1446 nec
1652 1417 1686 1444 ab
1701 1424 1734 1444 ea

940 1472 1063 1508 separari
1089 1472 1200 1508 potest),
1219 1470 1256 1497 ita
1281 1469 1336 1497 Deo
1358 1467 1552 1504 praescribere,
1569 1473 1649 1502 quam
1673 1465 1734 1500 ejus

940 1518 1108 1554 praescriptis
1126 1517 1316 1551 obtemperare
1342 1514 1467 1542 malunt?
1493 1513 1551 1541 Non
1576 1513 1649 1540 enim
1672 1512 1734 1539 illos

941 1564 1035 1600 pudet,
1053 1564 1172 1591 alienttm
1191 1561 1323 1597 Spiritum
1338 1559 1483 1593 sanctum,
1506 1566 1628 1590 servutn,
1654 1565 1734 1585 crea—

939 1615 1039 1642 turam,
1059 1608 1249 1640 recentiorem,
1270 1614 1302 1634 ac
1319 1606 1421 1633 factum
1440 1605 1551 1637 dicere,
1568 1611 1599 1631 ac
1619 1604 1642 1631 si
1668 1603 1734 1637 quid

939 1656 1012 1683 aliud
1025 1655 1059 1683 de
1071 1655 1117 1681 illo
1128 1653 1247 1688 conﬁngi
1258 1656 1337 1687 turpe
1348 1655 1447 1687 potest,
1461 1658 1493 1678 eo
1506 1651 1532 1677 in
1547 1650 1636 1685 ipsum
1648 1649 1735 1676 liben-

939 1701 995 1728 tius
1014 1700 1179 1735 excogitare.
1200 1699 1245 1726 Sic
1270 1698 1352 1733 igitur
1372 1697 1491 1724 mundus
1515 1696 1568 1723 iste
1587 1695 1735 1723 vehemen-

939 1746 1002 1773 tiori
1027 1751 1053 1774 et
1075 1744 1222 1773 insanabili
1249 1743 1417 1771 inﬁdelitatis
1447 1742 1560 1769 vulnere
1585 1741 1733 1769 confossus

939 1795 993 1824 est,
1015 1796 1045 1819 ttt
1059 1792 1210 1826 iniquitas,
1233 1797 1295 1825 quae
1319 1789 1471 1816 humanum
1501 1795 1588 1823 genus
1610 1787 1735 1814 funditus

939 1838 1046 1874 perdit.
1070 1837 1138 1864 nihil
1163 1837 1196 1864 ad
1222 1843 1356 1864 summam
1390 1835 1560 1869 nequitiam,
1593 1834 1734 1870 perﬁdiam

939 1882 1177 1917 ignorantiamque
1197 1879 1396 1916 praetermittat.
1415 1879 1474 1912 Qua
1490 1879 1597 1906 ratione
1614 1879 1735 1906 miseros

940 1929 1020 1962 istos,
1044 1929 1091 1964 qui
1111 1929 1230 1963 priorem
1251 1927 1324 1954 illam
1341 1927 1368 1953 in
1385 1930 1591 1954 sacrosanctam
1612 1925 1736 1952 Trinita-

941 1978 995 2003 tem
1011 1965 1204 2003 oontu‘meliam
1221 1973 1383 2009 effugerant,
1406 1973 1494 2001 otiosa
1512 1980 1545 2000 ac
1565 1972 1736 2007 nequissima

943 2028 994 2049 sua
1010 2020 1141 2056 cogitatio
1157 2020 1189 2047 ad
1206 2020 1258 2046 alia
1273 2019 1396 2054 quaedam
1414 2024 1587 2046 transversos
1605 2017 1734 2051 abripuit,

944 2074 979 2094 ne
993 2066 1057 2101 quis
1075 2068 1217 2101 peccatum
1234 2072 1314 2092 suum
1327 2063 1503 2091 dissimulare
1514 2063 1611 2098 possit.
1628 2062 1736 2089 Etenim

943 2112 1037 2140 nescio
1059 2119 1138 2146 quem
1155 2110 1237 2138 audio
1254 2109 1386 2137 adversus
1408 2108 1611 2136 sanctissimam
1638 2114 1736 2142 perpe-

942 2162 1073 2192 tuamque
1094 2156 1234 2191 Virginem
1258 2154 1371 2181 Mariam
1394 2153 1518 2181 meditari
1544 2153 1679 2185 nonnihil,
1705 2159 1737 2180 ac

945 2203 1142 2231 contumeliosa
1161 2201 1278 2236 quadam
1300 2201 1429 2236 opinione
1451 2199 1526 2226 illius
1543 2199 1675 2226 honorem
1695 2198 1737 2225 in-

943 2256 1062 2277 cessere.
1081 2247 1119 2275 Ex
1133 2255 1188 2282 quo
1202 2246 1269 2273 illud
1293 2249 1415 2281 apparet,
1436 2249 1559 2272 nostram
1578 2245 1648 2271 hanc
1668 2248 1738 2272 tem-

943 2298 1078 2329 pestatem
1098 2293 1205 2321 letifero
1223 2292 1332 2320 cuidam
1346 2291 1466 2326 serpenti
1481 2298 1513 2318 ac
1530 2293 1664 2318 venenato
1676 2298 1738 2318 esse

945 2339 1124 2370 simillimam,
1140 2338 1187 2374 qui
1202 2338 1229 2365 in
1249 2337 1369 2365 tenebris
1384 2337 1548 2364 delitescens
1562 2335 1670 2364 infestis
1683 2343 1738 2363 om-

945 2393 994 2414 nes
1007 2386 1143 2414 morsibus
1158 2388 1276 2420 appetat,
1296 2388 1377 2419 atque
1397 2384 1424 2410 in
1436 2383 1518 2418 hujus
1534 2383 1648 2414 vultum,
1663 2382 1738 2410 illius

95 2430 218 2461 calcem,
235 2436 344 2455 tnattum
368 2428 480 2455 alterius
498 2428 631 2460 incurrat,
653 2431 683 2454 ut
700 2436 734 2456 ne
752 2428 814 2463 quis
829 2428 999 2458 inﬁdelitatis
1013 2438 1135 2458 morsum
1151 2430 1261 2465 penitus
1286 2429 1373 2464 possit
1400 2428 1531 2461 evadere;
1562 2427 1613 2455 sed'
1639 2428 1686 2463 qui
1710 2428 1738 2456 in

96 2485 156 2505 uno
173 2482 276 2510 genere
295 2474 370 2501 virus
391 2473 534 2508 effugerit,
549 2474 577 2500 in
593 2474 679 2501 altero
699 2481 728 2501 se
745 2475 779 2501 ab
795 2482 828 2502 eo
843 2475 997 2504 subducere
1013 2483 1045 2503 ac
1071 2476 1193 2503 devitarc
1217 2477 1351 2510 nequeat:
1372 2481 1405 2501 ac
1422 2474 1470 2510 qui
1498 2474 1525 2501 in
1554 2473 1616 2501 aliis
1646 2473 1739 2500 incor-

97 2530 214 2561 ruptam
231 2523 309 2551 ﬁdem
327 2523 438 2555 retinet,
451 2522 506 2549 alio
521 2521 602 2549 modo
619 2521 742 2550 fraudein
757 2522 810 2549 sibi
822 2523 1027 2557 perniciemque
1045 2521 1211 2549 consciscat.

138 2573 183 2605 ς’.
211 2571 298 2598 Πόθεν
322 2570 392 2605 αὕτη
417 2570 434 2604 ή
458 2569 602 2601 κακόνοια;
628 2568 713 2595 Πόθεν
735 2570 752 2604 ὴ
780 2569 898 2604 τοσαύτη

95 2618 207 2653 τόλμα;
221 2617 291 2644 Αὐτὸ
310 2615 342 2641 τὸ
354 2615 439 2649 ὗνομα
459 2615 489 2641 οὐ
506 2615 650 2650 μαρτυρεῖ,
665 2615 696 2641 ού
713 2614 801 2641 πείθει
820 2623 860 2646 σε,
875 2611 898 2641 ὧ

96 2663 256 2698 φιλόνεικε;
274 2663 323 2694 Τίς
345 2660 448 2695 ποτε,ἢ
464 2660 493 2686 ὲν
511 2660 576 2695 ποίᾳ
591 2661 673 2696 γενεᾷ
686 2659 836 2695 τετόλμηκε
849 2669 899 2686 κα-

91 2710 159 2738 λεῖν
170 2708 201 2735 τὸ
209 2708 295 2744 δνομα
308 2706 422 2744 Μαρίας
433 2705 482 2740 τῆς
496 2706 587 2740 ἁγίας,
599 2707 646 2733 καὶ
660 2705 834 2743 ἐρωτώμενος
847 2706 898 2733 οὐκ

98 2755 184 2787 εὐθὺς
206 2755 343 2790 ἐπήνεγκε
367 2756 411 2784 τὸ,
431 2751 585 2788 Παρθένον;
602 2752 632 2784 ἐξ
654 2752 744 2779 αὐτῶν
765 2752 820 2788 γὰρ
843 2751 897 2780 τῶν

138 2836 148 2850 ⁴
169 2835 251 2864 Ilebr.
273 2844 312 2867 ιι,
327 2835 371 2863 37.
411 2835 423 2851 '
436 2831 497 2861 εἶσι·-
513 2832 619 2865 νιι,9.8.

986 2568 1030 2596 Vl.
1053 2567 1193 2596 Uudenam
1207 2575 1271 2595 vero
1283 2568 1339 2595 ltsec
1350 2567 1511 2602 improbitas
1523 2567 1652 2594 emersit?
1662 2566 1739 2594 Unde

950 2617 1025 2641 tanta
1043 2613 1169 2649 prorupit
1192 2613 1322 2640 audacia?
1346 2612 1443 2640 Nonne
1463 2612 1506 2639 vel
1529 2612 1618 2646 ipsum
1639 2603 1754 2638 nomen.

949 2659 1058 2688 abunde
1071 2659 1250 2688 testificatur?
1264 2658 1323 2686 Non
1335 2659 1395 2692 tibi,
1408 2659 1491 2686 homo
1502 2657 1720 2692 pervicacissime
1729 2676 1737 2688 ,

950 2706 1022 2733 istud
1040 2706 1130 2741 ipsum
1148 2705 1313 2740 persuadet?
1330 2705 1398 2738 Quis
1413 2705 1468 2732 ullo
1491 2703 1597 2738 1038
1617 2706 1739 2737 tempore

949 2759 1071 2788 unquam
1087 2752 1204 2787 exstitit,
1227 2752 1275 2788 qui
1295 2756 1395 2780 sanetae
1413 2751 1503 2778 Μαι-ἰαὶ
1525 2757 1622 2778 nomen
1646 2749 1739 2784 appel-
