1945 3043
209 125 259 154 ’107

911 125 940 152 S.
963 123 1133 152 ΕΡῙΡΗΑΝΙΙ

1790 129 1844 158 708

209 186 266 214 lare
282 185 405 219 auderet,
423 189 449 214 et
462 193 517 214 non
532 189 644 221 rogatus
658 185 775 214 subinde
788 186 910 222 Virginis
925 194 998 214 voca-

1053 185 1186 213 ὲπιθέτων
1209 185 1350 222 ὀνομάτων
1372 185 1419 214 καὶ
1442 185 1492 222 τῆς
1517 186 1620 223 ἀρετῆς
1646 187 1787 223 ὑποφαίνει
1809 189 1845 216 τὰ

209 231 303 259 bulum
319 232 467 268 adjiceret?
482 231 550 260 Nam
569 233 597 259 in
614 232 752 267 adjunetis
773 232 928 260 istiusmodi
953 240 999 260 vo.

209 277 288 304 cibus
304 277 413 304 virtutis
431 277 532 305 indicia
546 277 695 305 collucent.
719 277 826 313 Quippe
841 278 926 313 justis
943 285 1001 305 om-

208 321 302 353 nibus,
323 329 372 356 pro
388 329 420 349 eo
433 330 465 349 ac
480 321 603 358 singulos
617 321 742 355 decebat,
759 330 808 349 sua
822 324 922 358 cuique
936 327 1000 350 sunt

208 366 348 402 dignitatis
374 369 505 395 attributa
532 368 655 396 nomina.
672 367 710 395 Ita
732 368 888 397 Abrahamo
919 369 1000 397 amici

209 410 255 438 Dei
278 413 374 440 titulus
397 414 622 442 accommodatus
639 419 680 442 est
693 414 712 449 ¹,
730 422 819 450 neque
837 415 861 442 is
878 423 998 450 unquam

207 456 365 484 intercidet.
381 457 467 486 Jaeob
479 466 544 486 vero
558 456 667 486 Israelia
680 460 690 475 ⁸
705 467 856 495 cognomen
872 460 932 488 sine
944 461 998 487 ulla

207 502 359 530 mutatione
376 511 549 532 concessum.
565 504 689 539 Apostoli
707 513 816 540 quoque
838 507 997 542 Boanerges,

207 546 259 573 hoc
274 551 325 580 est,
343 548 454 575 tonitrui
466 547 517 583 ﬁlii
533 548 552 581 ³,
565 549 699 576 nominati
716 554 791 581 sunt,
806 557 857 577 nec
872 550 927 577 ulla
937 550 997 578 dies

206 599 307 619 nomen
338 592 411 620 istud
435 594 601 622 obliterabit.
627 593 673 622 Sic
697 600 791 623 sancta
809 595 893 623 Maria
917 595 1000 633 Virgo

206 643 398 672 nuncupatur,
420 646 470 666 nee
495 641 642 675 appellatio
668 641 719 669 ista
747 642 895 677 aliquando
923 649 999 669 com-

206 682 367 710 mutabitur.
383 683 445 711 lltec
460 685 532 712 cnim
546 690 677 721 perpetuo
694 687 852 722 incorrupta
869 695 999 723 perman-

206 729 253 757 sit.
271 729 326 756 Cur
345 730 428 765 igitur
446 739 494 759 vos
510 737 608 759 natura
633 733 693 768 ipsa
711 741 766 760 non
787 734 888 761 docet?
906 733 927 761 0
955 734 999 761 in-

190 775 329 803 'auditam
363 776 518 804 insaniam!
552 785 568 805 ο
595 782 790 813 praeposteram
829 780 995 808 novitatem!

207 821 291 848 Multa
307 826 372 850 sunt
393 827 534 857 praeterea,
553 831 614 859 qum
631 824 731 859 priscis
752 825 921 860 temporibus
939 834 998 853 ma-

1051 232 1200 267 τεκμήρια.
1218 232 1376 267 Ἀξιὼματα
1392 233 1441 268 μὲν
1459 232 1514 268 γὰρ
1530 232 1684 268 ὀνομασιῶν
1702 233 1846 269 εἰλήφασιν

1050 279 1075 305 οἱ
1096 278 1194 305 δίκαιοι
1210 278 1319 313 ἑκάστῳ
1334 278 1504 313 πρεπόντως,
1523 279 1570 305 καὶ
1591 279 1629 311 ὡς
1650 279 1765 314 ἥρμοζε.
1789 281 1846 307 Καὶ

1050 323 1090 358 τῷ
1109 323 1159 358 μὲν
1179 323 1306 359 Ἀϐραὰμ
1325 324 1476 360 προσετέθη
1492 324 1533 355 τὸ,
1547 324 1637 358 φίλος
1650 325 1736 359 Θεοῦ,
1751 325 1799 352 καὶ
1813 326 1845 352 οὐ

1050 369 1257 405 διαλυθήσεται·
1272 370 1311 406 τῷ
1324 370 1353 397 δὲ
1377 370 1485 404 Ἰακὼϐ,
1502 370 1533 397 τὺ
1550 370 1674 405 Ἰσραὴλ
1692 371 1845 404 καλεῖσθαι,

1051 415 1097 442 καὶ
1123 415 1172 443 οὐκ
1193 415 1423 451 άλλοιωθήσεται·
1454 417 1501 442 καὶ
1528 417 1584 448 τοῖς
1613 417 1785 449 ἀποστόλοις,
1813 418 1846 444 τὸ

1046 462 1223 497 βοανεργὲς,
1240 462 1389 495 τουτέστιν,
1411 462 1470 489 υἱοὶ
1482 463 1627 496 βροντῆς,
1643 464 1689 490 καὶ
1710 464 1760 490 οὐκ
1776 465 1843 491 ἀπο-

1051 509 1316 544 καταλειφοήσεται·
1332 509 1380 536 καὶ
1393 510 1426 544 τῇ
1441 509 1507 544 ἁγίᾳ
1517 509 1611 545 Μαρίᾳ
1626 509 1666 541 τὸ,
1681 510 1844 544 Παρθένος,

1050 555 1098 581 καὶ
1111 554 1140 581 οὑ
1156 555 1338 590 τραπήσεται.
1362 555 1513 590 Ἀχραντος
1522 555 1576 590 γὰρ
1591 555 1725 591 διέμεινεν
1738 557 1754 591 ἡ
1767 555 1843 590 ἁγία.

1050 601 1123 636 Αὐτὴ
1138 601 1155 636 ή
1179 601 1259 635 φύσις
1273 601 1304 628 οὐ
1325 600 1445 627 διδάσκει
1461 601 1550 636 ὑμᾶς
1565 602 1598 628 Ὢ
1612 602 1708 637 καινῆς
1725 602 1841 637 μανίαςῑ

1050 646 1073 672 ὣ
1096 646 1198 674 καινῶν
1215 647 1404 682 πραγμάτωνι
1421 646 1510 674 Πολλά
1529 647 1557 673 δέ
1570 648 1643 674 ἐστιν
1668 647 1759 682 ἕτερα,
1776 647 1795 674 ἃ.
1814 648 1843 674 ἐν

1049 693 1106 724 τοῖς
1129 692 1254 724 παλαιοῖς
1279 693 1384 728 χρόνοις
1407 693 1456 720 οὐκ
1476 693 1612 729 ἐτολμήθη
1635 695 1692 725 τοῖς
1712 694 1841 729 πατράσι.

1049 738 1106 765 Νῦν
1118 738 1146 764 δὲ
1161 737 1239 770 ἄλλος
1258 738 1308 773 μὲν
1324 739 1481 774 βλασφημεῖ
1499 740 1540 771 είς
1556 740 1605 775 τὴν
1623 739 1755 775 ἐνσαρκον
1773 741 1842 775 Χρι-

1050 783 1113 810 στοῦ
1130 784 1295 820 παρουσίαν,
1307 785 1389 820 ἔτερα
1401 784 1489 811 λαλῶν
1500 787 1540 816 εἰς
1552 785 1635 820 αὐτὴν
1651 785 1700 820 τὴν
1712 784 1840 821 ϐεότητα·

1049 829 1129 861 ἄλλος
1151 829 1180 856 δὲ
1204 829 1299 866 ἐλλιπῆ
1318 832 1434 857 ποιεῖται
1459 830 1488 857 ἐν
1503 830 1591 865 ἐαυτῷ
1610 830 1660 866 τὴν
1676 830 1726 864 τῆς
1751 831 1842 866 πάσης

203 867 280 904 jores
298 869 386 896 nostri
402 877 574 904 nequaquam
589 871 709 905 aggressi
732 875 805 898 sunt.
828 871 915 899 Hodie
935 873 998 901 rei-0

1050 875 1182 911 ὲνσάρκου
1206 876 1359 911 παρουσίας
1378 876 1587 912 πραγματείαν·
1603 876 1697 911 ἕτερος
1715 876 1744 903 δὲ
1763 876 1792 902 ὲν
1808 878 1839 911 τῇ

206 914 278 942 alius
294 914 322 942 in
333 919 502 950 assumptam
520 923 534 941 a
547 915 657 943 Christo
673 921 802 944 naturam
817 919 1001 946 contumelio-

207 967 255 987 sus
269 965 322 994 est,
340 963 367 987 et
377 961 508 988 inusitata
519 961 642 996 quaedam
656 961 689 989 de
703 962 846 991 divinitate
858 963 918 999 ipsa
930 972 1002 1000 prae-

206 1004 293 1038 dicat;
320 1005 391 1033 alius
420 1005 508 1040 ipsum
533 1002 600 1032 illud
628 1007 827 1035 incarnationis
860 1010 999 1044 negotium

206 1059 335 1079 mancum
356 1055 438 1087 atque
463 1051 653 1087 imperfectum
676 1053 837 1088 constituit;
860 1055 933 1083 alius
956 1064 1000 1084 re-

204 1097 378 1125 surrectione
403 1103 573 1126 mortuorum
597 1097 761 1134 oﬂ‘enditur;
786 1101 856 1129 alius
880 1101 999 1137 denique

203 1143 279 1171 aliud
290 1144 342 1173 sibi
355 1144 388 1171 ad
403 1145 618 1180 oppugnandum
634 1146 740 1181 arripit.
765 1146 787 1174 0
808 1148 996 1176 turbulentum

204 1195 330 1218 nostrum
342 1191 471 1218 saeculum
484 1211 491 1224 ,
512 1191 540 1218 in
554 1199 609 1226 quo
627 1191 770 1220 hominum
788 1193 843 1220 vita
858 1201 995 1222 summum

205 1235 233 1262 in
249 1236 398 1264 discrimen
423 1235 580 1268 adducitur,
605 1244 666 1271 qua:
687 1238 808 1273 undique
830 1239 960 1273 pessimis
980 1246 996 1266 a

205 1281 328 1309 diemone
350 1283 506 1317 propagatis
531 1282 690 1318 opinionum
712 1284 852 1312 erroribus
871 1291 904 1312 ac
932 1292 996 1320 pcr-

206 1327 276 1354 tidia:
299 1328 462 1355 commentis
490 1328 630 1355 obruitur!
657 1328 782 1361 Quanam
811 1337 876 1358 vero
906 1330 998 1359 tronte

1049 920 1196 947 ἀναστάσει
1218 920 1347 956 ὰσ-χάλλει
1367 920 1421 948 τῶν
1441 921 1565 956 νεκρῶν·
1581 921 1675 956 ἔτερος
1698 920 1726 947 δὲ
1748 921 1838 957 μέρος,

1049 966 1105 992 Καὶ
1122 965 1301 999 ἁπαξαπλῶς⁷
1316 966 1339 993 ὢ
1362 966 1411 1002 τῆς
1425 966 1505 1002 ἡμῶν
1521 965 1709 1002 τεθολωμένης
1724 967 1839 1000 γενεᾶςί

1048 1009 1083 1048 ἧς
1101 1013 1118 1048 ἠ
1136 1012 1193 1048 ζωὴ
1210 1013 1239 1039 ὲν
1260 1012 1375 1047 κινδύνῳ
1395 1012 1540 1045 διάκειται,
1560 1013 1593 1039 ὲκ
1606 1011 1774 1047 πανταχόθεν
1794 1020 1841 1038 πε-

1050 1057 1247 1093 ριαντλουμὲνη
1267 1059 1366 1090 κακαῖς
1382 1057 1434 1084 ὑπὸ
1449 1057 1572 1084 διαϐόλου
1596 1057 1760 1092 ὲπισποραῖς
1782 1057 1841 1084 δια-

1049 1102 1194 1139 νοημάτων
1214 1111 1244 1129 τε
1258 1104 1305 1131 καὶ
1326 1103 1464 1139 λογισμῶν
1485 1103 1677 1135 κακοπιστίας.
1698 1103 1760 1135 Πῶς
1781 1103 1840 1130 τολ-

1050 1147 1120 1184 μῶσι
1143 1149 1191 1185 τὴν
1215 1150 1349 1185 ἄχραντον
1370 1150 1520 1186 Παρθένον,
1535 1150 1582 1177 καὶ
1607 1149 1656 1185 τὴν
1683 1149 1840 1184 οἰκητήριον

1049 1193 1263 1227 καταξιωθεὴαν
1277 1195 1403 1229 γενέσθαι
1418 1195 1464 1225 τοῦ
1474 1195 1548 1229 Υῑοῦ,
1558 1195 1607 1231 τὴν
1618 1196 1657 1227 εὶς
1670 1195 1752 1221 ταυτὸ
1763 1194 1843 1221 τοῦτο

1049 1239 1222 1275 ὲκλεχῡεϊσαν
1239 1242 1270 1268 ὲκ
1285 1241 1340 1268 τῶν
1357 1242 1495 1277 μυριάδων
1520 1241 1638 1278 Ἰσραὴλ,
1657 1241 1730 1272 ὅπως
1746 1240 1842 1272 σκεῦος

1050 1285 1097 1313 καὶ
1109 1287 1267 1323 οἰκητήριον
1278 1287 1430 1323 ἠξιωμένος
1451 1288 1491 1320 εις
1505 1289 1616 1323 σημεῖον
1638 1287 1717 1322 μόνον
1731 1286 1842 1322 ὑπάρξῃ

1050 1333 1169 1359 τοκετῶν
1180 1332 1208 1367 ‘;

205 1373 393 1408 incorruptam
422 1373 495 1400 illam
526 1372 665 1409 Virginem
692 1374 901 1410 aggrediuntur,
926 1384 987 1412 quae
1012 1375 1058 1404 Dei
1079 1377 1140 1405 Filii
1155 1378 1325 1406 domicilium
1354 1385 1416 1406 esse
1444 1378 1563 1410 meruit,
1598 1386 1701 1414 quate:
1736 1378 1843 1406 inﬁnito

205 1417 390 1446 lsraelitarum
401 1426 515 1446 numero
527 1419 559 1447 ad
573 1419 599 1447 id
612 1427 696 1446 unum
706 1424 748 1448 est
762 1421 857 1454 electa,
874 1426 904 1448 ut
916 1429 963 1450 vas
983 1422 1122 1458 quoddam
1149 1428 1177 1452 et
1197 1424 1329 1452 habitatio
1359 1424 1407 1452 uni
1435 1429 1509 1452 esset
1537 1424 1630 1452 divino
1659 1425 1751 1460 partui
1775 1431 1843 1452 con-

205 1469 313 1494 secrata
327 1468 338 1494 ?

243 1511 301 1541 Vll.
323 1512 381 1541 Hoc
396 1514 468 1542 enim
489 1518 566 1542 certo
584 1522 618 1543 ex
634 1519 747 1543 auctore
771 1515 898 1550 cognovi,
926 1522 996 1543 non-

1080 1515 1119 1543 Z'.
1139 1515 1265 1542 Ἤκουσα
1289 1514 1344 1551 γὰρ
1369 1515 1446 1550 παρά
1469 1523 1552 1548 τινος,
1571 1514 1610 1547 ὥς
1625 1523 1698 1547 τινες
1721 1515 1844 1551 τολμῶσι

205 1560 297 1588 nullos
314 1560 341 1588 id
364 1560 399 1588 de
419 1561 465 1588 illa
489 1560 623 1590 allirmare
642 1569 726 1590 ausos
749 1569 811 1590 esse
827 1571 834 1589 ε
854 1567 998 1597 postquam

207 1606 375 1634 Salvatorem
391 1607 513 1642 peperit,
536 1615 599 1635 cum
622 1608 682 1635 viro
706 1607 934 1636 consuetudinem
950 1607 999 1634 ha-

205 1652 311 1680 buisse.
330 1652 408 1686 Quod
423 1653 551 1688 equidem
567 1654 659 1683 minus
671 1654 803 1682 admiror.
819 1653 886 1681 Nam
901 1661 996 1681 eorum

205 1699 326 1732 inscitia,
340 1697 387 1735 qui
398 1707 488 1735 neque
502 1707 595 1728 sacras
609 1700 727 1728 Litteras
743 1703 874 1728 accurate
886 1699 997 1733 callent,

205 1753 295 1780 neque
309 1745 337 1773 in
354 1741 476 1774 veterum
497 1746 675 1774 historiarum
698 1746 815 1774 lectione
839 1746 897 1773 triti
921 1750 997 1777 sunt,

206 1789 256 1818 hos
273 1790 348 1825 ipsos
361 1791 396 1818 ab
411 1791 471 1819 aliis
492 1791 526 1818 ad
546 1792 599 1818 alia
617 1791 748 1820 transfert
762 1797 789 1820 et
803 1791 920 1826 abripit,
935 1798 997 1818 cum

206 1841 240 1862 ex
259 1835 368 1870 ingenio
387 1843 438 1863 suo
460 1843 491 1863 ac
511 1840 602 1864 tuente
622 1837 745 1864 veritatis
762 1836 876 1872 vestigia
902 1843 999 1864 conse-

206 1883 328 1906 ctantur.
348 1879 377 1906 In
394 1880 489 1915 primis
508 1881 601 1916 itaque
614 1889 676 1908 cum
689 1882 768 1909 beata
787 1881 868 1916 Virgo
881 1880 999 1916 Josepho

206 1924 306 1951 tradita
323 1928 375 1959 est,
393 1933 447 1961 quo
467 1926 541 1952 illam
561 1927 643 1954 sortis
662 1926 812 1954 necessitas
834 1926 998 1959 adduxerat,

207 1978 380 2006 nequaquam
404 1972 429 1999 ei
457 1971 491 1999 ad
515 1972 717 2008 copulationem
741 1978 783 2000 est
803 1979 949 2004 concessa,
975 1972 999 2000 si

208 2017 280 2052 quod
294 2025 337 2045 res
355 2021 396 2045 est
417 2024 576 2046 asseverare
599 2018 736 2051 volumus,
759 2025 821 2045 cum
838 2018 933 2052 utique
958 2017 999 2044 vi-

207 2062 279 2091 duus
294 2067 377 2091 esset.
397 2063 449 2094 Sed
466 2067 577 2098 propter
592 2064 678 2099 legem
694 2067 785 2091 tamen
801 2063 843 2090 vir
858 2063 933 2091 illius
951 2071 1000 2098 ap-

207 2109 333 2144 pellatur.
350 2108 436 2137 Porro
456 2118 489 2137 ex
504 2109 620 2137 Judaica
642 2109 750 2144 1039
769 2109 916 2136 traditione
932 2116 1000 2135 con-

208 2159 355 2190 sequenter
371 2155 444 2183 istud
459 2155 625 2188 ostenditur,
643 2163 709 2187 non,
727 2158 756 2181 ut
770 2161 833 2181 cum
847 2154 893 2181 illo
914 2161 999 2189 copu-

1050 1561 1116 1597 περὶ
1140 1561 1243 1597 ταύτης
1266 1561 1365 1596 λέγειν,
1383 1561 1424 1588 ὃτι
1450 1560 1519 1596 μετὰ
1534 1560 1564 1588 τὺ
1586 1560 1781 1596 γεγεννηκέναι
1797 1561 1844 1588 τὸν

1050 1606 1166 1642 Σωτῆρα
1189 1606 1312 1642 συνήφθη
1329 1606 1415 1642 ἀνδρί.
1432 1606 1487 1633 Καὶ
1500 1606 1530 1632 οὐ
1547 1605 1691 1641 θαυμάζω.
1714 1605 1771 1632 ’Δεὶ
1788 1606 1846 1643 γὰρ

1050 1653 1067 1688 ἡ
1084 1652 1180 1686 ἄγνοια
1200 1651 1255 1678 τῶν
1272 1652 1309 1686 μὴ
1325 1651 1360 1678 τὰ
1378 1651 1480 1686 ἀκριϐῆ
1505 1651 1663 1684 ἐγνωκότων
1682 1650 1736 1677 τῶν
1764 1651 1845 1678 Θείων

1049 1697 1177 1733 Γραφῶν,
1190 1697 1256 1732 μηδὲ
1270 1695 1400 1732 ἱστορίαις
1417 1696 1667 1731 προσεγγισάντων,
1682 1695 1728 1730 ἀφ’
1742 1695 1845 1731 ἑτέρων

1050 1744 1090 1775 εἰς
1110 1743 1191 1777 ἕτερα
1215 1742 1319 1778 τρέπει,
1335 1742 1382 1768 καὶ
1404 1743 1537 1777 περισπᾷ,
1552 1742 1598 1768 τὸν
1620 1742 1745 1768 ὰσπιδίου
1760 1742 1771 1757 ⁸
1785 1742 1844 1774 νοὸς

1051 1789 1213 1825 βουλόμενόν
1231 1797 1256 1815 τι
1273 1788 1338 1825 περὶ
1351 1789 1402 1823 τῆς
1413 1788 1543 1823 ἀληθείας
1557 1788 1718 1824 ἱχνηλατεῖν.
1732 1788 1845 1824 Πρῶτον

1048 1835 1105 1870 γὰρ
1118 1835 1162 1861 ὅτε
1177 1835 1193 1869 ἡ
1210 1834 1347 1869 [Ιαρθένος
1367 1833 1527 1869 παρεδίδοτο
1548 1833 1588 1868 τῷ
1609 1833 1719 1869 Ἰωσὴφ.
1736 1833 1845 1870 κλήρων

1049 1881 1090 1912 είς
1110 1880 1191 1907 τοῦτο
1213 1880 1428 1914 ἀναγκασάντων
1450 1879 1535 1915 αὐτὴν
1549 1879 1639 1914 ἥκειν,
1659 1880 1690 1905 οὐ
1707 1879 1845 1915 παρεδόοη

1050 1924 1125 1960 αὐτῷ
1144 1926 1183 1957 εἰς
1201 1925 1358 1960 συνάφειαν,
1375 1925 1399 1951 εἰ
1418 1924 1459 1951 δεῖ
1477 1924 1511 1951 τὰ
1526 1923 1614 1960 άληθῆ
1633 1924 1732 1958 λέγειν,
1751 1925 1846 1962 ἐπειδὴ

1050 1971 1135 2006 χῆρος
1147 1969 1191 2006 ἦν.
1209 1971 1290 1997 Ἀλλὰ
1302 1970 1347 1997 διὰ
1361 1970 1405 1997 τὸν
1419 1970 1500 2005 νόμον
1512 1970 1560 2005 μὲν
1570 1970 1641 2006 ἀνὴρ
1653 1970 1784 2006 κέκληται
1796 1971 1846 2006 τῆς

1050 2017 1135 2051 αὐτῆς
1145 2025 1151 2031 ·
1168 2016 1239 2043 κατὰ
1249 2016 1277 2043 δὲ
1294 2016 1343 2051 τὴν
1356 2015 1515 2043 ἀκολουθίαν
1529 2016 1561 2042 ὲκ
1575 2015 1625 2051 τῆς
1635 2016 1690 2042 τῶν
1710 2016 1846 2043 Ἰουδαίων

1050 2062 1224 2098 παραδόσεως
1240 2062 1387 2095 δείκνυται,
1407 2061 1445 2093 ὡς
1459 2062 1508 2097 οὐχ
1524 2062 1616 2088 ἕνεκεν
1631 2061 1678 2089 τοῦ
1697 2061 1846 2098 ζευχθῆναι

1051 2107 1125 2142 αὐτῷ
1145 2107 1304 2143 παρεδίδοτο
1319 2107 1394 2143 αὑτῷ
1413 2108 1429 2142 ἡ
1454 2107 1602 2143 Παρθένος,
1622 2107 1679 2134 ἀλλ’
1696 2108 1770 2140 ὅπως
1785 2108 1849 2135 δια-.

1051 2152 1202 2188 φυλαχθείη
1219 2153 1258 2184 είς
1280 2153 1428 2188 μαρτύριον
1448 2152 1501 2179 τῶν
1521 2153 1668 2188 ἐσομένων,
1685 2153 1727 2180 ὅτι
1750 2153 1781 2180 οὐ
1801 2154 1844 2180 νό-

207 2201 321 2234 laretur,
348 2201 485 2238 Virginem
510 2201 535 2229 ei
563 2201 649 2229 fuisse
673 2201 814 2235 traditam,
842 2200 890 2228 sed
916 2204 945 2227 ut
967 2200 998 2228 ad

1054 2198 1098 2230 Θος
1117 2200 1134 2234 ἡ
1153 2199 1204 2234 τῆς
1218 2199 1352 2235 ὲνσάρκου
1378 2199 1529 2234 παρουσίας
1547 2200 1688 2235 οἰκονομία
1707 2200 1845 2236 ἐπεδήμητ

207 2246 361 2275 luturorum
384 2247 570 2275 testimonium
596 2251 770 2280 servaretur,
798 2246 942 2282 palamque
957 2246 1001 2274 ﬁe—

207 2298 260 2325 ret,
281 2298 436 2329 susceptam
451 2293 572 2321 hominis
587 2301 601 2320 a
618 2293 672 2321 Deo
687 2297 814 2320 naturam
838 2299 893 2319 non
920 2292 1000 2319 adul-

208 2340 324 2367 terinam
339 2348 371 2367 ae
392 2341 514 2375 spuriam
529 2339 616 2367 fuisse
626 2360 633 2372 ,
655 2340 703 2368 sed
718 2339 882 2367 certissimis
898 2337 998 2366 sulIra—

208 2386 335 2421 gantibus
348 2386 512 2413 testimoniis
537 2386 595 2413 sine
609 2386 679 2414 virili
693 2391 764 2419 satu,
781 2385 901 2420 Spiritus
912 2385 999 2412 sancti

209 2430 234 2457 vi
259 2433 285 2456 et
306 2429 449 2457 ellicientia
468 2430 658 2458 constitutam.
684 2430 828 2463 Quomodo
845 2430 917 2457 enim
943 2433 998 2456 tam

208 2474 294 2503 eil'eta:
332 2483 415 2503 senex
456 2477 543 2504 aetatis
581 2476 715 2511 virginem
751 2476 852 2504 habere
884 2483 997 2503 uxorem

208 2521 306 2556 potuit,
335 2522 380 2556 qui
406 2521 450 2550 to:
474 2522 555 2550 annis
576 2527 657 2549 antea
684 2522 769 2557 priori
792 2521 909 2557 conjuge
925 2525 998 2549 esset

208 2568 344 2595 orbatus?
364 2568 504 2604 Siquidem
518 2569 562 2596 hic
579 2569 638 2604 ipse
648 2567 785 2603 Iosephus
804 2567 931 2603 Cleopha:
947 2567 999 2594 fra-

1054 2254 1109 2278 σεν,
1139 2245 1207 2272 ἀλλὰ
1234 2246 1469 2282 μεμαρτυρημένη
1493 2247 1522 2273 ὲν
1543 2246 1669 2282 ἀληθεία,
1692 2247 1772 2279 ἐκτὸς
1797 2248 1845 2283 μὲν

1053 2291 1209 2326 σπέρματος
1227 2291 1333 2327 ἀνδρὸς,
1349 2292 1378 2318 ὲν
1396 2291 1535 2327 Πνεύματι
1551 2292 1621 2328 ἁγίῳ
1636 2292 1846 2328 οίκονομηθείσα

1053 2338 1081 2364 ὲν
1103 2337 1226 2373 ἀληθείᾳ.
1257 2337 1319 2369 Πῶς
1339 2337 1392 2374 γὰρ
1419 2337 1537 2373 ἠδύνατο
1562 2339 1576 2364 ὁ
1603 2338 1729 2370 τοσοῦτος
1754 2339 1846 2375 γέρων

1053 2383 1187 2419 παρθένον
1207 2383 1278 2417 ἕξειν
1307 2385 1433 2418 γυναῖκα,
1451 2383 1489 2411 ὢν
1515 2384 1568 2411 ἀπὺ
1586 2384 1698 2420 πρώτης
1715 2385 1846 2419 γυναικὸς

1053 2429 1135 2465 χῆρος
1149 2429 1267 2456 τοσαῦτα
1283 2430 1348 2465 Ern;
1364 2428 1448 2461 οὗτος
1475 2431 1523 2465 μὲν
1539 2430 1593 2466 γὰρ
1618 2431 1632 2457 ὁ
1667 2431 1766 2466 Ἰωσὴφ
1791 2432 1846 2465 (98)

1052 2476 1166 2510 ἁδελφὸς
1177 2476 1282 2510 γίνεται
1298 2476 1344 2503 τοῦ
1362 2477 1476 2509 Κλωπᾶ,
1495 2475 1530 2513 ἦν
1549 2477 1578 2504 δὲ
1597 2477 1654 2509 υίὸς
1668 2476 1716 2504 τοῦ
1734 2476 1845 2508 Ἰακὼϐ,

1052 2521 1166 2556 ἐπίκλην
1187 2521 1214 2548 δὲ
1238 2522 1350 2558 Πάνθηρ
1377 2523 1555 2558 καλουμένου.
1586 2523 1750 2558 Ἀμφότεροι
1772 2520 1846 2549 οὗτοι

1051 2567 1106 2594 ἀπὸ
1117 2567 1163 2593 τοῦ
1179 2567 1319 2603 Πάνθηρος
1335 2568 1449 2604 ὲπίκλην
1473 2567 1629 2603 γεννῶνται.

209 2618 260 2647 ter,
276 2614 370 2642 Jacobi
385 2615 457 2643 filius
465 2618 646 2650 cognomento
661 2614 815 2648 Pantheris,
828 2613 996 2645 fuitzambo,
1017 2612 1139 2648 inquam,
1153 2613 1191 2640 illi
1206 2613 1343 2642 Panthere
1357 2619 1433 2650 patre
1451 2615 1507 2642 nati
1521 2619 1594 2643 sunt.

244 2694 325 2722 'Jac.
355 2703 385 2728 ιι,
406 2694 450 2722 9.5.
507 2695 516 2710 '
536 2694 604 2722 Gen.
624 2701 709 2726 xxxtt,
724 2694 769 2721 23.

209 2729 288 2759 ιδίου.

245 2807 301 2841 (98)
317 2805 410 2841 Οὗτος
422 2808 480 2842 μὲν
492 2808 546 2843 γὰρ
561 2809 577 2835 d
594 2807 714 2842 Ἰωσήφ.
734 2808 770 2835 De
789 2807 841 2843 hac
854 2806 998 2842 Epiphanii

212 2844 353 2877 sententia,
367 2848 393 2871 et
409 2842 519 2878 quinam
535 2844 642 2872 Domini
657 2845 755 2871 l‘ratres
772 2843 810 2870 illi
825 2842 937 2875 fuerint,
953 2849 999 2870 co-

819 2693 829 2708 ³
849 2692 932 2720 Marc.
949 2701 998 2726 tu,

1050 2692 1063 2719 ⁷.
1102 2693 1112 2708 ⁸
1129 2693 1159 2720 F.
1180 2695 1220 2725 εἰς
1250 2694 1321 2720 θεῖον
1339 2694 1419 2729 μόνον
1438 2694 1485 2720 ὑπ.
1512 2694 1632 2722 τοκετόν.
1671 2695 1682 2710 ⁸
1707 2694 1773 2722 Cor.
1795 2693 1844 2722 ἀπ’

1053 2806 1158 2840 piosam
1179 2805 1263 2833 habes
1278 2805 1491 2840 disputationem
1509 2805 1534 2832 in
1549 2805 1686 2839 Apparalu
1708 2805 1743 2832 ad
1757 2805 1842 2832 Amia-

1054 2839 1089 2868 ias
1103 2840 1308 2873 ecclesiasticos,
1323 2839 1350 2868 ιι.
1365 2839 1422 2874 ιλ,
1441 2847 1472 2867 ac
1491 2840 1631 2875 deinceps.
