1945 3043
178 144 230 171 709

467 148 651 178 ADVERSUS
670 149 842 179 ΗᾹΞΒΕΞΕΞ
860 151 924 180 LIB.
945 151 960 180 ll

1013 150 1092 181 TOH.
1112 150 1147 180 11.
1166 167 1202 174 -
1221 151 1359 181 HERES.
1380 153 1528 183 LXXVlII.

1759 158 1812 186 7l0

210 204 293 239 Ἔσχε
309 203 338 231 δὲ
351 200 427 236 οὗτος
449 206 463 232 ὁ
483 206 583 242 Ἰωσὴφ
600 207 650 242 τὴν
676 207 726 243 μὲν
743 207 855 245 πρώτην
881 209 960 236 αὐτοῦ

1052 209 1187 238 Cmterum
1198 209 1333 246 Joscphus
1347 211 1464 246 primam
1474 219 1489 238 e
1502 211 1574 239 tribu
1585 211 1661 241 Iudae
1669 211 1813 249 coniugem

172 251 292 285 γυναῖκα
317 251 349 277 ἐκ
377 251 428 286 τῆς
453 251 541 287 φυλῆς
575 252 669 286 Ἰούδα,
696 254 744 281 καὶ
771 255 879 281 κυΐσκει
896 254 970 290 αὑτῷ

172 296 242 331 αὕτη
256 295 354 328 παῖδας
370 296 417 323 τὸν
430 297 546 333 ἀριθμὸν
564 297 604 332 ἓξ,
619 298 754 335 τέσσαρας
772 300 821 334 μὲν
837 297 967 337 ἄρρενας,

172 341 284 376 θηλείας
307 341 336 368 δὲ
355 341 418 368 δύο¹
447 342 573 380 καθάπερ
594 344 625 371 τὺ
648 345 816 380 Εὑαγγέλιον
842 346 873 372 τὸ
895 347 970 382 ,κατὰ

171 388 287 423 Μάρκον
302 388 350 414 καὶ
368 389 440 416 κατὰ
469 390 596 425 Ἰωάννην
613 391 792 428 ὲσαφήνισαν.
810 393 894 428 Ἔσχε
919 393 969 429 μὲν

171 432 219 461 οὖν
255 434 428 470 πρωτότοκον
463 435 510 462 τὸν
549 436 677 465 Ἰάκωὸον
712 437 758 465 τὸν
787 439 969 476 ἐπικληθέντα

178 480 308 512 Ὡόλίαν,
336 481 554 516 ἑρμηνευόμενον
573 483 672 518 τεῖχος
694 483 761 519 (99),
790 485 837 511 καὶ
865 485 968 513 δίκαιον

171 526 364 561 ἐπικληθέντα,
380 526 541 562 Ναζωραῖον
555 527 584 554 δὲ
598 527 673 561 ὄντα,
697 529 766 565 ὅπερ
786 530 967 565 ἑρμηνεύεται

164 571 259 606 ᾶτιος.
278 572 333 599 Καὶ
354 572 461 608 πρῶτος
482 569 560 605 οὗτος
576 574 671 610 εἴληφε
687 574 736 610 τὴν
759 584 785 602 κι
797 576 893 611 θέδραν
917 576 968 612 τῆς

170 618 334 654 ἐπισκοπῆς,
356 616 378 653 ᾧ
401 619 567 646 πεπίστευκε
586 620 689 656 Κύριος
704 621 750 648 τὸν
767 621 861 656 Θρόνον
883 622 966 649 αὑτοῦ

171 664 218 690 ἐπὶ
231 664 282 699 τῆς
304 664 357 698 γῆς
375 664 494 700 πρώτῳ’
511 665 541 696 ὃς
558 665 606 692 καὶ
641 667 767 693 ἐκαλεῖτο
791 669 808 695 ὁ
834 667 967 702 ἀδελφὸς

170 710 223 737 τοῦ
246 710 375 744 Κυρίου·
399 711 524 747 καθάπερ
554 712 601 738 καὶ
626 713 641 738 ό
672 712 832 745 ’Λπόστολος
860 713 966 749 συνᾴδει

170 755 288 788 τούτοις,
305 752 356 783 ὧδέ
376 765 427 783 που
444 756 548 791 λέγων·
566 758 687 792 Ἕτερον
703 757 737 784 δὲ
760 758 818 785 τῶν
836 759 967 786 ἀποστό-

169 803 235 829 ⁸ιωιν
249 803 304 829 οὐκ
318 800 410 833 εἶδον,
426 803 453 829 εί
463 802 508 837 μὴ
534 803 673 830 Ἰάκωϐον
691 803 746 830 τὸν
762 804 896 839 ἀδελφὸν
911 804 965 831 τοῦ

170 848 291 882 Κυρίου,
315 849 362 875 καὶ
377 849 410 875 τὰ
428 845 503 884 ἑξῆς.
528 849 653 884 Ἀδελφδς
665 849 693 876 δὲ
706 849 753 876 τοῦ
771 850 873 885 Κυρίου
888 847 965 882 οὗτος

170 895 291 921 καλεῖται
314 894 359 921 διὰ
373 895 403 921 τὺ
428 895 590 930 ὁμότροφον,
613 895 674 931 οὐχὶ
695 895 764 922 κατὰ
782 895 873 930 φύσιν,
895 895 964 923 ἀλλὰ

169 939 240 966 κατὰ
250 940 340 975 χάριν.
357 939 451 974 Μαρία
468 939 516 974 μὲν
531 939 596 974 γὰρ,
613 939 780 975 ἁρμοσθείσα
796 940 835 976 τῷ
852 940 960 976 Ἰωσὴφ,

169 986 256 1012 ἐδόκει
273 986 340 1020 γυνὴ
358 983 427 1012 εἶναι
446 985 492 1011 τοῦ
508 985 614 1021 ἀνδρὸς,
634 986 670 1022 μὴ
683 986 782 1021 ἔχουσα
800 986 868 1022 πρὸς
881 986 961 1014 αὑτὸν

168 1031 304 1067 σωμάτων
329 1031 494 1066 συνάφειαν·
519 1032 551 1058 ἐκ
572 1031 672 1067 ταύτης
694 1032 722 1059 δὲ
740 1032 790 1067 τῆς
806 1032 963 1065 ὑποθέσεως

167 1079 185 1113 ἠ
203 1078 352 1112 γειτνίασις
375 1077 534 1112 ἀγχιστείας
554 1077 609 1105 τῶν
631 1077 699 1104 υίῶν
719 1078 818 1115 Ἰωσὴφ
835 1079 903 1114 πρὸς
917 1079 962 1105 τὸν

166 1124 284 1160 Σωτῆρα
300 1124 329 1151 ὲν
347 1123 470 1158 ἀδελφῶν
486 1123 561 1157 τάξει
577 1123 720 1159 κέκληται·
753 1124 852 1160 μᾶλλον
869 1124 897 1151 δὲ
916 1124 963 1151 καὶ

167 1170 306 1206 ἐλογίσθη.
337 1170 382 1201 Ὧς
408 1169 462 1206 γὰρ
483 1170 530 1196 καὶ
549 1169 630 1202 αὐτὸς
655 1170 669 1196 ό
693 1170 803 1206 Ἰωσὴφ.
832 1169 869 1205 μὴ
890 1169 962 1206 σχὼν

167 1216 310 1242 κοινωνίαν
332 1215 400 1250 πρὸς
417 1215 467 1250 τὴν
488 1215 615 1250 γέννησιν
638 1215 687 1250 τὴν
712 1215 782 1242 κατὰ
802 1215 890 1250 σάρκα
912 1215 959 1242 τοῦ

168 1262 304 1298 Σωτῆρος,
320 1263 349 1289 ὲν
361 1261 436 1294 τάξει
450 1261 553 1298 πατρὸς
567 1262 703 1296 λογίζεται
718 1262 777 1288 κατ’
788 1261 958 1296 οἰκονομίαν·

168 1307 260 1339 καθὼς
280 1307 355 1341 λέγει
378 1307 486 1338 Λουκᾶς
511 1306 707 1342 εὐαγγελιστὴς
726 1306 790 1342 περὶ
812 1306 895 1332 αὑτοῦ
913 1305 960 1333 τοῦ

168 1354 303 1390 Σωτῆρος,
333 1353 374 1379 ὅτι
402 1354 455 1379 Ὧν
480 1353 559 1386 υίὸς,
583 1353 624 1385 ὡς
646 1352 804 1387 ἐνομίζετο,
838 1353 959 1387 Ἰωσήφ.

174 1399 217 1430 Ὠς
231 1399 278 1425 καὶ
294 1398 362 1433 αὐτὴ
383 1399 399 1434 ἡ
417 1398 533 1434 Μαριὰμ
548 1398 600 1434 ἔφη
620 1398 687 1434 πρὸς
701 1398 781 1425 αὑτὸν
793 1399 822 1425 ὲν
839 1398 878 1433 τῷ
891 1398 962 1426 κατὰ

166 1445 274 1471 Λουκᾶν
295 1443 469 1479 Εὐαγγελίῳ·
499 1444 578 1471 Ἰδοὺ
594 1444 662 1479 ἐγὼ,
683 1445 733 1471 καὶ
750 1447 768 1471 ὁ
783 1444 882 1479 πατὴρ
901 1453 960 1472 σου

166 1490 328 1526 ὲζητοῦμέν
343 1497 380 1517 σε
404 1490 595 1525 ὀδυνώμενοι.
623 1490 672 1522 Τίς
695 1489 742 1517 οὖν
759 1490 792 1518 ἂν
819 1491 891 1517 εἴποι
915 1490 961 1517 τὸν

173 1536 271 1571 Ἰωσὴφ
295 1535 401 1571 πατέρα
427 1535 475 1562 τοῦ
501 1535 614 1571 Κυρίου,
638 1535 668 1567 ὃς
692 1535 768 1562 οὐδὲν
792 1536 861 1571 πρὸς
880 1536 961 1563 αὐτὸν

165 1579 239 1617 εἶχεν
253 1581 348 1613 αἴτιον,
368 1581 484 1616 μάλιστα
497 1581 547 1616 τῆς
564 1581 697 1617 ὲνσάρκου
713 1582 864 1617 παρουσίας
881 1582 960 1614 tm;
973 1594 994 1624 ο

166 1627 326 1663 σπέρματος
339 1628 434 1664 ἀνδρδς
449 1627 641 1664 ὑπαρχούσης;
665 1627 744 1654 Ἀλλὰ
764 1627 808 1655 διὰ
823 1628 872 1664 τῆς
885 1629 959 1655 οἱκο-

165 1674 264 1709 νομίας
277 1672 371 1700 τοῦτον
386 1673 481 1709 εἴληφε
495 1673 540 1700 τὸν
555 1673 656 1709 κλῆρον
676 1673 710 1700 τὰ
727 1674 888 1709 πράγματα.

202 1763 244 1792 Η’.
269 1764 362 1792 Τίκτει
389 1764 440 1800 μὲν
461 1763 556 1792 τοῦτον
580 1764 627 1791 τὸν
648 1763 775 1791 Ἰάκωϐον
801 1763 884 1798 ἐγγύς
906 1773 958 1792 που

165 1811 231 1847 περὶ
262 1811 309 1846 ἐτη
335 1810 456 1845 γεγονὼς
484 1809 690 1846 τεσσαράκοντα
717 1810 802 1837 πλείω
834 1810 956 1838 ἐλάσσω·

167 1859 226 1894 μετ’
246 1858 326 1885 αὑτὸν
342 1858 370 1884 δὲ
386 1857 490 1892 γίνεται
506 1858 570 1888 παῖς
591 1856 669 1892 Ἰωσῆ
693 1856 875 1892 καλούμενος·
898 1854 958 1883 εἶτα

167 1905 226 1939 μετ’
244 1902 325 1930 αὑτὸν
347 1902 478 1938 Συμεών·
502 1901 597 1928 ἔπειτα
612 1901 730 1933 Ἰούδας·
749 1901 796 1928 καὶ
815 1901 861 1928 δύο
877 1901 959 1936 θυγα-

165 1949 255 1985 τέρες,
268 1950 285 1984 ἡ
307 1949 402 1984 Μαρία
419 1947 466 1975 καὶ
484 1948 501 1983 ὴ
526 1946 644 1982 Σαλώμη
659 1946 825 1982 καλουμένη.
844 1946 899 1973 Καὶ
914 1947 958 1979 τέ-

165 1995 265 2031 θνηκεν
281 1994 364 2022 αὐτοῦ
382 1996 399 2030 ἡ
420 1995 488 2030 γυνή
498 2002 505 2009 ⁸
517 1993 565 2020 καὶ
582 1993 651 2028 μετὰ
667 1991 714 2028 ἔτη
726 1992 812 2019 πολλὰ
826 1992 958 2032 λαμὸάνει

163 2041 214 2077 τὴν
230 2040 339 2076 Μαρίαν
355 2040 448 2076 χῆρος,
463 2039 592 2074 κατάγων
608 2037 717 2074 ἡλικίαν
733 2038 796 2073 περί
816 2046 867 2064 που
881 2038 958 2073 ὀγδο-

163 2085 268 2121 ήκοντα
285 2084 353 2112 ὲτῶν
378 2085 425 2111 καὶ
449 2084 543 2120 πρόσω
564 2085 579 2110 ὁ
602 2082 683 2118 ἁνήρ.
712 2082 766 2108 Καὶ
784 2082 852 2117 μετὰ
873 2081 958 2109 ταῦτα

164 2132 299 2168 λαμόάνει
326 2132 374 2168 τὴν
401 2131 521 2166 Μαρίαν,
544 2129 582 2162 ὼς
608 2130 656 2156 καὶ
681 2130 710 2155 ὲν
735 2128 776 2163 τῷ
799 2128 958 2164 Εὑαγγελίῳ

165 2179 259 2214 λέγει·
287 2177 537 2212 Μνηστευθείσης
554 2176 627 2211 γὰρ,
652 2175 736 2209 φησὶ,
762 2173 818 2208 τῆς
833 2174 956 2208 Μαρίας.

167 2225 223 2252 Καὶ
239 2225 290 2251 οὐκ
306 2222 377 2256 εἷπε,
394 2223 579 2258 Γαμηθείσης.
596 2220 653 2248 Καὶ
676 2220 756 2248 πάλιν
770 2219 874 2248 ἄλλοτε·
893 2221 956 2247 Οὐκ

1021 255 1127 288 habuit,
1139 264 1154 283 e
1165 263 1219 290 qua
1237 264 1284 284 sex
1301 257 1400 284 liberos
1420 257 1552 292 suscepit,
1576 264 1666 285 mares
1683 262 1811 292 quatuor,

1020 301 1136 330 feminas
1158 302 1226 330 duas
1241 311 1248 329 :
1262 301 1288 329 id
1305 302 1378 337 quod
1394 301 1476 330 Marci
1491 310 1524 330 ac
1547 301 1663 331 Joannis
1684 302 1810 338 Evange-

1020 346 1055 373 lia
1075 347 1226 374 declarant.
1243 346 1352 374 Primus
1368 355 1401 375 ex
1421 347 1497 374 omni
1513 347 1599 382 stirpe
1617 352 1698 375 natus
1718 348 1757 375 illi
1781 348 1814 375 li-

1019 392 1073 419 lius
1092 396 1134 420 est
1157 391 1296 425 Iacobus,
1320 396 1502 427 cognomento
1522 392 1616 420 Oblias
1634 392 1724 428 (quod
1752 401 1814 419 mu-

1019 445 1088 471 rum,
1105 438 1145 465 vel
1163 438 1301 465 castellum
1316 437 1489 473 interpretari
1504 438 1597 474 licet),
1611 439 1657 474 qui
1677 439 1806 474 etjustus

1019 485 1170 520 appellatus
1187 488 1240 518 est,
1256 488 1283 512 et
1297 483 1443 512 Nazarwus
1460 484 1526 518 fuit,
1549 485 1623 520 quod
1646 485 1810 513 vocabulum

1019 535 1142 558 sanctum
1172 531 1318 567 signiﬁcat.
1336 531 1409 559 Idem
1431 532 1477 560 ille
1497 532 1603 567 primus
1627 533 1811 568 episcopalem

1018 575 1176 602 cathedram
1191 577 1272 611 cepit,
1289 583 1350 604 eum
1368 577 1393 604 ei
1407 581 1470 605 ante
1485 580 1600 606 exteros
1615 585 1712 606 omnes
1728 586 1810 606 suum

1018 620 1045 647 in
1062 621 1144 648 terris
1158 621 1286 648 throntun
1303 621 1436 650 Dominus
1447 622 1616 651 tradidisset.
1630 622 1682 656 Qui
1698 623 1810 658 quidem

1017 665 1123 692 Domini
1140 665 1225 694 frater
1235 671 1277 694 est
1288 667 1368 703 vulgo
1380 668 1548 696 nominatus.
1562 668 1666 702 Quibus
1680 669 1810 696 omnibus

1016 711 1181 746 astipulatur
1198 711 1345 748 Apostolus
1363 713 1405 741 his
1427 714 1517 741 verbis
1532 723 1538 741 :
1556 714 1645 741 Alium
1667 720 1755 742 autem
1777 722 1810 742 ea;

1015 758 1143 792 apostolis
1165 758 1218 785 vidi
1241 759 1382 792 neminem,
1402 760 1453 786 nisi
1469 758 1600 787 Iacobum
1623 760 1734 795 fratrem
1750 760 1808 787 Do-

1015 804 1114 836 mini",
1132 808 1185 831 etc.
1203 803 1303 832 Verum
1320 804 1428 832 Domini
1452 805 1497 832 ille
1520 805 1604 834 frater
1628 806 1664 833 ob
1685 813 1810 833 commu-

1015 857 1076 877 nem
1092 849 1294 882 educalionem,
1316 858 1370 877 non
1386 855 1493 883 natura,
1510 853 1557 879 sed
1579 853 1666 887 gratia
1680 857 1807 880 vocatur.

980 912 1000 940 Β
1016 895 1082 922 Nam
1105 895 1188 922 Maria
1205 903 1267 923 cum
1284 895 1404 932 Josepho
1425 897 1585 932 conjuncta,
1602 898 1651 925 viri
1665 906 1733 926 uxor
1747 906 1809 926 esse

1017 941 1170 974 videbatur,
1188 949 1251 968 eum
1268 943 1372 969 nullum
1390 943 1461 970 inter
1477 944 1551 978 ipsos
1571 951 1717 978 corporum
1733 951 1808 971 com-

1015 988 1146 1014 mercium
1173 988 1327 1015 interesset.
1352 987 1391 1015 Ex
1415 995 1468 1023 quo
1490 989 1536 1015 illa
1556 987 1667 1024 Joscphi
1689 989 1808 1016 ﬁliorum

1014 1040 1076 1060 cum
1093 1032 1236 1061 Salvatore
1251 1033 1466 1069 propinquitatis
1480 1034 1597 1062 ailinitas
1608 1039 1650 1062 est
1661 1039 1735 1067 nata,
1747 1042 1809 1070 qua:

1014 1077 1163 1106 fraternam
1191 1079 1401 1114 appellationem
1423 1079 1568 1112 oblitteret,
1592 1080 1635 1107 vel
1659 1087 1692 1107 ea
1715 1081 1808 1115 potius

1013 1124 1218 1152 necessitudine
1241 1128 1411 1152 censeretur.
1430 1123 1465 1151 Ut
1479 1124 1552 1151 enim
1573 1124 1710 1159 Joscpbus
1735 1125 1807 1160 ipsc,

1014 1170 1078 1197 licet
1093 1170 1160 1197 nihil
1173 1169 1285 1197 haberet
1297 1177 1359 1197 cum
1371 1169 1521 1197 Salvatorls
1532 1169 1684 1197 secundum
1695 1177 1806 1198 carnem

1015 1217 1121 1252 origine
1133 1224 1289 1250 commune,
1306 1220 1382 1244 certa
1400 1221 1490 1244 tamen
1508 1217 1687 1252 providentia:
1698 1218 1806 1245 ratione

1013 1263 1073 1290 loco
1091 1263 1176 1298 patris
1190 1267 1232 1290 est
1245 1263 1365 1296 habitus,
1378 1262 1609 1298 quemadmodum
1624 1263 1713 1291 Lucas
1724 1271 1807 1291 evan-

1012 1309 1108 1345 gelista
1120 1309 1154 1336 de
1167 1309 1307 1336 Salvatore
1322 1309 1382 1344 ipso
1398 1312 1515 1336 testatur
1528 1317 1535 1335 :
1549 1308 1602 1341 Qui
1615 1313 1684 1342 erat,
1698 1309 1805 1344 inquit,

1011 1355 1102 1389 ﬁlius,
1120 1359 1148 1381 ut
1170 1354 1336 1387 credebatur,
1354 1353 1452 1389 Ioseph
1468 1354 1490 1382 ³.
1516 1354 1570 1381 Sed
1591 1359 1619 1382 et
1640 1354 1726 1382 Maria
1748 1355 1807 1389 ipsa

1012 1401 1089 1428 illum
1106 1401 1248 1436 alloquens
1270 1401 1297 1428 in
1320 1401 1467 1436 Evangelio
1491 1400 1572 1428 Lucae
1593 1400 1663 1428 idem
1678 1400 1805 1428 ‘asserit:
1839 1413 1849 1419 ε

1013 1443 1079 1472 Ecce
1101 1453 1147 1480 ego
1165 1449 1190 1472 et
1211 1449 1286 1479 pater
1309 1449 1369 1472 tuus
1399 1445 1516 1473 dolentes
1537 1445 1720 1480 quaerebamus
1744 1451 1768 1473 te
1783 1446 1804 1472 ⁸.

1011 1489 1080 1522 Quis
1095 1489 1178 1525 igitur
1191 1489 1340 1525 Josephum
1354 1489 1461 1528 Domini
1474 1494 1577 1525 patrem
1592 1490 1689 1518 audeat
1700 1491 1806 1523 dicere.

1011 1542 1129 1569 quocum
1145 1535 1248 1562 nullam
1278 1535 1406 1571 principii
1430 1539 1478 1563 aut
1498 1543 1588 1564 causa:
1604 1537 1738 1564 rationem
1755 1537 1804 1564 ha-

1012 1579 1103 1612 bebat,
1126 1587 1188 1607 cum
1209 1580 1363 1608 inearnatio
1378 1581 1436 1616 ipsa
1459 1581 1520 1608 sine
1540 1581 1613 1609 virili
1629 1582 1734 1609 semine
1748 1590 1806 1617 per-

1010 1623 1082 1652 fecta
1110 1624 1358 1660 administrataque
1386 1624 1487 1651 fuerit?
1515 1624 1586 1658 Sed,
1608 1624 1715 1660 1040
1732 1625 1804 1660 quod

1010 1670 1188 1706 providentia:
1213 1670 1285 1698 ratio
1310 1669 1483 1705 postulabat,
1509 1677 1542 1698 ea
1567 1670 1651 1697 rebus
1676 1674 1719 1698 est
1744 1678 1805 1698 sors

1009 1720 1092 1751 atque
1106 1715 1229 1743 conditio
1240 1716 1354 1743 tributa.

1045 1761 1115 1789 νιιι.
1135 1761 1229 1790 Redeo
1248 1761 1282 1788 ad
1301 1761 1434 1788 Jacobum
1457 1760 1544 1792 illum.
1566 1768 1646 1796 quem
1669 1760 1806 1796 Joscphus

1008 1815 1096 1836 annos
1119 1808 1181 1842 plus
1196 1807 1288 1835 minus
1303 1810 1384 1834 natus
1400 1814 1434 1834 ιι
1448 1807 1551 1843 genuit.
1568 1806 1634 1834 Post
1650 1806 1723 1834 hunc
1734 1807 1805 1835 alius

1009 1854 1035 1882 ei
1058 1853 1131 1881 illius
1149 1852 1283 1886 nascitur,
1306 1852 1351 1879 cui
1370 1850 1436 1879 Jose
1461 1859 1560 1879 nomen
1583 1850 1644 1878 fuit.
1663 1850 1727 1878 Inde
1751 1851 1804 1888 Sy-

1009 1907 1089 1927 meon
1104 1906 1136 1926 ac
1149 1898 1252 1931 Iudas;
1273 1898 1334 1928 lilia:
1348 1906 1413 1926 vero
1438 1898 1514 1931 duae,
1532 1897 1618 1925 Maria
1635 1901 1662 1924 et
1683 1897 1803 1926 Salome.

1010 1946 1080 1973 Tum
1096 1949 1203 1973 mortua
1219 1953 1314 1978 uxore,
1336 1945 1430 1973 multis
1446 1949 1507 1980 post
1524 1944 1604 1972 anuis
1621 1943 1721 1972 viduus
1742 1945 1803 1971 Mu-

1009 1992 1078 2019 riam
1101 1991 1190 2022 duxit,
1214 1998 1277 2018 cum
1302 1991 1498 2026 octogesimum
1521 1995 1603 2025 atque
1625 1997 1658 2017 eo
1685 1991 1803 2026 amplius

1009 2045 1112 2065 annum
1131 2037 1278 2072 attigisset.
1297 2036 1422 2070 Mariam,
1439 2037 1562 2072 inquam,
1578 2035 1604 2063 id
1621 2037 1712 2064 aetatis
1729 2043 1805 2063 acoe-

1009 2083 1059 2118 pit,
1074 2087 1103 2110 ut
1120 2083 1295 2118 Ev‘angelium
1310 2087 1407 2110 narrat
1422 2092 1428 2110 :
1451 2082 1518 2110 Cum
1536 2087 1614 2114 esset,
1627 2083 1725 2117 inquit,
1749 2083 1798 2108 de-

1009 2134 1138 2164 sponsata
1154 2129 1245 2156 Maria
1254 2130 1276 2156 ⁵.
1295 2128 1354 2156 Νοη
1379 2128 1455 2161 dicit,
1477 2136 1539 2155 cum
1561 2127 1711 2162 nupsisset.
1735 2127 1801 2154 Item

1009 2175 1065 2202 alio
1083 2175 1144 2203 loco
1159 2185 1166 2202 :
1182 2176 1242 2202 Non
1266 2175 1385 2210 cognovit
1408 2174 1484 2201 illam
1497 2174 1519 2202 °.
1547 2172 1626 2200 Subit
1652 2180 1717 2200 vero
1740 2173 1802 2200 illos
1848 2167 1852 2174 ’

1009 2229 1105 2249 omnes
1128 2221 1273 2253 admirari,
1291 2221 1338 2256 qui
1359 2227 1457 2256 pravas
1478 2219 1612 2254 quasdam
1638 2218 1801 2246 occasiones

166 2272 232 2307 ᾐόει
247 2271 354 2304 αὑτήν.
376 2270 522 2305 Θαυμάσαι
539 2269 569 2295 δὲ
597 2268 669 2295 ἐστιν
691 2267 738 2294 ἐπὶ
762 2268 854 2299 πᾶσιν,
869 2265 910 2298 οἷς
931 2268 958 2293 αἱ

1013 2275 1044 2295 ac
1059 2267 1165 2303 species
1178 2270 1330 2302 captantes,
1345 2273 1439 2294 eorum
1451 2274 1512 2301 qua:
1522 2265 1589 2293 nihil
1605 2265 1676 2293 scire
1688 2265 1799 2296 attinet,

166 2318 317 2354 προφάσεις
336 2315 474 2352 θηρῶνται
497 2316 525 2343 αἱ
550 2315 668 2351 πονηραὶ
683 2316 703 2348 ¹,
720 2315 766 2342 καὶ
784 2312 821 2343 ὧν
834 2316 884 2343 οὐκ
898 2315 956 2342 ἐστι

166 2364 246 2400 χρεία
259 2363 372 2399 ὲρευνᾷν
391 2362 441 2394 τὰς
459 2361 559 2394 αἰτίας,
573 2362 621 2389 καὶ
634 2360 725 2397 ζητεῖν
744 2362 778 2389 τὰ
801 2362 838 2398 μὴ
861 2361 956 2397 ζητού-

167 2419 247 2445 μενα,
263 2409 316 2436 ἀπὸ
332 2409 361 2435 δὲ
375 2407 429 2435 τῶν
452 2407 608 2442 ἀναγκαίων
627 2408 774 2444 τρέπεσθαι
796 2408 842 2434 ἐπὶ
861 2407 955 2443 μωρὰς

166 2455 305 2491 ζητήσεις,
330 2453 373 2480 ἵνα
395 2453 504 2485 πάντως
529 2461 580 2479 που
598 2453 630 2480 ὲκ
647 2453 815 2489 πανταχόθεν
832 2453 954 2489 συναφθῇ

165 2501 232 2535 ἡμῖν
247 2498 357 2536 ὖλεθρος
371 2497 499 2529 ἀπιστίας
517 2497 563 2524 καὶ
578 2497 751 2533 βλασφημίας
765 2497 809 2524 διὰ
823 2497 872 2529 τὰς
888 2498 956 2533 πρὸς

165 2547 227 2577 τοὺς
251 2545 346 2579 ἁγίους
365 2543 485 2579 ἀτιμίας,
510 2543 565 2570 Καὶ
587 2543 694 2579 πρῶτον
715 2543 765 2579 μὲν
787 2541 833 2570 οὖν
850 2543 956 2579 ἐλέγχει

166 2591 264 2623 αὐτοὺς
294 2589 462 2625 πανταχόθεν
485 2590 502 2625 ἡ
526 2589 680 2622 ἀκολουθία,
703 2589 744 2616 ὅτι
773 2588 881 2624 πρῶτον
907 2589 955 2624 μὲν

166 2638 254 2672 γέρων
283 2636 355 2672 ὑπὲρ
389 2635 553 2670 ὀγδοήκοντα
579 2635 626 2671 ἐτη
659 2634 779 2669 γεγονὼς
802 2635 853 2661 οὐκ
875 2633 955 2660 ἔλασε

201 2717 210 2733 ί
229 2715 294 2744 Cor.
308 2715 333 2741 ot
347 2715 470 2750 πονηροί.
510 2715 520 2730 ¹
540 2712 600 2742 Gal.
616 2720 635 2746 l,
652 2713 695 2740 i9.
734 2713 745 2728 ³
760 2711 826 2740 Luc.
844 2719 884 2746 Ill,
898 2711 943 2739 23.

201 2795 257 2831 (99)
273 2794 395 2822 Ὡϐλίιιν
405 2793 644 2831 ἑρμηνεμόιέεγον
652 2791 865 2831 τεῖχοςξ-Μειίυξ
873 2798 957 2831 quam

167 2827 336 2866 [Vleges'ippus
356 2831 426 2864 apud
443 2828 605 2866 Euseb:_i_ib.
620 2835 649 2866 _n,
666 2835 726 2861 cap.
743 2827 788 2858 23,
810 2827 883 2854 unde
900 2827 958 2866 haec

167 2861 311 2900 desumpta
329 2861 409 2897 sunt;
427 2864 473 2898 qui
498 2862 605 2889 Ὧϐλίαν
618 2863 813 2897 interpretatur
829 2861 958 2897 περιοχὴν

1009 2321 1110 2341 causas
1130 2313 1310 2348 investigarit,
1334 2319 1366 2339 ac
1391 2319 1452 2347 qua;
1469 2311 1582 2338 minime
1603 2311 1801 2345 perscrutanda

1012 2363 1077 2387 sunt
1099 2358 1260 2394 inquirunt,
1278 2363 1305 2386 et
1325 2365 1342 2384 a
1363 2357 1527 2385 necessariis
1549 2356 1631 2384 rebus
1651 2356 1685 2384 ad
1703 2356 1802 2384 stultas

1014 2402 1181 2441 quaestiones
1196 2412 1256 2433 sese
1272 2407 1493 2436 convertunt,-ut
1511 2410 1544 2431 ex
1566 2410 1597 2430 ea
1616 2411 1677 2438 quas
1698 2403 1802 2431 sanctis

1010 2450 1172 2485 imponitur,
1197 2449 1357 2485 ignominia,
1383 2448 1551 2476 inﬁdelitatis
1573 2456 1607 2476 ex
1627 2447 1701 2475 omni
1724 2453 1802 2483 parte

1008 2495 1088 2523 nobis
1105 2503 1137 2522 ac
1153 2494 1327 2530 blasphemia:
1343 2494 1491 2529 perniciem
1508 2498 1589 2529 atque
1607 2494 1723 2522 exitium
1750 2494 1802 2521 im—

1010 2545 1129 2577 portent.
1150 2541 1286 2574 Quocirca
1317 2541 1437 2576 primum
1462 2540 1524 2568 illos
1549 2541 1588 2568 rei
1611 2540 1696 2568 series
1721 2544 1801 2575 atque

1009 2587 1078 2616 ordo
1106 2588 1164 2623 ipse
1185 2587 1335 2621 convincit,
1365 2587 1437 2622 quod
1465 2587 1592 2622 inprimis
1614 2586 1695 2614 homo
1719 2594 1800 2614 senex

1009 2640 1092 2669 supra
1111 2641 1182 2660 un
1203 2641 1290 2662 annos
1306 2638 1388 2661 natus
1405 2633 1539 2669 virginem
1556 2632 1590 2660 ad
1609 2639 1688 2659 usum
1702 2639 1795 2666 corpo-

984 2711 994 2727 ⁸
1012 2711 1078 2740 Luc.
1095 2719 1126 2745 II,
1142 2712 1187 2739 48.
1226 2712 1236 2728 ⁸
1253 2711 1350 2740 Matth.
1364 2721 1383 2745 ι,
1401 2712 1441 2740 I8.
1478 2713 1489 2728 ⁸
1503 2711 1569 2739 ibid.
1587 2710 1632 2738 26.

1006 2791 1054 2817 τοῦ
1069 2791 1146 2828 λαοῦ,
1165 2792 1212 2818 καὶ
1232 2791 1416 2828 δικαιοσύνην.
1437 2790 1490 2819 Sed
1506 2794 1548 2818 cst
1568 2777 1798 2822 Hebraicem‘zj

1008 2834 1069 2860 arx,
1088 2827 1146 2855 sive
1160 2827 1270 2854 munitio
1291 2826 1351 2854 Dex.
