1945 3043
173 130 221 158 7H

878 125 908 154 Β.
925 124 1096 153 ΕῘἪἮΑΝΠ

1756 125 1810 152 7i!

167 187 210 216 .ris
228 194 282 214 non
297 185 445 222 acceperit,
461 186 508 214 sed
531 185 622 213 divina
639 185 731 222 potius
747 185 918 222 previdcntia
932 186 962 213 ad

1019 186 1152 222 παρθένον
1169 187 1209 218 εἰς
1227 187 1335 222 χρῆσιν,
1351 185 1418 212 ἀλλὰ
1444 185 1543 220 μᾶλλον
1557 184 1720 220 ᾡκονομήθη
1733 185 1810 220 αὐτῷ

173 233 247 260 illam
281 233 488 260 custodiendam
513 236 555 258 est
577 232 730 267 appositus.
757 232 860 260 Deinde
886 232 966 260 ambo

170 283 249 306 erant
267 279 362 313 utique
374 277 460 312 justi;
480 285 568 313 neque
583 278 630 313 qui
649 277 701 304 hoc
715 279 800 305 semel
819 278 965 310 audiisset,

173 324 257 352 letum
273 324 358 357 illum,
373 331 454 358 quem
472 324 499 350 in
514 327 593 351 utero
611 323 671 358 ipsa
687 323 821 358 gestabat,
831 331 847 351 e
861 323 966 358 Spiritu

172 378 235 398 esse
249 374 356 403 sancto,
368 373 430 404 post
441 368 545 396 tantam
559 368 607 397 Dei
621 369 888 397 administrationem
900 375 966 397 vase

172 416 220 442 illo
237 415 349 442 auderet
364 415 414 447 uti,
435 414 508 449 quod
523 422 585 442 cum
604 421 702 450 capere
720 417 868 445 meruerat,
884 420 965 448 quem

171 460 207 488 ob
226 460 404 488 excellentem
428 460 542 495 gloriam
558 459 658 488 ccclum
677 466 710 487 ac
734 464 807 487 terra
823 459 966 487 continere

171 515 224 534 non
241 511 366 542 possunt.
383 505 450 533 Nam
463 507 486 533 si
500 506 552 533 boc
569 506 628 541 ipso
650 510 773 540 tempore
794 505 914 540 virgines
937 504 964 531 in

170 553 229 588 ejus
247 553 358 580 nomine
376 560 552 587 perseverare
572 552 599 579 in
619 552 666 579 illo
685 555 770 584 statu,
789 558 821 578 ac
834 551 965 578 castimo-

170 598 243 626 niam
260 604 288 626 ct
308 597 507 626 continentiam
524 605 634 626 servare
654 597 837 630 contendunt,
859 600 965 632 quanto

171 644 259 679 major
272 643 383 680 Joseplii
398 644 495 679 religio
510 649 570 672 erat
588 651 620 671 ac
644 643 746 676 Mariae,
765 651 837 678 quae,
851 647 882 670 ut
895 642 965 670 scri-

171 696 245 726 ptum
260 694 312 723 est,
327 690 418 718 omnia
431 689 460 720 in
477 692 559 718 corde
575 698 626 717 suo
644 690 804 718 conferebat
818 690 845 716 “2
865 688 964 724 Cujus-

169 737 243 764 modi
261 745 325 764 vero
340 741 399 764 erat
418 736 503 769 illud,
522 740 584 772 post
604 736 659 763 tale
682 740 844 771 tantumque
863 735 964 762 divina:

169 782 348 811 providentiae
373 783 552 818 mysterium,
580 781 750 817 decrepitum
780 788 873 809 senem
899 788 962 808 cum

169 828 274 863 virgine
295 827 452 856 castissima
477 832 504 856 et
523 827 736 855 honoratissima
763 833 962 858 consuescere,

1017 233 1055 265 είς
1072 232 1103 259 τὸ
1118 232 1277 268 φυλάττειν’
1293 231 1419 266 δεύτερον
1431 231 1460 257 δὲ
1475 230 1584 262 πάντως
1598 238 1650 256 που
1671 230 1718 257 καὶ
1732 230 1810 257 αὐτοὶ

1017 279 1138 315 ὑπῆρχον
1152 278 1263 307 δίκαιοι.
1285 278 1341 305 Καὶ
1356 278 1407 304 οὐκ
1424 277 1525 313 ἐτόλμα
1537 278 1552 304 ὁ
1566 276 1697 308 ἀκούσας,
1711 277 1754 304 ὅτι
1776 278 1810 304 ὲκ

1016 325 1176 361 Πνεύματος
1194 325 1273 359 ἁγίου
1293 324 1352 350 ἐστὶ
1367 323 1398 350 τὸ
1413 324 1442 350 ὲν
1458 323 1538 358 αὐτῇ,
1553 322 1594 350 ἔτι
1615 322 1809 349 ἐπιϐάλλεσθαι

1018 372 1087 407 μετὰ
1113 370 1241 406 τοιαύτην
1264 369 1420 405 οἰκονομίαν
1444 369 1562 406 χρῆσθαι
1587 369 1627 404 τῷ
1654 369 1746 395 σκεύει
1768 368 1808 403 τῷ

1016 417 1212 451 καταξιωθέντι
1225 416 1360 452 χωρῆσαι,
1374 416 1404 442 ὃν
1417 415 1531 451 οὐρανὸς
1542 415 1589 442 καὶ⁴
1601 415 1636 450 γῆ
1647 415 1697 442 οὐκ
1711 414 1808 450 ὲχώρει

1014 465 1048 493 δι’
1065 464 1217 501 ὑπερῦολὴν
1232 465 1281 499 τῆς
1295 463 1377 491 αὐτοῦ
1393 463 1483 498 δόξης.
1499 463 1531 489 Et
1547 462 1602 498 γὰρ
1626 462 1673 488 καὶ
1696 461 1744 488 νῦν
1768 463 1808 493 εἰς

1014 511 1100 546 ὖνομα
1129 509 1212 537 αὑτοῦ
1236 509 1366 545 παροένοι
1380 508 1513 535 διατελεῖν
1536 506 1736 542 ἀγωνίζονται,
1761 507 1809 533 καὶ

1015 557 1151 591 ἁγνεύειν,
1176 555 1224 583 καὶ
1240 554 1474 591 ὲγκρατεύεσθαι·
1502 553 1560 585 πῶς
1585 553 1685 589 μᾶλλον
1705 553 1756 580 οὒκ
1772 551 1808 589 ἦν

1015 603 1174 638 πιστότερος
1193 601 1304 636 Ἰωσὴφ,
1318 600 1366 627 καὶ¹
1379 600 1449 636 αὑτὴ
1469 600 1486 635 ἡ
1508 599 1604 635 Μαρία
1623 599 1713 626 πάντα
1735 608 1807 635 συμ-

1015 648 1150 675 ϐάλλουσα
1173 648 1214 679 είς
1234 646 1349 682 καρδίαν
1371 645 1466 681 αὐτῆς,
1486 645 1524 677 ὡς
1545 645 1716 680 γέγραπται;
1739 644 1808 672 ἀλλὰ

1017 693 1086 729 μετά
1098 693 1232 729 τοσαύτην
1254 693 1300 720 καὶ
1315 692 1443 729 τοιαύτην
1465 692 1511 719 καὶ
1525 693 1691 729 τηλικαύτην
1706 694 1810 720 οἰκονο-

1016 740 1091 775 μίαν,
1106 739 1274 774 συναφθῆναι
1291 738 1372 770 πάλιν
1391 739 1507 775 γέροντα
1526 739 1658 775 Παρθένῳ
1676 740 1745 775 ἁγνῇ
1759 740 1808 766 καὶ

1013 785 1193 821 τετιμημένῃ,
1220 784 1268 812 καὶ
1292 784 1382 811 σκεύει
1405 785 1561 820 χωρήσαντι
1583 784 1629 811 τὸν
1653 785 1805 820 ἀχώρητον,

1014 832 1061 859 καὶ
1076 831 1268 867 ὑποδεξαμένῳ
1287 830 1407 857 τοιοῦτον
1432 831 1580 866 μυστήριον
1596 830 1709 866 σημείου
1724 830 1808 857 ἐπου-

168 881 231 900 οιιιιι
246 880 289 905 eo,
307 873 430 908 inquam,
449 880 523 906 vase,
540 872 613 908 quod
631 879 693 900 eum
702 871 749 907 qui
764 871 824 907 capi
839 879 895 898 non
914 879 962 906 po-

1015 878 1106 914 ρανίου
1121 878 1170 905 καὶ
1184 878 1255 914 ζωῆς
1271 877 1440 914 ἁνθρώπωνς

169 922 224 946 test
240 923 361 954 ceperat,
389 926 421 946 ac
443 923 498 945 tam
521 918 687 953 stupendum
707 916 822 952 prodigii
841 916 962 945 ccelestis

167 969 197 992 et
213 964 338 992 humana:
357 964 454 992 salutis
471 963 634 999 mysterium
657 963 831 998 complexum
853 962 964 990 fuerat?

207 1010 253 1038 IX.
274 1011 344 1038 Nam
357 1018 418 1046 qua:
429 1011 551 1038 rationes
564 1009 598 1037 ad
613 1009 680 1036 illud
696 1009 896 1037 ostendendum
909 1015 964 1036 non

168 1061 328 1092 suppetant,
350 1057 458 1084 beatam
475 1055 618 1092 Virginem
634 1056 661 1082 in
678 1055 843 1083 castimonia
865 1055 965 1090 persti-

169 1102 259 1131 tisse?
279 1101 400 1130 Doceant
418 1108 470 1129 nos
488 1101 537 1134 illi,
560 1104 622 1136 post
637 1100 807 1128 Salvatorem
825 1100 853 1127 in
876 1100 964 1127 lucem

168 1148 274 1176 editum
291 1147 362 1175 ullos
380 1147 493 1174 Mariam
515 1147 656 1182 peperisse
671 1146 783 1174 liberos.
801 1145 900 1173 Dicant
913 1145 964 1173 ho-

170 1201 231 1222 rum
243 1192 365 1225 nomina,
378 1191 481 1228 105.1
503 1199 544 1225 ac,
560 1191 583 1219 si
594 1192 694 1227 placet,
707 1191 864 1227 conﬁngant
890 1190 964 1218 frau-

172 1239 216 1267 dis
248 1245 280 1265 ac
300 1237 432 1266 versutia:
456 1237 547 1265 omnis
565 1236 720 1264 architecti.
742 1236 796 1265 Sed
822 1237 888 1264 illud
916 1237 964 1265 de-

169 1287 324 1311 monstrare
349 1291 490 1318 nunquam
516 1287 656 1318 poterunt.
682 1282 744 1310 Non
769 1283 842 1311 enim
877 1282 962 1310 ullam

171 1329 255 1364 Virgo
267 1329 317 1357 viri
331 1326 559 1357 consuetudinem
575 1329 682 1356 habuit.
699 1329 779 1357 Absit
793 1333 823 1356 ut
834 1328 963 1357 habuisse

169 1377 312 1411 putemus!
334 1375 361 1402 Si
385 1375 457 1403 enim
475 1375 582 1410 aliquos
597 1374 699 1402 liberos
725 1375 886 1410 peperisset,
902 1382 963 1410 qua:

169 1429 233 1449 cum
261 1421 405 1449 Salvatore
430 1422 491 1456 ipso
518 1421 680 1449 versabatur
706 1421 828 1453 assidue,
857 1428 912 1448 una
936 1424 963 1448 et

170 1468 258 1503 ipsius
276 1467 346 1495 ﬁlios
362 1467 464 1495 vixisse
479 1467 615 1495 dicerent.
631 1466 686 1495 Sed
703 1467 755 1494 hoc
769 1466 824 1494 illis
841 1466 963 1502 Evange-

172 1514 201 1541 lii
218 1514 320 1542 dietum
340 1514 491 1548 imposuit:
506 1514 573 1542 Ecce
594 1518 679 1541 mater
697 1518 744 1540 tua
769 1518 794 1540 et
811 1514 908 1548 fratres
924 1514 962 1540 tui

1050 1009 1089 1037 Θ¹.
1110 1009 1196 1037 Πόθεν
1212 1010 1267 1047 γὰρ
1288 1010 1319 1038 οὐ
1343 1009 1486 1046 δείξωμεν,
1504 1011 1545 1039 ὃτι
1565 1011 1634 1048 ἁγνὴ
1657 1011 1807 1039 διετέλεσεν

1014 1055 1032 1090 ἡ
1046 1054 1202 1091 Παρθένος;
1226 1055 1399 1089 Δειξάτωσαν
1414 1056 1478 1092 ἡμῖν
1498 1056 1590 1089 εὐθὺς,
1613 1057 1654 1084 ὃτι
1670 1057 1739 1092 μετά
1757 1057 1824 1092 τὴν.

1014 1100 1062 1127 τοῦ
1077 1101 1203 1137 Σωτῆρος
1217 1101 1295 1137 ἡμῶν
1308 1101 1406 1138 κύησιν
1423 1102 1499 1134 τινὰς
1513 1103 1657 1139 ἐγέννησεν
1669 1104 1686 1139 ἡ
1700 1103 1806 1139 Μαρία.

1014 1146 1120 1173 Εἴπωσι
1136 1147 1171 1174 τὰ
1192 1147 1312 1183 ὀνόματα
1337 1147 1501 1180 πλάττοντες
1515 1149 1541 1175 οἱ
1561 1149 1746 1185 πλαστουργοὶ
1761 1149 1808 1176 καὶ

1015 1192 1135 1228 ῥαψῳδοὶ
1160 1193 1209 1228 τῆς
1232 1193 1340 1229 ἀπάτης
1365 1193 1413 1220 καὶ
1436 1192 1658 1229 κακομηχανίας·
1685 1193 1734 1220 καὶ
1756 1193 1807 1219 οὐκ

1014 1238 1105 1274 ἔχουσι
1125 1239 1219 1271 δεῖξαι.
1234 1239 1282 1266 -οὺ
1304 1239 1358 1275 γὰρ
1373 1240 1497 1276 συνήφθη
1512 1239 1523 1255 ⁸
1537 1239 1577 1265 ἐτι
1592 1238 1740 1274 Παρθένος“
1769 1239 1807 1274 μὴ

1013 1283 1135 1317 γένοιτοί
1155 1284 1186 1310 Εἰ
1200 1283 1255 1319 γὰρ
1269 1283 1413 1319 ἐγέννησεν
1429 1283 1473 1310 ἀεί
1494 1291 1558 1310 ποτε
1574 1282 1622 1308 σὺν
1635 1279 1709 1315 αὐτῷ
1723 1281 1810 1316 ὑπάρ-

1013 1338 1099 1364 χουσα
1118 1329 1157 1365 τῷ
1175 1330 1292 1365 Σωτῆρι,
1310 1329 1369 1365 ἀμα
1391 1329 1483 1364 ἔλεγον
1499 1329 1545 1356 καὶ
1562 1328 1597 1355 τὰ
1619 1327 1702 1354 τέκνα
1722 1327 1808 1361 αὐτῆς

1015 1377 1146 1404 συνεῖναι.
1162 1375 1254 1410 Πλανᾷ
1275 1375 1303 1402 δὲ
1327 1375 1427 1407 αὐτοὺς
1448 1375 1479 1402 τὸ
1501 1374 1665 1410 είρημένον·
1692 1372 1771 1400 Ἰδοὺ
1785 1372 1806 1406 ή

1010 1421 1110 1456 μήτηρ
1129 1429 1197 1454 σου,
1218 1421 1268 1448 καί
1289 1422 1316 1448 ol
1344 1421 1471 1456 ἀδελφοί
1491 1429 1550 1448 σου
1575 1419 1634 1452 ἔξω
1658 1418 1808 1453 ἑστήκασι

1013 1466 1170 1501 ζητοῦντές
1195 1475 1242 1494 σε.
1266 1467 1321 1494 Καὶ
1344 1467 1394 1494 οὐκ
1418 1467 1521 1494 οἴδασιν
1542 1466 1557 1494 ὃ
1578 1467 1632 1501 πρὸ
1654 1464 1750 1491 τούτου
1773 1463 1808 1500 ἦν

1013 1513 1218 1548 γεγραμμένον·
1235 1513 1296 1539 ’Ὁτι
1317 1513 1344 1539 οί
1364 1512 1488 1547 ἀδελφοί
1513 1511 1626 1539 αὐτοῦ’
1643 1511 1808 1539 ἐπίστευον

170 1560 237 1595 foris
251 1564 334 1592 stant,
349 1564 493 1595 qua-rentes
508 1565 532 1588 te
545 1561 566 1587 ¹.
579 1560 635 1587 Nec
650 1559 717 1587 illud
729 1558 959 1592 animadvertunt,

1014 1559 1056 1591 εἰς
1073 1559 1177 1586 αὐτόν.
1192 1558 1390 1594 Προὸαίνοντες
1416 1557 1471 1594 γὰρ
1496 1558 1543 1585 καὶ
1559 1558 1639 1594 ἡμεῖς
1652 1557 1691 1593 τῷ
1705 1557 1805 1593 χρόνῳ,

169 1606 242 1641 quod
259 1610 338 1633 antea
355 1607 488 1642 scriptum
503 1610 564 1634 est:
577 1606 712 1639 Quoniam
727 1605 825 1640 fratres
839 1605 896 1640 ejus
911 1613 962 1632 non

167 1652 309 1680 credebant
329 1652 357 1679 in
370 1652 448 1679 illum
464 1653 484 1680 ³.
506 1652 652 1680 Enimvero
667 1659 717 1680 nos
732 1658 879 1687 progressu
894 1655 963 1678 tem-

169 1699 243 1734 poris
266 1699 457 1726 instructiores
480 1698 592 1730 redditi,
610 1705 672 1725 cum
698 1697 847 1731 aliquando
868 1704 963 1725 sacras

168 1744 286 1772 Litteras
307 1748 362 1771 tam
387 1744 548 1779 simpliciter
569 1744 689 1779 scriptas
704 1751 766 1771 esse
783 1743 960 1774 miraremur,

169 1794 313 1826 postquam
332 1791 442 1826 penitus
466 1790 557 1817 omnia
580 1789 760 1825 pervidimus,
785 1789 841 1817 Deo
859 1789 962 1824 gratias

168 1845 248 1872 agere
263 1837 409 1871 coepimus,
426 1837 474 1871 qui
492 1836 667 1871 paucissimis
684 1835 850 1870 quibusdam
870 1835 962 1863 verbis

168 1890 263 1909 eorum
274 1882 408 1914 omnium,
421 1889 483 1917 qua:
495 1882 524 1909 in
537 1881 623 1909 sacris
636 1881 750 1909 Litteris
763 1881 868 1916 scripta
882 1885 960 1913 sunt,

170 1927 302 1954 munitam
319 1935 350 1954 ac
372 1927 521 1954 stabilitam
545 1928 689 1955 veritatem
715 1927 846 1954 exhibere
861 1927 959 1954 voluit.

170 1972 239 2000 Cum
253 1973 325 1999 enim
342 1973 376 2000 de
388 1972 491 2001 Jacobo
508 1973 619 2001 assidue
635 1973 702 2000 illud
719 1972 888 2006 audiremus,
907 1972 962 1999 l‘ra—

171 2022 240 2045 trem
253 2018 343 2053 ipsum
359 2017 469 2046 Domini
484 2023 610 2046 vocatum
636 2018 732 2052 fuisse,
749 2019 815 2054 quid
827 2019 900 2047 istud
917 2023 960 2047 to-

171 2065 223 2093 ties
245 2072 359 2093 necesse
379 2065 449 2092 foret
465 2069 589 2100 repetere
607 2065 799 2093 admirabundi
818 2066 961 2101 quaereba-

170 2119 242 2139 mus.
259 2110 336 2139 Nunc
350 2115 441 2139 autem
458 2119 508 2139 cur
522 2111 548 2139 id
571 2111 596 2138 in
617 2112 704 2140 sacris
719 2111 831 2140 Litteris
849 2116 912 2141 ante
925 2113 961 2140 sit

171 2158 337 2184 inculcatum
352 2158 540 2192 intelligimus.
555 2156 688 2186 Videlicet
703 2163 733 2186 ut
744 2166 806 2186 cum
822 2159 959 2187 audimus.

171 2203 237 2231 Ecce
256 2209 340 2231 mater
355 2209 400 2231 tua
412 2209 437 2232 et
452 2204 551 2239 fratres
567 2205 606 2232 ιιιὶ
629 2205 696 2240 faris
714 2210 796 2239 stant,
814 2211 959 2241 (lacerantes

170 2254 204 2282 te,
223 2250 257 2278 de
271 2250 373 2278 Jacoho
402 2258 434 2278 ac
449 2251 555 2279 caeteris
566 2250 677 2287 Iosephi
693 2252 768 2286 liliis,
785 2259 841 2279 non
855 2251 957 2284 Maria,
975 2244 997 2272 Ι)

170 2297 215 2331 qui
230 2296 297 2323 nulli
312 2301 386 2327 sunt.
405 2291 508 2324 dictum
524 2297 592 2325 illud
611 2305 674 2326 esse
691 2298 850 2326 doceamur.
865 2297 958 2333 Neque

168 2342 242 2370 enim
270 2342 383 2370 dubium
409 2347 468 2377 est,
494 2345 560 2379 quin
589 2343 727 2377 Iacobus,
751 2352 807 2379 quo
836 2349 959 2379 tempore

170 2387 297 2415 Christus
323 2389 350 2416 in
377 2389 429 2416 hoc
449 2391 552 2418 mundo
574 2391 752 2423 versabatur,
779 2395 853 2419 esset
879 2394 960 2418 aetate

169 2436 333 2470 provectior.
352 2435 487 2463 Cancrum
503 2437 603 2465 fratres
620 2438 694 2473 ipsos
711 2437 853 2472 Scriptura
868 2441 960 2468 vocat,

172 2481 328 2508 contrarias
352 2481 470 2510 haereses
494 2483 575 2510 tacite
597 2483 777 2518 redarguens,
795 2490 828 2510 ac
848 2482 960 2509 nomina

171 2526 279 2554 illorum
303 2527 473 2562 exprimens:
499 2527 647 2560 Jacobum,
671 2528 752 2561 Jose,
778 2527 960 2563 Symeonem,

168 2572 278 2604 Judam.
306 2573 434 2601 Salomen
463 2577 490 2601 et
511 2573 634 2601 Mariam.
659 2574 698 2600 Ex
718 2582 772 2609 quo
790 2573 959 2601 declaratum

171 2617 239 2646 illud
256 2619 352 2650 voluit,
372 2619 452 2654 cujus
472 2619 556 2651 ﬁlius,
573 2622 600 2646 et
619 2627 652 2646 ex
666 2626 718 2653 qua
734 2622 822 2645 matre
838 2617 959 2645 Jacobus

168 2668 241 2692 esset
254 2665 373 2700 genitus,
388 2670 443 2692 tum
458 2671 518 2692 uter
531 2668 596 2691 natu
612 2664 741 2699 grandior
757 2664 836 2691 foret.
852 2663 958 2690 Etenim

1013 1605 1062 1632 καὶ
1081 1604 1268 1640 θαυμάζοντες
1289 1605 1336 1632 ἐπὶ
1358 1606 1415 1637 τοῖς
1440 1605 1469 1632 ὲν
1491 1606 1551 1637 ταῖς
1575 1605 1661 1637 θείαις
1684 1605 1808 1640 Γραφαῖς

1012 1651 1049 1683 ὼς
1067 1651 1184 1683 εὐτελῶς
1203 1651 1418 1687 γεγραμμένοις,
1436 1651 1491 1678 ἰδοὺ
1506 1650 1577 1678 κατά
1592 1651 1646 1678 πᾶν
1665 1651 1694 1678 ὲν
1711 1650 1805 1686 αἰσθή-

1014 1706 1055 1724 σει
1072 1698 1222 1733 γινόμενοι,
1235 1698 1450 1733 εὐχαριστοῦμεν
1463 1697 1522 1733 Θεῷ
1537 1696 1576 1733 τῷ
1598 1696 1806 1733 προασφαλισα-

1013 1744 1087 1779 μένῳ
1111 1744 1156 1779 διὰ
1178 1744 1233 1770 τῶν
1254 1743 1404 1771 δοκούντων
1429 1744 1552 1780 βραχέων
1575 1743 1705 1779 ῥημάτων
1728 1744 1757 1769 ὲν
1772 1743 1806 1778 τῇ

1012 1789 1072 1825 θείᾳ
1086 1790 1181 1826 Γραφῇ
1198 1791 1332 1826 παριστᾷν
1347 1789 1438 1826 πάσης
1454 1790 1566 1826 Γραφῆς
1587 1789 1638 1826 τὴν
1662 1789 1805 1826 ἀλήθειαν.

1019 1835 1075 1862 Ἀεὶ
1097 1835 1151 1871 γάρ
1166 1835 1312 1867 ἀκούοντες
1324 1836 1388 1871 περὶ
1407 1835 1546 1868 Ἰακώϐου,
1562 1836 1603 1862 ὅτι
1627 1832 1713 1867 οὗτος
1727 1835 1806 1862 ἁδελ-

1012 1880 1062 1914 φὸς
1078 1881 1202 1908 ἐκαλεῖτο
1215 1881 1264 1908 τοῦ
1280 1881 1394 1917 Κυρίου,
1409 1881 1594 1917 θαυμάζοντες
1609 1881 1748 1916 ἐλέγομεν,
1764 1881 1807 1913 τίς

1011 1927 1027 1961 ἡ
1040 1926 1135 1962 χρείας
1154 1926 1211 1953 Νῦν
1227 1926 1255 1953 δὲ
1272 1927 1396 1962 ἔγνωμεν
1415 1927 1448 1953 δι’
1463 1928 1496 1962 ἢν
1511 1927 1610 1959 αἰτίαν,
1626 1927 1664 1958 ὡς
1674 1928 1805 1962 προεῖπεν

1011 1973 1028 2007 ή
1047 1972 1106 1999 θεία
1119 1973 1215 2009 Γραφή
1225 1982 1231 1990 ι
1256 1973 1325 2000 ἀλλὰ
1336 1973 1445 2005 πάντως
1460 1973 1503 2000 ἴνα
1516 1973 1580 2000 ὅταν
1592 1973 1745 2008 ἀκούωμεν,
1762 1973 1805 1999 ὅτι

1019 2019 1091 2047 Ἰδοὺ
1104 2020 1123 2054 ἡ
1134 2020 1233 2055 μήτηρ
1245 2028 1315 2053 σου,
1329 2020 1378 2048 καί
1392 2023 1419 2048 οἱ
1436 2020 1562 2055 ἀδελφοί
1572 2027 1631 2047 σου
1644 2020 1702 2052 ἔξω
1715 2019 1806 2054 ἐστή-

1012 2074 1085 2094 κασι
1108 2067 1266 2101 ζητοῦντές
1286 2075 1333 2100 σε,
1353 2067 1497 2103 μάθωμεν,
1521 2067 1562 2093 ὅτι
1579 2067 1643 2102 περὶ
1675 2065 1805 2094 Ἰακώϐου

1012 2113 1096 2148 λέγει,
1123 2114 1170 2141 καὶ
1192 2113 1246 2140 τῶν
1266 2113 1354 2140 ἄλλων
1383 2113 1449 2140 υἱῶν
1472 2113 1582 2148 Ἰωσὴφ,
1608 2113 1655 2140 καὶ
1682 2113 1712 2140 οὺ
1740 2113 1805 2150 περὶ

1012 2159 1077 2186 υἱῶν
1098 2160 1204 2195 Μαρίας
1221 2159 1276 2187 τῶν
1292 2159 1328 2195 μὴ
1348 2159 1506 2195 γινομένων.
1531 2159 1616 2195 Δῆλον
1631 2159 1685 2195 γὰρ
1703 2156 1749 2195 ἦν,
1762 2160 1804 2186 ὁτι

1014 2205 1115 2240 μείζων
1126 2202 1160 2240 ἦν
1174 2205 1188 2230 ὁ
1212 2204 1340 2237 Ἰάκωϐος
1360 2206 1394 2241 τῇ
1412 2205 1504 2240 ἡλικίᾳ
1522 2205 1592 2232 κατὰ
1606 2204 1656 2240 τὴν
1673 2204 1804 2240 ἔνσαρκον

1011 2251 1058 2277 τοῦ
1083 2250 1186 2286 Κυρίου
1212 2251 1372 2286 παρουσίαν.
1403 2250 1545 2285 Ἀδελφοὺς
1566 2251 1594 2277 δὲ
1615 2249 1805 2284 αύτοῦς’λέγει

1011 2295 1187 2330 διελέγχουσα
1205 2297 1221 2331 ἠ
1237 2297 1257 2322 Γ
1259 2296 1344 2332 ραφὴ,
1363 2296 1411 2322 καὶ
1424 2296 1554 2332 ὀνομαστὶ
1571 2295 1690 2323 καλοῦσα
1711 2295 1806 2322 Ἰάκω-

1013 2342 1069 2374 ϐον,
1087 2342 1135 2368 καὶ
1160 2342 1249 2376 Ἰωσῆ,
1270 2343 1317 2369 καὶ
1332 2342 1474 2377 Συμεῶνα,
1489 2342 1537 2368 καὶ
1562 2341 1673 2374 Ἰούδαν,
1691 2341 1739 2368 καὶ
1753 2342 1806 2368 Σα-

1010 2388 1116 2424 λώμην,
1136 2388 1183 2415 καὶ
1202 2389 1322 2424 Μαρίαν.
1347 2389 1405 2415 Ἵνα
1425 2389 1530 2424 μάθωσι
1557 2388 1647 2416 τοίνυν
1660 2388 1733 2420 τίνος
1747 2388 1806 2420 υἱὸς
1835 2415 1841 2421 ,

1011 2434 1151 2470 τυγχάνει,
1177 2435 1225 2461 καὶ
1248 2435 1280 2462 ὲκ
1303 2435 1383 2466 ποίας
1399 2435 1500 2471 μητρὸς
1524 2435 1538 2461 ό
1570 2435 1713 2466 ’ῐάκωόος·
1740 2435 1803 2469 νοή-

1014 2489 1080 2508 σωσι
1100 2480 1129 2507 δὲ
1150 2481 1221 2507 κατά
1235 2481 1284 2516 τὴν
1299 2481 1407 2515 ἡλικίαν
1429 2481 1470 2512 τίς
1493 2481 1551 2507 ἐστι
1573 2480 1681 2515 μείζων.
1704 2480 1733 2507 '0
1749 2480 1804 2517 γὰρ

1019 2526 1123 2562 Ἰησοῦς
1147 2526 1311 2562 σταυροῦται
1336 2528 1364 2553 ὲν
1390 2526 1445 2554 ἔτει
1470 2526 1624 2562 τριακοστῷ
1649 2526 1733 2561 τρίτῳ
1753 2527 1805 2562 τῆς

1013 2571 1096 2597 αὐτοῦ
1110 2571 1243 2607 ὲνσάρκου
1257 2573 1408 2608 παρουσίας
1418 2581 1425 2588 ³
1439 2572 1487 2599 τοῦ
1513 2573 1541 2598 δὲ
1560 2572 1678 2607 Ἡρώδου
1692 2570 1727 2607 ἦν
1743 2572 1807 2599 κατ’

1013 2616 1102 2643 ἐκεῖνο
1124 2617 1222 2653 καιροῦ
1262 2619 1312 2653 (1),
1346 2617 1406 2645 υἱοῦ
1433 2618 1461 2645 δὲ
1497 2617 1654 2653 Ἀρχελάου,
1680 2617 1740 2650 ἔτος
1767 2619 1808 2645 εί-

1013 2663 1118 2690 κοστόν.

168 2710 248 2738 Jesus
264 2718 335 2738 anno
348 2710 437 2738 aetatis
450 2718 508 2738 sua:
523 2717 609 2737 χχχιιι
633 2710 661 2736 in
681 2717 791 2737 crucem
815 2713 894 2736 actus
910 2713 963 2740 est,
984 2708 1031 2743 qui
1046 2713 1106 2735 erat
1120 2707 1237 2737 Herodis
1251 2708 1377 2737 Archelai
1394 2709 1442 2737 ﬁlii
1457 2709 1615 2738 vicesimus.

207 2767 216 2782 ¹
228 2767 297 2795 Luc.
311 2776 342 2800 tl,
363 2769 406 2797 19.
444 2769 454 2784 ²
472 2768 537 2795 Luc.
559 2776 618 2800 vm,
634 2767 680 2795 20.
718 2768 728 2783 ³
745 2767 824 2795 Joan.
841 2775 890 2799 vn,
907 2767 932 2794 5.

206 2827 244 2862 (1)
262 2829 366 2865 Τοῦλδὲ
386 2829 515 2865 Ἡρώδου
527 2828 566 2865 ἦν
577 2828 640 2857 κατ’
653 2828 751 2856 ἐκεῖνο
765 2828 878 2862 καιροῦ.
894 2827 956 2854 Fal-

172 2868 232 2889 sum
248 2867 289 2891 cst
306 2863 437 2893 Herodem
462 2863 550 2899 illum,
574 2873 628 2900 quo
645 2868 774 2899 regnante
791 2871 889 2899 passus
917 2867 958 2892 est

973 2766 984 2782 ⁸
1003 2765 1070 2801 Reg.
1086 2765 1231 2800 συνῆφθαι.
1270 2766 1281 2781 ⁸
1292 2765 1373 2794 Deest
1386 2766 1448 2794 οὐκ.

1011 2827 1154 2858 Dominus,
1170 2826 1296 2854 Archelai
1321 2826 1405 2854 fuisse
1428 2826 1531 2858 filium,-
1549 2826 1690 2862 mult0que
1715 2827 1806 2862 magis

1012 2862 1084 2898 quod
1100 2865 1127 2890 et
1141 2861 1222 2897 paulo
1238 2866 1309 2897 post,
1326 2866 1353 2890 ct
1367 2862 1445 2890 initio
1465 2862 1556 2897 operis
1574 2861 1668 2896 hujus,
1685 2862 1712 2890 in
1727 2861 1806 2891 calce
