1945 3043
147 143 197 172 713

441 145 626 175 ADVEllSUS
646 145 816 175 HASRESES
834 144 899 173 LIB.
920 144 942 172 ΙΙ

994 144 1061 173 ΓΟΜ.
1085 145 1117 172 ΙΙ.
1138 160 1171 164 -
1192 143 1329 172 ΗᾹΞΠΕΞ.
1349 142 1489 171 LXXVIII.

1716 143 1769 173 τιι

180 205 208 232 Ι¹.
235 204 280 232 Ἔν
295 203 349 240 γὰρ
371 202 410 240 τῷ
424 204 575 240 τριακοστῷ
595 204 679 241 τρίτῳ
694 203 749 230 ἔτει
761 201 809 230 τοῦ
826 202 933 238 πρώτου

1023 201 1058 230 X.
1077 203 1157 229 Anno
1173 202 1273 238 quippe
1291 201 1405 230 Herodis
1426 200 1543 229 senioris
1565 200 1702 236 Antipatri
1722 200 1770 228 ﬁlii

151 250 282 286 Ἦρώδου,
307 249 365 277 υἱοῦ
397 250 585 286 Ἀντιπάτρου,
606 251 734 285 γεννᾶται
752 250 766 276 ὁ
789 248 884 284 Σωτὴρ
906 248 935 274 ἐν

147 295 271 331 Βηθλεὲμ
284 295 334 330 τῆς
356 294 495 326 Ἰουδαίας.
511 296 579 331 ὅπερ
597 293 631 330 ἦν
643 295 860 328 τεσσαρακοστὸν
876 293 933 319 δεύο

146 349 225 377 τερον
251 341 407 376 Amano.
422 341 570 375 βασιλέως.
596 341 650 367 Καὶ
664 341 780 375 ποιήσας
804 341 851 374 ἔτη
878 338 934 370 δύο,

147 386 315 421 λαμὸάνεται
339 386 391 412 ὑπο
411 385 458 412 τοῦ
484 386 581 421 Ἰωσὴφ
602 386 642 417 εἰς
664 385 811 420 Αίγυτιτον,
835 385 879 411 διὰ
900 386 936 412 τὰ

146 432 200 458 ὑπὸ
219 431 273 459 τῶν
293 431 388 467 μάγων
412 430 451 466 τῷ
472 429 578 465 Ἡρώδῃ
593 430 725 466 εἰρημένα
743 430 790 457 τοῦ
816 431 935 466 Ἡρώδου

147 477 292 512 ζητοῦντος
314 476 360 503 τὸν
376 476 467 503 παῖδα.
485 475 600 502 ’Κάτεισι
616 475 644 502 δὲ
665 476 706 507 είς
717 475 866 510 Αἴγυπτον,
889 476 936 502 καὶ

146 522 218 548 τελεῖ
238 522 327 548 ἐκεῖσε
342 520 410 548 ἄλλα
433 520 481 547 δύο
496 520 553 555 ἐτη.
576 519 629 546 Καὶ
642 519 755 555 τελευτᾷ
778 520 901 557 Ἡρώδης
921 521 935 546 ὁ

148 566 274 602 βασιλεὺς
306 565 360 592 ἔτει
385 564 546 600 ιτριακοστῷ
576 564 692 599 ἑϐδόμῳ.
727 565 883 599 Διαδὲχεται
909 564 937 591 δὲ

146 612 242 639 τοῦτον
274 611 418 647 Ἀρχέλαος
435 611 449 637 ὁ
473 609 532 641 υίὸς
552 610 635 637 αὑτοῦ
663 611 709 636 ὲπί
737 609 825 637 ἔτεσιν
848 609 935 636 ἐννέα.

147 658 204 685 Καὶ
220 657 306 688 οὕτως
321 658 337 692 ἡ
357 656 534 692 πραγματεία
553 655 713 689 τελειοῦται,
730 655 778 682 καὶ
793 655 936 690 παραδίδο-

147 713 192 731 ται
207 703 316 739 σταυρῷ
329 702 554 737 ὀκτωκαιδεκάτῳ
578 701 627 737 μὲν
646 701 700 728 ἔτει
721 701 845 737 Τιϐερίου
869 701 937 728 Καί-

149 758 248 785 σαρος,
286 749 334 776 τοῦ
361 748 390 775 δὲ
419 748 560 784 Ἀγρίππα
586 747 779 783 ἐπικληθέντος
798 748 935 782 Μεγάλου,

154 795 274 830 Ἡρώδου
290 792 318 819 δὲ
336 792 492 829 Νεωτέρου,
519 793 577 820 υίοῦ
594 794 622 820 δὲ
650 793 806 829 Ἀρχελάου,
828 793 888 825 ἔτος
903 791 937 828 ἦν

149 840 280 868 εἰκοστόν.
302 839 427 875 Οὐδαμοῦ
449 839 478 866 δὲ
504 839 660 875 ἠκούσαμεν
681 840 727 866 τὸν
747 839 847 875 Ἰωσὴφ
862 839 938 870 υῑοὺς

149 886 327 921 πεποιηκότα.
352 885 421 911 Ἀλλ’
448 884 520 918 οὔτε,
551 874 620 921 μετὰ
644 885 674 911 τὸ
701 884 789 911 ἐλθεῖν
811 884 866 911 ἀπὸ
889 884 938 919 τῆς
955 874 975 901 Β

146 933 299 968 Αἰγύπτου,
315 933 330 959 ὁ
346 932 425 963 αὐτὸς
441 931 555 959 ἐϐίωσεν
577 932 623 958 ἐπὶ
649 931 756 963 πολλοῖς
781 931 862 958 ἔτεσι.
888 931 937 957 Τέ-

149 987 247 1014 ταρτον
264 978 318 1013 γὰρ
332 975 365 1013 ἧν
385 977 444 1008 ἔτος
458 977 496 1012 τῷ
514 977 620 1013 Σωτῆρι
631 986 637 992 ·
653 977 692 1012 τῷ
707 978 735 1004 δὲ
757 977 856 1012 Ἰωσὴφ
870 976 939 1011 ὑπὲρ

150 1024 210 1056 ἔτος
232 1022 412 1058 ὀγδοηκοστὸν
436 1023 578 1058 τέταρτον,
605 1023 649 1049 ὅτε
673 1024 705 1049 ὲκ
727 1023 776 1058 τῆς
802 1022 939 1057 Αἰγύπτου

149 1070 243 1105 χώρας
268 1068 445 1105 παρεγένετο.
472 1068 528 1096 Καὶ
549 1068 682 1104 διέμεινεν
705 1068 774 1096 ἄλλα
795 1068 842 1103 ἐτη
868 1067 940 1095 ὀκτὼ

156 1116 256 1151 Ἰωσὴφ
271 1114 385 1150 περιὼν,
400 1115 448 1141 καὶ
471 1115 500 1141 ὲν
527 1114 566 1150 τῷ
582 1115 687 1150 δεκάτῳ
702 1116 709 1130 ¹
724 1114 792 1147 ἔτει,
810 1113 940 1141 ἀνιόντων

150 1161 198 1190 ἐπὶ
220 1161 409 1197 Ἰερουσαλὴμ,
424 1159 555 1197 ἐζητήθη,
569 1161 614 1187 ὅτε
632 1161 681 1196 οὐχ
702 1160 844 1196 εὑρίσκετο
861 1160 891 1186 ὲν
906 1160 939 1195 τῇ

150 1207 299 1243 ὁδοιπορίᾳ,
316 1206 354 1239 ὡς
368 1206 424 1242 ἔχει
440 1206 470 1233 τὸ
485 1207 556 1234 κατὰ
569 1206 676 1234 Λουκᾶν
690 1206 863 1241 Εὐαγγέλιον.
884 1206 941 1233 Μέ-

152 1262 199 1281 σον
214 1253 242 1281 δὲ
256 1252 359 1280 τούτων
378 1252 432 1280 τῶν
452 1253 521 1280 ἐτῶν
541 1253 654 1289 τελευτᾷ
675 1253 784 1288 Ἰωσὴφ,
816 1253 862 1279 καὶ
891 1253 939 1280 άν-

151 1299 258 1334 ετράφη
280 1298 371 1325 οὐκέτι
397 1298 450 1325 ὑπὸ
475 1299 520 1326 τὸν
540 1299 650 1334 Ἰωσὴφ,
672 1298 729 1325 ἀλλ’
750 1299 791 1331 είς
809 1298 853 1325 τὸν
868 1297 941 1327 οἷκον

152 1344 200 1371 τοῦ
225 1345 334 1380 Ἰωσήφ.
351 1344 432 1372 Ὅθεν
450 1344 542 1372 οὐκέτι
559 1344 590 1372 τὸ
602 1344 767 1380 Εὐαγγέλιον
781 1345 879 1380 φάσκει
896 1345 941 1372 λέ-

153 1385 374 1424 γον,ὄτιἯλθεν
390 1390 404 1416 ὸ
421 1389 512 1426 παήρ
532 1390 626 1423 αὑτοῦ,
641 1392 689 1418 καὶ
702 1391 719 1426 ἡ
740 1391 831 1427 μήτηρ
848 1390 941 1423 αὐτοῦ,

153 1433 200 1460 καὶ
218 1434 243 1460 οι
269 1433 393 1469 ἀδελφοί·
418 1435 487 1469 ἀλλ’,
510 1435 588 1463 Ἰδοὺ
613 1435 632 1470 ἠ
647 1435 746 1471 μήτηρ
760 1443 830 1469 σου,
852 1436 901 1464 καὶ
915 1437 943 1464 οι

153 1479 280 1515 ἀδελφοί
293 1488 351 1508 σου
365 1481 424 1513 ἔξω
446 1482 624 1516 ἑστήκασιν.
651 1483 721 1510 Ἀλλ’
735 1483 797 1510 οὔτε
818 1484 863 1510 ὅτε
886 1483 944 1510 ελε-

153 1533 202 1560 γον
223 1526 298 1562 αὑτῷ
314 1527 344 1553 ὲν
365 1529 397 1563 τῇ
420 1528 555 1564 Ἰδουμαίᾳ
580 1529 603 1544 ⁸·
622 1528 726 1562 οὐδεὶς
742 1529 835 1556 ταῦτα
851 1529 944 1556 ποιῶν

154 1570 234 1599 θέλει
249 1572 284 1599 ὲν
306 1573 426 1608 κρυπτῷ
445 1571 532 1601 εἶναι.
555 1575 590 1601 Εἰ
611 1575 706 1602 ταῦτα
732 1575 835 1608 πιιιῖς,
852 1575 943 1610 saure—

152 1625 254 1651 ρωσον
267 1614 400 1645 σεαυτὸν
410 1634 419 1647 .
446 1619 496 1645 οὐκ
516 1616 602 1652 εἷπεν,
618 1620 658 1646 ὅτι
667 1617 750 1646 Εἶπεν
764 1619 838 1655 αὐτῷ
860 1621 874 1647 ὁ
891 1628 944 1647 πα-

154 1662 208 1699 τὴρ
226 1663 320 1696 αὑτοῦ,
344 1663 393 1691 καὶ
414 1665 438 1690 oi
464 1664 574 1699 ἀδελφοὶ
596 1664 692 1697 αὑτοῦ,
713 1664 771 1692 ἀλλ’
796 1666 820 1692 οἱ
835 1665 945 1699 ἀδελφοὶ

155 1708 248 1743 αὑτοῦ,
265 1709 304 1742 ὡς
316 1709 365 1737 τοῦ
386 1710 485 1746 Ἰωσὴφ
506 1710 606 1746 μηκέτι
628 1711 796 1746 ὑπάρχοντος
821 1710 894 1738 κατὰ
914 1711 946 1737 τὸ

157 1756 246 1792 σῶμα.
263 1755 329 1785 Εἶτα
352 1757 380 1784 δὲ
402 1758 446 1784 ἐπ’
458 1758 525 1794 αὐτῇ
540 1760 573 1793 τῇ
586 1758 734 1790 τελειώσει,
758 1758 802 1784 ὅτε
816 1759 830 1784 ὁ
851 1757 945 1793 Σωτὴρ

156 1802 185 1827 ὲν
203 1801 243 1837 τῷ
260 1802 368 1838 σταυρῷ
388 1803 511 1839 ἕστηκεν,
535 1803 573 1835 ὡς
597 1803 653 1839 ἔχει
669 1803 699 1830 τὸ
724 1803 794 1830 κατὰ
821 1802 952 1838 Ἰωάννην

156 1848 331 1883 Εὑαγγέλιον,
356 1849 511 1884 Στραςρεὶς,
538 1849 630 1885 φησιν,
649 1847 707 1876 εἶδε
730 1849 784 1876 τὸν
795 1848 945 1884 μαθητὴν,

156 1894 193 1922 ὃν
211 1894 313 1930 ἠγάπα
328 1896 345 1922 ὁ
361 1895 479 1929 Κύριος,
495 1895 543 1922 καὶ
558 1893 634 1922 εἶπεν
652 1895 727 1931 αὐτῷ
747 1896 811 1931 περὶ
824 1896 945 1931 Μαρίας·

163 1940 242 1968 Ἰδοὺ
263 1941 283 1975 ἡ
298 1940 398 1976 μήτηρ
413 1948 488 1968 σου·
520 1941 567 1968 καὶ
581 1942 615 1977 τῇ
628 1941 696 1978 αὐτῇ
717 1942 807 1976 λέγει·
835 1941 908 1969 Ἰδοὺ
931 1943 948 1969 ὁ

157 1986 222 2019 υιός
235 1993 305 2014 σου.
323 1987 354 2013 Εί
368 1984 438 2022 ἦσαν
458 1987 487 2014 δὲ
499 1986 582 2014 τέκνα
593 1988 626 2022 τῇ
641 1987 746 2023 Μαρίᾳ,
760 1987 807 2014 καὶ
820 1988 844 2014 εί
860 1987 948 2022 ὑπῆρ-

153 2039 205 2067 ¹χεν
227 2032 296 2068 αὐτῇ
313 2032 395 2068 ἀνὴρ,
409 2032 462 2059 τίνι
477 2032 549 2068 λόγῳ
564 2032 706 2068 παρεδίδου
722 2033 772 2068 τὴν
788 2032 896 2069 Μαρίαν
909 2032 949 2067 τῷ

164 2077 285 2114 Ἰωάννῃ,
312 2078 357 2105 καὶ
380 2078 426 2105 τὸν
447 2078 572 2114 Ἰωάννην
590 2079 622 2113 τῇ
644 2078 754 2114 Μαρίᾳ;
778 2079 836 2105 Τίνι
858 2079 887 2106 δὲ
910 2078 949 2114 τῷ

156 2122 231 2159 λόγῳ
255 2123 353 2159 Πέτρῳ
389 2123 490 2159 μᾶλλον
512 2124 543 2151 οὐ
566 2123 751 2159 mmmam;
774 2124 827 2151 τίνι
852 2124 881 2151 δὲ
909 2124 950 2159 τῷ

157 2168 230 2204 λόγῳ
261 2168 392 2205 Ἀνδρέᾳ,
421 2169 554 2205 Ματθαίῳ
587 2177 617 2195 τε
651 2169 698 2196 καὶ
730 2169 948 2205 Βαρθολομαίῳς

985 247 1066 275 tertio
1096 255 1128 275 ac
1153 247 1295 275 tricesimo
1321 247 1449 275 Christus
1473 246 1640 274 Bethlehemi
1671 245 1771 274 Judam

985 293 1118 325 nascitur,
1146 293 1259 328 Augusti
1286 300 1350 320 vero
1378 299 1444 319 XLII.
1471 291 1574 320 Deinde
1598 296 1660 327 post
1684 299 1772 323 annos

985 339 1054 366 duos
1070 339 1097 366 in
1121 338 1268 374 Egyptum
1293 339 1328 365 ab
1347 337 1465 376 Joscpho
1489 342 1692 373 transportatus
1713 342 1773 370 est,

986 392 1047 411 cum
1068 384 1190 412 Herodes
1201 385 1236 411 ob
1247 391 1290 417 ea,
1305 392 1366 419 qua:
1379 384 1448 420 magi
1463 384 1697 416 renuntiaverant,
1708 392 1775 419 pue-

986 437 1046 456 rum
1073 429 1107 456 ιιι]
1133 438 1225 457 necem
1262 430 1421 464 requireret.
1455 428 1546 462 Quare
1572 429 1599 456 in
1625 428 1793 465 [Egyptum'

987 475 1126 510 profectus
1141 475 1252 502 biennio
1274 475 1331 502 illic
1347 479 1469 502 moratus
1481 480 1533 503 est.
1554 474 1619 502 Post
1640 475 1697 502 [nec
1722 475 1772 503 He-

987 518 1067 547 rodes
1100 519 1168 546 obiit
1192 526 1264 546 anno
1294 519 1370 554 regni
1399 519 1443 546 sui
1470 527 1574 547 xxxvii.
1597 519 1702 555 1042
1723 520 1773 548 Cui

987 565 1121 593 successit
1142 565 1292 592 Archelaus
1314 564 1396 597 ﬁlius,
1413 565 1458 600 qui
1483 573 1509 592 Ix
1534 566 1614 593 annis
1640 567 1774 601 regnavit.

987 609 1025 636 Ita
1042 610 1215 645 postmodum
1232 610 1359 638 Christus
1373 618 1408 638 eo
1427 611 1511 643 onmi,
1529 611 1609 645 cujus
1625 612 1710 645 gratia
1731 620 1777 640 ve-

987 659 1076 687 nerat,
1103 655 1228 683 absoluto
1248 656 1368 690 negotio,
1391 655 1418 682 in
1439 663 1549 684 crucem
1566 657 1681 690 tollitur,
1704 664 1777 685 anno

987 700 1088 728 Tiberii
1104 701 1221 729 Czesaris
1236 709 1315 734 xvtu,
1328 702 1374 737 qui
1388 705 1448 729 erat
1461 702 1586 737 Agrippa
1603 702 1704 738 Magni,
1718 703 1777 731 sive

988 745 1103 775 Herodis
1119 746 1241 775 Junioris
1257 747 1382 775 Archelai
1399 747 1458 780 ﬁlii,
1475 755 1563 776 annus
1579 756 1625 775 xx.
1635 748 1776 784 Nusquam

987 799 1052 819 vero
1070 791 1218 827 Josephum
1236 793 1393 827 suscepisse
1416 793 1518 822 liberos
1538 794 1703 829 accepimus.
1724 795 1778 822 Sed

990 845 1076 873 neque
1091 843 1267 873 posteaquam
1283 846 1314 865 ex
1333 838 1452 874 Egypto
1475 839 1565 872 rediit,
1586 839 1632 868 diu
1654 842 1779 876 supervi-

993 883 1040 910 xit.
1056 884 1158 918 Agebat
1182 889 1240 911 tum
1255 884 1381 912 Christus
1404 893 1507 912 annum
1530 885 1619 913 :etatis
1636 891 1778 922 quartum.

991 929 1127 964 Josephus
1151 937 1251 957 Lxxxlv
1276 935 1443 962 excesserat.
1468 939 1530 958 cum
1547 939 1580 959 ex
1597 932 1715 968 Egypto
1736 941 1780 960 re-

993 981 1089 1002 versus
1102 977 1155 1001 est.
1172 973 1236 1002 Post
1258 975 1315 1002 haec
1329 975 1391 1003 aliis
1411 983 1458 1003 VIII
1474 977 1550 1004 vixit.
1568 976 1636 1004 Nam
1652 977 1780 1006 Christus

994 1026 1095 1046 annum
1113 1027 1196 1054 agens
1212 1028 1262 1052 xu,
1278 1028 1340 1047 cum
1364 1019 1579 1056 Hierosolymam
1598 1022 1714 1057 profecti
1736 1031 1782 1052 es-

993 1069 1071 1096 sent,
1094 1065 1225 1099 quaesitus
1248 1069 1300 1096 est,
1317 1065 1389 1100 quod
1412 1065 1438 1092 in
1461 1066 1559 1093 itinere
1574 1074 1627 1094 non
1644 1071 1719 1095 esset
1734 1076 1780 1096 re-

995 1115 1098 1144 pertus,
1120 1114 1149 1137 ut
1163 1109 1244 1137 Lucae
1260 1114 1376 1138 testatur
1389 1110 1565 1146 Evangelium
1577 1113 1596 1139 ³.
1613 1112 1698 1141 Ροιτο
1712 1121 1781 1141 non-

994 1156 1058 1183 dum
1070 1157 1188 1184 evolutis
1203 1157 1283 1184 annis
1294 1156 1348 1184 illis
1362 1157 1498 1192 Josephus
1513 1158 1640 1192 moritur,
1655 1167 1686 1187 ac
1700 1159 1782 1189 Jesns

994 1210 1049 1230 non
1067 1203 1184 1238 amplius
1201 1202 1252 1231 sub
1268 1202 1327 1236 illo,
1345 1203 1392 1230 sed
1416 1202 1442 1230 in
1465 1203 1525 1238 ejus
1546 1204 1626 1232 domo
1648 1205 1783 1234 duntaxat

994 1249 1128 1277 educatus
1142 1254 1194 1277 est.
1213 1249 1282 1277 Hinc
1303 1254 1346 1278 est
1360 1250 1432 1285 quod
1447 1250 1474 1277 in
1490 1250 1636 1287 Evangelio
1655 1260 1710 1280 non
1724 1252 1782 1288 jam

996 1296 1062 1323 illud
1079 1296 1181 1324 dicitur
1194 1305 1201 1324 :
1215 1296 1296 1324 Venit
1310 1301 1387 1332 pater
1406 1297 1504 1332 ipsius,
1520 1301 1546 1325 et
1567 1301 1665 1331 mater,
1681 1303 1707 1327 et
1729 1299 1784 1327 fra-

995 1346 1052 1370 tres
1070 1342 1130 1377 ejus
1141 1363 1149 1376 ,
1167 1342 1213 1370 sed
1229 1349 1237 1369 :
1254 1341 1320 1369 Ecce
1335 1347 1418 1369 mater
1437 1348 1494 1375 tua,
1512 1348 1537 1371 et
1554 1343 1650 1378 fratres
1666 1345 1703 1372 tui
1718 1345 1783 1381 foris

996 1393 1068 1416 stant
1080 1389 1107 1424 ‘;
1122 1388 1169 1417 sed
1182 1396 1270 1424 neque
1281 1396 1343 1416 cum
1358 1389 1384 1416 in
1400 1389 1509 1417 Galilaea
1524 1390 1564 1418 sic
1575 1390 1650 1418 illum
1664 1391 1785 1428 alloque-

996 1439 1112 1463 rentur:
1127 1435 1211 1463 Nemo
1233 1435 1288 1463 Ιιαιε
1320 1443 1398 1471 agens
1415 1436 1443 1462 in
1468 1437 1569 1464 occulto
1591 1437 1688 1465 versari
1703 1439 1783 1473 cupit.

997 1481 1027 1509 Si
1052 1481 1108 1509 lia’c
1133 1481 1217 1516 facis,
1238 1480 1324 1516 prazbe
1343 1485 1367 1508 le
1393 1481 1598 1516 nmnifeslum':
1623 1490 1676 1510 non
1694 1483 1784 1512 dixit:

997 1527 1079 1555 Pater
1098 1528 1185 1563 ipsius
1196 1533 1222 1556 et
1236 1528 1347 1560 fratres,
1368 1527 1415 1556 sed
1436 1527 1535 1555 fratres
1554 1528 1651 1563 ipsius,
1665 1537 1698 1557 eo
1712 1530 1786 1565 quod

994 1571 1130 1609 Josepbus
1144 1573 1173 1600 in
1187 1580 1302 1608 corpore
1326 1581 1388 1601 esse
1408 1573 1546 1601 desiisset.
1569 1573 1641 1607 Quin
1653 1575 1735 1602 etiam
1757 1576 1786 1604 in

996 1620 1056 1654 ipso
1073 1619 1136 1646 vita:
1151 1619 1237 1652 exitu,
1263 1626 1324 1645 eum
1346 1618 1473 1646 Christus
1489 1619 1517 1645 in
1541 1626 1623 1646 cruce
1645 1620 1785 1655 penderet,

997 1669 1026 1692 ut
1041 1665 1068 1692 in
1087 1665 1200 1693 Joannis
1218 1664 1365 1700 Evangelio
1378 1664 1509 1699 scriptum
1527 1669 1569 1692 est
1579 1665 1606 1691 ⁶;
1621 1665 1786 1701 Conversus,

997 1709 1096 1744 inquit,
1114 1708 1178 1736 vidit
1199 1709 1369 1743 discipulum,
1395 1716 1469 1743 quem
1489 1708 1617 1744 diligebat
1640 1709 1787 1746 Dominus,

996 1754 1076 1789 eique
1092 1753 1126 1782 de
1142 1754 1228 1782 Maria
1245 1755 1333 1782 dixit:
1350 1754 1416 1783 Ecce
1432 1761 1516 1784 mater
1528 1762 1595 1789 tua;
1611 1761 1668 1784 tum
1684 1760 1764 1786 matri
1778 1769 1786 1788 :

998 1799 1065 1827 Ecce
1083 1800 1156 1834 ﬁlius
1173 1805 1243 1828 tuus.
1267 1801 1350 1837 Atqui
1365 1802 1388 1829 si
1406 1801 1488 1830 Maria
1509 1803 1610 1833 liberos
1634 1805 1787 1839 habuisset,

999 1851 1046 1873 aut
1062 1849 1201 1881 superstes
1219 1846 1262 1874 vir
1285 1847 1344 1882 ejus
1372 1847 1479 1881 fuisset,
1504 1857 1554 1877 cur
1575 1851 1649 1878 illam
1672 1851 1788 1885 Joanni,

997 1887 1131 1917 Joannem
1155 1889 1194 1917 illi
1213 1891 1435 1920 commendaret?
1458 1892 1557 1921 Verum
1574 1902 1624 1922 cur
1639 1903 1692 1923 non
1708 1895 1789 1925 Petro

998 1935 1101 1970 potius,
1124 1937 1167 1964 vel
1188 1937 1313 1970 Andreae,
1336 1939 1378 1966 vel
1407 1937 1535 1968 Matthteo
1558 1940 1789 1970 Bartholomarove

999 1983 1191 2012 commendat?
1207 1982 1341 2012 Nimirum
1358 1983 1457 2013 Joanni
1473 1992 1584 2022 propter
1602 1987 1789 2023 virginitatem

999 2028 1052 2056 hoc
1066 2029 1162 2057 tribuit
1175 2038 1182 2056 :
1195 2029 1272 2063 Ecce,
1292 2030 1390 2066 inquit,
1411 2037 1494 2059 mater
1513 2037 1569 2060 tua.
1585 2032 1748 2069 Quanquam
1765 2035 1789 2062 si

1000 2081 1101 2109 corpus
1125 2075 1303 2109 consideres,
1328 2076 1441 2106 Joannis
1465 2082 1552 2106 mater
1569 2086 1623 2106 non
1640 2085 1716 2112 erat,
1742 2080 1789 2108 sed
1847 2103 1859 2107 _

1000 2128 1060 2148 eam
1086 2122 1173 2156 ipsam
1196 2122 1361 2158 virginitatis
1378 2131 1441 2151 esse
1460 2124 1610 2159 principem
1634 2125 1789 2160 signiﬁcare

1000 2165 1101 2198 voluit,
1126 2167 1256 2201 quoniam
1286 2167 1320 2195 ab
1345 2167 1391 2194 illa
1416 2168 1470 2195 vita
1495 2170 1639 2203 processit.
1667 2169 1708 2197 Ad
1732 2169 1789 2198 haec

166 2213 247 2240 Ἀλλὰ
267 2213 357 2249 δῆλον,
366 2214 408 2241 ὅτι
427 2204 544 2250 ’Ῑωάννῃί
564 2214 606 2241 διὰ
620 2214 668 2249 τὴν
688 2214 854 2250 παρθενίαν
875 2211 942 2242 Ίὸοἱ

1000 2210 1145 2243 Joannem,
1170 2204 1358 2241 licet-alienus
1373 2220 1406 2241 ac
1428 2214 1540 2241 minime
1557 2214 1730 2250 propinquus
1744 2223 1790 2244 es-

158 2259 213 2296 γάρ
223 2260 243 2294 ἠ
250 2259 350 2295 μήτηρ
359 2268 429 2288 σου.
442 2261 539 2288 Καίτοι
548 2269 579 2294 γε
592 2261 642 2286 οὐκ
652 2258 686 2295 ἦν
701 2261 792 2296 μήτηρ
805 2260 888 2287 αὺτοῦ
899 2260 948 2287 τοῦ

165 2305 289 2333 Ἰωάννου
305 2306 376 2333 κατὰ
396 2307 501 2342 σάρκα·
523 2307 579 2333 ἀλλ’
595 2307 639 2334 ἴνα
654 2306 728 2342 δείξῃ
743 2307 826 2342 αὐτὴν
842 2307 949 2342 μητέρα

159 2351 280 2386 ἀρχηγὸν
294 2351 343 2386 τῆς
356 2351 503 2387 παρθενίας
513 2360 519 2366 ·
542 2352 634 2388 ἐπειδὴ
650 2352 679 2384 ἐξ
691 2353 776 2387 αὐτῆς
789 2353 806 2387 ἡ
827 2352 884 2387 ζωὴ
897 2350 930 2388 ἦν
940 2361 948 2369 ·

158 2396 206 2422 καὶ
218 2396 258 2431 τῷ
277 2396 398 2433 Ἰωάννῃ.
407 2397 494 2423 καίτοι
508 2405 540 2430 γε
552 2397 609 2424 δντι
619 2397 689 2424 κατὰ
704 2397 793 2432 σάρκα
806 2397 949 2433 ἀλλοτρίῳ,

160 2441 262 2475 ἔλεγεν,
286 2441 329 2468 ἴνα
352 2442 445 2478 διδάξῃ
468 2443 550 2478 τιμᾷν
568 2443 617 2478 τὴν
638 2442 705 2470 ἰδίαν
728 2443 810 2470 αὑτοῦ
832 2443 948 2479 μητέρα,

159 2488 200 2515 ὅτι
212 2487 251 2522 τῷ
273 2488 322 2523 μὲν
338 2488 396 2515 ὄντι
416 2489 485 2515 κατὰ
506 2489 596 2523 σάρκα
617 2489 646 2521 ἐξ
663 2489 747 2524 αὐτῆς
761 2489 843 2521 αὐτὸς
854 2489 869 2514 ὁ
894 2489 950 2516 Κύ-

161 2542 218 2568 ριος
248 2533 420 2569 γεγέννηται,
447 2534 490 2560 ἵνα
514 2535 551 2569 μή
570 2543 613 2566 τις
637 2534 734 2570 νομίσῃ
751 2535 860 2570 δόκησιν
882 2532 950 2561 εἶναι

159 2579 209 2615 τὴν
233 2580 436 2615 πραγματείαν,
457 2580 503 2606 καὶ
518 2580 567 2606 οὐκ
589 2579 726 2614 ἀλήθειαν.
748 2579 779 2606 Et
796 2580 834 2616 μὴ
850 2579 951 2616 γὰρῆν

159 2625 242 2653 αὐτοῦ
259 2626 367 2658 ἀληθῶς
389 2627 479 2662 μήτηρ
503 2626 572 2653 κατὰ
600 2626 689 2661 σάρκα
708 2626 833 2662 κυήσασα
857 2627 949 2658 αὑτὸν,

195 2706 203 2721 ¹
223 2705 252 2732 F.
265 2706 420 2742 δωδεκάτῳ.

471 2707 480 2722 ¹
495 2706 524 2734 F.
541 2707 570 2733 ὲν
588 2708 621 2742 τῆ
639 2707 778 2744 Γαλιλαίᾳ.

159 2740 193 2767 26
209 2749 223 2769 s
232 2749 271 2777 ιιι.

836 2707 846 2723 ³
862 2706 927 2734 Luc.
947 2714 977 2740 ll,
990 2707 1033 2734 t2.

1001 2260 1053 2289 set,
1067 2257 1159 2285 verbis
1170 2257 1225 2285 illis
1237 2257 1335 2286 aﬂatus
1348 2263 1402 2292 est,
1414 2259 1454 2286 uti
1467 2264 1581 2287 matrem
1598 2260 1787 2290 honorandum

1000 2310 1062 2331 esse
1083 2307 1259 2331 monstraret.
1282 2304 1420 2340 Siquidem
1439 2313 1472 2333 ex
1492 2306 1537 2332 illa
1554 2305 1698 2340 Dominus,
1715 2309 1790 2343 quod

1000 2348 1035 2375 ad
1052 2355 1153 2384 corpus
1168 2349 1275 2382 attinet,
1297 2357 1391 2378 revera
1415 2355 1496 2379 natus
1514 2355 1566 2384 est,
1587 2359 1622 2380 ne
1643 2353 1706 2388 quis
1732 2354 1790 2382 for-

1000 2397 1075 2422 tasse
1097 2398 1184 2422 totum
1201 2395 1401 2424 incarnationis
1423 2397 1563 2432 negotium
1583 2401 1659 2433 putet
1677 2403 1790 2428 externa

1001 2440 1108 2475 specie,
1133 2449 1187 2468 non
1213 2441 1329 2470 veritate
1353 2447 1492 2471 constare.
1520 2443 1625 2480 1053
1645 2444 1712 2473 Nam
1737 2446 1790 2474 nisi

1001 2494 1066 2515 vere
1086 2493 1173 2515 mater
1190 2489 1251 2523 ejus
1268 2489 1428 2522 exstitisset,
1447 2497 1461 2517 a
1478 2497 1532 2525 qua
1547 2497 1659 2519 carnem
1682 2498 1787 2527 accepe-

1002 2538 1054 2566 rat,
1072 2541 1186 2569 quaeque
1200 2534 1290 2570 ipsum
1304 2540 1457 2571 pepererat,
1469 2543 1523 2563 non
1541 2539 1644 2563 tantam
1659 2537 1683 2564 ei
1696 2543 1788 2564 curant

1003 2580 1163 2613 adhiberet,
1181 2584 1211 2607 ut
1229 2586 1388 2616 perpetuam
1410 2581 1548 2616 Virginem
1565 2582 1768 2610 commendaret
1783 2591 1791 2614 ;

1003 2633 1064 2660 qua).
1077 2630 1105 2653 et
1121 2629 1208 2653 mater
1221 2626 1256 2653 ob
1269 2632 1427 2662 susceptum
1438 2634 1471 2654 ex
1492 2627 1552 2662 ipsa
1565 2634 1666 2662 corpus
1683 2626 1791 2660 fuisset,

1085 2707 1096 2723 ⁸
1108 2705 1175 2734 Luc.
1192 2714 1253 2739 vni,
1263 2705 1310 2736 20.
1383 2707 1463 2734 Joan.
1478 2706 1564 2740 vn,4.
1613 2706 1624 2722 '
1637 2706 1719 2735 Joau.
1732 2714 1789 2740 nx,

159 2808 224 2845 tomi
247 2807 348 2845 prioris
366 2806 645 2845 _([aujz_1_sedt_t._uolum.
661 2807 686 2839 1,
709 2807 839 2845 c_a_l_._‘275)_
853 2829 860 2841 ,
881 2806 1035 2845 aﬁirmavit,
1061 2804 1196 2834 Herodem
1211 2807 1360 2845 Agrippam
1379 2806 1474 2845 fuisse.
1495 2805 1557 2834 Fuit
1573 2806 1646 2834 enim
1662 2806 1782 2836 Herodes

159 2841 273 2879 Antipas
286 2841 401 2870 Herodis
428 2841 516 2877 Magni
537 2842 619 2874 ﬁlius,
641 2847 671 2870 ut
692 2842 724 2870 ad
739 2843 816 2872 illum
833 2843 923 2872 locum
943 2842 1116 2871 observatum
1129 2845 1181 2870 est.
1238 2841 1249 2845 '
1278 2841 1305 2844 "
1395 2842 1401 2848 ‘

300 2888 341 2918 ΡΑ
349 2896 438 2918 ῐιιοι..
455 2887 513 2917 Gn.
538 2888 634 2918 λιιι.

1605 2888 1645 2918 23
