1945 3043
145 172 198 200 71⁸5

830 168 860 195 5.
882 166 1052 196 EPIPIMNII

1721 163 1776 192 ’716

144 234 172 260 et
187 229 222 257 ob
238 229 312 258 illius
339 228 470 256 honorem
486 231 568 263 atque
585 226 745 255 admirabile
760 227 885 262 corporis
897 227 939 255 sui

999 226 1040 252 ›ὑκ
1063 224 1097 252 ἂν
1116 224 1181 260 περὶ
1207 222 1292 258 αὐτῆς
1317 222 1366 259 τὴν
1392 222 1550 258 ἐπιμέλειαν
1573 222 1690 249 ἔποιεῖτο
1710 221 1721 238 ³
1747 221 1778 248 τδ

145 284 194 303 vas
209 274 314 302 nullam
335 274 422 302 labem
438 273 604 302 admisisset.
623 273 675 301 Sed
700 273 788 308 pergit
810 271 934 308 Evange-

146 321 225 352 lium,
244 325 282 353 et,
298 319 340 347 Ea:
356 320 415 352 illa,
434 320 532 355 inquit,
549 319 592 347 die
606 319 705 354 accepit
720 327 779 346 eam
789 319 934 353 dircipulus

147 368 183 395 ad
201 376 266 395 sese.
283 365 364 401 Atqui
381 366 402 394 si
418 370 445 393 et
459 367 547 393 virum
563 366 686 398 haberet,
710 369 737 393 et
760 365 884 397 domum,
908 368 935 391 et

147 413 259 446 liberos,
276 412 308 440 ad
328 419 377 440 sua
394 412 495 447 potius,
513 419 596 448 quam
612 412 645 439 ad
661 412 782 439 alienum
800 418 861 439 sese
873 417 937 438 con-

148 459 240 486 ferret.

182 544 228 571 XI.
245 543 344 572 Vereor
360 551 395 571 ne
411 544 464 572 hoc
489 545 580 580 ipsum
602 543 676 580 quod
698 543 817 571 dicimus
847 542 937 570 fraudi

149 588 185 616 sit
199 588 348 623 aliquibus,
366 592 396 615 ut
410 588 443 616 ad
461 589 675 616 contubernales
694 595 726 615 ac
741 588 855 615 dilectas
868 594 937 623 quas

148 638 249 661 vocant
270 634 387 662 feminas
417 634 574 662 retinendas
607 633 692 669 (quod
715 641 800 669 genus
821 633 939 668 pessimo

150 680 202 708 sibi
219 680 302 707 animi
318 687 412 708 errore
420 679 567 707 machinati
585 679 661 714 sunt)
676 701 684 713 ,
709 679 801 706 fucum
816 679 880 706 inde
893 679 941 705 ali-

150 733 232 760 quem
257 730 284 753 et
297 725 417 752 colorem
433 725 582 752 areessisse
597 724 752 752 videantur.
767 723 867 751 Verum
883 723 940 750 illic

151 775 226 798 certa
253 770 372 805 quadam
404 769 582 805 providentia:
606 770 713 797 ratione
750 768 940 796 administrata

152 820 217 845 sunt
230 817 339 849 omnia;
357 816 394 843 ita
402 819 431 843 ut
446 820 534 843 totum
550 816 603 843 hoc
619 815 756 851 negotium
774 815 808 842 ab
824 814 941 841 aliorum

153 863 287 895 omnium,
305 869 366 897 qua:
379 869 410 889 ex
427 861 474 889 Dei
489 861 618 888 mandato
628 860 782 896 praestanda
791 865 866 893 sunt,
883 860 942 888 oili-

986 271 1154 308 παραδοῦναι
1169 271 1220 306 τὴν
1238 270 1439 306 ’Δειπάροενον,
1455 270 1560 306 μητέρα
1575 270 1624 305 μὲν
1637 270 1780 304 γεγονυῖαν

985 318 1029 345 διὰ
1053 318 1102 353 τὴν
1123 317 1290 352 οἰκονομίαν,
1313 316 1447 351 ἄχραντον
1471 316 1498 342 δὲ
1521 316 1564 343 διὰ
1579 315 1629 351 τὴν
1646 315 1714 351 πρὸς
1735 315 1780 342 τὸν

986 363 1067 391 αὑτὸν
1086 363 1179 398 τιμὴν,
1195 363 1242 390 καὶ
1260 363 1290 389 τὸ
1315 362 1412 394 σκεῦος
1427 362 1457 388 τὸ
1472 362 1638 397 θαυμαστόν.
1653 361 1735 396 Λέγει
1751 361 1780 388 δὲ

986 410 1016 436 τὸ
1024 409 1189 444 Εὑαγγέλιον
1201 417 1207 424 ·
1223 409 1278 436 Καὶ
1286 408 1345 436 ἀπὸ
1356 408 1411 442 τῆς
1421 407 1533 443 ἰυιέρας
1548 408 1665 441 ἐκείνης
1672 407 1781 434 ἔλαϐον

986 455 1083 489 αὐτὴν
1089 454 1163 489 πρὸς
1169 455 1286 481 ἑαυτόν.
1295 454 1326 480 Et
1333 453 1360 481 δὲ
1367 451 1439 489 εἶχεν
1449 453 1543 489 ἄνδρα,
1553 453 1576 479 εἰ
1585 450 1656 488 εἶχεν
1665 451 1748 486 οἷκον,
1756 453 1780 478 εἰ

988 499 1044 536 εἶχε
1053 500 1144 532 τέκνα,
1153 501 1192 531 είς
1202 500 1236 526 τα
1251 499 1304 525 ἴδια
1311 498 1453 535 ἀνεχώρει,
1465 498 1495 524 οὐ
1503 497 1572 535 πρὸς
1579 498 1624 524 τὸν
1633 498 1781 533 ἀλλότριον.

1024 546 1075 573 lA'.
1094 545 1174 572 Ἀλλὰ
1201 545 1237 581 μὴ
1257 544 1338 571 τοῦτο
1363 545 1471 580 στραφῇ
1486 545 1524 575 εἰς
1539 543 1642 579 βλάϐην
1658 543 1696 580 (1)
1711 543 1779 575 τισὶ,

989 590 1036 617 καὶ
1049 590 1160 622 δόξωσιν
1184 590 1213 616 ὲν
1231 589 1317 624 τούτῳ
1344 588 1494 624 λαμϐάνειν
1513 588 1661 625 πρᾎφασιν,
1678 595 1784 614 συνεισ-

989 637 1090 667 άκτους
1105 636 1152 662 καὶ
1161 635 1306 670 ἀγαπητὰς
1317 634 1534 670 ἐπικαλουμένοις
1551 635 1657 666 ἑαυτοῖς
1668 634 1784 660 ἐπινοεῖν

989 682 1032 709 διὰ
1047 681 1238 717 κακομήχανον
1253 680 1392 707 ὑπόνοιαν.
1402 681 1506 707 Ἐκεῖσε
1517 680 1570 715 γὰρ
1581 679 1615 706 τὰ
1634 679 1784 715 πράγματα

991 727 1122 758 ἐτελεῖτο,
1150 727 1211 752 κατ’
1236 725 1393 761 οίκονομίαν
1411 725 1439 752 δὲ
1459 725 1630 761 διῃρημένων
1644 725 1699 751 τῶν
1715 733 1784 760 πρα-

991 772 1105 808 γμάτων
1119 772 1172 799 ἀπὸ
1186 771 1237 806 τῆς
1248 771 1331 806 ἄλλης
1341 771 1449 806 ἁπάσης
1462 770 1533 797 κατὰ
1548 770 1614 797 Θεὸν
1626 769 1785 805 ὀφειλούσης

991 817 1175 852 φυλάττεσθαι
1188 816 1342 853 ἀκριϐείας.
1355 817 1410 843 Καὶ
1424 816 1478 851 γὰρ
1487 815 1531 843 ὅτε
1546 815 1626 842 τοῦτο
1642 816 1785 851 γεγένητο,

992 864 1039 891 καὶ
1071 862 1239 898 παρείληφεν
1258 861 1343 897 αὐτὴν
1370 861 1438 898 πρὸς
1460 861 1565 893 ἑαυτὸν,
1588 860 1681 888 οὐκέτι
1716 869 1786 896 παρ-

154 909 259 937 ciorum
284 908 342 942 lege
355 910 429 934 esset
447 913 480 934 ac
501 906 667 934 necessitate
684 904 849 940 scjunct'um.
865 904 941 933 Prae-

999 908 1085 944 ἔμεινε
1095 907 1160 943 παρ’
1171 906 1254 942 αὐτῷ.
1264 906 1343 933 Ἀλλὰ
1354 907 1401 933 καὶ
1411 905 1550 932 είδοκοῦσί
1561 914 1632 937 τινες
1644 905 1787 940 ἐσφάλθαι,

156 957 230 982 terea
247 957 425 988 posteaquam
447 951 514 979 illud
536 952 573 978 ita
597 955 704 987 gestum
724 955 778 983 est,
793 955 821 978 et
834 951 867 978 ad
883 959 944 979 sese

155 998 230 1025 illam
245 997 362 1032 accepit,
379 1003 432 1023 non
447 995 565 1030 amplius
588 995 660 1030 apud
680 995 769 1030 ipsum
781 995 942 1030 permansit.

155 1043 234 1077 Quod
260 1042 283 1070 si
310 1042 380 1069 falso
394 1041 494 1077 jactari
511 1041 647 1076 quispiam
664 1048 680 1068 a
695 1040 775 1068 nobis
793 1040 943 1074 existimet,

155 1089 220 1117 licet
242 1094 385 1116 sacrarunt:
413 1086 582 1114 Litterarum
605 1086 721 1121 vestigia
738 1085 944 1117 consectari,in

155 1134 258 1170 quibus
274 1133 378 1160 nullam
386 1131 421 1160 de
437 1131 529 1159 Mariae
544 1131 620 1159 obitu
634 1131 800 1159 mentionem
817 1131 944 1166 reperiet,

156 1185 264 1208 mortua
277 1179 313 1206 sit
342 1184 439 1210 necne,
458 1177 567 1212 sepulta
592 1184 627 1204 au
646 1184 702 1204 non
729 1177 837 1212 sepulta
853 1175 944 1203 fuerit.

156 1225 197 1252 Ac
225 1231 288 1251 cum
308 1221 429 1250 Joannes
448 1221 559 1248 interim
583 1222 612 1250 in
637 1220 730 1248 Asiam
744 1220 887 1256 profectus
899 1221 945 1252 sit,

157 1276 294 1304 nusquam
308 1273 399 1296 tamen
414 1267 443 1295 Β.
468 1267 608 1302 Virginem
627 1266 734 1294 itineris
752 1267 880 1295 comitem
903 1274 948 1295 se-

157 1322 221 1342 cum
234 1314 310 1340 illum
327 1313 457 1341 habuisse
471 1311 624 1348 signiﬁcat;
641 1311 689 1340 sed
701 1311 735 1340 de
748 1319 780 1340 ea
793 1319 823 1340 re
838 1312 947 1348 penitus

160 1360 302 1395 Scriptura
317 1358 488 1392 conticescit,
505 1358 531 1386 id
544 1357 617 1393 quod
633 1363 743 1393 propter
757 1358 948 1388 admirationis

158 1404 358 1432 Veheiuentiam
371 1403 474 1430 iactum
489 1402 620 1435 arbitror,
633 1409 667 1429 ne
682 1402 825 1430 hominum
840 1402 947 1431 animos

159 1451 291 1486 majorem
307 1449 453 1485 quemdam
487 1449 515 1476 in
540 1452 680 1483 stuporem
711 1447 873 1482 conjiceret.
891 1447 948 1484 Ego

159 1495 232 1522 enim
243 1493 425 1530 pronuntiare
446 1493 513 1520 illud
524 1501 631 1525 vereor,
652 1497 680 1520 et
696 1492 780 1520 tacita
808 1492 880 1528 apud
904 1500 948 1521 me

161 1541 326 1577 cogitatione
340 1545 470 1575 reputans
486 1540 553 1567 mihi
573 1540 712 1568 silentium
726 1539 828 1567 indico.
842 1539 948 1576 Quippe

995 953 1134 989 ζητήσωσι
1146 952 1180 979 τὰ
1198 952 1259 988 ἴχνη
1275 951 1330 978 τῶν
1348 951 1477 987 Γραφῶν,
1491 951 1539 977 καὶ
1553 949 1670 986 εὕρωσιν
1683 950 1716 977 ἃν
1726 949 1788 976 οὗτε

995 999 1110 1027 θάνατον
1140 999 1259 1035 Μαρίας,
1288 997 1352 1025 οὒτε
1379 999 1404 1024 εί
1439 996 1581 1033 τέθνηκεν,
1605 996 1668 1023 οὔτε
1694 997 1720 1023 εί
1751 996 1789 1032 μὴ

993 1046 1141 1081 τέθνηκεν·
1160 1044 1222 1071 οὔτε
1244 1045 1269 1070 εί
1297 1043 1443 1074 τέθαπται,
1461 1042 1524 1070 οὔτε
1547 1043 1571 1070 εί
1589 1042 1627 1079 μὴ
1644 1042 1787 1070 τέθαπται.

996 1091 1093 1118 Καίτοι
1107 1099 1139 1126 γε
1153 1090 1201 1118 τοῦ
1220 1090 1345 1117 Ὶωάννώ
1362 1090 1426 1126 περὶ
1441 1089 1490 1126 τὴν
1511 1089 1603 1116 Ἀσίαν
1615 1087 1790 1125 ἐνστειλαμέ-

996 1145 1042 1164 νου
1055 1137 1104 1172 τὴν
1117 1136 1230 1172 πορεξαν
1244 1144 1251 1150 ·
1269 1136 1317 1163 καὶ
1331 1135 1452 1171 οὐδαμοῦ
1474 1135 1559 1170 λέγει,
1574 1135 1615 1162 ὃτι
1634 1134 1790 1170 ἐπηγάγετο

998 1182 1058 1218 μεθ’
1072 1181 1169 1210 ἑαυτοῦ
1189 1182 1240 1217 τὴν
1262 1181 1343 1216 ἁγίαν
1359 1180 1513 1217 Παρθένον·
1530 1180 1588 1207 ἀλλ’
1601 1180 1694 1212 ἁπλῶς
1710 1179 1790 1207 ἐσιώ-

1000 1236 1089 1264 πησεν
1104 1228 1121 1263 ἡ
1133 1227 1229 1263 Γραφὴ
1239 1226 1283 1253 διὰ
1298 1226 1329 1253 τὸ
1341 1225 1509 1262 ὑπερϐάλλον
1521 1224 1566 1252 τοῦ
1586 1225 1735 1261 θαύματος,
1747 1225 1792 1251 ἵνα

1000 1273 1038 1308 μὴ
1054 1274 1095 1305 εἰς
1109 1272 1240 1308 ἔκπληξιν
1254 1272 1347 1307 ἀγάγῃ
1360 1271 1409 1307 τὴν
1425 1271 1544 1298 διάνοιαν
1558 1271 1612 1297 τῶν
1625 1270 1779 1307 ἀνθρώπων

1005 1318 1078 1354 Ἐγὼ
1090 1318 1144 1354 γὰρ
1165 1319 1197 1345 οὐ
1216 1318 1308 1354 τολμῶ
1329 1317 1430 1352 λέγειν,
1444 1316 1513 1345 ἀλλὰ
1525 1316 1714 1352 διανοούμενος
1733 1324 1794 1342 σιω-

999 1364 1052 1401 πὴν
1075 1363 1163 1391 ἀσκῶ.
1194 1363 1270 1400 Τάχα
1298 1364 1352 1400 γάρ
1375 1372 1427 1390 που
1452 1363 1500 1390 καὶ
1523 1363 1584 1398 ῐχνη
1611 1362 1728 1398 εὕρομεν
1741 1362 1792 1397 τῆς

998 1409 1078 1444 ἁγίας
1096 1409 1203 1445 ἐκείνης
1216 1410 1264 1436 καὶ
1280 1409 1429 1444 μακαρίας,
1443 1408 1481 1441 ὼς
1493 1406 1555 1434 οὔτε
1571 1407 1661 1443 εὑρεῖν
1675 1407 1734 1434 ἐστι
1747 1407 1794 1434 τὸν

1000 1455 1114 1483 θάνατον
1130 1455 1225 1491 αὐτῆς.
1243 1455 1285 1490 Πὴ
1307 1455 1356 1487 μὲν
1376 1455 1430 1491 γὰρ
1448 1455 1462 1480 ὁ
1477 1453 1590 1490 Συμεὼν
1614 1454 1713 1488 φάσκει
1729 1453 1794 1489 περὶ

999 1501 1099 1536 αὐτῆς·
1112 1500 1168 1528 Καὶ
1192 1500 1251 1528 σοῦ
1276 1499 1371 1534 αὐτῆς
1397 1499 1455 1534 τὴν
1475 1498 1583 1534 ψυχὴν
1608 1498 1795 1527 διελεύσεται

996 1549 1141 1584 ῥομφαία,
1161 1547 1242 1582 ὅπως
1255 1547 1514 1582 ἀποκαλυφθῶσιν
1527 1547 1561 1573 ἑκ
1585 1545 1709 1574 πολλῶν
1722 1553 1794 1580 καρ-

161 1587 236 1616 haud
251 1588 310 1615 scio
324 1595 358 1614 an
367 1587 401 1615 de
417 1587 593 1614 saneti5sima
606 1587 650 1613 illa
668 1593 701 1614 ac
715 1587 875 1614 beatissima
887 1585 947 1614 Vir-

1087 1580 1278 1629 διαλογισλιοι
1294 1601 1302 1608 ·
1318 1593 1356 1629 πῆ
1364 1580 1458 1628 δὲ-τῆς
1478 1592 1688 1627 Ἀποκαλύψεως
1707 1592 1794 1619 Ἰωάν-

159 1634 225 1670 ginc
251 1633 369 1661 obscura
396 1632 520 1668 quaedam
549 1632 665 1660 inveniri
691 1632 804 1668 vestigia
831 1633 948 1668 possint,

161 1687 222 1715 quae
254 1680 388 1707 incertam
418 1678 498 1706 nobis
518 1678 591 1706 illius
615 1678 712 1706 mortis
734 1678 814 1706 ﬁdem
837 1678 949 1707 faciant.

161 1726 228 1754 Nam
245 1733 277 1753 ex
293 1733 346 1753 una
358 1729 435 1760 parte
450 1725 516 1752 illud
534 1725 668 1756 occurrit,
687 1725 760 1760 quod
772 1724 806 1752 de
826 1725 871 1752 illa
887 1733 952 1761 pro-

162 1770 271 1798 nuntiat
285 1779 291 1797 :
311 1771 346 1796 Et
370 1775 443 1796 luant
458 1769 541 1803 ipsius
557 1769 676 1795 animum
697 1769 818 1802 pervadat
832 1769 950 1804 gladius,

162 1821 190 1842 ut
212 1819 362 1851 retegantur
385 1822 418 1842 ea:
441 1814 585 1841 multarum
607 1815 728 1842 cordibus
743 1815 916 1850 ragitationes
930 1816 950 1842 ¹.

163 1861 281 1888 Aliunde
298 1868 362 1888 vero
379 1861 406 1887 iu
422 1860 586 1895 Apocalypsi
602 1859 718 1888 Joannis
738 1860 864 1896 legimus,
888 1860 953 1888 dra-

162 1913 258 1934 conem
273 1905 405 1933 adversus
421 1904 563 1932 mulierem
585 1912 760 1940 properasse,
775 1913 835 1941 qua:
849 1913 952 1934 marem

162 1955 306 1987 pepererat
321 1959 326 1977 :
339 1954 366 1979 et
379 1950 458 1978 datas
469 1950 494 1978 ei
509 1958 572 1978 esse
583 1958 686 1986 pennas
697 1951 805 1986 aquilae,
821 1955 848 1979 et
862 1956 954 1980 trans-

163 1999 246 2025 latam
261 2004 322 2025 esse
347 1997 375 2024 in
389 1996 538 2034 desertum,
551 2003 586 2024 ne
604 2004 663 2024 eam
676 1996 761 2024 draco
773 1997 954 2032 comprehen-

164 2043 273 2071 deret’.
289 2042 369 2076 Quod
387 2041 498 2078 quidem
512 2042 539 2069 in
558 2042 604 2069 illa
617 2049 679 2070 esse
696 2047 787 2077 potest
801 2043 952 2078 impletum.

163 2087 327 2124 Quanquam
351 2088 420 2116 illud
451 2096 505 2116 non
537 2087 642 2116 aﬁirmo
660 2089 784 2124 penitus;
801 2096 890 2125 neque
908 2094 955 2118 aut

164 2135 346 2162 immortalem
367 2140 559 2170 perseverasse
572 2133 685 2168 deﬁnio,
703 2137 750 2162 aut
762 2138 855 2162 utrum
879 2143 955 2164 mor-

163 2186 210 2210 tua
223 2182 259 2210 sit
271 2180 436 2209 conﬁrmare
446 2186 571 2215 possum.
587 2179 694 2216 Quippe
707 2179 850 2216 Scriptura
864 2189 953 2215 saera,

163 2229 264 2257 mentis
281 2228 408 2256 humanae
427 2225 534 2263 10M
550 2232 660 2262 captum
671 2231 878 2264 pratergressa.
896 2236 954 2257 rem
969 2249 992 2276 Ι)

163 2275 191 2303 in
208 2275 312 2303 incerto
335 2274 457 2310 reliquit,
474 2277 587 2309 propter
604 2281 653 2302 vas
678 2273 745 2301 illud
766 2275 897 2302 eximium
922 2282 955 2303 ac

163 2325 309 2356 praestans,
322 2327 356 2348 ne
366 2320 429 2355 quis
443 2319 536 2346 carnis
549 2319 688 2355 propriam
706 2319 789 2347 ullam
796 2320 825 2348 ‘ei
846 2319 956 2348 [redita-

163 2370 218 2393 tem
229 2365 359 2393 ascribat.
374 2364 439 2392 Sive
451 2364 536 2400 igitur
547 2369 653 2392 mortua
669 2364 715 2398 sit,
731 2365 881 2397 nescimus,
898 2366 956 2394 sive

165 2411 326 2446 consepulta
340 2411 386 2443 sit,
401 2417 456 2437 non
469 2413 561 2437 tamen
578 2410 660 2438 ullam
672 2414 715 2438 est
732 2411 954 2446 coniunctionem

201 2488 209 2503 ¹
222 2486 289 2514 Luc.
307 2495 337 2519 u,
350 2486 396 2513 55.
434 2486 445 2502 ¹
459 2486 543 2521 Apoc.
564 2494 613 2519 xu,
627 2486 660 2514 15
671 2494 732 2523 sqq.

200 2568 238 2604 (l)
261 2567 354 2604 Ἀλλὰ
366 2567 409 2602 μὴ
429 2567 517 2594 τοῦτο
543 2566 663 2604 στραφιῇ
682 2568 728 2600 εὶς
738 2567 956 2604 βλάϐηνκΣυν·

165 2602 318 2635 εισάκτους,
341 2603 393 2630 hoc
409 2606 452 2630 est
466 2603 677 2630 contubernales
691 2604 853 2630 clericorum
874 2602 953 2630 femi-

165 2646 226 2671 uas,
266 2646 315 2666 uas
333 2643 474 2665 extraneas
493 2637 583 2664 Latini
601 2642 711 2669 vocant,
726 2637 892 2671 damnarunt
908 2646 954 2665 ve-

165 2678 236 2700 teres
246 2647 306 2700 13F.
320 2681 353 2700 ac
367 2673 466 2700 saeuius
481 2677 587 2700 veteres
603 2672 716 2700 svnodi:
733 2677 762 2699 ut
772 2672 878 2699 Nicaeua
892 2680 953 2700 can.

165 2678 236 2701 teres
254 2672 306 2701 PP.
320 2681 353 2701 ac
367 2673 466 2708 saepius
481 2677 587 2700 veteres
603 2672 716 2708 synodi;
733 2677 762 2699 ut
772 2672 878 2699 Nicaeua
892 2680 953 2700 can.

166 2708 201 2737 ὃς
218 2707 445 2743 Carthaginiensis
461 2715 572 2743 1“,an-
596 2707 646 2740 17;
667 2707 835 2736 Arelatensis
855 2715 952 2743 mean.

165 2743 217 2776 42,
233 2741 350 2770 Basilius
367 2743 454 2777 Epist.
471 2743 506 2769 ad
523 2742 614 2777 Greg.,
636 2750 696 2777 qua:
711 2743 840 2770 canonica
861 2750 875 2769 a
891 2741 954 2769 Bal-

166 2786 277 2806 samone
292 2783 427 2809 censetur,
450 2785 512 2812 pag.
535 2777 619 2810 1022;
638 2777 806 2804 Antiochena
830 2777 952 2812 synodus

166 2813 193 2847 in
212 2812 333 2846 Epistula
352 2811 571 2839 contra’Pa’ulum
591 2811 738 2845 Samosat.,
756 2812 828 2847 apud
847 2811 950 2840 Euseb.

167 2846 213 2874 lib.
228 2855 276 2879 VII,
297 2855 358 2882 cap.
374 2847 424 2874 εις
441 2847 497 2879 Τὰς
514 2847 747 2882 Stemus-timeo;
760 2846 843 2874 αὐτοῦ
858 2849 953 2882 γυναῖ-

165 2891 229 2914 κας,
245 2882 283 2914 ὡς
303 2881 448 2918 Ἀντιοχεῖς
457 2881 630 2918 ὀνομάζουσι,
645 2887 698 2910 etc.
715 2882 829 2911 Easdem
846 2881 873 2911 et
887 2883 955 2910 iuse-

783 2485 793 2502 ³
808 2495 854 2521 γρ.
869 2487 988 2522 ἐμποιεῖ.

1000 1649 1046 1668 νου
1078 1638 1246 1675 φασκούσης,
1267 1639 1307 1665 ὅτι
1325 1639 1372 1665 καὶ
1395 1638 1524 1665 ἔσπευδεν
1539 1639 1553 1665 6
1567 1637 1674 1673 δράκων
1689 1638 1735 1665 ἐπὶ
1745 1638 1796 1674 τὴν

1001 1686 1121 1720 γυναῖκα
1146 1685 1196 1720 τὴν
1224 1685 1394 1720 γεννήσασαν
1413 1684 1458 1711 τὸν
1477 1684 1589 1720 ἄρρενα,
1605 1684 1651 1710 καὶ
1666 1683 1796 1719 ὲδόοηοαν

1001 1731 1070 1767 αὐτῇ
1086 1730 1222 1766 πτέρυγες
1245 1729 1336 1762 άετοῦ,
1361 1730 1409 1757 καὶ
1432 1729 1538 1766 ἐλήφθη
1562 1731 1603 1762 εἰς
1617 1729 1666 1765 τὴν
1681 1729 1794 1765 ἔρημον,

1001 1777 1076 1808 ὅπως
1089 1776 1123 1803 ἂν
1137 1775 1174 1811 μὴ
1190 1775 1259 1812 λάϐῃ
1278 1775 1362 1811 αὐτὴν
1380 1776 1395 1802 ό
1410 1775 1529 1812 δράκων.
1543 1776 1619 1811 Τάχα
1637 1775 1669 1802 δὲ
1684 1776 1796 1802 δύναται

1003 1822 1046 1849 ἐπ’
1064 1821 1132 1857 αὐτῇ
1153 1821 1323 1857 πληροῦσθαι
1335 1829 1342 1837 ·
1356 1821 1386 1847 οὑ
1402 1822 1510 1853 πάντως
1523 1821 1552 1848 δὲ
1567 1821 1695 1857 ὁρίζομαι
1705 1820 1795 1854 τοὸτο,

1003 1868 1050 1894 καὶ
1066 1868 1097 1894 οὐ
1111 1867 1192 1902 λέγω,
1209 1868 1251 1894 ὅτι
1265 1867 1398 1899 ἀθάνατος
1419 1867 1526 1902 ἔμεινεν
1536 1873 1544 1881 ⁸
1561 1867 1619 1894 ἀλλ’
1631 1866 1693 1894 οὔτε
1703 1867 1795 1894 διαϐε-

1003 1912 1133 1948 ϐαιοῦμαι
1154 1913 1179 1940 εί
1202 1912 1342 1947 τέθνηκεν.
1360 1912 1527 1948 ’Υπερέϐαλε
1543 1914 1598 1948 γὰρ
1612 1913 1629 1948 ἡ
1645 1911 1796 1948 Γραφὴτὺν

1003 1957 1065 1986 νοῦν
1077 1958 1124 1985 τὸν
1142 1956 1323 1993 ἀνθρώπινον,
1342 1957 1388 1984 καὶ
1405 1958 1434 1984 ὲν
1449 1957 1580 1994 μετεώρῳ
1595 1958 1682 1991 εἴασε,
1698 1957 1742 1984 διὰ
1765 1957 1796 1984 τδ

1005 2003 1101 2035 σκεῦος
1122 2003 1153 2030 τὸ
1178 2003 1269 2038 τίμιον
1297 2003 1345 2030 καὶ
1371 2002 1557 2039 ὲξοχώτατον·
1583 2003 1627 2030 ἵνα
1653 2004 1690 2039 μή
1711 2011 1753 2034 τις
1767 2003 1796 2030 ὲν

1005 2049 1117 2085 ὑπονοίᾳ
1130 2048 1242 2084 γένηται
1271 2048 1336 2084 περὶ
1350 2048 1437 2084 αὐτῆς
1452 2048 1591 2085 σαρκικῶν
1612 2048 1794 2083 πραγμάτων.

1004 2094 1063 2121 Κάν
1081 2101 1110 2120 τε
1121 2090 1167 2120 οὖν
1180 2092 1322 2127 τέθνηκεν,
1337 2092 1387 2119 οὐκ
1398 2092 1522 2128 ἔγνωμεν
1535 2100 1543 2108 ·
1558 2092 1604 2119 καὶ
1617 2093 1642 2119 εί
1652 2092 1795 2124 τέθαπται,

1005 2139 1035 2166 οὺ
1045 2139 1181 2174 συνῆπται
1192 2138 1283 2174 σαρκί·
1295 2138 1332 2174 μὴ
1342 2138 1447 2172 γένοιτο
1457 2139 1465 2166 ι
1476 2139 1526 2170 Τίς
1537 2138 1567 2165 δὲ
1582 2138 1796 2174 φρενοϐλάϐειαν

1005 2185 1094 2220 ἑαυτῷ
1109 2183 1272 2219 συναγαγὼν
1289 2183 1397 2220 θελήσει
1411 2184 1546 2220 ἐνσκῆψαι
1562 2184 1721 2220 βλάσφημον
1736 2192 1797 2210 τινα

1006 2230 1146 2263 ὑπόνοιαν,
1163 2230 1210 2257 καὶ
1232 2230 1338 2266 ἀπᾶραι
1349 2230 1360 2245 ⁸
1375 2230 1473 2265 στόμα,
1488 2230 1606 2266 χαλάσαι
1620 2236 1650 2256 ’τε
1663 2229 1795 2264 γλῶτταν,

1011 2276 1108 2303 διελεῖν
1121 2276 1150 2303 δὲ
1174 2275 1252 2312 χείλη
1270 2276 1303 2302 ὲκ
1316 2275 1434 2308 διανοίας
1449 2276 1557 2311 κακῆς;
1578 2275 1678 2311 μᾶλλον
1695 2275 1725 2302 δὲ
1736 2274 1798 2302 ἀντὶ

1006 2321 1099 2357 ὕμνων
1122 2321 1170 2348 καὶ
1189 2321 1267 2357 δόξης
1281 2320 1374 2355 ὕϐρεις
1396 2321 1472 2353 τινὰς
1487 2322 1616 2354 ἐπινοεῖν,
1632 2321 1679 2348 καὶ
1691 2322 1798 2356 ἐμπαρ-

1005 2368 1086 2394 οινεῖν
1118 2367 1159 2399 εἰς
1187 2366 1236 2402 τὴν
1256 2366 1337 2401 ἁγίαν
1357 2366 1505 2403 Παρθένον,
1532 2367 1581 2394 καὶ
1606 2366 1643 2402 μὴ
1660 2366 1742 2402 τιμᾷν
1766 2366 1796 2392 τὸ

1006 2412 1188 2448 τετιμημένον
1202 2411 1299 2443 σκεῦος
1313 2421 1320 2445 ;

1027 2487 1039 2502 ⁸
1049 2487 1081 2514 F.
1093 2488 1203 2523 ἐπᾶραι.

1011 2568 1105 2603 quitur
1115 2572 1208 2596 noster
1223 2567 1250 2595 in
1261 2567 1327 2595 haer.
1346 2575 1424 2600 Lxut,
1436 2575 1464 2595 n.
1478 2567 1512 2594 ‘2:
1530 2567 1586 2603 ’[ὰς
1600 2567 1744 2603 ἁγαπητὰς
1756 2567 1799 2595 λε-

1008 2602 1128 2639 γομένας
1154 2604 1345 2634 συνεισάκτους
1367 2604 1509 2637 γυναῖκας.
1533 2602 1715 2639 Hieronymus
1738 2611 1799 2664 gis-

1008 2639 1060 2664 sim
1089 2638 1227 2664 traducit:
1249 2638 1367 2664 maxime
1397 2638 1431 2664 ad
1453 2637 1627 2664 Eustochium
1643 2639 1722 2664 enist.
1787 2647 1794 2664 :

1008 2637 1060 2666 sim
1089 2638 1227 2666 traducit:
1249 2638 1367 2666 maxime
1397 2638 1431 2664 ad
1453 2637 1722 2672 Eustochium'epist.
1739 2637 1794 2664 ἱεὶς

1008 2671 1084 2700 Unde
1101 2673 1128 2700 in
1147 2673 1281 2700 Ecclesias
1298 2673 1474 2708 Agapitarum
1492 2674 1573 2707 pestis
1594 2671 1715 2699 introiit!
1727 2672 1800 2700 Unde

1008 2708 1064 2735 sine
1080 2708 1179 2739 nuptiis
1195 2708 1269 2735 aliud
1291 2716 1386 2735 nomen
1403 2709 1536 2735 uxorum!
1555 2709 1606 2735 imo
1623 2708 1690 2735 unde
1705 2715 1798 2734 novum

1007 2743 1213 2770 concubinarum
1227 2744 1328 2777 genus?
1341 2743 1467 2770 Cavenda
1481 2750 1544 2770 vero
1561 2742 1671 2770 Mariani
1686 2741 1798 2770 Victorii

1007 2777 1129 2813 adhunc
1142 2777 1300 2813 Hieronymi
1316 2779 1404 2805 locum
1419 2778 1585 2808 observatio,
1601 2778 1800 2813 quirAgapetas

1007 2820 1021 2839 a
1037 2812 1202 2840 Christianis
1216 2812 1361 2845 conviviis,
1378 2820 1448 2847 quas
1462 2813 1572 2846 ἁγάπας
1586 2812 1740 2847 nomimmt,
1751 2812 1800 2842 'de-

1008 2847 1111 2876 rivatas
1126 2851 1238 2881 censet;
1254 2848 1327 2883 quod
1347 2851 1389 2876 est
1407 2847 1564 2876 ridiculum.
