1945 3043
172 142 225 172 ’117

438 144 622 174 ADVERSUS
640 145 811 174 IIIERESES
829 145 893 174 LIB.
914 145 958 172 III.
980 145 1062 174 ΤΟΜ.
1084 147 1115 175 ΙΙ.
1127 162 1161 169 —
1180 147 1317 176 HERES.
1336 147 1478 177 LXXVIII.

1745 149 1797 176 7|8

172 199 296 235 corporis
308 204 420 235 experta
441 209 448 227 :
465 203 538 230 absit
550 206 579 230 ut
592 203 656 230 illud
669 203 873 231 existimemus!
896 202 964 237 Quis
983 207 1026 231 est
1038 210 1141 237 autem,
1159 205 1205 240 qui
1222 205 1341 233 furorem
1369 205 1419 234 sibi
1434 208 1463 233 et
1490 204 1628 233 insaniam
1645 204 1796 236 ascisccns,

173 248 275 272 tantam
290 245 376 273 beatre
394 245 498 282 Virgini
511 248 704 275 contumeliam
717 248 780 276 velit
799 248 951 283 imponere,
971 252 998 275 et
1012 256 1044 276 os
1057 257 1137 277 suum
1153 250 1285 279 adversus
1300 251 1374 278 illam
1402 250 1536 283 attollere,
1552 251 1643 279 laxare
1664 250 1796 285 linguam,

172 290 206 317 ad
226 290 381 325 pestiferam
400 292 473 320 illam
505 288 736 327 pronuntiandam
772 294 937 321 sententiam
972 295 1048 322 labra
1071 296 1220 328 diducere,
1248 304 1299 332 pro
1323 296 1452 324 laudibus
1483 304 1515 324 ac
1536 296 1679 332 praeconiis
1698 296 1797 332 probra

171 337 408 371 contumeliasque
422 338 605 369 comminisci,
627 343 809 367 sacrosanctae
828 340 960 368 insultare
981 340 1104 377 Virgini,
1141 350 1190 370 vas
1223 342 1290 369 illud
1310 342 1428 377 denique
1441 342 1517 370 omni
1548 342 1653 370 honore
1686 342 1798 378 dignum

172 381 248 408 nullo
261 381 364 409 honore
379 389 493 418 prorsus
511 383 639 411 allicere?

207 426 256 453 IB'.
275 426 307 453 EI
318 426 346 453 δὲ
359 427 406 453 καὶ
417 427 471 454 ἀπὸ
485 427 568 463 ἄλλης
580 428 652 460 τινος
666 428 783 464 Θεωρίας
801 430 854 465 χρὴ
872 429 956 457 λαϐεῖι

1051 431 1110 459 ΧΠ.
1120 432 1196 465 Quod
1213 433 1235 460 si
1251 437 1277 461 et
1286 433 1396 462 aliunde
1411 434 1530 462 rationes
1542 433 1693 463 transferre
1706 435 1797 467 liceat.

171 472 206 498 τὰ
235 473 397 507 πράγματα,
417 472 623 508 ψηλαφήσωμεν
641 475 687 501 καὶ
706 474 886 510 φυσιολογιῶν
901 476 964 511 σχέ-

172 525 239 548 σεις.
262 518 330 543 Φασὶ
356 518 406 553 τὴν
434 519 541 544 λέαιναν
564 519 601 553 (2)
631 519 668 555 μὴ
684 519 788 547 τίκτειν
813 520 884 556 πλὴν
899 522 964 556 μιᾶς

172 564 291 598 γαστρὸς
304 564 397 599 μόνης.
412 565 504 598 Ἔχειν
521 564 548 591 δὲ
561 565 609 600 τὴν
621 566 710 593 αἰτίαν
720 566 836 593 τοιάνδε’
849 567 885 594 Τὸ
895 567 963 599 ζῶον

174 610 226 644 μὲν
243 610 300 636 ἔστι
315 611 490 645 τραγότατον,
506 612 633 646 χαρωττδν
646 612 722 647 δὲτῷ
738 612 813 645 εῖδει,
833 613 963 649 ἐμϐριθέ-

174 664 271 681 στατον
295 657 326 690 τῇ
355 656 434 691 ἀλκῇ,
464 657 501 687 ὡς
534 658 632 689 εἰπεῖν,
652 658 866 692 βασιλικώτατον
885 659 964 694 γένος

171 701 216 727 ἐπὶ
231 701 265 727 τὰ
278 701 346 728 ἄλλα
355 702 423 733 ζῶα.
440 703 531 737 Ἐχειν
548 703 575 729 δὲ
592 703 640 738 τὴν
656 703 788 739 σύλληψιν
799 705 829 738 ἐξ
844 705 902 737 ἑνὸς
915 714 963 732 συ-

170 747 263 780 ζύγου,
281 748 366 773 τελεῖν
378 748 406 774 δὲ
417 748 446 774 τὸ
462 749 697 785 καταϐαλλόμενον
714 751 829 787 σπέρμα
846 751 963 785 είκοσιὲξ

172 793 260 827 μῆνας
290 795 318 820 ὲν
339 795 371 829 τῇ
391 795 467 829 νηδύϊ
478 804 484 810 ”
504 795 573 821 ὥστε
587 796 632 822 τὸν
645 796 764 832 σκύμνον
781 795 853 825 ένδόν
866 799 912 825 ὲπὶ
923 807 964 825 τε-

170 839 296 874 λειότητα
327 840 455 876 φὲρεσθαι
475 841 518 867 διὰ
540 842 585 868 τὸν
598 844 704 877 χρόνον,
718 844 760 875 εἰς
777 843 808 871 τὸ
834 844 882 871 καὶ
898 845 963 876 τοὺς

171 885 275 917 πάντας
302 887 411 918 ὀδόντας
441 887 512 922 ἔχειν
539 888 601 923 ἤδη,
615 889 681 924 πρὶν
698 890 714 925 ἧ
732 890 764 916 ὲκ
776 890 826 925 τῆς
843 891 963 927 γαστρὸς

171 931 306 967 προέλθοι,
323 933 369 958 καὶ
385 933 447 964 τοὺς
469 934 567 968 ὄνυχας
585 936 613 960 ὲν
631 935 724 970 ἡλικίᾳ
746 936 879 972 στασίμῳ,
899 937 962 968 τούς

170 986 199 1003 τε
216 978 417 1010 πασςαλίσκους
440 979 634 1014 καλουμένους,
661 981 707 1007 καὶ
729 981 899 1015 κυνόδοντας,
912 982 961 1014 τάς

169 1033 199 1050 τε
215 1024 312 1058 μύλας,
329 1025 377 1051 καὶ
400 1025 434 1051 τὰ
459 1020 537 1057 ἄλλα,
558 1026 608 1052 ὅσα
629 1026 753 1062 περίεστι
770 1027 809 1062 τῷ
823 1026 894 1063 ζώῳ.
917 1027 961 1055 Ἐν

170 1069 207 1104 τῷ
224 1067 269 1096 οὖν
283 1068 352 1096 εἶναι
369 1071 450 1097 αὐτὸν
473 1072 502 1097 ὲν
519 1073 551 1107 τῇ
571 1072 660 1108 κοιλίᾳ
673 1072 702 1099 ὲν
713 1074 774 1105 ταῖς
789 1073 959 1109 σκιρτήσεσι,

170 1115 292 1150 κινήσεσί
305 1124 335 1142 τε
363 1116 477 1148 καὶτοῖς
488 1117 577 1149 ἄλλοις
599 1119 707 1153 τρόποις
723 1118 768 1146 διὰ
788 1119 842 1146 τῶν
856 1119 959 1155 ὀνύχων

169 1161 324 1196 κατασπᾷν,
340 1161 410 1194 ξέειν
431 1171 460 1188 τε
481 1162 530 1194 τὰς
545 1164 728 1198 ἐγκυμονικὰς
745 1165 850 1200 μήτρας
869 1173 898 1192 τε
912 1165 958 1192 καὶ

169 1205 295 1240 ὑστέρας.
327 1206 370 1231 Ἐν
397 1206 435 1241 τῷ
450 1205 497 1233 οὖν
517 1207 562 1233 ἐπὶ
579 1207 617 1242 τῷ
638 1209 645 1223 ¹
661 1208 763 1235 τίκτειν
788 1209 836 1245 τὴν
853 1210 958 1245 μητέρα

168 1251 246 1285 ἣκειν
272 1252 331 1277 κατ’
357 1252 466 1288 ἐκείνην
490 1253 538 1287 τὴν
561 1254 680 1288 ἡμέραν,
706 1254 807 1285 παντὸς
822 1254 957 1289 ἀργαλέου

169 1298 335 1332 κυοφορικῆς
351 1297 457 1332 φύσεως
469 1299 611 1334 ἀλλοτρίαν
625 1300 675 1334 τὴν
685 1300 809 1335 γαστέρα
821 1300 955 1335 γίνεσθαι.

168 1343 244 1369 Μετὰ
256 1343 310 1378 γὰρ
330 1344 375 1370 τοῦ
392 1344 502 1371 τοκετοῦ
517 1345 563 1371 καὶ
576 1344 623 1375 τὰς
638 1345 754 1380 ὑστέρας
774 1345 821 1372 καὶ
839 1346 888 1378 τὰς
904 1347 957 1382 μή-

168 1397 233 1423 τρας
259 1389 434 1424 ὲκκρίνεσθαι
464 1390 522 1425 ἅμα
553 1390 634 1424 φασιν
654 1392 678 1417 ot
697 1391 869 1425 φυσιολόγοι·
886 1391 956 1419 ὥστε

169 1434 267 1468 μηκέτι
301 1435 349 1470 τὴν
377 1434 485 1469 Οήλειαν
511 1435 665 1470 ὀρέγεσθαι,
683 1437 709 1462 εί
729 1437 764 1471 μή
786 1445 827 1468 τις
843 1437 896 1473 ἄρα
911 1437 957 1472 βία

167 1480 281 1513 γένοιτο.
297 1481 372 1516 Μήτε
393 1481 452 1516 μὲν,
470 1482 494 1507 εἰ
506 1482 553 1507 καὶ
566 1481 641 1516 τύχοι
659 1482 791 1518 συναφείᾳ
803 1482 857 1510 τινὶ
871 1484 955 1518 ἀναγ-

167 1526 312 1561 κασθῆναι,
338 1526 377 1552 ἔτι
394 1526 524 1553 δύνασθαι
541 1527 674 1560 κυῖοκειν,
690 1528 727 1563 μὴ
738 1528 824 1555 οὐσῶν
837 1528 891 1556 τῶν
905 1538 956 1564 μη-

167 1570 247 1605 τρῶν,
262 1571 310 1596 εἴτ’
325 1569 371 1597 οὖν
387 1571 518 1606 ὑστερῶν.
539 1572 610 1607 ’Λρα
625 1572 690 1605 γοῦν
703 1573 818 1600 δέδωκεν
829 1574 894 1609 ἡμῖν
910 1575 956 1601 καὶ

167 1616 234 1651 αὕτη
251 1617 267 1651 ἡ
289 1617 431 1643 ἀκολουθία
451 1618 614 1653 πορὶσασοαι
628 1619 666 1649 είς
678 1617 727 1654 τὴν
739 1618 955 1657 ἐπιζητουμένην

168 1663 359 1697 πραγματείαν
371 1663 474 1689 ἔννοιάν
497 1672 558 1690 τινα
579 1664 696 1698 σχέσεως
713 1665 760 1692 ἐπὶ
771 1665 801 1692 τὸ
817 1666 955 1702 συμφέρον

169 1709 268 1743 μᾶλλον
295 1709 311 1743 ἢ
337 1710 382 1735 ἐπὶ
395 1710 426 1735 τὸ
441 1710 568 1744 βλάπτον.
595 1711 625 1736 Εἰ
639 1710 694 1746 γὰρ
710 1711 828 1746 σκύμνον
849 1712 955 1745 λέοντος

173 1753 272 1780 Ἰούδαν
301 1755 446 1781 αἰνίττεται
471 1755 577 1787 Ἰακὼϐ,
604 1756 690 1789 λέγων
702 1756 747 1783 τὸν
765 1756 892 1793 Χριστὸν,
908 1758 954 1785 καὶ

168 1800 228 1830 τοὺς
244 1800 254 1814 ¹
269 1799 298 1825 ὲν
317 1801 349 1834 τῇ
371 1799 696 1833 ἈποκαλύψειῚωάννου·
717 1801 790 1829 Ἰδοὺ
812 1801 956 1836 ἐνίκησεν

168 1846 183 1871 ὀ
195 1846 282 1877 λέων,
297 1846 390 1879 φησὶν,
411 1847 428 1872 ό
443 1846 477 1872 ἐκ
495 1845 596 1880 φυλῆς
621 1845 724 1878 Ἰούδα,
739 1847 788 1874 καὶ
805 1847 840 1874 ἐκ
862 1848 956 1882 σπέρ-

164 1898 257 1924 ματος
264 1890 352 1917 Δαϐίδ
362 1900 368 1906 ·
382 1891 469 1917 λέοντι
483 1891 536 1926 ἄρα
551 1892 770 1927 παρεικασμένου
781 1893 827 1919 τοῦ
839 1893 954 1929 Κυρίου,

166 1932 228 1969 οὐχὶ
251 1935 320 1962 κατὰ
346 1935 438 1970 φύσιν,
460 1936 527 1962 ἀλλὰ
542 1937 584 1963 διὰ
612 1938 641 1962 τδ
656 1937 780 1972 αἴνιγμα,
797 1938 844 1965 καὶ
867 1939 955 1966 διὰτὸ

168 1979 305 2014 βασιλικὸν
331 1979 445 2008 εἶναιτὸ
465 1980 544 2013 ζῶον,
562 1982 669 2009 πάντων
689 1982 768 2014 ζώων
784 1983 955 2019 ἰταμώτατόν

166 2032 195 2050 τε
210 2024 256 2050 καὶ
284 2025 468 2060 ίσχυρὸτατον,
484 2026 531 2052 καὶ
545 2026 628 2052 τᾶλλα
647 2026 736 2054 πάντα
756 2029 934 2063 χαριέστατον
944 2037 952 2045 ·

167 2069 220 2104 ἄρα
241 2079 272 2104 γε
303 2071 349 2096 καλ.
374 2071 422 2106 τὴν
450 2072 620 2106 γεννήσασαν
645 2072 755 2099 λέαιναν
785 2074 887 2109 εἴποιμ’
908 2074 953 2102 ἄν.

165 2115 250 2141 Πόθεν
263 2115 316 2150 γὰρ
337 2116 405 2142 λέων
431 2118 557 2151 γεννᾶται
582 2118 699 2150 πάντως,
716 2119 740 2145 εἰ
764 2119 801 2155 μὴ
824 2119 916 2147 λέαινα
935 2122 952 2156 ή

167 2160 257 2195 μήτηρ
281 2161 468 2196 κληθήσεται;
490 2162 591 2198 Λεαίνῃ
617 2162 644 2188 δὲ
662 2162 777 2198 δευτέρα
799 2164 829 2190 οὺ
847 2164 953 2198 γίνεται

166 2204 278 2241 κύησιςσ
305 2207 358 2242 ἄρα
385 2207 475 2233 οὐκέτι
500 2208 597 2242 κύησιν
613 2206 682 2235 οἶδεν
697 2209 712 2243 ὴ
727 2208 838 2244 Μαρία,
861 2210 952 2237 οὐκέτι

167 2251 311 2284 συνάψειαν
326 2251 458 2286 σωμάτων
478 2253 493 2286 ἡ
508 2252 574 2286 ἁγία
588 2252 737 2287 Παρθένος.

198 2338 248 2366 lI".
270 2339 349 2366 Ἀλλὰ
374 2340 422 2367 καὶ
436 2340 532 2376 ἐτέρας
552 2340 651 2376 ἴδωμεν
666 2341 793 2377 θεωρίας,
806 2342 839 2368 ἵν’
852 2343 868 2377 ἡ
885 2343 951 2369 ἀκό-

163 2382 256 2416 λουθος
271 2387 282 2403 ³
295 2385 334 2420 τῷ
354 2385 442 2421 Ἰησοῦ
472 2386 529 2422 ἃμα
551 2387 625 2422 αὺτῷ
641 2387 755 2414 πάντοτε
769 2389 949 2423 τυγχάνουσα.

1015 477 1081 513 quid
1095 485 1186 505 rerum
1202 483 1299 506 natura
1313 479 1371 514 ipsa
1389 479 1469 512 ferat,
1486 480 1625 515 paululum
1643 481 1801 509 considere-

1014 530 1087 551 mus.
1103 523 1225 551 Leaanam
1241 524 1333 560 itaque
1344 524 1435 553 ferunt
1450 526 1560 554 nonnisi
1583 527 1668 555 semel
1682 534 1778 562 parere
1791 550 1798 560 ,

1013 570 1095 606 cujus
1115 571 1154 598 rei
1178 571 1250 599 hanc
1269 579 1329 600 esse
1343 572 1475 600 rationem
1489 572 1582 606 :Quod
1607 574 1709 601 animal
1726 573 1799 602 istud

1013 614 1221 642 voracissitnum
1247 616 1293 649 sit,
1318 617 1410 645 colore
1435 617 1551 650 fulvum,
1569 618 1739 646 validissimo
1753 626 1800 647 ro-

1014 658 1091 692 bore,
1113 664 1206 695 atque,
1237 666 1268 689 ut
1295 670 1350 689 uno
1363 663 1446 691 verbo
1470 663 1569 697 dicam,
1588 665 1663 699 regia
1679 665 1797 700 quadam

1013 705 1145 740 dignitate
1159 708 1265 736 caeteris
1281 709 1436 741 antecellat,
1449 717 1531 744 porro
1554 717 1586 737 ex
1607 718 1661 737 uno
1682 711 1799 746 conjuge

1013 753 1151 788 concipiat
1177 753 1315 789 fetumque
1336 762 1382 782 sex
1396 760 1423 782 et
1445 755 1541 790 viginti
1557 759 1629 783 totos
1648 763 1756 785 menses
1771 757 1798 784 in

1013 801 1091 825 utero
1106 802 1202 833 gerat:
1219 799 1287 826 adeo
1302 803 1331 827 ut
1348 800 1393 827 ille
1409 807 1466 835 prae
1479 801 1677 836 longinquitate
1694 805 1800 837 tempo-

1013 844 1052 870 ris
1068 844 1177 872 adultus
1192 845 1321 874 dentibus
1334 846 1472 879 omnibus,
1485 851 1566 882 atque
1582 847 1720 882 unguibus
1735 855 1798 875 cum

1010 888 1087 923 justa
1104 891 1227 925 corporis
1244 896 1359 925 statura,
1386 893 1517 927 praeditus
1544 893 1591 925 sit,
1607 898 1754 928 antequam
1771 893 1798 920 in

1013 935 1101 963 lucem
1114 936 1226 970 prodeat
1239 945 1246 969 ;
1262 942 1345 972 atque
1361 942 1387 965 et
1402 938 1592 971 elaviculares,
1607 946 1677 973 quos
1688 943 1799 972 vocant,

1012 983 1039 1007 et
1052 981 1168 1009 caninos
1184 981 1279 1010 dentes
1291 990 1323 1011 ae
1341 984 1458 1012 molares
1470 984 1579 1016 habeat,
1596 989 1623 1012 et
1633 985 1685 1011 alia
1696 985 1798 1017 omnia,

1012 1034 1073 1061 qua:
1090 1027 1201 1055 animali
1227 1028 1292 1056 huic
1319 1036 1335 1056 a
1362 1033 1462 1056 natura
1482 1037 1612 1058 concessa
1629 1035 1703 1058 sunt.
1729 1030 1799 1058 Dum

1013 1073 1096 1108 igitur
1115 1073 1213 1102 matris
1232 1079 1310 1102 utero
1335 1076 1501 1108 continetur,
1531 1075 1723 1109 subsultando,
1741 1084 1797 1105 mo-

977 1107 997 1136 Β
1015 1107 1159 1153 vendoqne
1172 1126 1243 1150 sese,
1257 1123 1304 1146 aut
1315 1119 1368 1148 alio
1379 1119 1478 1154 quovis
1493 1120 1574 1147 modo
1584 1120 1681 1148 matris
1691 1125 1798 1149 uterum

1013 1160 1117 1190 laniare
1142 1162 1279 1197 unguibus
1319 1170 1352 1190 ac
1380 1164 1536 1199 discerpere
1558 1169 1683 1192 narrant.
1709 1164 1800 1198 Quare

1012 1214 1074 1234 cum
1091 1207 1125 1234 ad
1155 1212 1262 1243 partum
1283 1213 1370 1236 mater
1392 1210 1507 1242 venerit,
1523 1209 1617 1238 eadem
1640 1210 1686 1238 illa
1702 1210 1746 1238 die
1764 1211 1799 1238 ab

1011 1252 1086 1280 omni
1107 1254 1278 1288 parturiendi
1293 1255 1451 1283 conditione
1476 1263 1507 1282 ac
1529 1256 1656 1284 molestia
1676 1261 1798 1285 ventrem

1012 1297 1086 1324 illitts
1114 1297 1235 1325 liberari.
1252 1298 1393 1333 Siquidem
1414 1299 1440 1326 in
1461 1299 1521 1334 ipso
1536 1304 1616 1335 partu
1632 1305 1739 1328 uterum
1760 1302 1796 1329 si-

1012 1343 1068 1370 mul
1084 1350 1116 1370 ac
1133 1344 1274 1371 matricem
1296 1344 1406 1372 cxcerni
1424 1345 1589 1373 naturalium
1611 1354 1703 1374 rerum
1720 1347 1799 1375 inda-

1010 1393 1120 1424 gatores
1132 1394 1261 1418 asserunt
1276 1400 1283 1418 :
1300 1390 1368 1418 adeo
1383 1395 1413 1418 ut
1429 1391 1502 1418 nulla
1521 1392 1548 1418 in
1562 1397 1702 1428 posterum
1719 1401 1800 1422 vene-

1011 1436 1050 1464 ris
1063 1436 1212 1471 cupiditate
1230 1441 1367 1472 tangatur,
1382 1438 1435 1466 nisi
1461 1438 1551 1473 aliqua
1566 1439 1606 1468 vis
1624 1440 1797 1470 adhibeatur.

1010 1481 1089 1515 Quod
1103 1482 1126 1510 si
1148 1491 1251 1511 marem
1268 1483 1387 1519 experiri
1407 1489 1530 1521 cogatur,
1552 1487 1741 1522 non'amplius
1755 1492 1798 1515 ta-

1010 1534 1073 1554 men
1100 1526 1183 1555 fetum
1209 1533 1317 1564 gestare
1351 1537 1452 1565 posse,
1475 1535 1569 1566 utpote
1598 1540 1658 1567 qua:
1684 1534 1798 1562 matrice

1010 1576 1112 1599 careat.
1126 1573 1185 1606 Qua
1203 1574 1314 1608 quidem
1339 1583 1373 1603 ex
1392 1577 1550 1605 narratione
1566 1577 1600 1605 ad
1626 1578 1664 1610 id,
1683 1579 1719 1608 de
1742 1587 1797 1614 quo

1010 1618 1127 1654 agimus,
1156 1619 1363 1648 similitudinem
1388 1623 1535 1656 quamdam
1554 1623 1619 1651 licet
1633 1625 1795 1658 transferre,

1009 1671 1069 1697 qua:
1086 1664 1232 1692 utilitatem
1259 1666 1350 1699 potius
1367 1674 1448 1702 quam
1464 1667 1593 1695 damnum
1610 1670 1718 1705 aliquod
1730 1679 1795 1699 con-

1009 1710 1096 1737 tinere
1112 1710 1247 1738 videatur.
1265 1711 1372 1739 Etenim
1400 1712 1423 1741 si
1445 1714 1565 1741 catulum
1590 1715 1678 1744 leonis
1696 1717 1794 1746 Judatn

1008 1753 1109 1782 Jacoh‘
1122 1755 1277 1790 nominans,
1287 1756 1426 1785 Christum
1437 1760 1554 1794 quadam
1563 1762 1696 1790 sermonis
1712 1763 1795 1798 ﬁgura

1007 1799 1190 1832 adumbravit,
1202 1808 1263 1828 eum
1279 1809 1365 1837 eoque
1380 1803 1446 1830 illud
1458 1813 1489 1831 ex
1503 1804 1617 1834 Joannis
1632 1807 1794 1844 Apocalypsi

1006 1844 1147 1879 congruit:
1161 1844 1228 1873 Ecce
1244 1846 1349 1883 1045
1364 1848 1423 1875 vicit
1438 1848 1477 1876 leo
1493 1849 1524 1877 de
1542 1851 1611 1878 tribu
1627 1851 1710 1886 Juda,
1726 1859 1750 1881 et
1763 1854 1795 1882 de

1006 1890 1088 1924 stirpe
1104 1889 1188 1917 Dauid
1196 1891 1208 1907 ⁸
1218 1901 1225 1918 :
1234 1898 1297 1919 eum
1305 1893 1377 1920 leoni
1394 1893 1524 1923 Dominus
1538 1896 1724 1930 assimuletur,
1736 1907 1791 1927 non

1006 1940 1104 1963 natura
1123 1937 1244 1973 quidem,
1259 1938 1306 1967 sed
1319 1940 1508 1969 similitudinis
1523 1942 1794 1981 adumbrationisque

1006 1982 1103 2017 gratia,
1121 1983 1193 2017 quod
1209 1984 1283 2020 regia
1297 1985 1421 2020 quaedam
1441 1986 1507 2014 insit
1518 1989 1545 2015 in
1562 1988 1640 2017 leone
1656 1989 1793 2026 dignitas,

980 2042 983 2044 -
1005 2028 1095 2063 sitque
1106 2029 1263 2057 animalium
1273 2031 1394 2058 omnium
1408 2032 1632 2067 audacissimum,
1650 2043 1682 2063 ac
1698 2036 1793 2065 fortis-

1005 2073 1115 2105 simum,
1136 2078 1163 2101 et
1183 2074 1210 2101 in
1230 2076 1336 2104 caeteris
1354 2078 1481 2106 omnibus
1498 2084 1607 2113 aspectu
1621 2079 1792 2115 jucundissi-

1005 2126 1090 2149 mum,
1107 2127 1160 2146 non
1180 2120 1298 2148 absurde
1309 2126 1423 2149 matrem
1438 2123 1511 2151 illius
1525 2124 1636 2151 leaenam
1651 2127 1793 2161 appellabi-

1004 2170 1076 2190 mus.
1095 2163 1145 2196 Qui
1156 2164 1229 2196 gnim
1243 2166 1284 2192 leo
1302 2168 1425 2200 generari
1442 2172 1541 2202 potest,
1559 2169 1611 2197 nisi
1626 2174 1712 2198 mater
1725 2172 1786 2207 ejus

1004 2208 1087 2235 lemne
1104 2210 1279 2237 nominetur?
1293 2212 1424 2239 Caeterum
1445 2213 1484 2240 uti
1499 2214 1580 2241 leaena
1598 2216 1719 2244 secundo
1736 2226 1792 2246 non

1003 2253 1072 2288 parit
1086 2263 1092 2280 :
1107 2254 1142 2281 ita
1156 2260 1330 2283 sacrosancta
1339 2257 1414 2292 virgo
1426 2257 1510 2284 Maria
1517 2259 1628 2287 alterius
1642 2265 1737 2296 partus
1744 2270 1791 2289 ex-

1002 2307 1064 2333 pers
1076 2299 1177 2333 iuit,ac
1192 2301 1296 2328 nullum
1310 2303 1434 2337 corporis
1448 2306 1641 2332 commerciqu
1657 2313 1790 2336 exereu.t.

1038 2344 1106 2372 XIII.
1135 2346 1206 2379 Quin
1240 2351 1267 2375 et
1297 2348 1372 2375 aliud
1398 2353 1529 2385 prieterea
1558 2353 1789 2387 contemplemur.

1003 2390 1064 2418 Fuit
1081 2391 1126 2418 illa
1143 2397 1273 2427 perpetua
1296 2393 1397 2422 Christi
1413 2403 1516 2428 comes.
1532 2406 1583 2426 nec
1604 2399 1638 2426 ab
1650 2400 1710 2434 ejus
1726 2409 1791 2429 con-

178 2430 299 2464 Εκλήθη
321 2431 437 2465 Ἰησοῦς
463 2433 506 2465 είς
525 2432 648 2467 γάμους,
662 2433 739 2468 καὶὴ
761 2434 851 2469 μήτηρ
867 2434 950 2461 αὑτοῦ

1009 2436 1087 2463 ίοηίο
1098 2436 1214 2466 divulm.
1233 2437 1345 2466 Vocatus
1357 2445 1395 2467 est
1406 2441 1483 2469 Jesus
1493 2443 1527 2469 ad
1538 2444 1644 2478 nuptias
1655 2430 1685 2472 ‘I:
1696 2447 1789 2474 statim

163 2475 231 2508 ἐκεῖ,
245 2476 292 2502 καὶ
307 2476 332 2502 οι
350 2476 470 2510 ἀδελφοὶ,
492 2477 540 2503 καὶ
560 2477 679 2513 οὐδαμοῦ
700 2478 810 2513 Ἰωσήφ.
827 2478 861 2505 Τί
884 2479 949 2513 ἐμοὶ

163 2520 212 2547 καὶ
230 2521 291 2554 σοὶ,
313 2522 416 2556 quirat;
434 2522 520 2549 οὔπω
545 2523 611 2557 ἥκει
635 2524 654 2557 ἠ
676 2523 737 2557 ὥρα
749 2533 818 2558 μου.
830 2524 885 2550 Καὶ
900 2525 950 2551 οὐκ

162 2564 238 2593 εἷπε·
250 2566 282 2593 Τί
293 2567 355 2603 ἐμοὶ
369 2567 415 2594 καὶ
431 2568 505 2603 ὑμῖν,
518 2568 670 2604 ἄνθρωποις
691 2570 873 2605 Παρειστήκει
889 2571 949 2597 Μα-

163 2611 208 2647 ρία
219 2613 235 2647 ἡ
246 2613 423 2649 Μαγδαληνὴ,
437 2615 484 2641 καὶ
496 2614 590 2650 Μαρία
605 2616 622 2650 ἡ
638 2615 684 2642 τοῦ
698 2616 812 2648 Κλωπᾶ,
825 2616 871 2642 καὶ
889 2616 950 2643 Μα-

1002 2482 1058 2510 illic
1088 2488 1174 2511 mater
1189 2485 1248 2519 ejus
1265 2489 1292 2512 et
1308 2485 1405 2514 fratres
1422 2487 1586 2517 adfuerunt:
1607 2498 1656 2518 nec
1673 2499 1789 2526 usquam

1002 2527 1111 2562 Joseplti
1133 2531 1243 2557 mentio.
1259 2530 1329 2563 Quid
1345 2532 1439 2559 mihiet
1453 2534 1510 2565 tibi,
1528 2535 1645 2563 mulier?
1663 2535 1789 2562 Nondum

1002 2573 1070 2599 venit
1094 2573 1160 2600 liora
1180 2582 1249 2602 mea.
1266 2574 1325 2603 Non
1343 2576 1411 2603 dixit
1426 2586 1431 2604 :
1445 2577 1514 2610 Quid
1529 2579 1596 2606 mihi
1606 2584 1633 2607 et
1646 2580 1732 2609 vobis.
1742 2581 1788 2607 ho-

1004 2617 1118 2645 mines?
1141 2618 1207 2646 Item
1223 2619 1318 2648 aderat
1343 2620 1428 2648 Maria
1457 2622 1627 2658 Magdalene,
1653 2628 1682 2651 et
1704 2624 1787 2652 Maria

198 2689 207 2706 '
222 2690 252 2718 Ρ.
271 2692 311 2719 τό.
351 2692 361 2707 ³
377 2691 406 2721 F.
423 2692 494 2720 κατὰ
508 2692 579 2725 τούς.
617 2693 627 2709 ³
640 2693 670 2720 F.
685 2691 719 2729 ἦν
733 2693 810 2721 ἀκόλ,
849 2694 859 2710 δ
870 2693 938 2722 Gen.

1009 2703 1028 2729 ι,
1041 2696 1068 2723 9.
1107 2696 1117 2712 ⁵
1132 2696 1216 2731 Apoc.
1230 2706 1256 2729 v,
1272 2697 1298 2725 5.
1338 2699 1348 2714 ⁸
1362 2699 1440 2727 Joan.
1461 2708 1490 2733 Il,
1506 2701 1516 2726 l
1532 2709 1593 2736 sqq.

348 2769 555 2811 τίζγλιζέιιινην.
573 2769 712 2811 fabulam.
729 2771 798 2798 hanc
823 2771 945 2811 plerique

1009 2773 1134 2811 ;ίκτοντα,
1157 2773 1286 2811 ληρώδης
1306 2776 1364 2802 ἐστί
1377 2785 1383 2791 ·
1409 2777 1534 2811 συνετέθη
1552 2777 1579 2803 δὲ
1597 2778 1627 2803 ἐκ
1645 2778 1692 2804 τοῦ
1718 2788 1788 2807 σπα-

163 2803 475 2841 ςᾴθμιι-ηιηᾴτὶειριβίεε
490 2813 553 2841 ecce
573 2806 619 2841 lii).
636 2814 660 2841 vt
673 2805 792 2841 rllistaru
809 2803 868 2841 cap.
890 2803 919 2834 3i
936 2816 942 2833 :

166 2835 197 2864 ‘0
213 2837 241 2863 δὲ
254 2837 359 2873 λεχθεὶς
375 2839 458 2874 μῦθος
476 2840 540 2875 περὶ
553 2839 600 2866 τοῦ
614 2840 752 2868 ἐκϐάλλειν
767 2841 816 2873 τὰς
827 2835 944 2877 ὑστέρας

1004 2795 1134 2804 ...η-της,
1158 2795 1279 2809 "ui—ww,
1306 2795 1363 2802 με...
1410 2795 1534 2811 υίΙς-Ιη-υιι
1552 2795 1579 2803 νε-
1597 2795 1627 2803 εισι
1650 2795 1692 2804 nu:
1718 2795 1786 2807 una.-

997 2808 1070 2846 νίους
1084 2806 1159 2846 εἶναι
1174 2795 1377 2846 τοὺςγλέοντας,
1393 2811 1558 2846 ἀποροῦντος
1572 2812 1620 2846 τὴν
1635 2814 1725 2841 αἰτίαν
1739 2814 1786 2843 τοῦ

997 2842 1042 2869 τὸν
1061 2841 1145 2877 μῦθον
1173 2843 1322 2876 συνθέντος.
1341 2845 1393 2873 Sed
1418 2841 1454 2873 ρι’
1470 2841 1664 2881 Ριιίιυὲιηὶιιις,
1681 2854 1708 2876 ct
1729 2841 1785 2878 alii:
