1945 3043
196 171 248 199 723

897 177 927 205 S.
947 177 1118 207 EPIPHANH

1760 179 1821 208 ’124

193 229 337 265 conjugem
358 229 494 259 dimittere
507 231 658 259 statuisset.
678 231 732 260 Sed
752 238 780 261 ut
794 234 828 261 ad
843 233 970 263 Iacobum

1031 237 1105 264 ἔτεσι
1137 237 1354 274 εἰκοσιτέσσαρσι
1377 237 1462 264 πλείω
1481 237 1598 271 ἐλάσσω,
1617 237 1655 264 ὢν
1672 238 1741 266 ἑτῶν
1753 239 1818 274 (εις-⁷,

194 275 303 302 redeam
319 274 424 303 Domini
444 276 566 309 fratrem,
579 284 611 305 ac
622 277 732 313 Iosephi
743 279 837 313 tilium,
856 280 900 308 hic
912 281 976 309 Hie-

192 320 340 354 rosolymis
361 325 486 349 mortuus
518 327 560 349 est
588 323 668 351 annis
696 327 757 358 post
781 325 976 355 Ascensionem

193 362 301 391 Domini
329 365 390 399 plus
414 366 506 393 minus
530 367 625 402 viginti
645 372 763 402 quatuor
781 371 895 403 exactis,
913 379 976 399 cum

193 409 252 443 ipse
270 413 376 436 sextum
396 413 422 437 et
446 411 652 446 nonagesimum
672 414 761 440 aetatis
787 420 889 449 ageret.
907 415 977 444 lluic

191 453 264 480 enim
289 453 356 482 fullo
386 455 497 490 quidam
514 460 597 491 caput
622 457 692 485 fuste
711 460 884 492 comminuit,
913 468 974 488 cum

190 506 310 534 praeceps
340 504 413 527 esset
434 508 449 528 e
470 501 562 536 templi
586 503 733 537 pinnaculo
761 503 902 538 dejectus;
927 505 975 533 sed

189 546 258 573 nihil
278 546 424 575 admodum
438 548 571 581 oﬂ‘ensus,
587 550 770 584 procumbens
783 551 810 577 in
827 557 915 586 genua
927 559 976 587 pro

189 591 232 618 his
247 591 325 627 ipsis,
341 601 356 620 a
371 594 472 628 quibus
488 595 675 630 praecipitatus
693 595 793 628 fuerat,
811 596 894 624 Deum
914 605 976 633 pre-

187 641 267 664 catus
280 642 331 669 est,
355 638 399 667 his
417 640 525 667 verbis:
543 639 653 670 Dimitte
668 642 733 673 illis,
760 643 824 677 quia
849 645 977 673 nesciunt

1030 283 1082 310 ὑπὸ
1095 283 1143 310 τοῦ
1160 283 1284 317 γναφέως
1307 283 1347 318 τῷ
1371 283 1441 319 ξύλῳ
1462 283 1587 315 παισθεὶς
1608 283 1658 318 τὴν
1681 283 1818 319 κεφαλὴν,

1030 328 1186 364 ριφεὶςνὰπὺ
1209 329 1255 355 τοῦ
1269 329 1415 364 πτερυγίου
1435 329 1481 356 τοῦ
1496 328 1582 365 ἱεροῦ,
1598 329 1644 355 καὶ
1656 329 1797 356 κατελθών
1809 338 1818 345 ·

1029 374 1076 401 καὶ
1093 373 1175 409 μηδὲν
1187 374 1335 409 ἀδικηθεὶς,
1351 375 1443 406 κλίνας
1455 374 1484 401 δὲ
1496 374 1530 401 τὰ
1542 374 1653 409 γόνατα,
1667 374 1713 401 καὶ
1728 383 1817 410 προσ-

1028 418 1175 454 ευξάμενος
1198 419 1267 454 ὑπὲρ
1301 420 1391 446 αὐτῶν
1420 420 1575 454 ῥιψάντων,
1609 420 1655 446 καὶ
1682 419 1816 454 φάσκων·

1029 463 1212 500 Συγχώρησον
1242 465 1352 496 αὐτοῖς·
1372 465 1403 492 οὐ
1440 465 1494 500 γὰρ
1508 465 1595 497 οἴδασι
1623 465 1650 491 τί
1678 464 1816 491 ποιοῦσιν-

1026 509 1065 541 ὠς
1079 510 1126 536 καὶ
1136 509 1248 545 Συμεὼν
1261 510 1354 545 πόρρω
1368 509 1464 543 ἑστὼς,
1480 510 1494 536 ὁ
1508 509 1602 536 τούτου
1620 510 1740 545 ἀνεψιὸς,
1756 510 1817 541 υἱὸς

1027 554 1056 582 δὲ
1068 555 1116 582 τοῦ
1135 555 1250 588 Κλωπᾶ,
1270 555 1348 589 ἔλεγε
1361 562 1369 570 ·
1395 555 1539 582 Παύσασθε
1552 563 1559 570 ³
1574 556 1601 582 τί
1622 555 1745 587 λιθάζετε
1768 556 1819 583 τὸν

1027 600 1150 634 δίκαιονς
1165 601 1220 628 Καὶ
1239 601 1294 628 ἰδοὺ
1313 600 1420 636 εὔχεται
1440 601 1510 636 ὑπὲρ
1527 601 1603 636 ὑμῶν
1618 602 1652 628 τὰ
1673 601 1815 628 κάλλιστα.

1028 647 1083 673 Καὶ
1091 645 1178 679 οὕτως
1190 646 1287 681 γέγονε
1298 646 1328 673 τὸ
1341 646 1424 673 αὑτοῦ
1437 645 1595 682 μαρτύριον.

187 683 252 718 quid
275 685 386 713 faciunt.
404 684 481 713 Unde
505 685 623 722 Symeon
639 687 713 714 illius
729 695 745 715 e
764 695 860 716 sorore
875 696 970 724 nepos,
991 697 1024 718 ac
1038 691 1165 727 Cleophae
1191 692 1262 720 titius
1279 692 1372 727 procul
1389 696 1482 720 astans
1494 692 1520 719 in
1544 693 1601 719 haec
1632 692 1713 719 verba
1738 692 1818 720 locu.

187 733 233 758 tus
251 730 446 759 est:Desinite
462 732 468 758 Ξ
486 732 591 768 1047
615 732 684 765 Quid
706 733 841 768 lapidibus
865 734 972 770 justum
993 737 1129 765 hominem
1155 738 1303 773 appetitis?
1334 739 1361 765 ls
1396 745 1446 773 pro
1468 738 1545 765 vobis
1563 738 1666 773 Optima
1698 745 1818 772 quaeque

187 779 326 810 precatur.
355 775 413 804 Hoc
439 776 524 812 igitur
549 778 631 806 modo
653 780 785 814 martyrio
810 780 972 815 perfunctus
990 787 1041 811 est.

221 821 280 850 XV.
299 822 359 850 Iam
384 831 449 851 vero
464 824 486 851 si
501 823 612 859 Iosephi
634 825 706 853 ﬁlius
725 830 804 854 atate
819 826 859 854 sic
875 835 974 862 prove-

1064 831 1113 858 lE’.
1136 832 1166 858 El
1178 832 1266 858 τοίνυν
1279 831 1293 858 ὁ
1306 831 1400 858 τούτου
1414 832 1480 863 παῖς
1492 829 1627 857 τοσούτων
1639 829 1708 856 ἑτῶν
1723 830 1815 865 ὑπῆρ-

186 871 248 896 ctus
262 867 324 900 l‘uit,
349 868 410 903 quis
435 869 497 904 ejus
523 875 628 904 patrem
656 871 815 905 arbitretur,
843 873 889 908 qui
917 877 970 901 tam

1027 885 1068 911 χε,
1084 876 1143 909 πῶς
1159 877 1214 913 ἄρα.
1227 877 1241 903 ὁ
1252 876 1347 903 τούτου
1367 877 1458 912 πατὴρ
1479 876 1584 911 βλέπων
1599 875 1720 911 φρικώδη
1741 875 1815 912 πρά-

185 912 322 940 horrenda
335 915 491 948 spectacula
503 915 633 943 vidisset:
646 920 711 950 puta
722 918 835 951 angelos
851 919 974 946 nascenti

186 956 255 984 Filio
272 956 319 985 Dei
336 958 498 992 stipatorum
519 967 550 987 ac
565 961 712 988 satellitum
740 962 826 989 otiicia
842 967 974 997 praestan-

186 1005 238 1034 tes,
255 1009 288 1029 ac
303 1002 337 1030 de
352 1003 422 1030 coelo
437 1008 589 1036 cantantes,
610 1010 637 1032 et
659 1007 781 1035 dicentes
799 1017 805 1035 :
827 1007 920 1036 Gloria
946 1010 975 1036 in

184 1046 322 1074 altissimis
335 1047 391 1076 Deo
400 1069 407 1081 ,
422 1054 446 1076 cl
458 1050 486 1076 in
503 1055 573 1077 terra
585 1059 648 1085 pax,
662 1052 690 1078 in
700 1052 849 1080 hominibus
862 1053 973 1089 benigna

184 1091 304 1119 voluntas
317 1093 336 1125 ¹;
351 1101 412 1120 cum
424 1098 548 1128 pastores
558 1095 670 1131 insuper
680 1097 712 1124 ad
728 1105 788 1124 eam
803 1098 971 1132 speluncam,

184 1136 210 1162 in
228 1144 281 1171 qua
303 1137 431 1166 Christus
451 1144 533 1167 natus
556 1144 625 1174 erat,
647 1142 842 1175 accessissent,
863 1144 973 1172 eadem-

182 1191 236 1217 que
250 1185 433 1218 nuntiassent,
447 1193 509 1213 cum
525 1186 594 1219 htec,
605 1187 725 1223 inquam,
744 1193 798 1217 tam
811 1189 972 1219 admiranda

183 1228 306 1264 prodigia
330 1236 362 1256 ac
379 1230 511 1258 miracula
531 1230 666 1267 Iosephus
684 1232 729 1260 ille
758 1240 840 1262 senex
872 1243 903 1262 ac
923 1235 972 1263 de-

182 1273 303 1308 crepitus
326 1275 444 1308 audiret,
467 1275 561 1304 ticrine
580 1278 680 1312 potuit,
697 1282 794 1306 sancto
812 1284 841 1306 ut
855 1279 894 1307 illi
909 1288 971 1308 cor-

182 1318 253 1352 pori,
271 1319 298 1345 in
311 1327 365 1354 quo
379 1319 450 1348 Deus
463 1321 643 1354 habitaverat,
665 1330 713 1357 per
732 1331 866 1351 summam
892 1325 971 1360 igno-

185 1363 295 1390 miniam
316 1364 462 1392 illudcret?
478 1374 532 1400 quo
547 1367 659 1401 quidem
671 1376 703 1395 ex
716 1376 831 1404 corpore
844 1375 972 1406 suscepta

181 1416 194 1434 a
212 1408 258 1436 Dei
274 1408 363 1437 Verbo
386 1411 507 1439 hominis
529 1416 571 1440 est
595 1417 692 1440 natura
718 1418 871 1442 contracta.
893 1414 971 1445 Unde

180 1458 207 1481 et
237 1459 331 1483 sancta
352 1455 398 1482 illa
414 1460 441 1484 et
458 1456 617 1492 incorrupta
636 1465 702 1485 caro
722 1458 854 1486 fabricata
874 1465 926 1492 est,
944 1465 971 1488 et

181 1508 243 1527 cum
265 1500 416 1529 Salvatoris
440 1502 584 1531 divinitate
604 1503 762 1539 conjuncta.
783 1504 969 1538 Quemadmo-

1026 930 1128 957 γματα,
1146 922 1278 956 ἀγγέλους
1291 922 1340 957 τὴν
1356 922 1481 957 γέννησιν
1493 921 1539 948 τοῦ
1557 921 1621 947 Υἱοῦ
1636 921 1815 957 δορυφοροῦν-

1024 976 1083 1000 τας,
1107 967 1259 1003 ὑμνοῦντας
1279 967 1327 994 ἀπ’
1343 966 1470 1003 ούρανοῦ,
1493 967 1548 994 καὶ
1567 966 1712 1001 λέγοντας·
1734 967 1814 999 Δόξα

1023 1013 1059 1040 ἐν
1073 1013 1216 1047 ὑψίστοις
1232 1012 1302 1046 Θεῷ,
1319 1013 1369 1040 καὶ
1383 1013 1432 1040 ἐπὶ
1447 1012 1504 1048 τῆς
1519 1012 1635 1047 εἰρήνη,
1653 1013 1688 1039 ἐν
1699 1012 1813 1047 ἀνθρὼ-

1024 1064 1093 1089 ποις
1116 1056 1252 1084 εὐδοκία·
1271 1057 1318 1083 καὶ
1340 1056 1394 1084 τῶν
1420 1057 1556 1092 ποιμένων
1579 1057 1698 1092 ἡκόντων
1720 1057 1760 1088 εἰς
1783 1057 1813 1083 τὸ

1024 1101 1167 1136 σπήλαιον,
1185 1101 1249 1128 ἔνθα
1270 1101 1414 1137 ἐγεννήθη,
1437 1101 1485 1128 καὶ
1507 1100 1592 1127 ταῦτα
1615 1101 1813 1135 ἀγγελλόντων,

1023 1144 1071 1171 καὶ
1084 1153 1131 1171 του
1151 1144 1250 1180 Ἰωσὴφ
1264 1145 1408 1176 ἀκούοντος
1421 1145 1468 1171 τοῦ
1485 1145 1637 1180 πρεσϐύτου
1653 1146 1701 1172 καὶ
1726 1146 1812 1181 ὑπερ-

1022 1188 1121 1221 ϐάντος
1135 1189 1182 1216 τοῦ
1196 1190 1303 1225 χρόνου,
1316 1190 1350 1216 τὰ
1365 1189 1483 1216 τοσαῦτα
1497 1191 1597 1225 σημεῖα
1609 1190 1655 1216 καὶ
1673 1189 1812 1225 θαύματα,

1023 1235 1082 1267 πῶς
1093 1235 1193 1270 ἐτόλμα
1209 1237 1393 1271 ὲμπαροινεῖν,
1407 1235 1454 1262 καὶ
1468 1235 1619 1271 ἐνυϐρίζειν
1632 1235 1712 1270 σῶμα
1723 1235 1811 1269 ἅγιον,

1022 1281 1051 1307 ἐν
1066 1277 1089 1315 ᾧ
1105 1281 1262 1315 κατῳκίσθη
1278 1281 1362 1314 Θεός;
1380 1280 1410 1313 ἐξ
1426 1278 1511 1316 οὗπερ
1533 1280 1659 1315 σώματος
1682 1281 1812 1315 συνελέγη

1022 1327 1087 1363 ἡμῖν
1110 1328 1126 1363 ἡ
1146 1328 1195 1363 τῆς
1216 1328 1349 1363 ὲνσάρκου
1376 1328 1527 1364 παρουσίας
1541 1327 1698 1363 οἰκονομία·
1721 1326 1811 1361 ὅθενὴ

1021 1373 1087 1406 ἁγία
1103 1373 1236 1409 ἄχραντος
1260 1373 1327 1409 σὰρξ
1347 1375 1413 1408 ἡμῖν
1437 1372 1597 1409 ᾠκοδομήθη
1613 1373 1641 1400 ὲν
1657 1373 1690 1407 τῇ
1706 1371 1812 1407 Θεότητι

1020 1418 1068 1445 τοῦ
1082 1419 1273 1455 Σωτῆρος-’ὠς
1289 1420 1302 1445 ὁ
1319 1419 1433 1453 ἄγγελος
1456 1419 1545 1445 ἐκεῖσε
1565 1417 1684 1454 Γαϐριὴλ
1703 1417 1791 1451 λέγων
1802 1425 1809 1432 ·

1021 1465 1143 1499 Πνεῦμα
1153 1465 1263 1499 Κυρίου
1278 1465 1476 1492 ἐπελεύσεται
1490 1464 1539 1491 ἐπὶ
1558 1464 1605 1496 σὲ,
1621 1464 1669 1491 καὶ
1685 1463 1811 1497 δύναμις

1025 1510 1173 1544 Ὑψίστου
1187 1509 1358 1537 ἐπισκιάσει
1373 1518 1423 1537 σοι
1433 1518 1440 1525 ·
1454 1509 1501 1536 διὸ
1515 1509 1565 1536 καὶ
1579 1508 1611 1536 τὸ
1624 1508 1813 1544 γεννώμενον

180 1545 244 1572 dum
272 1547 387 1581 angelus
415 1546 525 1575 Gabriel
549 1548 606 1576 illic
629 1553 744 1578 testatus
761 1554 823 1578 est:
840 1551 967 1585 Spiritus,

1023 1556 1055 1583 ἐκ
1076 1557 1135 1584 σοῦ
1155 1556 1241 1591 ἅγιον
1266 1555 1451 1590 κληθήσεται
1476 1555 1544 1588 Υἱὸς
1566 1554 1650 1582 Θεοῦ.
1672 1554 1735 1586 Πῶς
1758 1554 1812 1590 ἄρα

180 1590 276 1625 inquit,
297 1591 405 1619 Domini
425 1593 585 1627 superveniet
599 1594 627 1620 in
644 1600 678 1627 te,
695 1598 720 1622 et
734 1595 816 1622 virtus
833 1596 967 1624 Altissimi

179 1635 345 1663 obumbrabit
368 1641 401 1664 te.
423 1637 538 1672 Ideoque
555 1643 580 1665 et
597 1639 667 1674 quod
680 1645 802 1668 nascetur
817 1649 849 1668 ea;
863 1646 887 1669 te
901 1651 967 1670 san-

178 1686 260 1714 ctum,
280 1684 417 1710 vocabitur
433 1683 522 1712 Filius
539 1685 616 1715 Dei”.
633 1685 816 1719 Quamobrem
835 1696 889 1724 quo
906 1693 968 1717 tan-

178 1727 239 1755 tlem
255 1732 335 1764 pacto
351 1737 414 1756 cum
431 1734 507 1757 tanta
534 1731 636 1766 talique
656 1731 768 1768 Virgine
781 1733 864 1762 Maria
881 1743 967 1771 copu-

178 1773 228 1800 lari
250 1781 334 1802 ausus
358 1775 452 1802 esset?
476 1775 595 1811 Ecquem
617 1785 680 1805 vero
701 1779 820 1807 fructum
842 1788 874 1808 ea
893 1789 968 1817 quae-

178 1819 232 1846 stio
251 1819 330 1847 nobis
347 1820 447 1852 attulit,
471 1825 561 1848 utrum
579 1822 652 1850 illius
669 1825 897 1853 consuetudinem
915 1827 965 1854 ha-

179 1864 290 1891 buerit?
310 1864 406 1892 Utrum
422 1873 486 1893 vero
507 1867 617 1895 tandem
639 1870 726 1904 magis
739 1870 895 1906 eligendum
914 1877 965 1905 est,

179 1910 233 1936 Deo
249 1909 403 1937 istiusmodi
418 1912 524 1946 negotia
534 1913 715 1947 committere,
730 1923 764 1942 an
780 1916 813 1943 ad
831 1917 967 1945 deteriora

177 1953 312 1980 violenter
322 1954 493 1989 irrumpere?
507 1955 585 1988 Quod
598 1958 671 1984 enim
690 1966 825 1994 nusquam
838 1961 866 1988 in
879 1962 967 1990 sacris

178 1999 290 2027 Litteris
304 1999 439 2036 scriptum
460 2006 560 2035 exstet,
574 2003 626 2030 nisi
640 2004 838 2034 crediderimus
854 2006 968 2035 Mariam

178 2053 242 2073 rum
265 2046 324 2074 viro
347 2051 439 2081 postea
456 2048 644 2081 consuevissc,
671 2057 721 2078 nos
737 2051 821 2079 vitam
837 2057 967 2081 aeternam

181 2092 294 2120 minime
307 2097 515 2126 consecuturos,
541 2095 589 2123 sed
608 2095 712 2130 judicio
734 2099 967 2134 condemnandos,

178 2139 280 2166 nemini
292 2147 354 2168 esse
365 2144 455 2175 potest
468 2140 627 2168 obscurum.
639 2141 768 2174 Quaenam
782 2152 846 2173 vero
857 2146 968 2181 scriptis

176 2191 305 2218 expressa
325 2186 415 2212 sunt?
436 2187 531 2221 utique
551 2186 675 2214 honesta.
697 2188 826 2221 Quaenam
861 2192 970 2226 porro?

1018 1601 1119 1637 ἐτόλμα
1137 1601 1306 1637 πναφθῆναι
1331 1603 1364 1637 τῇ
1390 1602 1507 1638 τοσαύτῃ
1534 1601 1581 1629 καὶ
1602 1601 1713 1636 τοιαύτῃ
1745 1601 1812 1636 ἁγίᾳ

1018 1648 1146 1684 παρθένῳ
1162 1648 1273 1683 Magia;
1288 1647 1320 1674 Τί
1342 1648 1371 1675 δὲ
1391 1647 1532 1683 ὠφέλησεν
1547 1648 1622 1683 ἡμᾶς
1645 1647 1696 1682 (9).
1715 1647 1740 1673 εί
1762 1647 1811 1673 καὶ

1019 1694 1231 1730 συνήφΘη,ὅπερ
1250 1694 1287 1729 μὴ
1306 1694 1421 1728 γένοιτο,
1439 1694 1503 1729 περὶ
1530 1693 1577 1720 τοῦ
1603 1694 1711 1728 ζητεῖνς
1731 1693 1812 1720 IIon

1019 1739 1048 1766 δὲ
1076 1739 1177 1774 μᾶλλόν
1203 1740 1276 1765 ἐστιν
1303 1738 1503 1775 αἱρετώτερον,
1532 1736 1563 1765 τὺ
1584 1737 1751 1774 παραδοῦναι
1776 1739 1812 1765 τὰ

1020 1784 1171 1820 πράγματα
1186 1784 1254 1819 Θεῷ,
1275 1784 1291 1820 ἢ
1308 1784 1449 1819 βιάζεσθαι
1473 1785 1539 1820 ἡμῖν
1555 1785 1588 1811 τὰ
1607 1784 1733 1820 χείρονα;
1749 1784 1811 1811 Ὅτι

1022 1830 1070 1865 μὲν
1086 1830 1136 1856 οὐκ
1149 1830 1254 1864 ἐγράφη
1267 1831 1343 1865 ἡμῖν,
1357 1831 1409 1862 ὅτι,
1427 1830 1475 1857 ἐὰν
1496 1830 1534 1866 μὴ
1551 1831 1750 1866 πιστεύσωμεν,
1767 1832 1808 1858 ὅτι

1021 1876 1143 1911 συνῆφθη
1160 1875 1239 1902 πάλιν
1261 1876 1276 1911 ἡ
1299 1876 1405 1910 Μαρία,
1418 1876 1467 1902 οὐκ
1482 1876 1579 1911 ἔχομεν
1597 1876 1669 1912 ζωὴν
1691 1876 1809 1909 αἰώνιον,

1020 1921 1088 1948 ἀλλὰ
1098 1922 1137 1954 εἰς
1149 1922 1235 1957 κρῖμα
1246 1922 1393 1957 ἐρχόμεθα.
1404 1922 1492 1957 δῆλον.
1502 1921 1624 1957 Ἐγράφη
1635 1921 1663 1948 δὲ
1671 1921 1698 1948 τί
1709 1922 1719 1938 ⁸
1729 1922 1809 1955 καλὰ,

1021 1967 1088 1994 ἀλλὰ
1109 1967 1134 1993 τί
1152 1968 1254 2000 δίκαια,
1269 1967 1295 1994 τί
1315 1968 1417 2003 σεμνά·
1442 1968 1505 1995 Ἵνα
1524 1967 1566 2000 δῷ
1584 1967 1643 2002 μὲν
1660 1967 1749 2002 χάριν
1761 1968 1810 1994 καὶ

1021 2011 1083 2044 τοῖς
1097 2011 1272 2039 ἀκούουσιν.
1283 2012 1386 2039 Είασαν
1399 2013 1427 2039 δὲ
1437 2014 1461 2039 oi.
1471 2013 1607 2047 ἄνθρωποι
1618 2012 1652 2039 τὰ
1663 2013 1808 2047 ἀναγκαῖα,

1021 2056 1055 2084 τὰ
1069 2058 1133 2093 περὶ
1146 2058 1263 2090 πίστεως
1277 2058 1417 2094 ἀληθείας,
1432 2058 1466 2084 τὰ
1480 2059 1508 2084 ὲν
1518 2058 1657 2094 δοξολογίᾳ
1673 2057 1752 2089 Θεοῦ,
1761 2059 1808 2086 καὶ

1021 2102 1083 2129 ὅθεν
1096 2103 1118 2130 δ’
1134 2103 1166 2130 ἂν
1182 2103 1297 2139 εὕρωσιν
1312 2104 1417 2135 ἑαυτοῖς
1430 2104 1657 2139 προσ-πορίζονται
1667 2104 1734 2139 πρὸς
1747 2103 1808 2138 βλά-

1021 2147 1088 2183 6ην·
1105 2147 1155 2182 φεῦ
1167 2149 1173 2175 l
1186 2149 1234 2175 καὶ
1253 2148 1426 2182 διανοεῖσθαι,
1443 2149 1560 2184 μάλιστα
1580 2149 1631 2183 τῆς
1648 2149 1760 2185 Γραφῆς
1772 2149 1807 2184 μὴ

1022 2193 1101 2228 λεγού
1106 2202 1164 2228 σης.

178 2229 268 2258 Iusta.
289 2231 368 2264 Quae?
379 2231 500 2266 inquam.
532 2231 671 2261 Honesta'
684 2243 691 2266 ;
705 2232 737 2261 Ut
753 2236 918 2265 audientibus
932 2238 1071 2266 conciliari
1085 2240 1172 2275 gratia
1183 2241 1267 2275 possit
1282 2240 1301 2266 ⁵.
1317 2240 1352 2267 At
1364 2240 1488 2269 homines
1504 2241 1667 2269 necessariis
1696 2240 1807 2274 relictis,

177 2276 212 2304 iis
231 2285 292 2312 quae
318 2285 380 2304 cum
389 2277 450 2305 ﬁdei
473 2278 583 2306 veritate
605 2287 637 2307 ac
662 2280 708 2308 Dei
737 2283 932 2317 praedicatione
960 2285 1108 2321 conjuncta
1129 2292 1202 2320 sunt,
1228 2287 1381 2322 perniciosa
1415 2287 1467 2314 sibi
1487 2295 1611 2323 quaeque,
1632 2288 1809 2322 undecunque

178 2323 324 2357 potuerint,
349 2323 505 2359 excogitare
522 2325 692 2354 contendunt

177 2368 314 2403 Scriptura
331 2370 441 2397 mentio.

727 2337 733 2354 :
765 2328 834 2356 heu!
856 2329 929 2364 quod
952 2331 995 2358 vel
1039 2333 1161 2367 cogitare
1175 2333 1320 2361 molestum
1333 2337 1387 2367 est,
1403 2341 1465 2360 cum
1494 2334 1568 2361 nulla
1584 2334 1719 2369 praecipue
1733 2334 1769 2361 sit
1782 2333 1808 2360 in

216 2414 283 2441 XVI.
307 2414 412 2441 Etenim
432 2415 454 2442 si
473 2415 608 2450 ejusmodi
625 2415 754 2450 quiddam
777 2415 823 2442 illa
845 2423 963 2444 comme-

1053 2417 1109 2450 ΙΕΡ-
1127 2420 1158 2447 Et
1175 2421 1224 2456 μὲν
1241 2431 1295 2458 γαρ
1312 2423 1404 2457 ἔλεγεν
1425 2424 1442 2460 ἡ
1461 2423 1566 2460 Γραφὴ,
1581 2425 1762 2461 ἁπεδιδόαμεν
1775 2427 1807 2454 ἂν

181 2464 326 2492 morassct,
351 2459 474 2494 profecto
496 2461 638 2489 veritatem
662 2461 750 2496 ipsam
768 2461 827 2488 sine
843 2461 898 2488 ulla
914 2466 968 2488 ter-

178 2505 362 2540 giversatione
377 2505 577 2540 profiteremur.
593 2506 635 2533 An
651 2507 723 2534 enim
737 2506 888 2534 inhonestae
903 2511 968 2535 sunt

179 2552 304 2588 nuptim?
323 2556 369 2578 aut
387 2551 517 2587 profanus
529 2557 570 2580 est
584 2558 671 2585 torus,
687 2557 715 2580 et
734 2561 788 2579 non
807 2553 897 2588 potius
920 2553 966 2580 im-

178 2599 332 2626 maculalus
342 2598 366 2625 '1'
386 2599 425 2625 An
441 2598 559 2633 denique
583 2600 744 2626 adulterata:
760 2603 824 2626 sunt
845 2599 964 2634 nuptizc?

177 2646 340 2681 Quanquam
366 2645 504 2680 propheta:
533 2653 565 2672 ac
585 2645 727 2680 pontifices
740 2645 774 2673 ab
788 2644 896 2680 1043
911 2645 964 2673 illis

177 2691 326 2723 abstinent,
351 2695 380 2718 ut
404 2690 554 2726 majoribus
576 2690 763 2718 {unctionibus
784 2695 963 2725 occupentur.

1023 2465 1072 2500 τὴν
1088 2465 1228 2502 ἀλήθειαν,
1244 2468 1290 2494 καὶ
1307 2469 1382 2496 οὐδὲν
1404 2468 1589 2505 διενοούμεθα.
1604 2471 1649 2506 Μὴ
1662 2471 1717 2506 γὰρ
1729 2473 1743 2498 ὁ
1759 2473 1808 2506 γᾶς

1023 2518 1072 2544 μος
1091 2510 1224 2546 ἄσεμνος;
1242 2513 1278 2547 μὴ
1296 2512 1439 2549 βέὃηλοςή
1457 2514 1551 2550 κοίτη;
1573 2515 1610 2550 μὴ
1630 2516 1681 2542 οὐκ
1704 2517 1806 2552 ἔστινὴ

1021 2555 1098 2591 κοίτη
1124 2557 1274 2591 ἀμίαντο;;
1300 2558 1337 2594 μὴ
1355 2560 1597 2596 παραχαράσσεται
1618 2561 1722 2597 γάμοςς
1744 2562 1807 2589 Ἀπὸ

1021 2600 1048 2627 δὲ
1063 2603 1210 2638 προφητῶν
1228 2604 1274 2630 καὶ
1289 2604 1437 2640 ἀρχιερέων
1462 2606 1592 2641 ἀπέχεται
1616 2607 1660 2634 διὰ
1675 2608 1726 2643 τὴν
1742 2608 1806 2643 πρὸς

1019 2646 1050 2672 τὸ
1070 2647 1163 2682 μεῖζον
1186 2649 1347 2684 ὑπηρεσίαν.
1371 2651 1449 2678 Μετὰ
1478 2652 1531 2688 γὰρ
1560 2652 1590 2679 τὺ
1623 2653 1805 2688 προφητεῦσαι

1022 2692 1152 2728 Μωῦσῆν,
1166 2694 1258 2721 οὐκέτι
1274 2696 1384 2730 γυναικὶ
1399 2696 1543 2733 συνῆπται,
1557 2698 1648 2724 οὐκέτι
1671 2700 1805 2734 τεκνοριυῖ-

215 2769 223 2784 ¹
237 2769 304 2796 Luc.
320 2777 351 2809 ιι,
365 2770 423 2811 lt."
447 2771 460 2811 '_
476 2769 540 2811 an.
558 2768 639 2811 1,.55.
679 2768 689 2783 '
701 2767 819 2803 Philipp.
838 2773 878 2798 iv,
891 2767 918 2795 8.
961 2768 970 2785 ⁸

1023 2769 1084 2797 ιῐιεε.
1102 2778 1139 2803 tv,
1151 2770 1195 2798 ‘29.
1234 2773 1244 2788 '
1258 2771 1341 2800 Hebr.
1363 2781 1422 2806 xm,
1434 2774 1462 2802 4.
1496 2775 1506 2790 '
1527 2775 1674 2811 Sequentia
1692 2775 1718 2802 τί
1744 2784 1802 2804 cum

180 2801 395 2839 interrogatione
412 2805 480 2832 forte
492 2804 614 2839 legenda.

217 2859 258 2902 (9),
282 2859 311 2902 Tt
331 2860 365 2902 se
377 2861 536 2896 ὠφέλησεν
564 2858 650 2893 ἡμᾶς.
679 2858 838 2894 Lcopardus
870 2858 917 2886 lib.
947 2867 970 2887 Ix

1023 2860 1226 2897 mendationum,
1251 2869 1311 2898 cap.
1341 2862 1379 2895 ἓ,
1403 2871 1453 2899 pro
1476 2865 1540 2901 περὶ
1565 2865 1610 2893 τοῦ
1638 2865 1740 2902 ζητεῖν,
1759 2873 1802 2892 πε-

185 2893 274 2930 ριττόν
288 2894 362 2928 legit.
