1945 3043
173 138 224 167 Ἱὲ

462 139 646 168 ADVERSUS
664 138 836 168 HERESES
855 139 917 167 LIB.
939 140 983 168 III.
1005 140 1085 170 TOM.
1107 142 1140 170 II.
1161 157 1196 164 —
1215 141 1352 170 HERES.
1372 139 1510 168 LXXVIII.

1745 139 1799 168 ’126

175 208 246 233 cur,
262 199 353 227 οὐκέτι
371 201 454 236 γεννᾷ
465 201 479 227 ὀ
491 201 621 230 τοιοῦτος.
635 201 824 237 Σχολιαίτερον
845 201 899 238 γὰρ
918 202 957 230 cla

1014 202 1120 231 Etenim
1143 202 1261 239 Moyses,
1283 206 1459 237 posteaquam
1479 199 1608 236 propheta
1626 206 1687 228 esse
1699 200 1793 234 coepit,
1813 191 1817 203 ¹

175 245 231 280 βίον
254 245 316 280 ἔσχε
340 245 408 281 πρὸς
430 246 475 272 τὸν
499 246 649 280 Δεσπότην.
659 246 723 278 Πῶς
735 247 789 282 γὰρ
804 247 919 282 ἠδύνατο
932 248 962 275 ἐν

172 292 232 326 ερει
252 292 316 326 Σινᾷ
340 291 546 328 τεσσαράκοντα
567 291 667 324 νύκτας
689 292 736 319 καὶ
761 293 964 328 τεσσαράκοντα

173 337 282 374 ἡμέρας
304 337 436 365 διατελεῖν
452 338 535 374 γάμῳ
552 337 745 373 προσανέχων;
766 338 801 365 Ἣ
823 339 882 371 πῶς
901 339 964 374 ἠδύ-

172 392 238 413 νατο
248 383 450 420 τεσσαράκοντα
463 383 510 420 ἔτη
524 385 552 411 ὲν
564 385 597 420 τῇ
614 385 710 420 ἐρήμῳ
724 384 791 420 πρὸς
808 385 964 421 οἰκονομίαν

168 429 241 461 ,θεοῦ
266 430 375 466 ἕτοιμος
396 427 475 462 εἷναι,
497 429 564 465 πρὸς
584 429 734 466 ἱερωσύνην
756 439 785 456 τε
806 430 963 465 σχολάζειν;

173 476 229 503 Καὶ
241 475 299 507 πῶς
310 475 344 506 τὰ
360 475 497 512 μυστήρια
506 474 669 511 διηγεῖσθαι,
684 476 731 502 καὶ
743 475 774 502 τὸ
790 476 942 510 συνομιλεῖν
954 477 962 491 ²

172 521 232 556 Θεῷ
247 520 383 556 ’τῷ-γάμῳ
405 520 575 555 συνημμένος
596 520 745 554 διατελεῖν;
768 521 800 547 El
824 520 879 556 γὰρ
899 521 964 556 περὶ

173 566 251 602 ἡμῶν
263 566 362 600 φάσκει
376 567 390 592 ὁ
410 565 488 600 ἅγιος
507 565 667 598 Ἀπόστολος
681 565 840 602 διαρρήδην,
857 566 903 593 καὶ
918 565 963 593 λέ-

172 620 229 646 γει·
245 611 324 646 Πρὸς
340 611 454 645 καιρὸν,
472 611 522 638 ἵνα
536 611 714 646 σχολάσωσι
731 611 768 646 τῇ
786 611 941 646 προσευχῇ
954 619 961 627 ⁸

172 657 247 692 πόσῳ
258 666 290 692 τε
307 657 406 692 μᾶλλον
427 657 490 693 περὶ
511 657 658 692 προφητῶν
673 656 748 684 ἔσται
763 655 840 689 οὗτος
856 657 963 693 ἀληθῶς

170 703 185 729 ὀ
208 702 304 737 Χόγοςς
328 701 466 738 Προφῆτις
489 702 578 729 τοίνυν
599 702 646 741 και
667 704 683 739 ἡ
707 703 812 739 Μαρία.
829 702 963 737 Εἰσῆλθε

171 749 237 783 γὰρ,
262 748 339 783 φησὶ,
361 747 436 782 πρὸς
457 747 514 781 τὴν
536 746 697 782 προφῆτιν,
723 747 773 775 καὶ
798 748 834 775 ὲν
856 748 962 783 γαστρὶ

170 794 270 825 uatis.
284 794 334 820 καὶ
358 793 462 821 ἔτεκεν
487 793 565 820 υιόν.
581 793 635 820 Καὶ
662 791 728 820 εἷπε
755 793 864 827 Κύριος
888 793 963 827 πρός

167 846 222 874 με·
237 838 376 867 Κάλεσον
400 838 433 864 τὸ
450 837 545 873 ὄνομα
568 838 672 871 αὑτοῦ,
696 838 811 873 Ταχέως
833 839 962 866 σκύλευ-

170 891 239 916 σσν,
254 883 346 915 ὀξέως
365 883 591 918 προνόμευσονι
607 883 653 910 καὶ
675 882 710 909 τὰ
730 883 804 918 ἑξῆς.
830 883 962 925 Σημαίνει
977 880 997 908 Β

169 928 198 955 δὲ
216 927 333 955 ὶνταῦθα
348 928 396 963 τὴν
412 927 458 954 τοῦ
477 927 596 963 Γαὸριὴλ
618 927 720 955 εἴσοδον
735 927 804 963 πρὸς
825 928 874 964 τὴν
898 929 960 955 Μα-

172 973 240 1008 ρίαν,
257 973 301 999 ὅτε
321 972 433 1007 ἐξῆλθεν
457 973 686 1007 εὐαγγελίσασθαι
705 973 787 1009 αὐτῇ,
803 973 844 1000 ὅτι
870 974 961 1010 μέλλει

169 1019 267 1053 γεννᾷν
282 1018 345 1045 Υἱδν
357 1018 426 1044 Θεοῦ
444 1018 556 1053 σωτῆρα
573 1018 611 1054 τῷ
625 1018 731 1054 κόσμῳ,
746 1019 795 1045 οὐκ
806 1019 860 1045 ἀπὸ
876 1019 960 1055 σπέρ-

170 1072 255 1099 ματος
273 1063 379 1100 ἀνδρὸς,
397 1063 466 1090 ἀλλὰ
479 1063 524 1091 διὰ
538 1064 698 1099 Πνεύματος
721 1063 808 1098 ἁγίου.
819 1064 898 1091 Ἀλλὰ
913 1065 961 1091 καὶ

167 1109 207 1145 τῷ
220 1109 345 1144 Φιλίππῳ
367 1109 406 1144 τῷ
419 1109 598 1145 εὐαγγελιστῇ
611 1109 744 1146 τέσσαρες
760 1108 830 1146 ἦσαν
846 1110 960 1144 θυγατέ-

168 1164 215 1192 ρες
231 1155 465 1191 προφητεύουσαι·
482 1157 668 1192 ἐπροφήτευον
683 1157 704 1183 δ’
719 1156 773 1192 ἄρα
788 1156 822 1182 δι’
837 1156 870 1191 ἢν
892 1164 958 1182 κατ‹

166 1201 291 1238 ηξιοῡντο
312 1201 384 1236 ἔχειν
405 1201 564 1237 παρθενίαν.
579 1202 634 1229 Καὶ
654 1196 745 1229 Θέκλαξ
766 1202 815 1237 μὲν
842 1202 960 1237 συναντᾷ

167 1247 266 1283 Παύλῳ
290 1247 329 1283 τῷ
357 1248 437 1284 ἁγίῳ,
463 1248 511 1275 καὶ
532 1247 669 1275 διαλύεται
695 1248 797 1284 γάμου,
822 1248 959 1283 ὁρμαστὺν

166 1293 267 1329 ἔχουσα
291 1293 487 1327 εὐειδέστατον,
501 1293 676 1329 πρωτεύοντα
695 1294 723 1320 δὲ
744 1293 859 1325 πόλεως,
875 1292 958 1319 πλού-

167 1347 224 1366 σιον
236 1338 317 1373 ἄγαν,
333 1339 526 1373 εὐγενέστατον
547 1339 577 1366 δὲ
594 1340 624 1368 ὲν
637 1339 676 1374 τῷ
693 1339 743 1375 βίῳ
763 1339 811 1366 καὶ
829 1339 958 1373 διαφανέ-

166 1392 279 1411 στατον·
297 1384 343 1412 καὶ
364 1386 524 1420 περιφρονεί
548 1384 601 1411 τῶν
622 1385 751 1419 ἐπιγείων
775 1386 792 1421 ἡ
817 1385 894 1420 ἁγία,
914 1385 958 1412 ἵνα

165 1429 221 1456 τῶν
241 1429 409 1466 ἐπουρανίων
430 1430 566 1466 ἐγκρατὴς
587 1430 709 1466 γένηται.
726 1431 758 1458 El
780 1430 871 1457 τοίνυν
883 1427 957 1458 οὗτοι

164 1476 262 1508 ταῦτα,
275 1475 351 1512 πόσῳ
364 1485 396 1511 γε
409 1477 509 1512 μᾶλλον
524 1478 540 1513 ἡ
556 1477 660 1513 Μαρία,
679 1477 722 1511 ἐφ’
734 1477 768 1512 ῆν
787 1477 804 1512 ἡ
818 1476 958 1512 θαυμασία

165 1522 241 1549 πᾶσα
254 1522 395 1557 οἰκονομία
408 1522 571 1558 γεγένηται;
583 1522 668 1551 Πόθεν
680 1521 768 1549 τοίνυν
782 1522 889 1556 συνάξω
898 1523 956 1551 δια-

1015 250 1119 278 nullam
1135 250 1251 285 amplius
1264 257 1326 277 cum
1341 255 1426 276 uxore
1444 246 1669 275 consuetudinem
1685 245 1797 279 habuit,

1014 304 1103 331 neque
1120 296 1232 324 'Iiberos
1259 296 1285 323 in
1313 303 1346 323 eo
1366 298 1438 322 statu
1466 292 1587 328 suscepit
1603 312 1610 323 .
1630 293 1730 327 quippe
1751 292 1798 326 qui

1014 351 1077 372 cum
1102 342 1217 370 Domino
1245 341 1342 376 majori
1366 341 1428 368 vitae
1451 347 1508 368 suae
1532 343 1609 374 parte
1630 342 1795 366 versaretur.

1013 389 1054 416 An
1072 388 1095 417 si
1113 388 1216 423 nuptiis
1228 395 1327 415 vacare
1342 387 1483 418 voluisset,
1499 385 1678 420 quadraginta
1704 387 1798 411 noctes

1014 440 1046 461 ac
1058 433 1118 461 dies
1134 432 1161 460 in
1175 435 1266 460 monte
1282 430 1348 459 Sina
1365 437 1540 467 perseverare
1556 429 1729 465 potuisset'?
1749 435 1797 463 po—

1015 479 1113 507 tuisset
1136 477 1316 513 quadraginta
1340 481 1412 505 totos
1436 485 1524 504 annos
1544 476 1572 503 in
1595 475 1743 503 solitudine
1763 475 1798 502 ad

1014 524 1169 551 divinarum
1189 531 1220 552 se
1233 530 1325 550 rerum
1349 521 1614 551 administrationem
1636 519 1797 551 intendere,

1013 570 1169 598 sacerdotio
1185 576 1293 603 vacare,
1307 576 1436 598 enarrare
1446 568 1494 596 Dei
1510 567 1649 604 mysteria.
1665 573 1728 594 cum
1744 565 1799 592 Deo

1013 616 1132 651 denique
1163 619 1295 651 perpetuo
1322 615 1440 650 colloqui
1466 615 1623 650 nuptiarum
1644 612 1796 640 obstrictus

1013 668 1096 688 onere
1108 660 1263 695 potuisset?
1279 659 1345 687 Nam
1358 660 1382 688 si
1399 660 1432 687 de
1448 659 1529 687 nobis
1542 658 1689 694 Apostolus
1705 660 1799 692 aperte

1012 707 1170 741 pronuntiat
1186 715 1194 733 :
1210 705 1252 733 Ad
1268 710 1378 738 tempus,
1391 709 1420 736 ut
1434 709 1523 734 uacent
1536 705 1652 733 orationi
1666 704 1801 738 ‘;quanto

1013 749 1087 778 istud
1111 750 1199 784 ipsum
1215 750 1249 778 de
1265 749 1405 785 prophetis
1422 749 1521 785 potiori
1534 748 1596 783 jure
1609 748 1734 776 dicetur?
1755 747 1801 773 Δια

999 796 1059 830 ηῳιί
1084 795 1169 823 Maria
1204 795 1374 830 prophetissa
1401 794 1461 821 fuit.
1486 793 1624 829 Ingressus
1653 797 1691 820 est
1718 793 1802 824 enim,

1013 841 1113 875 inquit,
1142 839 1177 869 ad
1202 839 1414 874 prophetissam;
1436 843 1462 866 et
1486 838 1513 865 in
1540 843 1614 865 utero
1627 837 1755 871 concepit,
1775 841 1800 864 et

1011 885 1110 920 peperit
1124 884 1221 919 ﬁlium.
1237 883 1272 911 Et
1284 883 1353 910 dixit
1370 883 1499 910 Dominus
1510 882 1544 909 ad
1560 890 1602 909 me
1617 889 1626 909 :
1650 881 1720 908 Voca
1751 889 1798 908 no-

1011 938 1070 958 men
1103 929 1186 964 ejus:
1212 927 1272 956 Cito
1300 927 1438 955 detrahere
1474 926 1574 960 spolia,
1610 926 1708 960 raptim
1732 933 1801 960 prcr-

1011 976 1075 1004 dare
1088 976 1111 1009 ',
1127 980 1181 1004 etc.
1202 975 1309 1009 Quibus
1326 974 1418 1001 verbis
1433 972 1567 1000 Gabrielis
1582 973 1615 1000 ad
1631 972 1742 1000 Mariam
1756 972 1800 999 in—

1010 1029 1134 1057 gressum
1154 1019 1273 1050 ostendit
1287 1028 1294 1052 ;
1315 1027 1377 1047 cum
1392 1019 1426 1046 ad
1439 1027 1500 1047 eam
1515 1019 1599 1052 venit,
1617 1023 1647 1046 ut
1662 1018 1801 1046 nitntiaret

1011 1067 1109 1094 Filium
1127 1067 1214 1101 ipsam
1238 1065 1285 1093 Dei
1306 1073 1338 1092 ac
1362 1065 1543 1098 Salvatorem,
1564 1065 1624 1093 sine
1655 1064 1711 1092 ullo
1728 1064 1800 1091 virili

1010 1117 1081 1144 satu.
1105 1113 1152 1140 sed
1175 1112 1263 1140 sancti
1289 1111 1408 1146 Spiritus
1432 1111 1599 1142 interventu,
1621 1109 1724 1137 mundo
1737 1116 1800 1138 esse

1010 1159 1160 1194 parituram
1170 1163 1190 1185 ε.
1207 1157 1278 1191 Quin
1298 1157 1380 1185 etiam
1397 1156 1539 1192 Philippus
1552 1155 1720 1191 evangelista
1731 1163 1800 1191 qua-

1010 1206 1071 1230 tuor
1078 1202 1172 1230 habuit
1189 1201 1258 1229 lities
1271 1200 1360 1228 alilatu
1373 1200 1531 1236 prophetico
1543 1199 1679 1235 praeditas,
1691 1206 1751 1235 qua).
1765 1199 1800 1226 ob

1010 1248 1182 1284 virginitatis
1207 1247 1292 1275 decus
1313 1246 1479 1274 vaticinandi
1512 1254 1613 1274 munus
1637 1246 1704 1274 illud
1730 1245 1801 1273 obti-

1009 1293 1160 1321 nuerunt".
1171 1291 1224 1320 Sed
1235 1296 1262 1320 et
1274 1291 1375 1320 Thecla
1391 1299 1454 1319 cum
1468 1291 1496 1318 in
1510 1290 1627 1318 Paulum
1642 1290 1796 1321 incidisset.

1009 1341 1104 1373 pactas
1126 1337 1236 1372 nuptias
1259 1335 1396 1368 dissolvit,
1412 1343 1475 1363 cum
1492 1335 1624 1371 primario
1639 1334 1748 1362 cuidam
1766 1335 1800 1362 ciu

1008 1384 1102 1412 vitatis
1120 1383 1215 1417 totius,
1233 1391 1264 1411 ac
1288 1384 1368 1419 longe
1383 1382 1471 1414 diviti,
1484 1381 1667 1414 nobilissimo,
1684 1380 1799 1416 splendi-

1008 1428 1177 1463 dissimoque
1200 1428 1337 1464 desponsa
1358 1428 1415 1463 jam
1446 1427 1555 1455 fuisset.
1575 1425 1675 1454 Verum
1691 1429 1800 1453 terrena

1008 1474 1069 1502 ideo
1084 1478 1179 1502 sancta
1197 1474 1243 1502 illa
1268 1474 1442 1509 contempsit,
1470 1476 1500 1500 ut
1518 1472 1671 1502 caelestium
1687 1479 1801 1506 compos

1007 1526 1069 1548 esse
1094 1522 1196 1555 posset.
1220 1519 1311 1552 Quare
1331 1527 1394 1547 cum
1415 1518 1474 1546 haec
1499 1518 1534 1546 ab
1555 1518 1610 1545 illis
1627 1517 1747 1553 praestita
1764 1517 1802 1544 vi-

164 1567 240 1600 νοίας
254 1569 293 1600 εις
309 1549 466 1602 τὺιὰγαὸὸν,
482 1549 529 1595 καὶ
544 1549 668 1604 ἐπιτρέψω
681 1568 726 1595 τὸν
742 1549 827 1603 ζόφον
844 1549 909 1595 τ’ὦν-
922 1549 957 1595 τὰ

1009 1565 1138 1597 deamus,
1166 1569 1270 1600 quanto
1294 1560 1382 1601 magis
1410 1564 1481 1592 idem
1497 1572 1512 1593 a
1530 1563 1615 1592 Maria
1642 1566 1800 1598 susceptura

164 1613 238 1642 δεινὰ
250 1615 482 1650 ὲγκισσησάντων,
499 1614 625 1650 καθάπερ
637 1614 793 1650 γέγραπται
803 1622 809 1629 ”
825 1614 958 1646 Συνέλα-

164 1659 198 1687 σε
211 1660 317 1691 πόνον,
335 1659 384 1687 καὶ
397 1660 501 1689 ἔτεκεν
517 1660 662 1695 ἀνομίαν;
677 1656 757 1686 Οὗτοι
776 1657 831 1695 γὰρ
851 1659 959 1695 ἀληθῶς

164 1705 388 1741 συλλαμεάνουσι
405 1706 483 1733 πόνον
499 1706 697 1742 διανοημάτων,
712 1706 833 1733 τίκτουσι
855 1705 884 1738 δὲ
896 1706 959 1732 ἀνο-

166 1752 232 1788 μίαν
247 1751 435 1788 βλασφημιῶν.

1007 1611 1094 1640 fuisse
1104 1612 1262 1646 fatebimur,
1280 1611 1307 1639 in
1321 1618 1375 1646 qua
1395 1610 1556 1638 admirabile
1584 1609 1650 1638 illud
1674 1610 1800 1637 incarna-

1008 1658 1092 1686 tionis
1122 1658 1282 1694 mysterium
1297 1661 1340 1685 est
1356 1656 1528 1692 perfectura?
1548 1656 1678 1690 Quaenam
1699 1662 1764 1683 vero
1783 1662 1800 1682 a

1012 1705 1092 1733 nobis
1117 1705 1180 1732 iniri
1202 1704 1272 1731 ratio
1292 1707 1394 1739 potest,
1410 1707 1440 1730 ιιι
1452 1707 1478 1730 ct
1504 1703 1619 1731 istorum
1646 1706 1752 1730 mentes
1764 1701 1798 1728 ad

1010 1749 1123 1778 meliora
1151 1749 1338 1782 traducamus,
1364 1752 1392 1776 et
1420 1755 1528 1776 onmem
1554 1747 1588 1775 iis
1612 1747 1793 1775 discutiamus

166 1797 269 1825 erroris
299 1797 454 1833 caliginem,
475 1796 521 1832 qui
544 1796 648 1824 nefaria
670 1796 808 1832 dogmata,
841 1796 912 1823 velut
946 1794 1195 1831 perniciosissimos
1227 1793 1318 1825 fetus,
1350 1794 1422 1821 intra
1449 1801 1479 1821 se
1516 1797 1720 1828 conceperunt,
1751 1793 1791 1820 nti

167 1844 299 1879 scriptum
323 1847 389 1871 cst:
422 1842 547 1878 Concepit
567 1843 695 1875 laborem,
727 1848 752 1870 et
770 1843 869 1877 peperit
892 1841 1104 1878 iniquitatem'?
1129 1840 1169 1868 Illi
1200 1840 1273 1868 enim
1305 1839 1399 1875 utique
1419 1839 1615 1876 cogitationum
1641 1840 1796 1869 molestiam

168 1889 345 1925 laboremque
358 1889 530 1924 concipiunt,
542 1894 569 1917 et
583 1890 845 1918 contumeliosarum
859 1897 956 1917 vocum
977 1889 1143 1924 impietatem
1162 1888 1281 1923 pariunt.

197 1935 246 1962 IZ’.
275 1933 354 1963 ’Δλλὰ
369 1934 406 1970 μή
430 1942 473 1966 τις
499 1934 592 1961 ἐκεῖνα
614 1935 772 1967 ὑπονοείτω,
792 1936 840 1962 καὶ
855 1935 955 1970 ἑτέρως

162 1979 231 2008 αὐτὰ
253 1980 428 2015 ὑποσπείρέιν
448 1980 537 2016 ἐαυτῷ
557 1981 738 2017 πειρώμενος,
760 1981 876 2015 λεγέτω·
892 1981 954 2014 Πῶς

161 2022 209 2052 οὖν
221 2022 280 2052 εἷπε
293 2025 324 2053 τὸ
337 2025 511 2060 Εὑαγγέλιον,
523 2026 564 2052 ὅτι
580 2026 695 2061 Εὐρέθη
705 2027 741 2053 ὲν
752 2027 953 2062 γωτρὶὲχου-

161 2078 203 2097 σα
214 2071 247 2097 ὲκ
262 2071 436 2106 Πνεὺματος
451 2071 538 2106 ἁγίου
559 2072 578 2106 ἡ
593 2073 701 2106 Μαρία,
715 2073 787 2106 πρὶν
801 2073 820 2108 ἢ
838 2075 950 2105 συνελ-

161 2115 225 2142 θεῖν
240 2114 455 2152 αὐτούςΠΑρα
477 2115 523 2145 οὖν
545 2119 728 2153 προσεδοκᾶτο
749 2119 766 2154 ἡ
786 2118 950 2150 συνέλευσις,

161 2160 209 2187 καὶ
224 2160 319 2187 τούτου
335 2161 416 2198 χάριν
431 2159 503 2202 circa,
523 2162 580 2197 πρὸ
602 2163 655 2190 τοῦ
678 2163 853 2196 συνελθεῖν;
872 2163 951 2190 Ἀλλὰ

161 2207 208 2233 καὶ
226 2206 305 2233 πάλιν
331 2208 360 2234 ὲν
382 2207 454 2243 ἄλλῳ
467 2208 543 2243 τόπῳ
557 2208 588 2235 τὸ
608 2208 673 2234 αὐτὸ
692 2209 772 2236 πάλιν
788 2208 952 2243 Εὑαγγέλιόν

161 2260 227 2287 φησι
253 2253 319 2288 (Kal
336 2249 441 2288 εὑρέθη
459 2254 495 2280 ἐν
508 2253 615 2289 ’γαστρὶ
626 2254 741 2289 ἔχουσα
766 2255 838 2289 πρὶν
855 2256 952 2282 εἰσελ-

161 2296 223 2324 θεῖν
237 2297 359 2330 αὐτούς·
375 2297 403 2331 ἢ,
418 2298 473 2325 Kal
489 2297 645 2333 ἐγέννησε,
660 2299 709 2326 καὶ
725 2300 780 2326 οὐκ
804 2299 878 2334 ἔγνω
895 2300 951 2326 αὐ-

160 2341 235 2377 τήν·
250 2343 278 2378 ἢ,
295 2343 350 2370 Kal
372 2343 518 2378 ἐγέννησε
538 2344 590 2371 τὸν
608 2344 675 2371 υἱὸν
694 2344 789 2378 αὐτῆς
805 2344 857 2371 τὸν
875 2352 951 2379 πρω-

159 2388 293 2422 τότοκον,
312 2389 360 2416 καὶ
374 2390 429 2416 οὐκ
444 2389 509 2424 ᾔδει
527 2389 644 2424 αὺτήν)”
661 2391 716 2418 Kal
735 2392 790 2418 οὐκ
808 2391 885 2426 ἔγνω
897 2392 951 2419 αὑ-

159 2433 227 2468 τὴν,
255 2433 311 2466 ἕως
334 2434 404 2461 ὅτου
426 2434 572 2469 ἐγέννησε
599 2436 653 2462 τὸν
674 2436 741 2463 υἱὸν
768 2436 866 2470 αὐτῆς
895 2437 950 2464 τὸν

159 2480 358 2513 πρωτότοκον.
377 2481 431 2507 Καὶ
446 2481 496 2507 οὐκ
514 2481 617 2509 οἴδασιν
640 2482 664 2508 ol
689 2482 739 2514 τὰς
761 2481 878 2518 Θεωρίας
898 2482 953 2509 τῶν

159 2525 179 2550 Γ
183 2525 276 2560 ραφῶν
301 2526 418 2562 διαιρεῖν
440 2527 682 2563 ἐπαγγελλόμενοι,
697 2529 745 2556 καὶ
769 2528 802 2556 τὰ
829 2529 953 2565 μετέωρα

159 2571 205 2598 καὶ
229 2571 367 2606 βαθύτατα
389 2573 621 2609 περιεργάζεσθαι
643 2574 856 2610 ἐπιχειροῦντες,
871 2575 912 2602 ὅτι
935 2577 951 2611 ἠ

159 2615 276 2652 Θεωρία¹
293 2619 413 2646 τοιοῦτον
427 2619 484 2655 ἔχει
496 2620 540 2647 τὸν
554 2621 664 2655 τρόπον.
675 2621 706 2648 Et
716 2621 770 2657 γὰρ
785 2621 865 2649 πάλιν
875 2622 951 2656 ἐγέν-

158 2670 239 2697 νησεν
255 2665 272 2699 ἡ
287 2665 391 2700 Μαρία,
406 2665 459 2692 ἔδει
482 2666 528 2694 καὶ
550 2666 604 2693 τῶν
624 2665 712 2693 ἄλλων
726 2666 849 2701 ἀδελφῶν
863 2668 950 2694 εἰπεῖν

158 2707 191 2734 τὰ
206 2708 338 2744 ὀνόματα.
351 2710 382 2737 El
405 2710 434 2737 δὲ
454 2710 548 2746 ἐπειδὴ
566 2712 752 2745 πρωτότοκός
768 2712 833 2739 ἐστι
847 2711 950 2746 πάσης

1043 1933 1126 1961 XVII.
1149 1933 1203 1960 Scd
1223 1941 1330 1965 vereor,
1348 1941 1381 1961 ne
1399 1932 1548 1968 quisillum
1566 1932 1656 1968 ipsum
1675 1940 1797 1960 errorem

1008 1978 1035 2006 in
1050 1978 1172 2006 animum
1200 1977 1310 2005 inducat
1332 1985 1424 2009 suum,
1442 1978 1551 2012 aliaque
1570 1978 1676 2005 ratione
1696 1978 1797 2013 impul-

1007 2032 1055 2051 sus
1077 2024 1106 2051 in
1132 2024 1224 2059 seipso
1249 2023 1322 2050 velut
1344 2030 1490 2051 conserere
1512 2028 1639 2056 conetur,
1662 2027 1743 2058 atque
1769 2023 1796 2050 in

1006 2070 1079 2097 hunc
1110 2070 1220 2097 modqu
1252 2069 1411 2098 ratiocinari
1440 2069 1527 2097 velit:
1547 2068 1619 2103 Quid
1650 2073 1692 2097 est
1724 2069 1797 2105 quod

1006 2115 1181 2150 Evangelium
1203 2119 1319 2142 narrat:
1347 2114 1457 2142 Inventa
1479 2120 1519 2141 est
1541 2115 1568 2141 in
1594 2119 1666 2142 utero
1700 2114 1796 2142 habent

1007 2161 1113 2197 1049
1128 2165 1159 2189 αθ
1175 2161 1279 2196 Spiritu
1290 2165 1381 2188 sancto
1397 2161 1496 2194 Maria,
1513 2165 1653 2195 antequam
1670 2161 1790 2188 conueni-

1005 2213 1061 2234 rent
1072 2209 1082 2223 ’
1093 2208 1104 2230 Ἰ
1127 2207 1287 2234 Utrumuam
1304 2207 1385 2242 igitur
1396 2206 1543 2234 conventio
1558 2207 1603 2234 illa
1617 2214 1649 2238 ac
1664 2214 1796 2241 congres-

1005 2262 1053 2282 sus
1072 2254 1300 2289 exspectabatur,
1325 2253 1451 2288 ideoque,
1466 2258 1605 2288 antequam
1620 2255 1795 2286 convenirent,

1007 2300 1097 2327 dixit?
1111 2299 1248 2327 Prasterca
1264 2299 1290 2326 in
1306 2299 1403 2326 eodem
1424 2298 1572 2334 Evangelia
1585 2299 1638 2326 alio
1655 2299 1715 2326 loco
1731 2299 1792 2326 scri-

1005 2349 1080 2380 ptum
1110 2349 1153 2373 est
1180 2345 1303 2381 (Inventa
1329 2350 1368 2373 est
1394 2346 1421 2372 in
1443 2350 1516 2373 utero
1539 2345 1636 2373 habent
1656 2350 1796 2381 antequam

1003 2393 1185 2424 convenirent;
1210 2391 1251 2419 vel
1270 2401 1277 2419 :
1295 2390 1327 2418 Et
1351 2392 1459 2426 peperit,
1482 2396 1507 2419 et
1521 2400 1572 2419 non
1585 2393 1705 2427 cognovit
1719 2401 1796 2425 eam;

1003 2438 1061 2466 sive
1075 2447 1081 2465 :
1098 2438 1202 2473 Peperit
1233 2438 1320 2471 litium
1337 2447 1415 2466 suum
1429 2439 1633 2474 primogenitum
1649 2439 1670 2455 ¹⁰
1681 2460 1689 2472 ,
1705 2444 1728 2466 et
1744 2448 1796 2467 non

1004 2484 1174 2520 cognoscebat
1192 2485 1287 2519 ipsum)
1301 2494 1308 2511 ε
1324 2483 1359 2511 Et
1372 2493 1423 2512 non
1438 2485 1556 2519 cognovit
1571 2493 1640 2519 eam,
1658 2485 1739 2512 donec
1751 2492 1796 2519 pe,-

1005 2529 1072 2564 perit
1108 2530 1192 2565 ﬁlium
1206 2539 1283 2559 suun:
1296 2531 1501 2567 primogenitum
1514 2531 1550 2558 “.
1563 2530 1616 2559 Sed
1626 2535 1652 2559 et
1664 2531 1728 2558 illud
1747 2531 1796 2558 lio-

1004 2577 1092 2604 mines
1110 2577 1154 2604 isti
1173 2585 1226 2604 non
1240 2576 1342 2610 rident,
1363 2577 1409 2612 qui
1426 2585 1455 2606 se
1470 2585 1514 2611 ea,
1529 2585 1590 2613 quze
1600 2577 1628 2605 in
1644 2576 1795 2611 Scripturis

1005 2625 1168 2653 tractantur,
1195 2622 1323 2650 distincte
1349 2623 1540 2658 explicateque
1559 2623 1695 2651 disserere
1713 2622 1795 2657 proti-

1004 2670 1106 2699 tcntur,
1129 2675 1162 2694 ac
1177 2668 1304 2695 sublimia
1320 2669 1365 2695 illa
1391 2669 1579 2704 altissimaque
1591 2668 1720 2704 mysteria
1733 2675 1794 2702 per-

1003 2713 1121 2741 scrutari
1145 2713 1265 2746 student,
1286 2716 1358 2747 hanc
1376 2722 1439 2743 esse
1452 2714 1617 2742 narrationis
1631 2713 1704 2741 illius
1720 2713 1788 2741 loci-

192 2797 202 2814 ί
214 2797 253 2838 Ἑλ
263 2799 423 2838 συνομιλῷν.
462 2800 516 2838 (ξ.
534 2800 597 2838 οι)..-
616 2801 626 2817 ³
641 2800 727 2838 Exod.
740 2809 818 2838 xxtv,
831 2801 874 2838 t8.
913 2801 923 2816 ⁸
941 2800 950 2827 I

1009 2809 1028 2829 r.
1045 2801 1150 2838 ξυμ-5η
1181 2802 1192 2818 ⁸
1212 2802 1264 2838 Isa.
1276 2810 1334 2837 vui,
1352 2803 1378 2832 5.
1417 2804 1427 2820 ⁸
1444 2803 1509 2831 Luc.
1524 2811 1541 2837 i,
1556 2802 1592 2830 26
1611 2809 1672 2838 sqq.
1709 2801 1717 2816 ⁷
1729 2801 1791 2829 Act.

164 2841 223 2866 ni,
237 2832 266 2860 9.
299 2833 311 2850 '
324 2832 396 2863 Psal.
410 2842 457 2868 vn,
472 2835 514 2863 15.

553 2835 667 2864 'Mattli.
681 2845 700 2871 ι,
713 2837 758 2864 ‘28.
799 2837 820 2853 ¹⁰
837 2836 902 2865 Luc.
924 2844 954 2870 ιι,
972 2836 997 2863 7.
1038 2837 1057 2853 ¹¹
1075 2836 1171 2865 Matth.
1188 2846 1206 2872 1,
1218 2837 1263 2865 95.
