1945 3043
203 117 256 146 727

924 134 953 161 δ.
972 135 1140 166 EPIPIIANII

1775 149 1836 179 728

202 184 256 212 que
270 180 443 210 sententiam.
468 182 498 210 Si
516 184 588 212 enim
612 185 698 214 Maria
715 187 806 216 denuo
826 192 963 226 peperisse

202 226 363 241 ﬁm’nl‘nrnm
384 226 485 241 ρΙ--Ξμιέ
513 229 624 241 ’.μ-...μμμ
657 240 661 241 ν
687 240 690 241 ν
719 237 726 241 .
806 236 816 241 -
888 237 895 241 .

1014 197 1026 225 ι
1041 197 1168 231 κτίσεως
1189 199 1203 225 ό
1227 199 1392 238 Μονογενὴς,
1409 202 1446 239 μὴ
1464 203 1590 240 θορυϐοὖ.
1604 206 1642 233 Οὔ
1663 205 1718 241 γὰρ
1738 205 1834 241 εἶπεν,

201 226 363 253 ceterorum
384 226 486 256 Christi
513 229 626 258 fratrum
651 237 729 260 erant
751 236 913 270 proferenda
935 247 986 267 no-

202 268 286 295 mina.
299 270 375 302 Quod
390 277 480 300 autem
495 272 693 311 primogenitus
709 268 842 309 creaturae
859 284 948 311 omnis
974 285 983 301 ¹

201 312 247 340 ille
263 316 360 343 unicus
382 319 544 353 appellatur,
562 329 616 349 non
633 328 675 351 est
693 325 766 360 quod
780 334 812 354 ea
824 331 850 355 te
865 336 908 356 res
923 337 985 364 per—

200 359 302 388 turbet.
330 361 389 389 Non
413 365 486 392 enim
510 367 589 400 dixit,
617 359 758 404 peperisse
781 373 854 400 illam
878 359 982 410 primo-

198 405 318 438 genitum
331 415 411 436 suum
421 431 428 440 .
446 411 493 438 sed
509 412 561 440 hoc
579 415 686 443 solum:
701 416 763 444 Non
778 405 896 454 cognovit
912 429 981 454 eam,

197 451 279 478 donec
290 455 390 488 peperit
424 457 506 490 ﬁlium
526 468 613 488 suum.
635 461 684 489 Ubi
705 471 759 490 non
778 451 982 501 primogenitum

196 503 284 528 suum,
291 498 337 524 sed
346 500 547 536 primogenitum
556 504 688 533 duntaxat
696 498 922 542 appellavitNam
930 512 982 541 hoc

195 541 265 575 ipso,
290 545 361 578 quod
390 545 476 580 ﬁlium
493 557 570 576 suum
586 550 665 583 dixit,
681 541 773 580 natum
787 555 860 583 hunc
874 564 906 584 ex
923 558 978 590 illa,

192 587 265 621 quod
283 588 316 615 ad
331 596 441 619 carnem
457 594 585 628 pertinet,
603 597 733 624 ostendit.
751 598 792 625 Ad
812 587 980 636 primogeniti

191 638 274 665 porro
288 634 463 669 vocabulum,
475 645 528 665 non
541 647 634 667 vocem
650 641 735 674 illam,
747 634 977 679 suum,a(ljunxit,

191 676 240 704 sed
266 679 469 715 primogenitum
496 686 686 714 tantummodo
707 688 824 716 vocavit.
855 689 906 718 Hic
936 697 979 719 cst

191 722 264 750 enim
295 724 351 758 ille,
381 734 462 761 quem
486 727 700 766 Primogenitum
728 737 860 762 creatura:
888 737 977 765 omnis

188 766 337 804 Apostolus
358 773 493 807 nominat,
513 776 616 812 quique
632 784 694 805 cum
715 780 852 808 creaturis"
869 784 977 811 caeteris

187 814 300 843 minime
314 818 501 855 eonjungitur,
520 822 568 850 sed
588 829 653 853 ante
669 833 715 853 eas
730 834 826 855 omnes
840 828 974 863 originem

185 859 303 894 accepit.
317 860 411 897 Neque
419 864 504 896 enim,
513 866 603 901 primo
615 873 736 903 creatus,
745 871 832 905 dixit,
845 859 903 905 sed,
918 874 974 908 pri-
989 885 1010 913 Β

184 905 330 938 "ingenitus
344 915 353 934 :
370 908 438 936 adeo
449 914 479 937 ut
486 911 519 938 ad
531 913 661 947 majorem
671 915 839 944 audientium
852 905 970 946 fructum

183 952 267 984 atque
286 953 443 982 cautionem
460 955 518 984 haec
540 958 587 986 illo
602 959 630 986 in
646 960 708 989 loco
723 961 841 990 discreta
854 963 919 996 sint,
938 972 971 992 ac

182 995 350 1032 primogeniti
362 1007 427 1028 voce
444 1002 586 1036 praemissa
603 1005 762 1034 inferiorem
777 1008 876 1037 deinde
897 1017 971 1038 crea-

182 1043 272 1086 turam
300 1043 429 1079 subjecit.
453 1046 593 1082 Siquidem
619 1051 787 1086 νήπιος]εηὶιί
810 1061 910 1082 nomen
936 1055 969 1083 ad

181 1081 280 1114 Filium
298 1089 436 1124 refertur;
454 1081 582 1121 creatura
595 1081 644 1130 per
654 1081 754 1125 Filium
770 1104 812 1126 est
825 1100 967 1134 producta.

179 1131 286 1166 Peperit
303 1134 395 1171 itaque
409 1137 497 1172 ﬁlium
518 1148 595 1167 suum
612 1131 832 1178 primogenitum,
843 1153 897 1173 non
913 1147 969 1181 pri-

178 1180 347 1214 mogenitum
367 1190 459 1216 suum,
483 1187 564 1220 quasi
582 1187 651 1215 alios
665 1193 760 1223 postea
773 1191 895 1225 paritura
914 1180 970 1220 fue-

177 1222 226 1255 rit,
241 1229 267 1251 et
285 1233 337 1253 non
357 1230 529 1263 cognoscebat
550 1232 635 1260 illam.
655 1222 708 1266 Qui
730 1222 803 1262 enim
822 1244 903 1265 nosse
924 1246 970 1273 po-

177 1268 230 1295 tuit
252 1273 359 1299 tantum
383 1281 445 1302 esse
465 1275 490 1302 ei
513 1277 620 1305 mulieri
639 1279 734 1314 gratiae
750 1281 967 1310 conferendum?

178 1313 256 1343 Unde
276 1317 373 1351 sciret,
394 1319 518 1355 inquam,
541 1327 596 1350 tam
610 1313 756 1352 excellenti
774 1326 860 1361 gloria
884 1329 967 1364 virgi-

175 1367 238 1388 nem
266 1369 328 1390 esse
350 1365 564 1395 celebrandam?
581 1368 688 1405 Quippe
705 1372 847 1400 mulierem
866 1373 937 1402 hanc
950 1382 966 1402 a

174 1410 274 1435 natura
299 1408 456 1445 formatam,
473 1421 505 1441 ac
519 1413 629 1443 feminei
644 1424 727 1445 sexus
744 1426 806 1446 esse
821 1425 964 1455 cognorat,

173 1455 255 1488 atque
271 1455 305 1482 ab
333 1456 413 1484 Anna
431 1462 519 1488 matre
539 1465 566 1489 et
586 1461 710 1491 Joacimo
727 1468 804 1499 patre
827 1466 963 1500 genitam;

1038 241 1078 268 ὅτι
1093 243 1220 280 ἐγέννησε
1235 245 1280 272 τὺν
1301 248 1471 282 πρωτότοκον
1484 250 1578 286 αὐτῆς,
1591 251 1659 285 ἀλλ’,
1679 254 1739 280 οὐκ
1750 254 1834 288 ἔγνω

1036 289 1142 322 αὐτὴν,
1160 290 1216 324 ἓως
1227 291 1298 319 ὅτου
1321 293 1467 328 ὲῃέννησε
1483 295 1537 322 τὸν
1557 297 1624 324 υιὸν
1649 298 1752 332 αὐτῆς.
1772 300 1833 326 Καὶ

1034 333 1084 359 οὐκ
1096 331 1156 361 εἶπε
1169 335 1224 363 τὸν
1237 338 1426 371 πρωτότοκον
1439 340 1535 375 αὐτῆς,
1552 341 1620 369 ἀλλὰ
1644 343 1698 370 τὸν
1718 331 1833 378 πρωτό-

1033 387 1133 406 τοκον.
1144 381 1204 408 Ἐπὶ
1223 382 1273 416 μὲν
1287 382 1342 418 γὰρ
1357 382 1397 416 τῷ
1411 384 1465 417 υἱῷ
1479 385 1574 419 αὐτῆς
1586 387 1722 422 ἐσήμανεν
1735 388 1764 421 ἐξ
1777 389 1831 415 αὺ-

1033 425 1082 460 τῆς
1099 426 1171 453 κατὰ
1185 427 1275 462 σάρκα
1289 429 1483 465 γεγεννῆσθαι·
1498 431 1545 457 ἐπὶ
1556 431 1584 458 δὲ
1600 433 1633 467 τῇ
1648 433 1702 460 τοῦ
1713 441 1830 468 πρωτα-

1032 470 1122 496 τόκου
1143 471 1286 509 ἐπωνυμίᾳ
1300 473 1390 500 οὐκέτι
1404 474 1435 500 τὸ
1450 474 1545 509 αὐτῆς
1559 476 1644 510 ἔθετο,
1659 478 1727 504 ἀλλὰ
1747 487 1829 513 πρω-

1030 515 1156 543 τότοκον
1179 517 1267 552 μόνον.
1284 516 1366 550 Οὗτος
1386 520 1440 555 γάρ
1457 514 1531 547 ἐστιν
1552 522 1566 548 ὁ
1588 522 1662 557 παρὰ
1686 523 1725 558 τῷ
1743 524 1828 551 Ἀπο-

1031 561 1116 597 στόλῳ
1144 563 1289 598 εἰρημένος
1311 565 1486 599 Πρωτότοκος
1509 566 1599 602 πάσης
1625 569 1761 601 κτίσεως,
1783 570 1824 606 μὴ

1030 607 1201 643 συνημμένος
1217 609 1250 644 τῇ
1281 611 1368 637 κτίσει
1381 630 1388 642 ,
1417 611 1485 638 ἀλλὰ
1511 612 1564 647 πρὸ
1584 612 1701 645 κτίσεως
1723 623 1825 648 γεγεν-

1028 652 1154 687 νημένος.
1187 653 1224 680 οὐ
1240 654 1295 689 γὰρ
1321 653 1392 687 εἷπε,
1419 656 1632 692 πρυγτόκτιστος,
1655 659 1722 686 ἀλλὰ
1745 667 1823 694 πρω-

1027 696 1159 730 τότοκος,
1180 698 1372 734 διαιρουμένης
1386 700 1435 735 τῆς
1449 701 1627 735 ἀναγνώσεως
1642 704 1688 730 ἐπὶ
1707 704 1737 731 τὸ
1755 705 1820 740 βέλ-

1026 751 1082 770 τιον
1094 744 1142 770 καὶ
1153 743 1364 780 ἀσφαλέστερον,
1376 746 1424 772 τοῦ
1440 747 1548 782 πρῶτον
1563 749 1613 784 μὲν
1629 749 1728 784 λέγειν,
1740 759 1817 785 πρω-

1025 789 1158 822 τότοκος,
1173 789 1270 817 ἔπειτα
1285 791 1487 828 ὑποϐεϐηκυῖαν
1501 794 1592 829 λέγειν
1603 795 1652 830 τὴν
1667 797 1764 824 κτίσιν.
1779 798 1819 824 Τὸ

1028 834 1077 869 μὲν
1086 834 1141 870 γὰρ
1154 836 1341 870 πρωτότοκος
1355 838 1404 864 ἐπὶ
1419 838 1466 865 τοῦ
1480 839 1546 866 Υἰοῦ
1565 840 1743 876 λαμϐάνεται,
1757 843 1774 878 ἡ
1786 843 1816 869 δὲ

1024 881 1112 913 κτίσις
1127 881 1171 908 διὰ
1184 882 1232 908 τοῦ
1245 883 1320 909 Υἰοῦ.
1330 883 1494 919 Ἐττέννησε
1508 885 1598 912 τοίνυν
1613 886 1666 913 τὸν
1681 886 1749 914 υἱὸν
1761 889 1816 914 αὺ-

1021 926 1076 961 τῆς
1092 926 1146 954 τὸν
1159 928 1361 962 πρωτότοκον·
1373 930 1423 956 οὐκ
1433 930 1519 966 αὐτῆς
1531 931 1559 958 δὲ
1570 931 1616 958 τδ⁸
1628 932 1814 968 πρωτότοκον.

1022 971 1060 1003 ὼς
1081 971 1166 1007 αὐτῆς
1184 972 1336 1009 μελλούσης
1355 973 1436 1001 ἄλλον
1450 975 1584 1006 κυΐσκειν,
1601 976 1651 1003 καὶ
1671 977 1726 1004 οὐκ
1747 977 1814 1012 ᾔδει

1022 1017 1129 1050 αὐτήν.
1145 1017 1231 1045 Πόθεν
1249 1018 1304 1054 γὰρ
1320 1019 1388 1055 ᾔδει,
1403 1021 1444 1047 ὅτι
1458 1021 1591 1057 τοσαύτην
1606 1022 1684 1058 χάριν
1698 1022 1813 1058 λήψεται

1022 1063 1107 1098 γυνή;
1122 1064 1157 1090 Ἢ
1177 1064 1259 1091 πόθεν
1273 1064 1342 1100 ᾔδει,
1355 1065 1396 1092 ὃτι
1412 1066 1539 1102 τοιαύτην
1556 1067 1635 1100 δόξαν
1647 1068 1812 1104 δοξασθήσε-

1019 1117 1064 1135 ται
1078 1108 1228 1144 παρθένος;
1241 1110 1361 1137 Γυναῖκα
1374 1111 1423 1146 μὲν
1434 1111 1491 1146 ᾔδει
1501 1112 1585 1148 αὐτὴν
1594 1114 1626 1148 τῇ
1642 1113 1751 1145 πλάσει,
1762 1115 1811 1141 καὶ

1020 1152 1129 1188 Θήλειαν
1137 1155 1170 1189 τῇ
1183 1154 1273 1189 φύσει.
1285 1156 1332 1182 καὶ
1341 1157 1373 1183 ὲκ
1382 1157 1598 1194 μητρὺςἊννης,
1608 1159 1654 1186 καὶ
1664 1160 1695 1186 ὲκ
1707 1160 1811 1195 πατρὸς

1025 1197 1161 1235 Ἰωακείμ-
1176 1201 1358 1235 συγγένισσαν
1366 1202 1376 1218 ⁸
1386 1202 1414 1229 δὲ
1423 1204 1472 1238 τῆς
1479 1203 1629 1238 Ἐλισὰϐετ,
1642 1205 1670 1238 ἐξ
1677 1206 1750 1232 οίκου
1762 1206 1809 1233 καὶ

1018 1246 1137 1280 πατριᾶς
1156 1246 1202 1272 τοῦ
1220 1247 1316 1274 Δαϐίδ-
1339 1249 1388 1275 οὐκ
1400 1248 1457 1284 ᾔδει
1470 1249 1509 1282 δὲ,
1523 1250 1564 1276 ὃτι
1582 1251 1709 1286 τοιαύτην
1728 1251 1808 1284 δόξαν

1016 1289 1198 1324 τιμηθήσεταί
1215 1299 1255 1322 τις
1269 1292 1315 1318 ἐπὶ
1326 1292 1376 1327 τῆς
1389 1293 1450 1328 γῆς,
1464 1293 1581 1328 μάλιστα
1592 1295 1669 1331 γυνή.
1682 1296 1738 1322 Οόκ
1746 1296 1806 1331 ᾔδει

1014 1331 1061 1360 οὖν
1077 1334 1171 1371 αὐτὴν,
1189 1335 1242 1368 ἕως
1257 1334 1287 1364 οὗ
1307 1335 1361 1364 εἶδε
1379 1338 1409 1365 τὸ
1424 1338 1526 1375 θαῦμα.
1543 1341 1600 1367 Οὐκ
1610 1341 1668 1376 ᾔδει
1678 1342 1763 1378 αὐτῆς
1776 1342 1806 1369 τὸ

1015 1377 1117 1414 θαῦμα,
1127 1380 1178 1412 ἕως
1187 1381 1248 1407 ὅτου
1259 1380 1313 1409 εἶδε
1323 1383 1352 1409 τὸ
1361 1385 1556 1421 γεγεννημένον
1566 1386 1596 1418 ἐξ
1607 1377 1767 1423 αὑτῆς.”’(1τε
1775 1389 1804 1415 δὲ

1015 1422 1118 1455 ἔτεκεν,
1138 1424 1209 1459 ἔγνω
1224 1427 1271 1453 καὶ
1284 1427 1334 1463 τὴν
1350 1428 1397 1455 τοῦ
1411 1429 1478 1456 Θεοῦ
1493 1430 1585 1466 τιμὴν,
1603 1432 1643 1458 ὅτι
1658 1432 1727 1468 αὐτὴ
1737 1430 1770 1468 ἦν
1785 1435 1803 1470 ή

1013 1469 1265 1506 ἀκούσασα·Χαᾷ)ε,
1276 1474 1505 1510 κεχαριτωμένη·
1513 1477 1642 1511 ὀΚύριος
1647 1479 1722 1512 μετὰ
1732 1479 1801 1507 σοῦ.

727 1498 733 1499 ,
830 1498 840 1500 ε
957 1498 960 1500 .
1219 1498 1228 1506 ι
1244 1498 1464 1510 ’1"‘Ik‘l'""r""
1477 1498 1493 1510 -ι
1513 1498 1637 1511 ν--Ἵνννῖ
1647 1498 1801 1512 νυιυννιη

173 1498 336 1530 I‘Ilizabetbae
357 1509 512 1540 cognatam,
537 1508 648 1536 edomo
662 1509 773 1539 Davidis
808 1519 840 1539 ac
873 1512 996 1542 familia:
1017 1514 1069 1543 hoc
1093 1524 1158 1544 vero
1184 1518 1306 1546 nondum
1337 1520 1519 1554 intellexerat,
1545 1525 1650 1550 tantum
1678 1524 1750 1551 illam
1774 1525 1801 1552 in

173 1547 254 1574 terris
290 1547 374 1578 decus
402 1558 434 1579 ac
451 1552 636 1587 splendorem,
657 1560 684 1584 et
699 1557 809 1593 quidem
831 1559 972 1595 feminam,
992 1569 1054 1591 esse
1086 1570 1307 1594 consecuturam.
1324 1567 1461 1600 Quocirca
1484 1576 1540 1597 non
1561 1570 1689 1605 cognovit
1713 1571 1799 1605 illam,

173 1591 259 1605 .‘nnnn
276 1594 426 1605 -_-.I:_g,,,,,
448 1597 474 1605 ιιι
505 1598 513 1605 1
567 1599 574 1605 .
631 1601 639 1605 -
704 1603 708 1605 .
751 1603 773 1605 _.

171 1591 259 1619 donec
276 1594 431 1631 prodigium
447 1597 514 1625 illud
529 1591 733 1630 animadvertit.
750 1603 810 1631 Non
824 1606 954 1641 cognovit
966 1591 1046 1642 'quod
1059 1609 1085 1636 in
1101 1591 1471 1649 ea‘nii—rabi—leuco‘n—tigerat,
1492 1614 1580 1643 donec
1596 1591 1716 1652 l’1050
1749 1593 1800 1645 na:

981 1640 990 1642 _
1384 1640 1413 1649 ,π
1454 1640 1470 1646 ν.
1608 1640 1715 1652 ,νυν

170 1641 228 1665 tum
241 1646 274 1666 ex
289 1647 321 1667 ea
335 1640 434 1670 Filium
452 1644 529 1672 vidit.
555 1647 739 1683 Posteaquam
772 1658 837 1679 vere
871 1653 989 1688 peperit,
1013 1654 1136 1683 habitum
1157 1657 1197 1685 illi
1218 1658 1352 1688 divinitus
1375 1660 1508 1688 honorem
1534 1662 1662 1697 agnovit;
1683 1671 1800 1699 eamque

170 1682 263 1699 ιιῖιηηὲι
277 1684 320 1699 LL.
334 1687 424 1699 ...ηιμ
440 1689 469 1699 -I,
491 1697 519 1699 ,η
560 1691 567 1699 ι
635 1693 642 1699 .
696 1698 700 1699 ,

169 1682 265 1712 didicit
277 1684 321 1714 bis
334 1687 426 1716 verbis
437 1689 472 1716 ab
489 1691 586 1727 angelo
603 1682 748 1721 salutatam
763 1705 769 1723 :
784 1699 848 1730 Ave,
865 1682 954 1733 ora-tia
972 1682 1062 1734 plena,
1078 1701 1207 1730 Dominus
1227 1707 1312 1731 tecum
1324 1705 1344 1732 '.

204 1727 299 1759 XVIII.
327 1730 392 1760 Haec
420 1740 473 1768 est,
500 1744 583 1771 quam
607 1738 783 1768 adumbravit
805 1727 877 1776 Eva:
894 1751 955 1779 quae

204 1777 317 1798 mnlinm
333 1783 423 1798 marm-
436 1782 555 1798 ηιπηιιη...
570 1784 721 1798 ...ιι-...ηιμ
736 1787 873 1798 :__-..,_,,

1042 1727 1095 1774 IIH'Z
1326 1727 1403 1787 τζαρά
1414 1752 1463 1788 μὲν
1476 1754 1509 1789 τῇ
1524 1753 1580 1789 Εὖᾳ
1595 1757 1797 1798 σημαινομένην

168 1774 318 1805 viventium
333 1783 423 1807 mater
436 1782 556 1816 quodam
569 1784 722 1819 aenigmatis
736 1787 877 1816 involucro
888 1797 959 1817 nun-

167 1825 294 1856 cupatur.
312 1822 453 1858 Siquidem
477 1825 533 1854 Eva
561 1831 620 1855 turn
640 1829 790 1859 viventium
808 1836 850 1860 est
866 1835 958 1869 appel—

167 1865 222 1893 lata
237 1872 334 1900 mater,
348 1875 410 1896 cum
423 1870 480 1905 jam
493 1871 558 1900 illud
573 1874 724 1904 audiisset:
737 1877 821 1904 Terra
839 1865 918 1912 es,—e-t
929 1881 957 1907 in

167 1914 267 1939 terram
281 1916 447 1948 reverteris‘,
465 1922 528 1952 post
544 1918 696 1948 admissum
712 1922 839 1951 videlicet
855 1932 952 1959 pecca-

166 1959 235 1983 tum.
256 1955 335 1990 Quod
359 1960 469 1994 quidem
491 1963 672 1994 admiratione
693 1967 805 2002 dignum
822 1955 875 2003 esi,
893 1976 956 2005 post

165 2001 241 2029 illam
270 2003 460 2039 oiTensionem,
493 2012 549 2036 tam
574 2001 737 2044 praeclarum
755 2013 781 2041 ei
804 2022 953 2050 cognomen

165 2048 338 2077 attributum.
355 2050 394 2079 Ac
410 2052 434 2080 si
457 2054 593 2082 exteriora
617 2056 752 2085 duntaxat
775 2064 802 2086 et
825 2048 953 2090 sensibus

163 2094 244 2122 obvia
258 2096 419 2126 consideres
433 2119 441 2131 ,
465 2100 500 2127 ab
519 2100 614 2128 eadem
630 2102 681 2130 hac
696 2102 750 2131 Eva
765 2105 851 2133 totius
865 2111 906 2134 est
924 2107 951 2135 in

163 2139 246 2168 terris
260 2140 372 2169 humani
387 2143 497 2178 generis
510 2145 587 2180 origo
598 2146 726 2176 deducta.
742 2148 847 2178 Revera
860 2155 950 2180 tamen

164 2193 179 2212 ιι
195 2184 280 2213 Maria
301 2186 414 2222 Virgine
434 2189 490 2216 vita
515 2190 575 2226 ipsa
597 2195 640 2220 est
657 2192 683 2220 in
704 2195 836 2222 mundum
862 2196 949 2225 intro-

163 2230 258 2263 ducta,
278 2236 310 2259 ut
330 2233 465 2262 viventem
489 2236 586 2271 pariat,
602 2242 630 2265 et
646 2239 794 2268 viventium
811 2241 896 2270 Maria
914 2244 949 2272 sit

162 2280 259 2303 mater.
279 2276 414 2310 Quocirca
439 2280 587 2309 viventium
615 2288 703 2311 mater
729 2285 889 2315 adumbrata
915 2288 950 2316 si-

161 2322 318 2351 militudine
341 2324 427 2352 Maria
449 2325 560 2354 dicitur.
579 2327 647 2356 Nam
663 2329 697 2357 de
713 2330 819 2360 duabus
837 2333 947 2363 feminis

160 2367 266 2395 dictum
299 2370 366 2397 illud
385 2375 427 2398 est
443 2380 449 2398 :
468 2372 534 2406 Qui:
561 2374 632 2401 dedit
651 2376 756 2404 mulieri
776 2378 944 2412 sapientiam.

162 2418 208 2440 aut
223 2415 375 2450 variegamli
391 2418 565 2446 scientiam‘?
587 2420 693 2449 Etenim
723 2423 777 2450 Eva
800 2424 846 2452 illa
870 2426 946 2461 prior
962 2416 983 2444 D

167 2460 277 2496 sapiens
287 2462 385 2491 mulier
396 2463 510 2498 Adamo,
521 2474 602 2501 quem
617 2468 674 2503 ipsa
686 2470 847 2504 nudaverat,
870 2460 946 2508 aspe-

159 2506 269 2534 ctabilia
276 2509 399 2543 quaedam
406 2511 566 2540 vestimenta
575 2516 732 2543 contexuit:
743 2516 843 2553 quippe
849 2506 945 2554 hujus-

157 2552 231 2580 modi
249 2558 292 2581 cst
307 2554 400 2584 labore
415 2556 554 2586 damnata.
567 2559 645 2592 Quod
659 2562 732 2589 enim
745 2552 855 2592 nuditas
869 2552 943 2594 illius

155 2604 237 2633 opera
247 2605 354 2636 reperta
364 2601 461 2634 fuerat,
470 2604 523 2633 hoc
537 2606 624 2633 eidem
635 2607 728 2635 datum
741 2610 878 2645 negotium
889 2616 942 2644 est,

156 2648 185 2672 ut
201 2645 236 2673 ad
251 2650 393 2676 externam
412 2650 564 2678 nuditatem
578 2653 722 2687 tegendam
739 2662 839 2690 corpus
857 2656 942 2690 istud,

152 2692 225 2725 quod
254 2694 382 2723 sensibus
407 2698 560 2732 expositum
589 2703 641 2732 est,
668 2705 744 2728 veste
770 2707 937 2739 contegeret.

152 2739 188 2767 At
206 2738 298 2768 Maria:
314 2741 446 2771 divinitus
465 2744 530 2772 illud
548 2745 664 2781 obtigit,
686 2751 715 2774 ut
730 2755 831 2784 agnum
856 2738 937 2780 nobis

1008 1791 1042 1818 δι’
1059 1793 1221 1829 αἰνίγματος
1236 1795 1356 1823 λαϐοῦσα
1373 1797 1405 1824 τὺ
1417 1798 1556 1826 καλεῖσθαι
1570 1801 1662 1837 μήτηρ
1677 1791 1797 1834 come
1823 1802 1833 1809 ’

1014 1837 1088 1863 Ἐκεῖ
1102 1838 1150 1873 μὲν
1162 1839 1216 1874 γὰρ
1232 1840 1323 1877 μήτηρ
1339 1840 1448 1874 ζώντων
1460 1844 1600 1880 κέκληται,
1619 1847 1668 1873 καὶ
1686 1849 1755 1882 μετὰ
1766 1850 1797 1877 τὸ

1007 1882 1137 1910 ἀκοῦσαι*
1151 1884 1201 1926 Γῆ
1216 1883 1252 1918 εἴ,
1269 1886 1320 1913 καὶ
1340 1888 1384 1921 εἰς
1406 1888 1464 1923 γῆν
1478 1889 1646 1926 ἀπελεύίηπ,
1663 1893 1732 1928 μετὰ
1746 1895 1796 1930 τὴν
1829 1888 1833 1892 ’

1006 1929 1171 1964 παράϐασιν.
1190 1921 1244 1958 Καὶ
1257 1930 1292 1967 ἦν
1308 1921 1465 1969 θαῦμαξθη
1487 1935 1555 1971 μετὰ
1576 1921 1795 1974 τήνιίπαράϐσσίν

1004 1973 1108 2010 ταύτην
1122 1975 1171 2011 τὴν
1187 1977 1308 2013 μεγάλην
1319 1978 1398 2014 ἔσχεν
1412 1980 1579 2016 ἐπωνυμίαν.
1595 1983 1650 2010 Καὶ
1663 1985 1733 2012 κατὰ
1745 1987 1794 2021 μὲν

1003 2019 1034 2046 τὸ
1046 2020 1184 2056 αἰσθητὸν,
1203 2023 1250 2050 ἀπ’
1263 2024 1372 2060 ἐκείνης
1385 2025 1435 2061 τῆς
1448 2026 1521 2059 Εὔας
1533 2029 1607 2055 πᾶσα
1621 2030 1675 2056 τῶν
1689 2019 1794 2067 ἀνθρὼ-

1003 2073 1062 2092 πων
1079 2067 1095 2101 ἡ
1111 2066 1237 2104 γέννησις
1250 2069 1297 2096 ἐπὶ
1312 2070 1364 2105 γῆς
1377 2072 1553 2108 γεγέννηται”
1566 2072 1617 2102 ὧδε
1637 2076 1666 2103 δὲ
1685 2066 1792 2112 ἀληθῶς

1001 2111 1057 2138 ἀπὸ
1071 2112 1181 2148 Μαρίας
1195 2113 1265 2150 αὕτη
1276 2115 1286 2130 ⁷
1299 2117 1315 2151 ἠ
1331 2115 1388 2152 ζωὴ
1400 2116 1440 2152 τῷ
1451 2117 1546 2155 κόσμῳ
1560 2111 1736 2157 γεγέννηται,
1748 2124 1792 2150 ἵνα

1002 2155 1091 2189 ζῶντα
1104 2159 1235 2195 γεννήσῃ,
1246 2161 1293 2187 καὶ
1307 2162 1442 2199 γένηταιή
1456 2165 1551 2200 Μαρία
1565 2167 1657 2203 μήτηρ
1669 2155 1789 2199 ζώντων.

1000 2203 1040 2228 Δι’
1051 2204 1210 2238 αἰνίγματος
1224 2203 1270 2232 οὖν
1281 2207 1298 2241 ή
1312 2207 1405 2243 Μαρία
1420 2209 1512 2245 μήτηρ
1528 2210 1635 2242 ζώντων
1647 2213 1788 2250 κέκληται.

1000 2248 1068 2284 Περὶ
1091 2249 1147 2286 γὰρ
1171 2250 1224 2278 τῶν
1247 2251 1293 2279 δύο
1318 2255 1456 2287 γυναικῶν
1479 2255 1592 2293 ἐλέχθη·
1610 2259 1659 2292 Τίς
1679 2248 1789 2289 δέδωκε

998 2295 1119 2327 γυναικὶ
1153 2297 1284 2331 σοφίαν,
1318 2298 1337 2333 ἢ
1371 2301 1562 2336 ποικιλτικὴν
1589 2303 1788 2340 ἐπιστήμην;

1005 2338 1112 2374 Ἐπειδὴ
1136 2339 1191 2375 γὰρ
1212 2342 1228 2376 ή
1254 2342 1349 2379 πρώτη
1367 2345 1437 2379 σοφὴ
1459 2345 1514 2372 Εὔα
1529 2346 1679 2381 ὑφαίνουσα
1693 2338 1787 2386 ίμᾶτια

996 2383 1031 2409 τὰ
1047 2384 1164 2420 αἰσθητὰ
1186 2385 1231 2412 διὰ
1253 2387 1412 2424 τὺνῇΛδὰμ,
1430 2390 1512 2426 ὅνπερ
1527 2383 1786 2432 ἐγύμνωσεν-ἀὐτῇ

998 2428 1052 2465 γὰρ
1064 2430 1142 2466 ἐδόθη
1156 2429 1232 2464 οὗτος
1251 2433 1265 2459 ὁ
1284 2434 1415 2469 κάματος.
1425 2435 1533 2472 Ἐπειδὴ
1545 2437 1600 2474 γὰρ
1621 2439 1655 2465 δι’
1672 2440 1756 2477 αὐτῆς

998 2476 1137 2511 γύμνωσις
1151 2477 1274 2514 εὕρηται,
1285 2480 1352 2515 αὐτῇ
1364 2480 1466 2508 δέδοται
1477 2483 1652 2518 ἀμφιεννύειν
1662 2485 1694 2512 τὸ
1707 2476 1786 2522 σῶμα

997 2523 1027 2549 τὸ
1042 2523 1170 2559 αἰσθητὸν
1186 2524 1230 2551 διὰ
1246 2525 1294 2560 τὴν
1310 2526 1449 2562 γύμνωσιν
1471 2528 1521 2564 τὴν
1539 2530 1687 2566 αἰσθητήν·
1707 2534 1739 2568 τῇ
1757 2533 1785 2559 δὲ

996 2568 1091 2604 Μαρίᾳ
1105 2569 1208 2597 δέδοται
1222 2570 1274 2598 ὑπὸ
1287 2571 1365 2602 Θεοῦ,
1380 2573 1454 2606 ὅπως
1465 2574 1532 2612 τέκῃ
1544 2576 1611 2611 ἡμῖν
1629 2578 1723 2612 ἀρνίον
1739 2579 1785 2606 καὶ

996 2614 1142 2649 πρόϐατον,
1156 2616 1204 2643 καὶ
1226 2617 1259 2644 ὲκ
1283 2616 1333 2650 τῆς
1353 2618 1433 2654 δόξης
1455 2620 1538 2647 αὐτοῦ
1561 2622 1607 2648 τοῦ
1629 2623 1722 2659 ἀρνίου
1737 2625 1783 2651 καὶ

997 2659 1132 2695 προϐάτου
1147 2661 1262 2696 γένηται
1278 2663 1353 2698 ἡμῖν,
1367 2663 1405 2695 ὡς
1421 2664 1475 2691 ἀπὸ
1487 2666 1572 2693 πόκου
1590 2667 1619 2694 ὲν
1640 2669 1731 2704 σοφίᾳ,
1749 2670 1781 2696 δι’

993 2705 1093 2742 ἀρετῆς
1117 2707 1200 2734 αὐτοῦ
1221 2708 1323 2743 ἔνδυμα
1345 2710 1510 2746 ἀφθαρσίας.
1519 2712 1598 2740 Ἀλλὰ
1621 2715 1669 2741 καὶ
1689 2715 1782 2752 ἕτερον

991 2752 1058 2788 περὶ
1073 2753 1175 2780 τούτων
1191 2754 1353 2782 διανοεῖσθαι
1368 2756 1424 2784 ἐστι
1437 2757 1601 2793 θαυμαστὸν,
1615 2761 1680 2797 περί
1688 2770 1717 2788 τε
1731 2762 1779 2797 τῆς

330 2810 349 2836 ι,
369 2803 410 2832 I5.
449 2806 458 2821 '
471 2804 538 2833 Luc.
553 2813 572 2838 ι,
584 2806 629 2834 ‘28.
669 2807 679 2823 ³
693 2807 762 2837 Gen.
777 2818 819 2841 tu.
832 2811 873 2841 I9.
913 2813 923 2828 ⁵
933 2812 984 2841 Job
999 2821 1075 2847 ινιιι,
1089 2814 1133 2842 '56.
1167 2815 1177 2830 ⁵
1187 2814 1217 2843 F.
1234 2818 1290 2844 τόν.
1311 2817 1321 2833 ⁶
1335 2816 1374 2845 Ita
1385 2825 1417 2846 ex
1429 2817 1513 2856 Itcgio
1522 2819 1583 2848 cod.
1597 2822 1777 2852 restituimus.

152 2831 163 2848 '
176 2831 209 2859 Υ.
222 2833 301 2864 αὐτή.
