  <div class='ocr_page' id='page_1' title='image "/cluster/home/n/w/nwhite01/storage/ocr_20150623/42/njp.32101077772588/378.png"; bbox 0 0 1945 3043; ppageno 0'>
   <div class='ocr_carea' id='block_1_1' title="bbox 85 172 141 201">
    <p class='ocr_par' dir='ltr' id='par_1_1' title="bbox 85 172 141 201">
     <span class='ocr_line' id='line_1_1' title="bbox 85 172 141 201; baseline 0 0"><span class='ocrx_word' id='word_1_1' title='bbox 85 172 141 201; x_wconf 70' lang='lat'><strong>729</strong></span> 
     </span>
    </p>
   </div>
   <div class='ocr_carea' id='block_1_2' title="bbox 355 169 1399 203">
    <p class='ocr_par' dir='ltr' id='par_1_2' title="bbox 355 169 1399 203">
     <span class='ocr_line' id='line_1_2' title="bbox 355 169 1399 203; baseline 0.005 -5"><span class='ocrx_word' id='word_1_2' title='bbox 355 169 546 200; x_wconf 81' lang='lat' dir='ltr'><strong>ADVERSUS</strong></span> <span class='ocrx_word' id='word_1_3' title='bbox 563 171 734 200; x_wconf 61' lang='lat' dir='ltr'><strong>HxEIiESES</strong></span> <span class='ocrx_word' id='word_1_4' title='bbox 753 173 818 202; x_wconf 83' lang='lat' dir='ltr'><strong>LIB.</strong></span> <span class='ocrx_word' id='word_1_5' title='bbox 836 173 880 201; x_wconf 86' lang='lat' dir='ltr'><strong>III.</strong></span> <span class='ocrx_word' id='word_1_6' title='bbox 901 174 984 203; x_wconf 76' lang='lat' dir='ltr'><strong>TOllI.</strong></span> <span class='ocrx_word' id='word_1_7' title='bbox 1004 174 1079 202; x_wconf 90' lang='lat' dir='ltr'><strong>II.—</strong></span> <span class='ocrx_word' id='word_1_8' title='bbox 1099 173 1236 202; x_wconf 71' lang='lat' dir='ltr'><strong>IIAERES.</strong></span> <span class='ocrx_word' id='word_1_9' title='bbox 1258 174 1399 203; x_wconf 80' lang='lat' dir='ltr'><strong>LXXVIII.</strong></span> 
     </span>
    </p>
   </div>
   <div class='ocr_carea' id='block_1_3' title="bbox 1665 178 1718 207">
    <p class='ocr_par' dir='ltr' id='par_1_3' title="bbox 1665 178 1718 207">
     <span class='ocr_line' id='line_1_3' title="bbox 1665 178 1718 207; baseline 0.038 -2"><span class='ocrx_word' id='word_1_10' title='bbox 1665 178 1718 207; x_wconf 72' lang='lat'><strong>730</strong></span> 
     </span>
    </p>
   </div>
   <div class='ocr_carea' id='block_1_4' title="bbox 86 229 889 270">
    <p class='ocr_par' dir='ltr' id='par_1_4' title="bbox 86 229 884 268">
     <span class='ocr_line' id='line_1_4' title="bbox 86 229 884 268; baseline 0.001 -10"><span class='ocrx_word' id='word_1_11' title='bbox 86 231 162 263; x_wconf 80' lang='grc' dir='ltr'>Εΰας</span> <span class='ocrx_word' id='word_1_12' title='bbox 173 230 283 266; x_wconf 73' lang='grc' dir='ltr'>καὶτῆς</span> <span class='ocrx_word' id='word_1_13' title='bbox 297 229 419 266; x_wconf 85' lang='grc' dir='ltr'>Μαρίας.</span> <span class='ocrx_word' id='word_1_14' title='bbox 428 230 461 256; x_wconf 84' lang='grc' dir='ltr'><em>Ἦ</em></span> <span class='ocrx_word' id='word_1_15' title='bbox 477 229 527 264; x_wconf 85' lang='grc' dir='ltr'>μὲν</span> <span class='ocrx_word' id='word_1_16' title='bbox 539 230 593 266; x_wconf 84' lang='grc' dir='ltr'>γὰρ</span> <span class='ocrx_word' id='word_1_17' title='bbox 608 230 664 258; x_wconf 77' lang='grc' dir='ltr'><strong>Εὕα</strong></span> <span class='ocrx_word' id='word_1_18' title='bbox 680 232 816 268; x_wconf 84' lang='grc' dir='ltr'>πρόφασις</span> <span class='ocrx_word' id='word_1_19' title='bbox 837 241 884 268; x_wconf 80' lang='grc' dir='ltr'>γε-</span> 
     </span>
    </p>
   </div>
   <div class='ocr_carea' id='block_1_5' title="bbox 941 229 1718 270">
    <p class='ocr_par' dir='ltr' id='par_1_5' title="bbox 941 233 1718 270">
     <span class='ocr_line' id='line_1_5' title="bbox 941 233 1718 270; baseline 0.003 -10"><span class='ocrx_word' id='word_1_20' title='bbox 941 238 1016 268; x_wconf 76' lang='lat' dir='ltr'><strong>itque</strong></span> <span class='ocrx_word' id='word_1_21' title='bbox 1034 241 1111 261; x_wconf 79' lang='lat' dir='ltr'><strong>ovem</strong></span> <span class='ocrx_word' id='word_1_22' title='bbox 1130 237 1238 268; x_wconf 83' lang='lat' dir='ltr'><strong>pareret</strong></span> <span class='ocrx_word' id='word_1_23' title='bbox 1252 242 1259 263; x_wconf 88' lang='lat'><strong>:</strong></span> <span class='ocrx_word' id='word_1_24' title='bbox 1275 234 1355 268; x_wconf 85' lang='lat' dir='ltr'><strong>cujus</strong></span> <span class='ocrx_word' id='word_1_25' title='bbox 1368 241 1402 261; x_wconf 82' lang='lat' dir='ltr'><strong>ex</strong></span> <span class='ocrx_word' id='word_1_26' title='bbox 1415 233 1558 268; x_wconf 82' lang='lat' dir='ltr'><strong>splendore</strong></span> <span class='ocrx_word' id='word_1_27' title='bbox 1574 242 1606 262; x_wconf 87' lang='lat' dir='ltr'><strong>ac</strong></span> <span class='ocrx_word' id='word_1_28' title='bbox 1622 235 1718 270; x_wconf 77' lang='lat' dir='ltr'><strong>gloria,</strong></span> 
     </span>
    </p>
   </div>
   <div class='ocr_carea' id='block_1_6' title="bbox 85 273 880 312">
    <p class='ocr_par' dir='ltr' id='par_1_6' title="bbox 85 273 880 312">
     <span class='ocr_line' id='line_1_6' title="bbox 85 273 880 312; baseline -0.001 -9"><span class='ocrx_word' id='word_1_29' title='bbox 85 277 203 312; x_wconf 78' lang='grc' dir='ltr'>γένηται</span> <span class='ocrx_word' id='word_1_30' title='bbox 216 275 332 303; x_wconf 77' lang='grc' dir='ltr'><strong>Θανάτου</strong></span> <span class='ocrx_word' id='word_1_31' title='bbox 347 275 404 305; x_wconf 86' lang='grc' dir='ltr'>τοῖς</span> <span class='ocrx_word' id='word_1_32' title='bbox 421 273 589 309; x_wconf 77' lang='grc' dir='ltr'>ἀνθρώποις·</span> <span class='ocrx_word' id='word_1_33' title='bbox 603 275 636 302; x_wconf 84' lang='grc' dir='ltr'>δι’</span> <span class='ocrx_word' id='word_1_34' title='bbox 653 275 739 310; x_wconf 81' lang='grc' dir='ltr'>αὐτῆς</span> <span class='ocrx_word' id='word_1_35' title='bbox 756 276 810 311; x_wconf 86' lang='grc' dir='ltr'>γὰρ</span> <span class='ocrx_word' id='word_1_36' title='bbox 825 277 880 302; x_wconf 76' lang='lat' dir='ltr'><strong>sta-</strong></span> 
     </span>
    </p>
   </div>
   <div class='ocr_carea' id='block_1_7' title="bbox 84 321 882 360">
    <p class='ocr_par' dir='ltr' id='par_1_7' title="bbox 84 321 882 360">
     <span class='ocr_line' id='line_1_7' title="bbox 84 321 882 360; baseline -0.003 -9"><span class='ocrx_word' id='word_1_37' title='bbox 84 324 170 360; x_wconf 76' lang='grc' dir='ltr'>ῆλθεν</span> <span class='ocrx_word' id='word_1_38' title='bbox 183 324 199 350; x_wconf 79' lang='grc' dir='ltr'><strong>ὁ</strong></span> <span class='ocrx_word' id='word_1_39' title='bbox 213 323 328 354; x_wconf 79' lang='grc' dir='ltr'>θάνατος</span> <span class='ocrx_word' id='word_1_40' title='bbox 344 321 384 353; x_wconf 76' lang='grc' dir='ltr'><strong>είς</strong></span> <span class='ocrx_word' id='word_1_41' title='bbox 400 321 446 348; x_wconf 82' lang='grc' dir='ltr'>τὸν</span> <span class='ocrx_word' id='word_1_42' title='bbox 460 321 578 356; x_wconf 81' lang='grc' dir='ltr'><strong>κόσμον·</strong></span> <span class='ocrx_word' id='word_1_43' title='bbox 594 322 611 357; x_wconf 88' lang='grc' dir='ltr'>ὴ</span> <span class='ocrx_word' id='word_1_44' title='bbox 627 322 655 348; x_wconf 76' lang='grc' dir='ltr'>δὲ</span> <span class='ocrx_word' id='word_1_45' title='bbox 665 322 760 358; x_wconf 81' lang='grc' dir='ltr'>Μαρία</span> <span class='ocrx_word' id='word_1_46' title='bbox 777 322 882 358; x_wconf 84' lang='grc' dir='ltr'>πρόφα-</span> 
     </span>
    </p>
   </div>
   <div class='ocr_carea' id='block_1_8' title="bbox 86 366 882 405">
    <p class='ocr_par' dir='ltr' id='par_1_8' title="bbox 86 366 882 405">
     <span class='ocr_line' id='line_1_8' title="bbox 86 366 882 405; baseline -0.003 -9"><span class='ocrx_word' id='word_1_47' title='bbox 86 379 132 402; x_wconf 80' lang='grc' dir='ltr'><strong>σις</strong></span> <span class='ocrx_word' id='word_1_48' title='bbox 144 370 228 405; x_wconf 81' lang='grc' dir='ltr'>ζωῆς,</span> <span class='ocrx_word' id='word_1_49' title='bbox 244 369 277 396; x_wconf 78' lang='grc' dir='ltr'>δι’</span> <span class='ocrx_word' id='word_1_50' title='bbox 289 367 324 405; x_wconf 83' lang='grc' dir='ltr'>ἦς</span> <span class='ocrx_word' id='word_1_51' title='bbox 338 367 470 404; x_wconf 73' lang='grc' dir='ltr'><strong>ἐγεννήθη</strong></span> <span class='ocrx_word' id='word_1_52' title='bbox 486 369 552 403; x_wconf 83' lang='grc' dir='ltr'>ἡμῖν</span> <span class='ocrx_word' id='word_1_53' title='bbox 566 366 634 403; x_wconf 81' lang='grc' dir='ltr'><strong>ζωή.</strong></span> <span class='ocrx_word' id='word_1_54' title='bbox 649 369 703 395; x_wconf 77' lang='grc' dir='ltr'><strong>Καὶ</strong></span> <span class='ocrx_word' id='word_1_55' title='bbox 719 368 764 395; x_wconf 87' lang='grc' dir='ltr'><strong>διὰ</strong></span> <span class='ocrx_word' id='word_1_56' title='bbox 776 368 854 396; x_wconf 79' lang='grc' dir='ltr'>τοῦτο</span> <span class='ocrx_word' id='word_1_57' title='bbox 867 369 882 394; x_wconf 83' lang='grc' dir='ltr'><strong>ὁ</strong></span> 
     </span>
    </p>
   </div>
   <div class='ocr_carea' id='block_1_9' title="bbox 86 411 881 450">
    <p class='ocr_par' dir='ltr' id='par_1_9' title="bbox 86 411 881 450">
     <span class='ocr_line' id='line_1_9' title="bbox 86 411 881 450; baseline -0.001 -7"><span class='ocrx_word' id='word_1_58' title='bbox 86 416 154 448; x_wconf 75' lang='grc' dir='ltr'><strong>Υἱὸς</strong></span> <span class='ocrx_word' id='word_1_59' title='bbox 176 415 244 442; x_wconf 81' lang='grc' dir='ltr'>Θεοῦ</span> <span class='ocrx_word' id='word_1_60' title='bbox 274 414 442 450; x_wconf 82' lang='grc' dir='ltr'>παρεγένετο</span> <span class='ocrx_word' id='word_1_61' title='bbox 468 414 509 445; x_wconf 83' lang='grc' dir='ltr'>εις</span> <span class='ocrx_word' id='word_1_62' title='bbox 532 413 577 440; x_wconf 79' lang='grc' dir='ltr'>τὸν</span> <span class='ocrx_word' id='word_1_63' title='bbox 603 414 722 450; x_wconf 71' lang='grc' dir='ltr'><strong>κόσμον⁸</strong></span> <span class='ocrx_word' id='word_1_64' title='bbox 753 414 810 446; x_wconf 73' lang='grc' dir='ltr'>καὶ,</span> <span class='ocrx_word' id='word_1_65' title='bbox 840 411 881 442; x_wconf 80' lang='grc' dir='ltr'><strong>οὗ</strong></span> 
     </span>
    </p>
   </div>
   <div class='ocr_carea' id='block_1_10' title="bbox 86 458 882 494">
    <p class='ocr_par' dir='ltr' id='par_1_10' title="bbox 86 458 882 494">
     <span class='ocr_line' id='line_1_10' title="bbox 86 458 882 494; baseline -0.003 -6"><span class='ocrx_word' id='word_1_66' title='bbox 86 460 278 488; x_wconf 65' lang='grc' dir='ltr'>ἐπλεόνασεν</span> <span class='ocrx_word' id='word_1_67' title='bbox 289 460 308 493; x_wconf 79' lang='grc' dir='ltr'><strong><em>ἠ</em></strong></span> <span class='ocrx_word' id='word_1_68' title='bbox 324 459 462 493; x_wconf 81' lang='grc' dir='ltr'>ἁμαρτία,</span> <span class='ocrx_word' id='word_1_69' title='bbox 477 459 776 493; x_wconf 79' lang='grc' dir='ltr'><strong>ὑπερεπερίσσευσεν</strong></span> <span class='ocrx_word' id='word_1_70' title='bbox 795 459 815 493; x_wconf 77' lang='grc' dir='ltr'>ἡ</span> <span class='ocrx_word' id='word_1_71' title='bbox 834 458 882 494; x_wconf 85' lang='grc' dir='ltr'><strong>χά-</strong></span> 
     </span>
    </p>
   </div>
   <div class='ocr_carea' id='block_1_11' title="bbox 86 504 881 545">
    <p class='ocr_par' dir='ltr' id='par_1_11' title="bbox 86 504 881 545">
     <span class='ocr_line' id='line_1_11' title="bbox 86 504 881 545; baseline -0.005 -11"><span class='ocrx_word' id='word_1_72' title='bbox 86 516 136 541; x_wconf 86' lang='grc' dir='ltr'><strong>ρις</strong></span> <span class='ocrx_word' id='word_1_73' title='bbox 145 516 152 522; x_wconf 92' lang='grc'>·</span> <span class='ocrx_word' id='word_1_74' title='bbox 169 507 215 533; x_wconf 83' lang='grc' dir='ltr'>καὶ</span> <span class='ocrx_word' id='word_1_75' title='bbox 229 506 290 533; x_wconf 80' lang='grc' dir='ltr'>ὅθεν</span> <span class='ocrx_word' id='word_1_76' title='bbox 304 505 398 540; x_wconf 82' lang='grc' dir='ltr'>γέγονε</span> <span class='ocrx_word' id='word_1_77' title='bbox 411 505 533 536; x_wconf 74' lang='grc' dir='ltr'>θάνατος,</span> <span class='ocrx_word' id='word_1_78' title='bbox 546 504 604 530; x_wconf 77' lang='grc' dir='ltr'>ἐκεῖ</span> <span class='ocrx_word' id='word_1_79' title='bbox 617 504 767 540; x_wconf 80' lang='grc' dir='ltr'>προέλαϐεν</span> <span class='ocrx_word' id='word_1_80' title='bbox 814 504 881 540; x_wconf 74' lang='grc' dir='ltr'>ζωὴ,</span> 
     </span>
    </p>
   </div>
   <div class='ocr_carea' id='block_1_12' title="bbox 90 550 883 587">
    <p class='ocr_par' dir='ltr' id='par_1_12' title="bbox 90 550 883 587">
     <span class='ocr_line' id='line_1_12' title="bbox 90 550 883 587; baseline -0.003 -7"><span class='ocrx_word' id='word_1_81' title='bbox 90 553 136 580; x_wconf 80' lang='grc' dir='ltr'>ἵνα</span> <span class='ocrx_word' id='word_1_82' title='bbox 150 553 207 587; x_wconf 83' lang='grc' dir='ltr'><strong>ζωὴ</strong></span> <span class='ocrx_word' id='word_1_83' title='bbox 222 552 283 580; x_wconf 59' lang='grc' dir='ltr'><strong>ἀντὶ⁸</strong></span> <span class='ocrx_word' id='word_1_84' title='bbox 300 551 414 579; x_wconf 83' lang='grc' dir='ltr'>θανάτου</span> <span class='ocrx_word' id='word_1_85' title='bbox 428 550 552 586; x_wconf 87' lang='grc' dir='ltr'>γένηται,</span> <span class='ocrx_word' id='word_1_86' title='bbox 565 550 730 577; x_wconf 80' lang='grc' dir='ltr'>ὲκκλείσασα</span> <span class='ocrx_word' id='word_1_87' title='bbox 742 551 788 578; x_wconf 83' lang='grc' dir='ltr'><strong>τὸν</strong></span> <span class='ocrx_word' id='word_1_88' title='bbox 803 551 883 578; x_wconf 83' lang='grc' dir='ltr'>θάνα-</span> 
     </span>
    </p>
   </div>
   <div class='ocr_carea' id='block_1_13' title="bbox 88 596 882 632">
    <p class='ocr_par' dir='ltr' id='par_1_13' title="bbox 88 596 882 632">
     <span class='ocr_line' id='line_1_13' title="bbox 88 596 882 632; baseline -0.003 -7"><span class='ocrx_word' id='word_1_89' title='bbox 88 607 136 625; x_wconf 83' lang='grc' dir='ltr'><strong>τον</strong></span> <span class='ocrx_word' id='word_1_90' title='bbox 152 598 198 624; x_wconf 81' lang='grc' dir='ltr'>τὸν</span> <span class='ocrx_word' id='word_1_91' title='bbox 212 598 244 624; x_wconf 76' lang='grc' dir='ltr'>ἐκ</span> <span class='ocrx_word' id='word_1_92' title='bbox 261 597 401 632; x_wconf 84' lang='grc' dir='ltr'>γυναικὸς,</span> <span class='ocrx_word' id='word_1_93' title='bbox 420 596 501 623; x_wconf 87' lang='grc' dir='ltr'>πάλιν</span> <span class='ocrx_word' id='word_1_94' title='bbox 512 597 526 622; x_wconf 88' lang='grc' dir='ltr'>ὁ</span> <span class='ocrx_word' id='word_1_95' title='bbox 537 596 580 622; x_wconf 86' lang='grc' dir='ltr'><strong>διὰ</strong></span> <span class='ocrx_word' id='word_1_96' title='bbox 592 596 720 631; x_wconf 74' lang='grc' dir='ltr'>γυναικὸς</span> <span class='ocrx_word' id='word_1_97' title='bbox 739 597 806 632; x_wconf 79' lang='grc' dir='ltr'>ἡμῖν</span> <span class='ocrx_word' id='word_1_98' title='bbox 826 596 882 632; x_wconf 83' lang='grc' dir='ltr'><strong>ζωὴ</strong></span> 
     </span>
    </p>
   </div>
   <div class='ocr_carea' id='block_1_14' title="bbox 90 642 883 680">
    <p class='ocr_par' dir='ltr' id='par_1_14' title="bbox 90 642 883 680">
     <span class='ocr_line' id='line_1_14' title="bbox 90 642 883 680; baseline -0.001 -9"><span class='ocrx_word' id='word_1_99' title='bbox 90 643 303 680; x_wconf 85' lang='grc' dir='ltr'>γεγεννημένος.</span> <span class='ocrx_word' id='word_1_100' title='bbox 321 643 376 670; x_wconf 74' lang='grc' dir='ltr'><strong>Καὶ</strong></span> <span class='ocrx_word' id='word_1_101' title='bbox 392 643 484 678; x_wconf 70' lang='grc' dir='ltr'>ἐπειδὴ</span> <span class='ocrx_word' id='word_1_102' title='bbox 498 644 556 669; x_wconf 79' lang='grc' dir='ltr'>ἐκεῖ</span> <span class='ocrx_word' id='word_1_103' title='bbox 570 643 619 678; x_wconf 82' lang='grc' dir='ltr'>μὲν</span> <span class='ocrx_word' id='word_1_104' title='bbox 639 642 679 669; x_wconf 75' lang='grc' dir='ltr'>ἔτι</span> <span class='ocrx_word' id='word_1_105' title='bbox 698 642 766 670; x_wconf 81' lang='grc' dir='ltr'>οὖσα</span> <span class='ocrx_word' id='word_1_106' title='bbox 781 643 883 678; x_wconf 84' lang='grc' dir='ltr'>παρθέ-</span> 
     </span>
    </p>
   </div>
   <div class='ocr_carea' id='block_1_15' title="bbox 89 690 883 726">
    <p class='ocr_par' dir='ltr' id='par_1_15' title="bbox 89 690 883 726">
     <span class='ocr_line' id='line_1_15' title="bbox 89 690 883 726; baseline -0.003 -7"><span class='ocrx_word' id='word_1_107' title='bbox 89 701 136 724; x_wconf 87' lang='grc' dir='ltr'><strong>νος</strong></span> <span class='ocrx_word' id='word_1_108' title='bbox 154 693 171 726; x_wconf 87' lang='grc' dir='ltr'>ἡ</span> <span class='ocrx_word' id='word_1_109' title='bbox 184 690 242 718; x_wconf 73' lang='grc' dir='ltr'>Εῠα</span> <span class='ocrx_word' id='word_1_110' title='bbox 266 691 295 717; x_wconf 80' lang='grc' dir='ltr'>ὲν</span> <span class='ocrx_word' id='word_1_111' title='bbox 319 690 490 726; x_wconf 70' lang='grc' dir='ltr'>παρεχὸάσει</span> <span class='ocrx_word' id='word_1_112' title='bbox 514 690 656 726; x_wconf 83' lang='grc' dir='ltr'><strong>παρακοῆς</strong></span> <span class='ocrx_word' id='word_1_113' title='bbox 678 690 785 725; x_wconf 81' lang='grc' dir='ltr'>γέγονε,</span> <span class='ocrx_word' id='word_1_114' title='bbox 802 691 883 717; x_wconf 84' lang='grc' dir='ltr'>πάλιν</span> 
     </span>
    </p>
   </div>
   <div class='ocr_carea' id='block_1_16' title="bbox 90 735 882 771">
    <p class='ocr_par' dir='ltr' id='par_1_16' title="bbox 90 735 882 771">
     <span class='ocr_line' id='line_1_16' title="bbox 90 735 882 771; baseline -0.003 -7"><span class='ocrx_word' id='word_1_115' title='bbox 90 738 136 765; x_wconf 76' lang='grc' dir='ltr'><strong>διὰ</strong></span> <span class='ocrx_word' id='word_1_116' title='bbox 156 737 208 771; x_wconf 78' lang='grc' dir='ltr'>τῆς</span> <span class='ocrx_word' id='word_1_117' title='bbox 231 735 371 771; x_wconf 81' lang='grc' dir='ltr'><strong>Παρθένου</strong></span> <span class='ocrx_word' id='word_1_118' title='bbox 396 735 507 769; x_wconf 84' lang='grc' dir='ltr'>γέγονεν</span> <span class='ocrx_word' id='word_1_119' title='bbox 530 735 547 770; x_wconf 83' lang='grc' dir='ltr'><strong>ή</strong></span> <span class='ocrx_word' id='word_1_120' title='bbox 571 735 680 769; x_wconf 81' lang='grc' dir='ltr'>ὑπακοὴ</span> <span class='ocrx_word' id='word_1_121' title='bbox 694 735 743 770; x_wconf 84' lang='grc' dir='ltr'>τῆς</span> <span class='ocrx_word' id='word_1_122' title='bbox 760 735 882 770; x_wconf 84' lang='grc' dir='ltr'>χάριτος,</span> 
     </span>
    </p>
   </div>
   <div class='ocr_carea' id='block_1_17' title="bbox 90 779 904 817">
    <p class='ocr_par' dir='ltr' id='par_1_17' title="bbox 90 779 904 817">
     <span class='ocr_line' id='line_1_17' title="bbox 90 779 904 817; baseline 0 -9"><span class='ocrx_word' id='word_1_123' title='bbox 90 780 334 816; x_wconf 71' lang='grc' dir='ltr'>εὐαγγελισθείσης</span> <span class='ocrx_word' id='word_1_124' title='bbox 349 781 398 815; x_wconf 84' lang='grc' dir='ltr'><strong>τῆς</strong></span> <span class='ocrx_word' id='word_1_125' title='bbox 418 779 592 816; x_wconf 79' lang='grc' dir='ltr'>ᾰπόὺρανοῦ</span> <span class='ocrx_word' id='word_1_126' title='bbox 615 780 728 807; x_wconf 79' lang='grc' dir='ltr'><strong>καθόδου</strong></span> <span class='ocrx_word' id='word_1_127' title='bbox 749 781 882 817; x_wconf 81' lang='grc' dir='ltr'>ὲνσὰρκου</span> <span class='ocrx_word' id='word_1_128' title='bbox 898 788 904 794; x_wconf 69' lang='lat'><strong>‘</strong></span> 
     </span>
    </p>
   </div>
   <div class='ocr_carea' id='block_1_18' title="bbox 91 825 883 863">
    <p class='ocr_par' dir='ltr' id='par_1_18' title="bbox 91 825 883 863">
     <span class='ocr_line' id='line_1_18' title="bbox 91 825 883 863; baseline 0 -9"><span class='ocrx_word' id='word_1_129' title='bbox 91 827 246 862; x_wconf 80' lang='grc' dir='ltr'>παρουσίας</span> <span class='ocrx_word' id='word_1_130' title='bbox 262 827 309 853; x_wconf 79' lang='grc' dir='ltr'>καὶ</span> <span class='ocrx_word' id='word_1_131' title='bbox 326 825 399 861; x_wconf 81' lang='grc' dir='ltr'><strong>ζωῆς</strong></span> <span class='ocrx_word' id='word_1_132' title='bbox 418 826 539 853; x_wconf 83' lang='grc' dir='ltr'>αἰωνίου.</span> <span class='ocrx_word' id='word_1_133' title='bbox 549 827 635 853; x_wconf 68' lang='grc' dir='ltr'>Ἐκεῖκ</span> <span class='ocrx_word' id='word_1_134' title='bbox 643 826 697 862; x_wconf 86' lang='grc' dir='ltr'><strong>γάρ</strong></span> <span class='ocrx_word' id='word_1_135' title='bbox 723 835 789 863; x_wconf 85' lang='grc' dir='ltr'>φησι</span> <span class='ocrx_word' id='word_1_136' title='bbox 815 827 883 863; x_wconf 79' lang='grc' dir='ltr'>πρὸς</span> 
     </span>
    </p>
   </div>
   <div class='ocr_carea' id='block_1_19' title="bbox 91 871 882 907">
    <p class='ocr_par' dir='ltr' id='par_1_19' title="bbox 91 871 882 907">
     <span class='ocr_line' id='line_1_19' title="bbox 91 871 882 907; baseline 0.001 -8"><span class='ocrx_word' id='word_1_137' title='bbox 91 873 138 899; x_wconf 81' lang='grc' dir='ltr'>τὸν</span> <span class='ocrx_word' id='word_1_138' title='bbox 153 872 230 907; x_wconf 74' lang='grc' dir='ltr'>ὅφινο</span> <span class='ocrx_word' id='word_1_139' title='bbox 251 871 305 899; x_wconf 78' lang='grc' dir='ltr'><strong>Καὶ</strong></span> <span class='ocrx_word' id='word_1_140' title='bbox 330 872 441 906; x_wconf 72' lang='grc' dir='ltr'>ἔχθραν</span> <span class='ocrx_word' id='word_1_141' title='bbox 465 871 548 904; x_wconf 79' lang='grc' dir='ltr'>θήσω</span> <span class='ocrx_word' id='word_1_142' title='bbox 573 871 728 906; x_wconf 81' lang='grc' dir='ltr'>ἀναμέσον</span> <span class='ocrx_word' id='word_1_143' title='bbox 749 872 808 899; x_wconf 88' lang='grc' dir='ltr'>σοῦ</span> <span class='ocrx_word' id='word_1_144' title='bbox 832 873 882 900; x_wconf 75' lang='grc' dir='ltr'>καὶ</span> 
     </span>
    </p>
   </div>
   <div class='ocr_carea' id='block_1_20' title="bbox 931 279 1721 314">
    <p class='ocr_par' dir='ltr' id='par_1_20' title="bbox 931 279 1721 314">
     <span class='ocr_line' id='line_1_20' title="bbox 931 279 1721 314; baseline 0.003 -8"><span class='ocrx_word' id='word_1_145' title='bbox 931 284 1062 314; x_wconf 88' lang='lat' dir='ltr'><strong>tanquam</strong></span> <span class='ocrx_word' id='word_1_146' title='bbox 1075 287 1090 307; x_wconf 93' lang='lat' dir='ltr'><strong>e</strong></span> <span class='ocrx_word' id='word_1_147' title='bbox 1105 279 1215 312; x_wconf 84' lang='lat' dir='ltr'><strong>vellere,</strong></span> <span class='ocrx_word' id='word_1_148' title='bbox 1234 287 1281 314; x_wconf 90' lang='lat' dir='ltr'><strong>per</strong></span> <span class='ocrx_word' id='word_1_149' title='bbox 1297 279 1420 313; x_wconf 86' lang='lat' dir='ltr'><strong>ejusdem</strong></span> <span class='ocrx_word' id='word_1_150' title='bbox 1440 281 1567 307; x_wconf 73' lang='lat' dir='ltr'><strong>virtutem</strong></span> <span class='ocrx_word' id='word_1_151' title='bbox 1583 281 1721 308; x_wconf 83' lang='lat' dir='ltr'><strong>immorta-</strong></span> 
     </span>
    </p>
   </div>
   <div class='ocr_carea' id='block_1_21' title="bbox 932 324 1720 359">
    <p class='ocr_par' dir='ltr' id='par_1_21' title="bbox 932 324 1720 359">
     <span class='ocr_line' id='line_1_21' title="bbox 932 324 1720 359; baseline 0.001 -7"><span class='ocrx_word' id='word_1_152' title='bbox 932 325 1018 352; x_wconf 93' lang='lat' dir='ltr'><strong>litatis</strong></span> <span class='ocrx_word' id='word_1_153' title='bbox 1043 325 1122 352; x_wconf 88' lang='lat' dir='ltr'><strong>nobis</strong></span> <span class='ocrx_word' id='word_1_154' title='bbox 1147 325 1233 352; x_wconf 85' lang='lat' dir='ltr'><strong>vestis</strong></span> <span class='ocrx_word' id='word_1_155' title='bbox 1251 324 1388 359; x_wconf 86' lang='lat' dir='ltr'><strong>sapienter</strong></span> <span class='ocrx_word' id='word_1_156' title='bbox 1411 329 1453 352; x_wconf 88' lang='lat' dir='ltr'><strong>est</strong></span> <span class='ocrx_word' id='word_1_157' title='bbox 1483 325 1618 354; x_wconf 86' lang='lat' dir='ltr'><strong>confecta.</strong></span> <span class='ocrx_word' id='word_1_158' title='bbox 1639 326 1720 353; x_wconf 82' lang='lat' dir='ltr'><strong>Aliud</strong></span> 
     </span>
    </p>
   </div>
   <div class='ocr_carea' id='block_1_22' title="bbox 933 369 1719 405">
    <p class='ocr_par' dir='ltr' id='par_1_22' title="bbox 933 369 1719 405">
     <span class='ocr_line' id='line_1_22' title="bbox 933 369 1719 405; baseline 0 -8"><span class='ocrx_word' id='word_1_159' title='bbox 933 378 997 398; x_wconf 86' lang='lat' dir='ltr'><strong>vero</strong></span> <span class='ocrx_word' id='word_1_160' title='bbox 1027 376 1157 405; x_wconf 69' lang='lat' dir='ltr'><strong>praeterea</strong></span> <span class='ocrx_word' id='word_1_161' title='bbox 1174 370 1201 396; x_wconf 95' lang='lat' dir='ltr'><strong>in</strong></span> <span class='ocrx_word' id='word_1_162' title='bbox 1216 374 1343 404; x_wconf 88' lang='lat' dir='ltr'><strong>utraque,</strong></span> <span class='ocrx_word' id='word_1_163' title='bbox 1369 369 1423 397; x_wconf 82' lang='lat' dir='ltr'><strong>Eva</strong></span> <span class='ocrx_word' id='word_1_164' title='bbox 1449 370 1555 398; x_wconf 74' lang='lat' dir='ltr'><strong>scilicet</strong></span> <span class='ocrx_word' id='word_1_165' title='bbox 1576 378 1607 398; x_wconf 84' lang='lat' dir='ltr'><strong>ac</strong></span> <span class='ocrx_word' id='word_1_166' title='bbox 1623 370 1719 402; x_wconf 79' lang='lat' dir='ltr'><strong>Maria,</strong></span> 
     </span>
    </p>
   </div>
   <div class='ocr_carea' id='block_1_23' title="bbox 932 415 1718 452">
    <p class='ocr_par' dir='ltr' id='par_1_23' title="bbox 932 415 1718 452">
     <span class='ocr_line' id='line_1_23' title="bbox 932 415 1718 452; baseline 0.001 -9"><span class='ocrx_word' id='word_1_167' title='bbox 932 416 1105 444; x_wconf 87' lang='lat' dir='ltr'><strong>considerari</strong></span> <span class='ocrx_word' id='word_1_168' title='bbox 1124 420 1222 451; x_wconf 88' lang='lat' dir='ltr'><strong>potest,</strong></span> <span class='ocrx_word' id='word_1_169' title='bbox 1236 419 1262 442; x_wconf 86' lang='lat' dir='ltr'><strong>et</strong></span> <span class='ocrx_word' id='word_1_170' title='bbox 1274 415 1382 450; x_wconf 87' lang='lat' dir='ltr'><strong>quidem</strong></span> <span class='ocrx_word' id='word_1_171' title='bbox 1396 415 1576 444; x_wconf 84' lang='lat' dir='ltr'><strong>admiratione</strong></span> <span class='ocrx_word' id='word_1_172' title='bbox 1590 417 1718 452; x_wconf 76' lang='lat' dir='ltr'><strong>dignum:</strong></span> 
     </span>
    </p>
   </div>
   <div class='ocr_carea' id='block_1_24' title="bbox 933 461 1721 497">
    <p class='ocr_par' dir='ltr' id='par_1_24' title="bbox 933 461 1721 497">
     <span class='ocr_line' id='line_1_24' title="bbox 933 461 1721 497; baseline -0.001 -7"><span class='ocrx_word' id='word_1_173' title='bbox 933 463 1069 497; x_wconf 84' lang='lat' dir='ltr'><strong>siquidem</strong></span> <span class='ocrx_word' id='word_1_174' title='bbox 1087 461 1142 488; x_wconf 86' lang='lat' dir='ltr'><strong>Eva</strong></span> <span class='ocrx_word' id='word_1_175' title='bbox 1165 461 1256 497; x_wconf 81' lang='lat' dir='ltr'><strong>generi</strong></span> <span class='ocrx_word' id='word_1_176' title='bbox 1281 461 1420 488; x_wconf 89' lang='lat' dir='ltr'><strong>hominum</strong></span> <span class='ocrx_word' id='word_1_177' title='bbox 1441 469 1552 489; x_wconf 83' lang='lat' dir='ltr'><strong>causam</strong></span> <span class='ocrx_word' id='word_1_178' title='bbox 1571 462 1667 490; x_wconf 91' lang='lat' dir='ltr'><strong>mortis</strong></span> <span class='ocrx_word' id='word_1_179' title='bbox 1679 466 1721 489; x_wconf 88' lang='lat' dir='ltr'><strong>at-</strong></span> 
     </span>
    </p>
   </div>
   <div class='ocr_carea' id='block_1_25' title="bbox 934 505 1721 542">
    <p class='ocr_par' dir='ltr' id='par_1_25' title="bbox 934 505 1721 542">
     <span class='ocr_line' id='line_1_25' title="bbox 934 505 1721 542; baseline 0 -8"><span class='ocrx_word' id='word_1_180' title='bbox 934 509 1007 539; x_wconf 80' lang='lat' dir='ltr'><strong>tulit,</strong></span> <span class='ocrx_word' id='word_1_181' title='bbox 1031 515 1079 542; x_wconf 90' lang='lat' dir='ltr'><strong>per</strong></span> <span class='ocrx_word' id='word_1_182' title='bbox 1093 513 1175 541; x_wconf 87' lang='lat' dir='ltr'><strong>quam</strong></span> <span class='ocrx_word' id='word_1_183' title='bbox 1196 513 1271 533; x_wconf 83' lang='lat' dir='ltr'><strong>mors</strong></span> <span class='ocrx_word' id='word_1_184' title='bbox 1292 510 1334 533; x_wconf 92' lang='lat' dir='ltr'><strong>est</strong></span> <span class='ocrx_word' id='word_1_185' title='bbox 1359 505 1386 532; x_wconf 94' lang='lat' dir='ltr'><strong>in</strong></span> <span class='ocrx_word' id='word_1_186' title='bbox 1412 507 1506 533; x_wconf 81' lang='lat' dir='ltr'><strong>orbem</strong></span> <span class='ocrx_word' id='word_1_187' title='bbox 1529 510 1664 534; x_wconf 81' lang='lat' dir='ltr'><strong>terrarum</strong></span> <span class='ocrx_word' id='word_1_188' title='bbox 1679 507 1721 534; x_wconf 91' lang='lat' dir='ltr'><strong>in-</strong></span> 
     </span>
    </p>
   </div>
   <div class='ocr_carea' id='block_1_26' title="bbox 932 551 1720 587">
    <p class='ocr_par' dir='ltr' id='par_1_26' title="bbox 932 551 1720 587">
     <span class='ocr_line' id='line_1_26' title="bbox 932 551 1720 587; baseline -0.001 -7"><span class='ocrx_word' id='word_1_189' title='bbox 932 558 1029 585; x_wconf 87' lang='lat' dir='ltr'><strong>vecta;</strong></span> <span class='ocrx_word' id='word_1_190' title='bbox 1046 552 1130 579; x_wconf 85' lang='lat' dir='ltr'><strong>Maria</strong></span> <span class='ocrx_word' id='word_1_191' title='bbox 1155 552 1217 578; x_wconf 72' lang='lat' dir='ltr'><strong>vitae</strong></span> <span class='ocrx_word' id='word_1_192' title='bbox 1231 559 1342 578; x_wconf 78' lang='lat' dir='ltr'><strong>causam</strong></span> <span class='ocrx_word' id='word_1_193' title='bbox 1361 551 1488 587; x_wconf 59' lang='lat' dir='ltr'><strong>praebuit,</strong></span> <span class='ocrx_word' id='word_1_194' title='bbox 1507 560 1553 587; x_wconf 91' lang='lat' dir='ltr'><strong>per</strong></span> <span class='ocrx_word' id='word_1_195' title='bbox 1568 560 1649 587; x_wconf 93' lang='lat' dir='ltr'><strong>quam</strong></span> <span class='ocrx_word' id='word_1_196' title='bbox 1665 552 1720 580; x_wconf 86' lang='lat' dir='ltr'><strong>vita</strong></span> 
     </span>
    </p>
   </div>
   <div class='ocr_carea' id='block_1_27' title="bbox 933 596 1721 632">
    <p class='ocr_par' dir='ltr' id='par_1_27' title="bbox 933 596 1721 632">
     <span class='ocr_line' id='line_1_27' title="bbox 933 596 1721 632; baseline -0.001 -7"><span class='ocrx_word' id='word_1_197' title='bbox 933 603 976 625; x_wconf 90' lang='lat' dir='ltr'><strong>est</strong></span> <span class='ocrx_word' id='word_1_198' title='bbox 1002 598 1082 625; x_wconf 87' lang='lat' dir='ltr'><strong>nobis</strong></span> <span class='ocrx_word' id='word_1_199' title='bbox 1099 598 1157 632; x_wconf 90' lang='lat' dir='ltr'><strong>ipsa</strong></span> <span class='ocrx_word' id='word_1_200' title='bbox 1176 596 1320 632; x_wconf 75' lang='lat' dir='ltr'><strong>produt-ta.</strong></span> <span class='ocrx_word' id='word_1_201' title='bbox 1337 597 1377 624; x_wconf 86' lang='lat' dir='ltr'><strong>0b</strong></span> <span class='ocrx_word' id='word_1_202' title='bbox 1392 597 1419 624; x_wconf 90' lang='lat' dir='ltr'><strong>id</strong></span> <span class='ocrx_word' id='word_1_203' title='bbox 1439 596 1523 624; x_wconf 82' lang='lat' dir='ltr'><strong>Filius</strong></span> <span class='ocrx_word' id='word_1_204' title='bbox 1543 596 1591 625; x_wconf 87' lang='lat' dir='ltr'><strong>Dei</strong></span> <span class='ocrx_word' id='word_1_205' title='bbox 1606 598 1632 624; x_wconf 93' lang='lat' dir='ltr'><strong>in</strong></span> <span class='ocrx_word' id='word_1_206' title='bbox 1648 598 1721 625; x_wconf 87' lang='lat' dir='ltr'><strong>hunc</strong></span> 
     </span>
    </p>
   </div>
   <div class='ocr_carea' id='block_1_28' title="bbox 933 642 1722 677">
    <p class='ocr_par' dir='ltr' id='par_1_28' title="bbox 933 642 1722 677">
     <span class='ocr_line' id='line_1_28' title="bbox 933 642 1722 677; baseline 0 -7"><span class='ocrx_word' id='word_1_207' title='bbox 933 643 1066 671; x_wconf 88' lang='lat' dir='ltr'><strong>mundum</strong></span> <span class='ocrx_word' id='word_1_208' title='bbox 1088 643 1219 670; x_wconf 81' lang='lat' dir='ltr'><strong>advertit:</strong></span> <span class='ocrx_word' id='word_1_209' title='bbox 1235 647 1272 675; x_wconf 86' lang='lat' dir='ltr'><strong>et,</strong></span> <span class='ocrx_word' id='word_1_210' title='bbox 1292 642 1341 670; x_wconf 82' lang='lat' dir='ltr'><strong>Ubi</strong></span> <span class='ocrx_word' id='word_1_211' title='bbox 1357 643 1501 670; x_wconf 77' lang='lat' dir='ltr'><strong>abundavit</strong></span> <span class='ocrx_word' id='word_1_212' title='bbox 1522 643 1656 677; x_wconf 79' lang='lat' dir='ltr'><strong>delictum,</strong></span> <span class='ocrx_word' id='word_1_213' title='bbox 1675 652 1722 671; x_wconf 80' lang='lat' dir='ltr'><strong>su-</strong></span> 
     </span>
    </p>
   </div>
   <div class='ocr_carea' id='block_1_29' title="bbox 930 689 1719 725">
    <p class='ocr_par' dir='ltr' id='par_1_29' title="bbox 930 689 1719 725">
     <span class='ocr_line' id='line_1_29' title="bbox 930 689 1719 725; baseline -0.001 -8"><span class='ocrx_word' id='word_1_214' title='bbox 930 689 1118 725; x_wconf 82' lang='lat' dir='ltr'><strong>perabundavit</strong></span> <span class='ocrx_word' id='word_1_215' title='bbox 1143 690 1232 725; x_wconf 82' lang='lat' dir='ltr'><strong>gratia</strong></span> <span class='ocrx_word' id='word_1_216' title='bbox 1252 690 1271 716; x_wconf 86' lang='lat'><strong>&#39;.</strong></span> <span class='ocrx_word' id='word_1_217' title='bbox 1301 689 1378 718; x_wconf 86' lang='lat' dir='ltr'><strong>Unde</strong></span> <span class='ocrx_word' id='word_1_218' title='bbox 1404 697 1479 717; x_wconf 88' lang='lat' dir='ltr'><strong>mors</strong></span> <span class='ocrx_word' id='word_1_219' title='bbox 1511 689 1629 721; x_wconf 83' lang='lat' dir='ltr'><strong>accidit,</strong></span> <span class='ocrx_word' id='word_1_220' title='bbox 1662 689 1719 716; x_wconf 86' lang='lat' dir='ltr'><strong>vita</strong></span> 
     </span>
    </p>
   </div>
   <div class='ocr_carea' id='block_1_30' title="bbox 933 734 1721 767">
    <p class='ocr_par' dir='ltr' id='par_1_30' title="bbox 933 734 1721 767">
     <span class='ocr_line' id='line_1_30' title="bbox 933 734 1721 767; baseline -0.003 -4"><span class='ocrx_word' id='word_1_221' title='bbox 933 735 1000 763; x_wconf 88' lang='lat' dir='ltr'><strong>illuc</strong></span> <span class='ocrx_word' id='word_1_222' title='bbox 1015 735 1141 767; x_wconf 86' lang='lat' dir='ltr'><strong>accessit,</strong></span> <span class='ocrx_word' id='word_1_223' title='bbox 1161 738 1191 762; x_wconf 95' lang='lat' dir='ltr'><strong>ut</strong></span> <span class='ocrx_word' id='word_1_224' title='bbox 1206 735 1234 762; x_wconf 94' lang='lat' dir='ltr'><strong>in</strong></span> <span class='ocrx_word' id='word_1_225' title='bbox 1253 735 1351 763; x_wconf 89' lang='lat' dir='ltr'><strong>mortis</strong></span> <span class='ocrx_word' id='word_1_226' title='bbox 1372 736 1462 762; x_wconf 89' lang='lat' dir='ltr'><strong>locum</strong></span> <span class='ocrx_word' id='word_1_227' title='bbox 1477 735 1532 762; x_wconf 80' lang='lat' dir='ltr'><strong>vita</strong></span> <span class='ocrx_word' id='word_1_228' title='bbox 1552 734 1721 767; x_wconf 74' lang='lat' dir='ltr'><strong>succederet,</strong></span> 
     </span>
    </p>
   </div>
   <div class='ocr_carea' id='block_1_31' title="bbox 934 780 1723 815">
    <p class='ocr_par' dir='ltr' id='par_1_31' title="bbox 934 780 1723 815">
     <span class='ocr_line' id='line_1_31' title="bbox 934 780 1723 815; baseline -0.004 -6"><span class='ocrx_word' id='word_1_229' title='bbox 934 785 961 809; x_wconf 91' lang='lat' dir='ltr'><strong>et</strong></span> <span class='ocrx_word' id='word_1_230' title='bbox 986 781 1089 807; x_wconf 83' lang='lat' dir='ltr'><strong>illatam</strong></span> <span class='ocrx_word' id='word_1_231' title='bbox 1106 788 1122 807; x_wconf 87' lang='lat' dir='ltr'><strong>a</strong></span> <span class='ocrx_word' id='word_1_232' title='bbox 1140 780 1254 808; x_wconf 88' lang='lat' dir='ltr'><strong>muliere</strong></span> <span class='ocrx_word' id='word_1_233' title='bbox 1274 785 1389 808; x_wconf 88' lang='lat' dir='ltr'><strong>mortem</strong></span> <span class='ocrx_word' id='word_1_234' title='bbox 1411 780 1457 807; x_wconf 89' lang='lat' dir='ltr'><strong>ille</strong></span> <span class='ocrx_word' id='word_1_235' title='bbox 1479 780 1547 815; x_wconf 87' lang='lat' dir='ltr'><strong>ipse,</strong></span> <span class='ocrx_word' id='word_1_236' title='bbox 1571 780 1617 815; x_wconf 91' lang='lat' dir='ltr'><strong>qui</strong></span> <span class='ocrx_word' id='word_1_237' title='bbox 1632 787 1647 807; x_wconf 93' lang='lat' dir='ltr'><strong>e</strong></span> <span class='ocrx_word' id='word_1_238' title='bbox 1660 787 1723 806; x_wconf 85' lang='lat' dir='ltr'><strong>mu-</strong></span> 
     </span>
    </p>
   </div>
   <div class='ocr_carea' id='block_1_32' title="bbox 934 824 1721 858">
    <p class='ocr_par' dir='ltr' id='par_1_32' title="bbox 934 824 1721 858">
     <span class='ocr_line' id='line_1_32' title="bbox 934 824 1721 858; baseline -0.004 -4"><span class='ocrx_word' id='word_1_239' title='bbox 934 827 1011 858; x_wconf 87' lang='lat' dir='ltr'><strong>liere,</strong></span> <span class='ocrx_word' id='word_1_240' title='bbox 1030 826 1085 854; x_wconf 90' lang='lat' dir='ltr'><strong>vita</strong></span> <span class='ocrx_word' id='word_1_241' title='bbox 1101 830 1132 853; x_wconf 94' lang='lat' dir='ltr'><strong>ut</strong></span> <span class='ocrx_word' id='word_1_242' title='bbox 1149 829 1222 854; x_wconf 83' lang='lat' dir='ltr'><strong>esset</strong></span> <span class='ocrx_word' id='word_1_243' title='bbox 1237 829 1344 857; x_wconf 86' lang='lat' dir='ltr'><strong>nostra,</strong></span> <span class='ocrx_word' id='word_1_244' title='bbox 1360 829 1443 852; x_wconf 88' lang='lat' dir='ltr'><strong>natus</strong></span> <span class='ocrx_word' id='word_1_245' title='bbox 1454 829 1524 858; x_wconf 87' lang='lat' dir='ltr'><strong>erat,</strong></span> <span class='ocrx_word' id='word_1_246' title='bbox 1550 824 1721 852; x_wconf 82' lang='lat' dir='ltr'><strong>excluderet.</strong></span> 
     </span>
    </p>
   </div>
   <div class='ocr_carea' id='block_1_33' title="bbox 935 870 1722 907">
    <p class='ocr_par' dir='ltr' id='par_1_33' title="bbox 935 870 1722 907">
     <span class='ocr_line' id='line_1_33' title="bbox 935 870 1722 907; baseline -0.001 -8"><span class='ocrx_word' id='word_1_247' title='bbox 935 873 1070 906; x_wconf 84' lang='lat' dir='ltr'><strong>Quoniam</strong></span> <span class='ocrx_word' id='word_1_248' title='bbox 1085 879 1150 899; x_wconf 85' lang='lat' dir='ltr'><strong>vero</strong></span> <span class='ocrx_word' id='word_1_249' title='bbox 1166 879 1229 899; x_wconf 88' lang='lat' dir='ltr'><strong>cum</strong></span> <span class='ocrx_word' id='word_1_250' title='bbox 1247 871 1338 899; x_wconf 86' lang='lat' dir='ltr'><strong>adhuc</strong></span> <span class='ocrx_word' id='word_1_251' title='bbox 1353 871 1430 907; x_wconf 76' lang='lat' dir='ltr'><strong>virgo</strong></span> <span class='ocrx_word' id='word_1_252' title='bbox 1445 871 1472 898; x_wconf 92' lang='lat' dir='ltr'><strong>in</strong></span> <span class='ocrx_word' id='word_1_253' title='bbox 1487 871 1576 898; x_wconf 87' lang='lat' dir='ltr'><strong>hortis</strong></span> <span class='ocrx_word' id='word_1_254' title='bbox 1595 870 1651 898; x_wconf 86' lang='lat' dir='ltr'><strong>Eva</strong></span> <span class='ocrx_word' id='word_1_255' title='bbox 1672 870 1722 898; x_wconf 85' lang='lat' dir='ltr'><strong>de-</strong></span> 
     </span>
    </p>
   </div>
   <div class='ocr_carea' id='block_1_34' title="bbox 91 911 889 955">
    <p class='ocr_par' dir='ltr' id='par_1_34' title="bbox 91 917 885 953">
     <span class='ocr_line' id='line_1_34' title="bbox 91 917 885 953; baseline -0.001 -7"><span class='ocrx_word' id='word_1_256' title='bbox 91 918 249 953; x_wconf 80' lang='grc' dir='ltr'><strong>ἀναμέσον</strong></span> <span class='ocrx_word' id='word_1_257' title='bbox 264 917 368 952; x_wconf 83' lang='grc' dir='ltr'>αὐτῆς,</span> <span class='ocrx_word' id='word_1_258' title='bbox 390 917 440 944; x_wconf 76' lang='grc' dir='ltr'>καὶ</span> <span class='ocrx_word' id='word_1_259' title='bbox 461 917 615 952; x_wconf 80' lang='grc' dir='ltr'>ἁναμέσον</span> <span class='ocrx_word' id='word_1_260' title='bbox 640 918 693 952; x_wconf 67' lang='grc' dir='ltr'>τοῦ</span> <span class='ocrx_word' id='word_1_261' title='bbox 714 917 885 953; x_wconf 77' lang='grc' dir='ltr'>σπέρματος</span> 
     </span>
    </p>
   </div>
   <div class='ocr_carea' id='block_1_35' title="bbox 941 911 1722 955">
    <p class='ocr_par' dir='ltr' id='par_1_35' title="bbox 941 916 1722 955">
     <span class='ocr_line' id='line_1_35' title="bbox 941 916 1722 955; baseline -0.006 -8"><span class='ocrx_word' id='word_1_262' title='bbox 941 923 1011 955; x_wconf 75' lang='lat' dir='ltr'><strong>geret</strong></span> <span class='ocrx_word' id='word_1_263' title='bbox 1027 938 1035 951; x_wconf 84' lang='lat'><strong>,</strong></span> <span class='ocrx_word' id='word_1_264' title='bbox 1058 925 1106 954; x_wconf 89' lang='lat' dir='ltr'><strong>per</strong></span> <span class='ocrx_word' id='word_1_265' title='bbox 1121 917 1323 945; x_wconf 85' lang='lat' dir='ltr'><strong>contumaciam</strong></span> <span class='ocrx_word' id='word_1_266' title='bbox 1347 917 1419 952; x_wconf 89' lang='lat' dir='ltr'><strong>apud</strong></span> <span class='ocrx_word' id='word_1_267' title='bbox 1450 917 1534 944; x_wconf 89' lang='lat' dir='ltr'><strong>Deum</strong></span> <span class='ocrx_word' id='word_1_268' title='bbox 1547 916 1700 944; x_wconf 79' lang='lat' dir='ltr'><strong>oﬁ&#39;enderat</strong></span> <span class='ocrx_word' id='word_1_269' title='bbox 1714 935 1722 948; x_wconf 84' lang='lat'><strong>,</strong></span> 
     </span>
    </p>
   </div>
   <div class='ocr_carea' id='block_1_36' title="bbox 92 963 885 998">
    <p class='ocr_par' dir='ltr' id='par_1_36' title="bbox 92 963 885 998">
     <span class='ocr_line' id='line_1_36' title="bbox 92 963 885 998; baseline 0 -6"><span class='ocrx_word' id='word_1_270' title='bbox 92 964 161 996; x_wconf 85' lang='grc' dir='ltr'>σοῦ,</span> <span class='ocrx_word' id='word_1_271' title='bbox 179 964 230 991; x_wconf 75' lang='grc' dir='ltr'>καὶ</span> <span class='ocrx_word' id='word_1_272' title='bbox 246 963 402 998; x_wconf 79' lang='grc' dir='ltr'>ἀναμέσον</span> <span class='ocrx_word' id='word_1_273' title='bbox 416 963 470 990; x_wconf 80' lang='grc' dir='ltr'><strong>⁴τοῦ</strong></span> <span class='ocrx_word' id='word_1_274' title='bbox 490 963 662 998; x_wconf 80' lang='grc' dir='ltr'>σπέρματος</span> <span class='ocrx_word' id='word_1_275' title='bbox 679 964 785 998; x_wconf 79' lang='grc' dir='ltr'><strong>αὐτῆς.</strong></span> <span class='ocrx_word' id='word_1_276' title='bbox 799 965 885 992; x_wconf 86' lang='grc' dir='ltr'>Οὐδα-</span> 
     </span>
    </p>
   </div>
   <div class='ocr_carea' id='block_1_37' title="bbox 936 961 1724 999">
    <p class='ocr_par' dir='ltr' id='par_1_37' title="bbox 936 961 1724 999">
     <span class='ocr_line' id='line_1_37' title="bbox 936 961 1724 999; baseline -0.005 -7"><span class='ocrx_word' id='word_1_277' title='bbox 936 965 998 992; x_wconf 93' lang='lat' dir='ltr'><strong>ideo</strong></span> <span class='ocrx_word' id='word_1_278' title='bbox 1013 963 1107 999; x_wconf 78' lang='lat' dir='ltr'><strong>gratiae</strong></span> <span class='ocrx_word' id='word_1_279' title='bbox 1119 962 1228 998; x_wconf 85' lang='lat' dir='ltr'><strong>propria</strong></span> <span class='ocrx_word' id='word_1_280' title='bbox 1247 962 1282 990; x_wconf 91' lang='lat' dir='ltr'><strong>ab</strong></span> <span class='ocrx_word' id='word_1_281' title='bbox 1295 961 1406 997; x_wconf 80' lang='lat' dir='ltr'><strong>Virgine</strong></span> <span class='ocrx_word' id='word_1_282' title='bbox 1421 961 1542 988; x_wconf 79' lang='lat' dir='ltr'><strong>manavit</strong></span> <span class='ocrx_word' id='word_1_283' title='bbox 1557 961 1724 994; x_wconf 84' lang='lat' dir='ltr'><strong>obedientia,</strong></span> 
     </span>
    </p>
   </div>
   <div class='ocr_carea' id='block_1_38' title="bbox 94 1006 889 1046">
    <p class='ocr_par' dir='ltr' id='par_1_38' title="bbox 94 1009 885 1046">
     <span class='ocr_line' id='line_1_38' title="bbox 94 1009 885 1046; baseline 0.001 -10"><span class='ocrx_word' id='word_1_284' title='bbox 94 1010 146 1046; x_wconf 82' lang='grc' dir='ltr'>μοῢ</span> <span class='ocrx_word' id='word_1_285' title='bbox 163 1010 191 1036; x_wconf 78' lang='grc' dir='ltr'>δὲ</span> <span class='ocrx_word' id='word_1_286' title='bbox 207 1010 317 1046; x_wconf 80' lang='grc' dir='ltr'>σπέρμα</span> <span class='ocrx_word' id='word_1_287' title='bbox 335 1009 491 1045; x_wconf 84' lang='grc' dir='ltr'>εὑρίσκεται</span> <span class='ocrx_word' id='word_1_288' title='bbox 507 1009 649 1043; x_wconf 87' lang='grc' dir='ltr'>γυναικός·</span> <span class='ocrx_word' id='word_1_289' title='bbox 666 1009 722 1036; x_wconf 82' lang='grc' dir='ltr'>ἀλλ’</span> <span class='ocrx_word' id='word_1_290' title='bbox 737 1009 754 1045; x_wconf 81' lang='grc' dir='ltr'>ἢ</span> <span class='ocrx_word' id='word_1_291' title='bbox 771 1009 842 1036; x_wconf 84' lang='grc' dir='ltr'>κατὰ</span> <span class='ocrx_word' id='word_1_292' title='bbox 854 1010 885 1037; x_wconf 84' lang='grc' dir='ltr'>τὸ</span> 
     </span>
    </p>
   </div>
   <div class='ocr_carea' id='block_1_39' title="bbox 941 1006 1723 1046">
    <p class='ocr_par' dir='ltr' id='par_1_39' title="bbox 941 1006 1723 1045">
     <span class='ocr_line' id='line_1_39' title="bbox 941 1006 1723 1045; baseline -0.004 -8"><span class='ocrx_word' id='word_1_293' title='bbox 941 1015 1086 1045; x_wconf 85' lang='lat' dir='ltr'><strong>postquam</strong></span> <span class='ocrx_word' id='word_1_294' title='bbox 1111 1007 1272 1036; x_wconf 80' lang='lat' dir='ltr'><strong>circumfusi</strong></span> <span class='ocrx_word' id='word_1_295' title='bbox 1288 1015 1405 1043; x_wconf 89' lang='lat' dir='ltr'><strong>corpore</strong></span> <span class='ocrx_word' id='word_1_296' title='bbox 1423 1006 1503 1035; x_wconf 83' lang='lat' dir='ltr'><strong>Verbi</strong></span> <span class='ocrx_word' id='word_1_297' title='bbox 1533 1007 1723 1042; x_wconf 74' lang='lat' dir='ltr'><strong>sempiterna:-</strong></span> 
     </span>
    </p>
   </div>
   <div class='ocr_carea' id='block_1_40' title="bbox 92 1051 889 1091">
    <p class='ocr_par' dir='ltr' id='par_1_40' title="bbox 92 1054 884 1091">
     <span class='ocr_line' id='line_1_40' title="bbox 92 1054 884 1091; baseline -0.003 -8"><span class='ocrx_word' id='word_1_298' title='bbox 92 1057 218 1091; x_wconf 73' lang='grc' dir='ltr'>αἴνιγμα,</span> <span class='ocrx_word' id='word_1_299' title='bbox 236 1056 283 1082; x_wconf 70' lang='grc' dir='ltr'><strong>ἐπὶ</strong></span> <span class='ocrx_word' id='word_1_300' title='bbox 297 1056 346 1091; x_wconf 86' lang='grc' dir='ltr'>τῆς</span> <span class='ocrx_word' id='word_1_301' title='bbox 366 1055 439 1087; x_wconf 83' lang='grc' dir='ltr'>Εῠας</span> <span class='ocrx_word' id='word_1_302' title='bbox 452 1055 621 1091; x_wconf 76' lang='grc' dir='ltr'>λαμϐάνεται</span> <span class='ocrx_word' id='word_1_303' title='bbox 636 1055 652 1090; x_wconf 80' lang='grc' dir='ltr'>ἡ</span> <span class='ocrx_word' id='word_1_304' title='bbox 669 1054 753 1090; x_wconf 75' lang='grc' dir='ltr'>ἔχθρα</span> <span class='ocrx_word' id='word_1_305' title='bbox 767 1055 836 1090; x_wconf 82' lang='grc' dir='ltr'>πρὸς</span> <span class='ocrx_word' id='word_1_306' title='bbox 851 1055 884 1082; x_wconf 85' lang='grc' dir='ltr'><strong>τὰ</strong></span> 
     </span>
    </p>
   </div>
   <div class='ocr_carea' id='block_1_41' title="bbox 941 1051 1723 1091">
    <p class='ocr_par' dir='ltr' id='par_1_41' title="bbox 941 1051 1723 1090">
     <span class='ocr_line' id='line_1_41' title="bbox 941 1051 1723 1090; baseline -0.005 -8"><span class='ocrx_word' id='word_1_307' title='bbox 941 1062 991 1090; x_wconf 80' lang='lat' dir='ltr'><strong>que</strong></span> <span class='ocrx_word' id='word_1_308' title='bbox 1007 1054 1069 1081; x_wconf 58' lang='lat' dir='ltr'><strong>vita:</strong></span> <span class='ocrx_word' id='word_1_309' title='bbox 1080 1053 1113 1081; x_wconf 89' lang='lat' dir='ltr'><strong>de</strong></span> <span class='ocrx_word' id='word_1_310' title='bbox 1125 1054 1196 1081; x_wconf 72' lang='lat' dir='ltr'><strong>cmlo</strong></span> <span class='ocrx_word' id='word_1_311' title='bbox 1208 1057 1250 1081; x_wconf 91' lang='lat' dir='ltr'><strong>est</strong></span> <span class='ocrx_word' id='word_1_312' title='bbox 1265 1053 1408 1080; x_wconf 86' lang='lat' dir='ltr'><strong>nuntiatus</strong></span> <span class='ocrx_word' id='word_1_313' title='bbox 1422 1051 1567 1079; x_wconf 84' lang='lat' dir='ltr'><strong>adventus.</strong></span> <span class='ocrx_word' id='word_1_314' title='bbox 1586 1051 1651 1078; x_wconf 86' lang='lat' dir='ltr'><strong>Nam</strong></span> <span class='ocrx_word' id='word_1_315' title='bbox 1667 1051 1723 1079; x_wconf 93' lang='lat' dir='ltr'><strong>illic</strong></span> 
     </span>
    </p>
   </div>
   <div class='ocr_carea' id='block_1_42' title="bbox 94 1097 889 1136">
    <p class='ocr_par' dir='ltr' id='par_1_42' title="bbox 94 1099 883 1136">
     <span class='ocr_line' id='line_1_42' title="bbox 94 1099 883 1136; baseline -0.003 -8"><span class='ocrx_word' id='word_1_316' title='bbox 94 1101 141 1128; x_wconf 76' lang='grc' dir='ltr'><strong>ὑπ’</strong></span> <span class='ocrx_word' id='word_1_317' title='bbox 153 1101 240 1136; x_wconf 83' lang='grc' dir='ltr'>αὐτῆς</span> <span class='ocrx_word' id='word_1_318' title='bbox 252 1099 420 1136; x_wconf 85' lang='grc' dir='ltr'>γεννώμενα,</span> <span class='ocrx_word' id='word_1_319' title='bbox 435 1100 483 1127; x_wconf 76' lang='grc' dir='ltr'>τοῦ</span> <span class='ocrx_word' id='word_1_320' title='bbox 495 1109 525 1127; x_wconf 85' lang='grc' dir='ltr'><strong>τε</strong></span> <span class='ocrx_word' id='word_1_321' title='bbox 544 1100 633 1135; x_wconf 71' lang='grc' dir='ltr'>ὄφεως</span> <span class='ocrx_word' id='word_1_322' title='bbox 656 1100 704 1126; x_wconf 73' lang='grc' dir='ltr'>καὶ</span> <span class='ocrx_word' id='word_1_323' title='bbox 726 1100 772 1127; x_wconf 83' lang='grc' dir='ltr'>τοῦ</span> <span class='ocrx_word' id='word_1_324' title='bbox 793 1101 822 1126; x_wconf 84' lang='grc' dir='ltr'>ὲν</span> <span class='ocrx_word' id='word_1_325' title='bbox 844 1100 883 1136; x_wconf 84' lang='grc' dir='ltr'>τῷ</span> 
     </span>
    </p>
   </div>
   <div class='ocr_carea' id='block_1_43' title="bbox 941 1097 1725 1136">
    <p class='ocr_par' dir='ltr' id='par_1_43' title="bbox 941 1097 1725 1136">
     <span class='ocr_line' id='line_1_43' title="bbox 941 1097 1725 1136; baseline -0.005 -8"><span class='ocrx_word' id='word_1_326' title='bbox 941 1101 974 1128; x_wconf 89' lang='lat' dir='ltr'><strong>ita</strong></span> <span class='ocrx_word' id='word_1_327' title='bbox 984 1104 1137 1136; x_wconf 87' lang='lat' dir='ltr'><strong>serpentem</strong></span> <span class='ocrx_word' id='word_1_328' title='bbox 1155 1099 1226 1127; x_wconf 83' lang='lat' dir='ltr'><strong>Deus</strong></span> <span class='ocrx_word' id='word_1_329' title='bbox 1246 1099 1349 1134; x_wconf 75' lang='lat'><strong>1051</strong></span> <span class='ocrx_word' id='word_1_330' title='bbox 1364 1098 1532 1132; x_wconf 85' lang='lat' dir='ltr'><strong>alloquitur:</strong></span> <span class='ocrx_word' id='word_1_331' title='bbox 1549 1097 1725 1124; x_wconf 71' lang='lat' dir='ltr'><strong>Inimicitiam</strong></span> 
     </span>
    </p>
   </div>
   <div class='ocr_carea' id='block_1_44' title="bbox 94 1141 889 1181">
    <p class='ocr_par' dir='ltr' id='par_1_44' title="bbox 94 1144 634 1181">
     <span class='ocr_line' id='line_1_44' title="bbox 94 1144 634 1181; baseline -0.002 -9"><span class='ocrx_word' id='word_1_332' title='bbox 94 1146 155 1181; x_wconf 70' lang='grc' dir='ltr'>ὕφει</span> <span class='ocrx_word' id='word_1_333' title='bbox 170 1146 317 1181; x_wconf 79' lang='grc' dir='ltr'>γενομένου</span> <span class='ocrx_word' id='word_1_334' title='bbox 331 1145 455 1172; x_wconf 79' lang='grc' dir='ltr'>διαϐόλου</span> <span class='ocrx_word' id='word_1_335' title='bbox 465 1145 513 1172; x_wconf 58' lang='grc' dir='ltr'><strong>καλ⁹</strong></span> <span class='ocrx_word' id='word_1_336' title='bbox 526 1144 634 1179; x_wconf 81' lang='grc' dir='ltr'>φθόνου.</span> 
     </span>
    </p>
   </div>
   <div class='ocr_carea' id='block_1_45' title="bbox 941 1141 1727 1181">
    <p class='ocr_par' dir='ltr' id='par_1_45' title="bbox 941 1141 1727 1176">
     <span class='ocr_line' id='line_1_45' title="bbox 941 1141 1727 1176; baseline -0.006 -4"><span class='ocrx_word' id='word_1_337' title='bbox 941 1153 1032 1172; x_wconf 78' lang='lat' dir='ltr'><strong>nonam</strong></span> <span class='ocrx_word' id='word_1_338' title='bbox 1049 1145 1118 1172; x_wconf 86' lang='lat' dir='ltr'><strong>inter</strong></span> <span class='ocrx_word' id='word_1_339' title='bbox 1130 1149 1164 1176; x_wconf 85' lang='lat' dir='ltr'><strong>te,</strong></span> <span class='ocrx_word' id='word_1_340' title='bbox 1179 1149 1204 1171; x_wconf 80' lang='lat' dir='ltr'><strong>et</strong></span> <span class='ocrx_word' id='word_1_341' title='bbox 1218 1144 1286 1170; x_wconf 84' lang='lat' dir='ltr'><strong>inter</strong></span> <span class='ocrx_word' id='word_1_342' title='bbox 1303 1143 1400 1173; x_wconf 86' lang='lat' dir='ltr'><strong>illam;</strong></span> <span class='ocrx_word' id='word_1_343' title='bbox 1414 1141 1483 1168; x_wconf 81' lang='lat' dir='ltr'><strong>inter</strong></span> <span class='ocrx_word' id='word_1_344' title='bbox 1498 1149 1584 1168; x_wconf 70' lang='lat' dir='ltr'><strong>semen</strong></span> <span class='ocrx_word' id='word_1_345' title='bbox 1602 1146 1686 1174; x_wconf 84' lang='lat' dir='ltr'><strong>tuum,</strong></span> <span class='ocrx_word' id='word_1_346' title='bbox 1701 1145 1727 1168; x_wconf 81' lang='lat' dir='ltr'><strong>et</strong></span> 
     </span>
    </p>
   </div>
   <div class='ocr_carea' id='block_1_46' title="bbox 94 1187 1727 1226">
    <p class='ocr_par' dir='ltr' id='par_1_46' title="bbox 94 1187 1727 1226">
     <span class='ocr_line' id='line_1_46' title="bbox 94 1187 1727 1226; baseline -0.003 -8"><span class='ocrx_word' id='word_1_347' title='bbox 94 1199 182 1218; x_wconf 71' lang='lat' dir='ltr'><strong>renten</strong></span> <span class='ocrx_word' id='word_1_348' title='bbox 211 1191 315 1218; x_wconf 75' lang='lat' dir='ltr'><strong>illiur&#39;.</strong></span> <span class='ocrx_word' id='word_1_349' title='bbox 330 1191 411 1226; x_wconf 79' lang='lat' dir='ltr'><strong>Atqui</strong></span> <span class='ocrx_word' id='word_1_350' title='bbox 441 1198 577 1226; x_wconf 88' lang='lat' dir='ltr'><strong>nusquam</strong></span> <span class='ocrx_word' id='word_1_351' title='bbox 603 1191 739 1225; x_wconf 86' lang='lat' dir='ltr'><strong>ejusmodi</strong></span> <span class='ocrx_word' id='word_1_352' title='bbox 765 1199 859 1219; x_wconf 88' lang='lat' dir='ltr'><strong>semen</strong></span> <span class='ocrx_word' id='word_1_353' title='bbox 890 1191 1014 1218; x_wconf 83' lang='lat' dir='ltr'><strong>mulieris</strong></span> <span class='ocrx_word' id='word_1_354' title='bbox 1042 1189 1158 1218; x_wconf 87' lang='lat' dir='ltr'><strong>inveniri</strong></span> <span class='ocrx_word' id='word_1_355' title='bbox 1182 1192 1282 1224; x_wconf 86' lang='lat' dir='ltr'><strong>potest.</strong></span> <span class='ocrx_word' id='word_1_356' title='bbox 1303 1187 1380 1216; x_wconf 87' lang='lat' dir='ltr'><strong>Unde</strong></span> <span class='ocrx_word' id='word_1_357' title='bbox 1397 1194 1452 1214; x_wconf 91' lang='lat' dir='ltr'><strong>non</strong></span> <span class='ocrx_word' id='word_1_358' title='bbox 1484 1187 1563 1214; x_wconf 82' lang='lat' dir='ltr'><strong>aliter</strong></span> <span class='ocrx_word' id='word_1_359' title='bbox 1580 1193 1662 1221; x_wconf 86' lang='lat' dir='ltr'><strong>quam</strong></span> <span class='ocrx_word' id='word_1_360' title='bbox 1678 1193 1727 1221; x_wconf 85' lang='lat' dir='ltr'><strong>per</strong></span> 
     </span>
    </p>
   </div>
   <div class='ocr_carea' id='block_1_47' title="bbox 71 1232 1722 1279">
    <p class='ocr_par' dir='ltr' id='par_1_47' title="bbox 71 1232 1722 1279">
     <span class='ocr_line' id='line_1_47' title="bbox 71 1232 1722 1279; baseline -0.002 -16"><span class='ocrx_word' id='word_1_361' title='bbox 71 1236 331 1279; x_wconf 28' lang='lat' dir='ltr'><strong>‘adumbrationem</strong></span> <span class='ocrx_word' id='word_1_362' title='bbox 347 1244 379 1264; x_wconf 89' lang='lat' dir='ltr'><strong>ac</strong></span> <span class='ocrx_word' id='word_1_363' title='bbox 393 1237 596 1265; x_wconf 84' lang='lat' dir='ltr'><strong>similitudinem</strong></span> <span class='ocrx_word' id='word_1_364' title='bbox 612 1237 646 1264; x_wconf 86' lang='lat' dir='ltr'><strong>ad</strong></span> <span class='ocrx_word' id='word_1_365' title='bbox 660 1237 742 1264; x_wconf 89' lang='lat' dir='ltr'><strong>Evam</strong></span> <span class='ocrx_word' id='word_1_366' title='bbox 763 1237 876 1265; x_wconf 84' lang='lat' dir='ltr'><strong>hostiles</strong></span> <span class='ocrx_word' id='word_1_367' title='bbox 895 1238 948 1265; x_wconf 67' lang='lat' dir='ltr'><strong>illae</strong></span> <span class='ocrx_word' id='word_1_368' title='bbox 973 1237 1124 1264; x_wconf 69' lang='lat' dir='ltr'><strong>inimicitia:</strong></span> <span class='ocrx_word' id='word_1_369' title='bbox 1146 1235 1312 1268; x_wconf 85' lang='lat' dir='ltr'><strong>referuntur,</strong></span> <span class='ocrx_word' id='word_1_370' title='bbox 1345 1240 1415 1270; x_wconf 80' lang='lat' dir='ltr'><strong>quas</strong></span> <span class='ocrx_word' id='word_1_371' title='bbox 1430 1240 1492 1261; x_wconf 88' lang='lat' dir='ltr'><strong>cum</strong></span> <span class='ocrx_word' id='word_1_372' title='bbox 1517 1233 1602 1268; x_wconf 87' lang='lat' dir='ltr'><strong>hujus</strong></span> <span class='ocrx_word' id='word_1_373' title='bbox 1636 1232 1722 1268; x_wconf 86' lang='lat' dir='ltr'><strong>stirpe</strong></span> 
     </span>
    </p>
   </div>
   <div class='ocr_carea' id='block_1_48' title="bbox 95 1282 1243 1319">
    <p class='ocr_par' dir='ltr' id='par_1_48' title="bbox 95 1282 1243 1319">
     <span class='ocr_line' id='line_1_48' title="bbox 95 1282 1243 1319; baseline -0.002 -9"><span class='ocrx_word' id='word_1_374' title='bbox 95 1289 211 1317; x_wconf 87' lang='lat' dir='ltr'><strong>serpens</strong></span> <span class='ocrx_word' id='word_1_375' title='bbox 227 1282 283 1315; x_wconf 77' lang='lat' dir='ltr'><strong>ille,</strong></span> <span class='ocrx_word' id='word_1_376' title='bbox 296 1287 323 1310; x_wconf 88' lang='lat' dir='ltr'><strong>et</strong></span> <span class='ocrx_word' id='word_1_377' title='bbox 337 1283 384 1317; x_wconf 86' lang='lat' dir='ltr'><strong>qui</strong></span> <span class='ocrx_word' id='word_1_378' title='bbox 406 1283 435 1310; x_wconf 93' lang='lat' dir='ltr'><strong>in</strong></span> <span class='ocrx_word' id='word_1_379' title='bbox 457 1288 582 1318; x_wconf 86' lang='lat' dir='ltr'><strong>serpente</strong></span> <span class='ocrx_word' id='word_1_380' title='bbox 604 1283 693 1310; x_wconf 87' lang='lat' dir='ltr'><strong>inerat</strong></span> <span class='ocrx_word' id='word_1_381' title='bbox 715 1282 819 1311; x_wconf 89' lang='lat' dir='ltr'><strong>invidia</strong></span> <span class='ocrx_word' id='word_1_382' title='bbox 834 1283 954 1319; x_wconf 74' lang='lat' dir='ltr'><strong>ﬂagrans</strong></span> <span class='ocrx_word' id='word_1_383' title='bbox 970 1283 1106 1315; x_wconf 87' lang='lat' dir='ltr'><strong>diabolus,</strong></span> <span class='ocrx_word' id='word_1_384' title='bbox 1124 1285 1243 1310; x_wconf 79' lang='lat' dir='ltr'><strong>exercet.</strong></span> 
     </span>
    </p>
   </div>
   <div class='ocr_carea' id='block_1_49' title="bbox 130 1335 889 1372">
    <p class='ocr_par' dir='ltr' id='par_1_49' title="bbox 130 1335 889 1372">
     <span class='ocr_line' id='line_1_49' title="bbox 130 1335 889 1372; baseline 0.003 -7"><span class='ocrx_word' id='word_1_385' title='bbox 130 1338 182 1366; x_wconf 80' lang='lat'><strong>18&#39;.</strong></span> <span class='ocrx_word' id='word_1_386' title='bbox 211 1337 283 1364; x_wconf 80' lang='grc' dir='ltr'>Ἀλλ’</span> <span class='ocrx_word' id='word_1_387' title='bbox 298 1335 344 1364; x_wconf 82' lang='grc' dir='ltr'>οὖν</span> <span class='ocrx_word' id='word_1_388' title='bbox 360 1346 392 1372; x_wconf 87' lang='grc' dir='ltr'>γε</span> <span class='ocrx_word' id='word_1_389' title='bbox 408 1338 481 1365; x_wconf 82' lang='grc' dir='ltr'>κατὰ</span> <span class='ocrx_word' id='word_1_390' title='bbox 493 1338 524 1365; x_wconf 87' lang='grc' dir='ltr'><strong>τδ</strong></span> <span class='ocrx_word' id='word_1_391' title='bbox 547 1338 714 1366; x_wconf 76' lang='grc' dir='ltr'>τελειότατον</span> <span class='ocrx_word' id='word_1_392' title='bbox 731 1339 762 1366; x_wconf 81' lang='grc' dir='ltr'>οὐ</span> <span class='ocrx_word' id='word_1_393' title='bbox 779 1339 889 1367; x_wconf 86' lang='grc' dir='ltr'>δύναται</span> 
     </span>
    </p>
   </div>
   <div class='ocr_carea' id='block_1_50' title="bbox 95 1382 889 1419">
    <p class='ocr_par' dir='ltr' id='par_1_50' title="bbox 95 1382 889 1419">
     <span class='ocr_line' id='line_1_50' title="bbox 95 1382 889 1419; baseline 0.001 -10"><span class='ocrx_word' id='word_1_394' title='bbox 95 1383 125 1410; x_wconf 83' lang='grc' dir='ltr'>ὲν</span> <span class='ocrx_word' id='word_1_395' title='bbox 141 1383 211 1418; x_wconf 79' lang='grc' dir='ltr'>αὐτῇ</span> <span class='ocrx_word' id='word_1_396' title='bbox 228 1382 259 1409; x_wconf 83' lang='grc' dir='ltr'><strong>τὺ</strong></span> <span class='ocrx_word' id='word_1_397' title='bbox 279 1383 334 1409; x_wconf 73' lang='grc' dir='ltr'><strong>πᾶν</strong></span> <span class='ocrx_word' id='word_1_398' title='bbox 353 1382 548 1418; x_wconf 72' lang='grc' dir='ltr'>πληρωθῆναιο</span> <span class='ocrx_word' id='word_1_399' title='bbox 571 1383 782 1419; x_wconf 79' lang='grc' dir='ltr'><strong>πληρωθήσεται</strong></span> <span class='ocrx_word' id='word_1_400' title='bbox 802 1383 831 1410; x_wconf 76' lang='grc' dir='ltr'>δὲ</span> <span class='ocrx_word' id='word_1_401' title='bbox 851 1383 889 1415; x_wconf 86' lang='grc' dir='ltr'>ὡς</span> 
     </span>
    </p>
   </div>
   <div class='ocr_carea' id='block_1_51' title="bbox 95 1428 890 1465">
    <p class='ocr_par' dir='ltr' id='par_1_51' title="bbox 95 1428 890 1465">
     <span class='ocr_line' id='line_1_51' title="bbox 95 1428 890 1465; baseline 0.001 -10"><span class='ocrx_word' id='word_1_402' title='bbox 95 1429 205 1464; x_wconf 78' lang='grc' dir='ltr'>ἀληθῶς</span> <span class='ocrx_word' id='word_1_403' title='bbox 220 1430 249 1455; x_wconf 84' lang='grc' dir='ltr'>ὲν</span> <span class='ocrx_word' id='word_1_404' title='bbox 263 1428 301 1464; x_wconf 86' lang='grc' dir='ltr'>τῷ</span> <span class='ocrx_word' id='word_1_405' title='bbox 316 1428 458 1464; x_wconf 78' lang='grc' dir='ltr'>σπέρματι</span> <span class='ocrx_word' id='word_1_406' title='bbox 476 1429 515 1464; x_wconf 83' lang='grc' dir='ltr'>τῷ</span> <span class='ocrx_word' id='word_1_407' title='bbox 531 1429 613 1464; x_wconf 84' lang='grc' dir='ltr'>ἁγίῳ,</span> <span class='ocrx_word' id='word_1_408' title='bbox 634 1429 673 1464; x_wconf 84' lang='grc' dir='ltr'>τῷ</span> <span class='ocrx_word' id='word_1_409' title='bbox 694 1430 837 1465; x_wconf 80' lang='grc' dir='ltr'>ἐξαιρέτῳ,</span> <span class='ocrx_word' id='word_1_410' title='bbox 850 1430 890 1464; x_wconf 83' lang='grc' dir='ltr'>τῷ</span> 
     </span>
    </p>
   </div>
   <div class='ocr_carea' id='block_1_52' title="bbox 98 1473 890 1510">
    <p class='ocr_par' dir='ltr' id='par_1_52' title="bbox 98 1473 890 1510">
     <span class='ocr_line' id='line_1_52' title="bbox 98 1473 890 1510; baseline 0.001 -9"><span class='ocrx_word' id='word_1_411' title='bbox 98 1474 256 1510; x_wconf 84' lang='grc' dir='ltr'>μονωτάτῳ,</span> <span class='ocrx_word' id='word_1_412' title='bbox 270 1473 310 1510; x_wconf 84' lang='grc' dir='ltr'>τῷ</span> <span class='ocrx_word' id='word_1_413' title='bbox 327 1474 381 1501; x_wconf 79' lang='grc' dir='ltr'><strong>ἀπὸ</strong></span> <span class='ocrx_word' id='word_1_414' title='bbox 397 1475 507 1510; x_wconf 82' lang='grc' dir='ltr'>Μαρίας</span> <span class='ocrx_word' id='word_1_415' title='bbox 523 1474 602 1510; x_wconf 75' lang='grc' dir='ltr'>μόνον</span> <span class='ocrx_word' id='word_1_416' title='bbox 619 1475 769 1510; x_wconf 81' lang='grc' dir='ltr'>εὑρεθέντι,</span> <span class='ocrx_word' id='word_1_417' title='bbox 781 1475 829 1502; x_wconf 78' lang='grc' dir='ltr'>καὶ</span> <span class='ocrx_word' id='word_1_418' title='bbox 840 1474 890 1502; x_wconf 82' lang='grc' dir='ltr'>οὐκ</span> 
     </span>
    </p>
   </div>
   <div class='ocr_carea' id='block_1_53' title="bbox 97 1517 925 1572">
    <p class='ocr_par' dir='ltr' id='par_1_53' title="bbox 97 1517 925 1572">
     <span class='ocr_line' id='line_1_53' title="bbox 97 1517 925 1572; baseline 0 -25"><span class='ocrx_word' id='word_1_419' title='bbox 97 1520 153 1547; x_wconf 79' lang='grc' dir='ltr'><strong>ἀπὸ</strong></span> <span class='ocrx_word' id='word_1_420' title='bbox 168 1520 297 1554; x_wconf 75' lang='grc' dir='ltr'>συζυγίας</span> <span class='ocrx_word' id='word_1_421' title='bbox 316 1519 421 1555; x_wconf 84' lang='grc' dir='ltr'>ἀνδρός.</span> <span class='ocrx_word' id='word_1_422' title='bbox 443 1517 526 1551; x_wconf 72' lang='grc' dir='ltr'>Οὗτος</span> <span class='ocrx_word' id='word_1_423' title='bbox 540 1520 594 1556; x_wconf 85' lang='grc' dir='ltr'><strong>γὰρ</strong></span> <span class='ocrx_word' id='word_1_424' title='bbox 612 1518 694 1556; x_wconf 87' lang='grc' dir='ltr'>ἦλθεν</span> <span class='ocrx_word' id='word_1_425' title='bbox 716 1520 820 1547; x_wconf 81' lang='grc' dir='ltr'>ἀνελεῖν</span> <span class='ocrx_word' id='word_1_426' title='bbox 840 1520 890 1556; x_wconf 84' lang='grc' dir='ltr'><strong>τήν</strong></span> <span class='ocrx_word' id='word_1_427' title='bbox 904 1543 925 1572; x_wconf 72' lang='lat' dir='ltr'><strong><em>C</em></strong></span> 
     </span>
    </p>
   </div>
   <div class='ocr_carea' id='block_1_54' title="bbox 96 1565 891 1602">
    <p class='ocr_par' dir='ltr' id='par_1_54' title="bbox 96 1565 891 1602">
     <span class='ocr_line' id='line_1_54' title="bbox 96 1565 891 1602; baseline -0.001 -8"><span class='ocrx_word' id='word_1_428' title='bbox 96 1575 127 1594; x_wconf 79' lang='grc' dir='ltr'><strong>τε</strong></span> <span class='ocrx_word' id='word_1_429' title='bbox 139 1565 254 1601; x_wconf 82' lang='grc' dir='ltr'>δύναμιν</span> <span class='ocrx_word' id='word_1_430' title='bbox 269 1565 317 1592; x_wconf 80' lang='grc' dir='ltr'><strong>τοῦ</strong></span> <span class='ocrx_word' id='word_1_431' title='bbox 333 1566 479 1601; x_wconf 86' lang='grc' dir='ltr'>δράκοντος</span> <span class='ocrx_word' id='word_1_432' title='bbox 494 1567 541 1593; x_wconf 75' lang='grc' dir='ltr'>καὶ</span> <span class='ocrx_word' id='word_1_433' title='bbox 554 1566 661 1594; x_wconf 88' lang='grc' dir='ltr'>σκολιοῦ</span> <span class='ocrx_word' id='word_1_434' title='bbox 675 1567 764 1602; x_wconf 77' lang='grc' dir='ltr'>δφεως</span> <span class='ocrx_word' id='word_1_435' title='bbox 778 1567 891 1602; x_wconf 84' lang='grc' dir='ltr'>φεύγον-</span> 
     </span>
    </p>
   </div>
   <div class='ocr_carea' id='block_1_55' title="bbox 97 1612 888 1648">
    <p class='ocr_par' dir='ltr' id='par_1_55' title="bbox 97 1612 888 1648">
     <span class='ocr_line' id='line_1_55' title="bbox 97 1612 888 1648; baseline -0.001 -9"><span class='ocrx_word' id='word_1_436' title='bbox 97 1620 154 1644; x_wconf 85' lang='grc' dir='ltr'>τος,</span> <span class='ocrx_word' id='word_1_437' title='bbox 173 1612 221 1639; x_wconf 75' lang='grc' dir='ltr'>καὶ</span> <span class='ocrx_word' id='word_1_438' title='bbox 236 1612 286 1647; x_wconf 82' lang='grc' dir='ltr'><strong>τὴν</strong></span> <span class='ocrx_word' id='word_1_439' title='bbox 309 1613 401 1639; x_wconf 83' lang='grc' dir='ltr'>πᾶσαν</span> <span class='ocrx_word' id='word_1_440' title='bbox 413 1612 577 1648; x_wconf 80' lang='grc' dir='ltr'>οἰκουμένην</span> <span class='ocrx_word' id='word_1_441' title='bbox 593 1612 786 1648; x_wconf 82' lang='grc' dir='ltr'>κατειληφέναι</span> <span class='ocrx_word' id='word_1_442' title='bbox 796 1612 888 1646; x_wconf 84' lang='grc' dir='ltr'>λέγον-</span> 
     </span>
    </p>
   </div>
   <div class='ocr_carea' id='block_1_56' title="bbox 97 1657 889 1693">
    <p class='ocr_par' dir='ltr' id='par_1_56' title="bbox 97 1657 889 1693">
     <span class='ocr_line' id='line_1_56' title="bbox 97 1657 889 1693; baseline 0 -8"><span class='ocrx_word' id='word_1_443' title='bbox 97 1667 154 1690; x_wconf 84' lang='grc' dir='ltr'>τος.</span> <span class='ocrx_word' id='word_1_444' title='bbox 171 1658 222 1685; x_wconf 78' lang='grc' dir='ltr'>Διὰ</span> <span class='ocrx_word' id='word_1_445' title='bbox 235 1657 314 1684; x_wconf 84' lang='grc' dir='ltr'>τοῦτο</span> <span class='ocrx_word' id='word_1_446' title='bbox 326 1658 493 1693; x_wconf 81' lang='grc' dir='ltr'>παρεγένετο</span> <span class='ocrx_word' id='word_1_447' title='bbox 507 1659 540 1685; x_wconf 86' lang='grc' dir='ltr'>ὲκ</span> <span class='ocrx_word' id='word_1_448' title='bbox 555 1658 685 1692; x_wconf 80' lang='grc' dir='ltr'>γυναικὸς</span> <span class='ocrx_word' id='word_1_449' title='bbox 699 1659 713 1685; x_wconf 81' lang='grc' dir='ltr'>ὁ</span> <span class='ocrx_word' id='word_1_450' title='bbox 725 1658 889 1693; x_wconf 80' lang='grc' dir='ltr'>Μονογενὴς,</span> 
     </span>
    </p>
   </div>
   <div class='ocr_carea' id='block_1_57' title="bbox 98 1703 892 1740">
    <p class='ocr_par' dir='ltr' id='par_1_57' title="bbox 98 1703 892 1740">
     <span class='ocr_line' id='line_1_57' title="bbox 98 1703 892 1740; baseline -0.001 -9"><span class='ocrx_word' id='word_1_451' title='bbox 98 1706 140 1736; x_wconf 78' lang='grc' dir='ltr'><strong>εἰς</strong></span> <span class='ocrx_word' id='word_1_452' title='bbox 154 1704 294 1740; x_wconf 75' lang='grc' dir='ltr'>ἀναίρεσιν</span> <span class='ocrx_word' id='word_1_453' title='bbox 310 1703 360 1739; x_wconf 82' lang='grc' dir='ltr'>μὲν</span> <span class='ocrx_word' id='word_1_454' title='bbox 376 1703 423 1730; x_wconf 81' lang='grc' dir='ltr'>τοῦ</span> <span class='ocrx_word' id='word_1_455' title='bbox 440 1704 538 1739; x_wconf 75' lang='grc' dir='ltr'>ὄφεως,</span> <span class='ocrx_word' id='word_1_456' title='bbox 553 1704 676 1730; x_wconf 83' lang='grc' dir='ltr'>τουτέστι</span> <span class='ocrx_word' id='word_1_457' title='bbox 688 1704 739 1738; x_wconf 84' lang='grc' dir='ltr'>τῆς</span> <span class='ocrx_word' id='word_1_458' title='bbox 753 1704 892 1731; x_wconf 84' lang='grc' dir='ltr'>κακοδιδα-</span> 
     </span>
    </p>
   </div>
   <div class='ocr_carea' id='block_1_58' title="bbox 100 1749 891 1785">
    <p class='ocr_par' dir='ltr' id='par_1_58' title="bbox 100 1749 891 1785">
     <span class='ocr_line' id='line_1_58' title="bbox 100 1749 891 1785; baseline 0 -9"><span class='ocrx_word' id='word_1_459' title='bbox 100 1749 226 1782; x_wconf 83' lang='grc' dir='ltr'>σκαλίας,</span> <span class='ocrx_word' id='word_1_460' title='bbox 242 1750 291 1777; x_wconf 74' lang='grc' dir='ltr'>καὶ</span> <span class='ocrx_word' id='word_1_461' title='bbox 315 1749 436 1784; x_wconf 71' lang='grc' dir='ltr'>φθορᾶς,</span> <span class='ocrx_word' id='word_1_462' title='bbox 458 1750 505 1776; x_wconf 80' lang='grc' dir='ltr'>καὶ</span> <span class='ocrx_word' id='word_1_463' title='bbox 521 1749 647 1784; x_wconf 81' lang='grc' dir='ltr'>ἀπάτης,</span> <span class='ocrx_word' id='word_1_464' title='bbox 674 1749 779 1785; x_wconf 84' lang='grc' dir='ltr'>πλάνης</span> <span class='ocrx_word' id='word_1_465' title='bbox 793 1758 822 1776; x_wconf 79' lang='grc' dir='ltr'><strong>τε</strong></span> <span class='ocrx_word' id='word_1_466' title='bbox 844 1749 891 1776; x_wconf 76' lang='grc' dir='ltr'>καὶ</span> 
     </span>
    </p>
   </div>
   <div class='ocr_carea' id='block_1_59' title="bbox 99 1793 889 1831">
    <p class='ocr_par' dir='ltr' id='par_1_59' title="bbox 99 1793 889 1831">
     <span class='ocr_line' id='line_1_59' title="bbox 99 1793 889 1831; baseline 0 -9"><span class='ocrx_word' id='word_1_467' title='bbox 99 1796 226 1831; x_wconf 81' lang='grc' dir='ltr'>ἀνομίας.</span> <span class='ocrx_word' id='word_1_468' title='bbox 237 1793 321 1827; x_wconf 72' lang='grc' dir='ltr'>Οὗτός</span> <span class='ocrx_word' id='word_1_469' title='bbox 331 1796 405 1822; x_wconf 77' lang='grc' dir='ltr'>ἐστιν</span> <span class='ocrx_word' id='word_1_470' title='bbox 416 1795 524 1830; x_wconf 84' lang='grc' dir='ltr'>ἀληθῶς</span> <span class='ocrx_word' id='word_1_471' title='bbox 534 1795 650 1829; x_wconf 75' lang='grc' dir='ltr'>ἀνοίγων</span> <span class='ocrx_word' id='word_1_472' title='bbox 662 1796 767 1831; x_wconf 81' lang='grc' dir='ltr'>μήτραν</span> <span class='ocrx_word' id='word_1_473' title='bbox 777 1796 889 1831; x_wconf 78' lang='grc' dir='ltr'>μητρός.</span> 
     </span>
    </p>
   </div>
   <div class='ocr_carea' id='block_1_60' title="bbox 99 1840 891 1877">
    <p class='ocr_par' dir='ltr' id='par_1_60' title="bbox 99 1840 891 1877">
     <span class='ocr_line' id='line_1_60' title="bbox 99 1840 891 1877; baseline 0 -9"><span class='ocrx_word' id='word_1_474' title='bbox 99 1841 206 1873; x_wconf 76' lang='grc' dir='ltr'>Πάντες</span> <span class='ocrx_word' id='word_1_475' title='bbox 223 1840 278 1876; x_wconf 85' lang='grc' dir='ltr'>γὰρ</span> <span class='ocrx_word' id='word_1_476' title='bbox 293 1841 349 1868; x_wconf 79' lang='grc' dir='ltr'>ὅσοι</span> <span class='ocrx_word' id='word_1_477' title='bbox 367 1841 550 1877; x_wconf 79' lang='grc' dir='ltr'>ἐγεννήθησαν</span> <span class='ocrx_word' id='word_1_478' title='bbox 565 1842 749 1877; x_wconf 84' lang='grc' dir='ltr'>πρωτότοκοι,</span> <span class='ocrx_word' id='word_1_479' title='bbox 776 1841 819 1869; x_wconf 76' lang='grc' dir='ltr'>ἵνα</span> <span class='ocrx_word' id='word_1_480' title='bbox 845 1841 891 1868; x_wconf 77' lang='grc' dir='ltr'>καὶ</span> 
     </span>
    </p>
   </div>
   <div class='ocr_carea' id='block_1_61' title="bbox 100 1885 890 1922">
    <p class='ocr_par' dir='ltr' id='par_1_61' title="bbox 100 1885 890 1922">
     <span class='ocr_line' id='line_1_61' title="bbox 100 1885 890 1922; baseline 0 -8"><span class='ocrx_word' id='word_1_481' title='bbox 100 1887 263 1922; x_wconf 85' lang='grc' dir='ltr'>σεμνότερον</span> <span class='ocrx_word' id='word_1_482' title='bbox 275 1885 408 1921; x_wconf 74' lang='grc' dir='ltr'>εἴπωμεν,</span> <span class='ocrx_word' id='word_1_483' title='bbox 423 1886 472 1912; x_wconf 81' lang='grc' dir='ltr'>οὐκ</span> <span class='ocrx_word' id='word_1_484' title='bbox 485 1886 656 1922; x_wconf 71' lang='grc' dir='ltr'>ἠδυνήθησαν</span> <span class='ocrx_word' id='word_1_485' title='bbox 666 1886 744 1914; x_wconf 79' lang='grc' dir='ltr'>τοῦτο</span> <span class='ocrx_word' id='word_1_486' title='bbox 758 1887 890 1922; x_wconf 82' lang='grc' dir='ltr'>πληροῦν,</span> 
     </span>
    </p>
   </div>
   <div class='ocr_carea' id='block_1_62' title="bbox 86 1930 890 1969">
    <p class='ocr_par' dir='ltr' id='par_1_62' title="bbox 86 1930 890 1969">
     <span class='ocr_line' id='line_1_62' title="bbox 86 1930 890 1969; baseline 0.001 -11"><span class='ocrx_word' id='word_1_487' title='bbox 86 1931 158 1969; x_wconf 21' lang='grc' dir='ltr'>ὶάλλ’</span> <span class='ocrx_word' id='word_1_488' title='bbox 173 1931 190 1966; x_wconf 84' lang='grc' dir='ltr'><strong>ἦ</strong></span> <span class='ocrx_word' id='word_1_489' title='bbox 210 1931 289 1966; x_wconf 81' lang='grc' dir='ltr'>μόνος</span> <span class='ocrx_word' id='word_1_490' title='bbox 299 1931 313 1957; x_wconf 76' lang='grc' dir='ltr'>ὁ</span> <span class='ocrx_word' id='word_1_491' title='bbox 323 1930 478 1966; x_wconf 81' lang='grc' dir='ltr'>Μονογενὴς</span> <span class='ocrx_word' id='word_1_492' title='bbox 492 1931 597 1967; x_wconf 83' lang='grc' dir='ltr'>μήτραν</span> <span class='ocrx_word' id='word_1_493' title='bbox 615 1931 748 1968; x_wconf 81' lang='grc' dir='ltr'>παρθένον</span> <span class='ocrx_word' id='word_1_494' title='bbox 765 1932 890 1965; x_wconf 79' lang='grc' dir='ltr'>ἀνοίξας·</span> 
     </span>
    </p>
   </div>
   <div class='ocr_carea' id='block_1_63' title="bbox 101 1976 889 2013">
    <p class='ocr_par' dir='ltr' id='par_1_63' title="bbox 101 1976 889 2013">
     <span class='ocr_line' id='line_1_63' title="bbox 101 1976 889 2013; baseline 0.004 -10"><span class='ocrx_word' id='word_1_495' title='bbox 101 1977 130 2003; x_wconf 78' lang='grc' dir='ltr'>ὲν</span> <span class='ocrx_word' id='word_1_496' title='bbox 142 1976 230 2012; x_wconf 82' lang='grc' dir='ltr'>τούτῳ</span> <span class='ocrx_word' id='word_1_497' title='bbox 249 1976 304 2012; x_wconf 81' lang='grc' dir='ltr'>γὰρ</span> <span class='ocrx_word' id='word_1_498' title='bbox 322 1977 395 2012; x_wconf 82' lang='grc' dir='ltr'>μόνῳ</span> <span class='ocrx_word' id='word_1_499' title='bbox 406 1976 587 2010; x_wconf 84' lang='grc' dir='ltr'>τετελείωται,</span> <span class='ocrx_word' id='word_1_500' title='bbox 603 1978 650 2005; x_wconf 78' lang='grc' dir='ltr'>καὶ</span> <span class='ocrx_word' id='word_1_501' title='bbox 665 1979 693 2006; x_wconf 84' lang='grc' dir='ltr'>ὲν</span> <span class='ocrx_word' id='word_1_502' title='bbox 707 1978 778 2013; x_wconf 77' lang='grc' dir='ltr'>ἄλλῳ</span> <span class='ocrx_word' id='word_1_503' title='bbox 792 1978 889 2006; x_wconf 87' lang='grc' dir='ltr'>οὐδενί.</span> 
     </span>
    </p>
   </div>
   <div class='ocr_carea' id='block_1_64' title="bbox 107 2023 890 2059">
    <p class='ocr_par' dir='ltr' id='par_1_64' title="bbox 107 2023 890 2059">
     <span class='ocr_line' id='line_1_64' title="bbox 107 2023 890 2059; baseline 0.003 -10"><span class='ocrx_word' id='word_1_504' title='bbox 107 2023 189 2050; x_wconf 81' lang='grc' dir='ltr'>Ἀλλὰ</span> <span class='ocrx_word' id='word_1_505' title='bbox 210 2023 258 2050; x_wconf 77' lang='grc' dir='ltr'>καὶ</span> <span class='ocrx_word' id='word_1_506' title='bbox 279 2023 326 2050; x_wconf 74' lang='grc' dir='ltr'><strong>ἀπ’</strong></span> <span class='ocrx_word' id='word_1_507' title='bbox 350 2023 435 2059; x_wconf 80' lang='grc' dir='ltr'>αὐτῆς</span> <span class='ocrx_word' id='word_1_508' title='bbox 467 2024 516 2058; x_wconf 84' lang='grc' dir='ltr'>τῆς</span> <span class='ocrx_word' id='word_1_509' title='bbox 540 2023 696 2056; x_wconf 81' lang='grc' dir='ltr'>ὑποθέσεως</span> <span class='ocrx_word' id='word_1_510' title='bbox 716 2023 790 2050; x_wconf 79' lang='grc' dir='ltr'>ἐστιν</span> <span class='ocrx_word' id='word_1_511' title='bbox 817 2024 890 2052; x_wconf 80' lang='grc' dir='ltr'>ἰδεῖν.</span> 
     </span>
    </p>
   </div>
   <div class='ocr_carea' id='block_1_65' title="bbox 107 2068 892 2105">
    <p class='ocr_par' dir='ltr' id='par_1_65' title="bbox 107 2068 892 2105">
     <span class='ocr_line' id='line_1_65' title="bbox 107 2068 892 2105; baseline 0 -9"><span class='ocrx_word' id='word_1_512' title='bbox 107 2069 175 2096; x_wconf 78' lang='grc' dir='ltr'><strong>’Δπὸ</strong></span> <span class='ocrx_word' id='word_1_513' title='bbox 189 2069 299 2105; x_wconf 85' lang='grc' dir='ltr'>Μαρίας</span> <span class='ocrx_word' id='word_1_514' title='bbox 315 2069 368 2104; x_wconf 81' lang='grc' dir='ltr'><strong>γὰρ</strong></span> <span class='ocrx_word' id='word_1_515' title='bbox 386 2068 555 2103; x_wconf 72' lang='grc' dir='ltr'>λαμϐάνεται</span> <span class='ocrx_word' id='word_1_516' title='bbox 571 2070 587 2104; x_wconf 85' lang='grc' dir='ltr'>ὴ</span> <span class='ocrx_word' id='word_1_517' title='bbox 603 2068 686 2101; x_wconf 79' lang='grc' dir='ltr'>λέξις,</span> <span class='ocrx_word' id='word_1_518' title='bbox 703 2069 750 2095; x_wconf 73' lang='grc' dir='ltr'>καὶ</span> <span class='ocrx_word' id='word_1_519' title='bbox 765 2070 829 2105; x_wconf 61' lang='grc' dir='ltr'>περὶ</span> <span class='ocrx_word' id='word_1_520' title='bbox 841 2069 892 2104; x_wconf 85' lang='grc' dir='ltr'>τῆς</span> 
     </span>
    </p>
   </div>
   <div class='ocr_carea' id='block_1_66' title="bbox 106 2112 892 2148">
    <p class='ocr_par' dir='ltr' id='par_1_66' title="bbox 106 2112 892 2148">
     <span class='ocr_line' id='line_1_66' title="bbox 106 2112 892 2148; baseline 0.001 -8"><span class='ocrx_word' id='word_1_521' title='bbox 106 2112 271 2148; x_wconf 83' lang='grc' dir='ltr'>Ἐκκλησίας</span> <span class='ocrx_word' id='word_1_522' title='bbox 287 2113 364 2140; x_wconf 72' lang='grc' dir='ltr'>ἔσται</span> <span class='ocrx_word' id='word_1_523' title='bbox 380 2122 425 2148; x_wconf 85' lang='grc' dir='ltr'><strong>μοι</strong></span> <span class='ocrx_word' id='word_1_524' title='bbox 440 2113 518 2140; x_wconf 84' lang='grc' dir='ltr'>τοῦτο</span> <span class='ocrx_word' id='word_1_525' title='bbox 532 2113 621 2148; x_wconf 82' lang='grc' dir='ltr'>λέγειν</span> <span class='ocrx_word' id='word_1_526' title='bbox 630 2120 637 2127; x_wconf 91' lang='grc'><strong>·</strong></span> <span class='ocrx_word' id='word_1_527' title='bbox 650 2114 771 2140; x_wconf 81' lang='grc' dir='ltr'><em>Ἕνεκεν</em></span> <span class='ocrx_word' id='word_1_528' title='bbox 784 2114 892 2141; x_wconf 84' lang='grc' dir='ltr'>τούτου</span> 
     </span>
    </p>
   </div>
   <div class='ocr_carea' id='block_1_67' title="bbox 101 2154 893 2193">
    <p class='ocr_par' dir='ltr' id='par_1_67' title="bbox 101 2154 893 2193">
     <span class='ocr_line' id='line_1_67' title="bbox 101 2154 893 2193; baseline 0 -7"><span class='ocrx_word' id='word_1_529' title='bbox 101 2159 280 2192; x_wconf 69' lang='grc' dir='ltr'>καταλείψει</span> <span class='ocrx_word' id='word_1_530' title='bbox 303 2158 458 2193; x_wconf 70' lang='grc' dir='ltr'><strong>ἄνθρωπος</strong></span> <span class='ocrx_word' id='word_1_531' title='bbox 489 2159 543 2186; x_wconf 78' lang='grc' dir='ltr'>τὸν·</span> <span class='ocrx_word' id='word_1_532' title='bbox 570 2154 683 2193; x_wconf 65' lang='grc' dir='ltr'>πατέρα</span> <span class='ocrx_word' id='word_1_533' title='bbox 709 2159 803 2186; x_wconf 81' lang='grc' dir='ltr'>αὐτοῦ</span> <span class='ocrx_word' id='word_1_534' title='bbox 842 2159 893 2186; x_wconf 77' lang='grc' dir='ltr'>καὶ</span> 
     </span>
    </p>
   </div>
   <div class='ocr_carea' id='block_1_68' title="bbox 976 1334 1727 1373">
    <p class='ocr_par' dir='ltr' id='par_1_68' title="bbox 976 1334 1727 1373">
     <span class='ocr_line' id='line_1_68' title="bbox 976 1334 1727 1373; baseline -0.005 -7"><span class='ocrx_word' id='word_1_535' title='bbox 976 1339 1047 1367; x_wconf 79' lang='lat' dir='ltr'><strong>XIX.</strong></span> <span class='ocrx_word' id='word_1_536' title='bbox 1067 1338 1151 1366; x_wconf 87' lang='lat' dir='ltr'><strong>Plene</strong></span> <span class='ocrx_word' id='word_1_537' title='bbox 1165 1337 1275 1373; x_wconf 86' lang='lat' dir='ltr'><strong>quidem</strong></span> <span class='ocrx_word' id='word_1_538' title='bbox 1293 1343 1326 1364; x_wconf 90' lang='lat' dir='ltr'><strong>ae</strong></span> <span class='ocrx_word' id='word_1_539' title='bbox 1343 1335 1463 1371; x_wconf 81' lang='lat' dir='ltr'><strong>perfecte</strong></span> <span class='ocrx_word' id='word_1_540' title='bbox 1479 1334 1682 1363; x_wconf 89' lang='lat' dir='ltr'><strong>accommodari</strong></span> <span class='ocrx_word' id='word_1_541' title='bbox 1693 1335 1727 1363; x_wconf 89' lang='lat' dir='ltr'><strong>ad</strong></span> 
     </span>
    </p>
   </div>
   <div class='ocr_carea' id='block_1_69' title="bbox 940 1379 1731 1418">
    <p class='ocr_par' dir='ltr' id='par_1_69' title="bbox 940 1379 1731 1418">
     <span class='ocr_line' id='line_1_69' title="bbox 940 1379 1731 1418; baseline -0.006 -6"><span class='ocrx_word' id='word_1_542' title='bbox 940 1385 1014 1413; x_wconf 89' lang='lat' dir='ltr'><strong>illam</strong></span> <span class='ocrx_word' id='word_1_543' title='bbox 1030 1385 1158 1412; x_wconf 87' lang='lat' dir='ltr'><strong>universa</strong></span> <span class='ocrx_word' id='word_1_544' title='bbox 1173 1379 1312 1418; x_wconf 80' lang='lat' dir='ltr'><strong>nequeunt</strong></span> <span class='ocrx_word' id='word_1_545' title='bbox 1326 1391 1333 1416; x_wconf 88' lang='lat'><strong>;</strong></span> <span class='ocrx_word' id='word_1_546' title='bbox 1351 1381 1400 1410; x_wconf 88' lang='lat' dir='ltr'><strong>sed</strong></span> <span class='ocrx_word' id='word_1_547' title='bbox 1422 1383 1449 1409; x_wconf 90' lang='lat' dir='ltr'><strong>in</strong></span> <span class='ocrx_word' id='word_1_548' title='bbox 1470 1381 1655 1413; x_wconf 87' lang='lat' dir='ltr'><strong>sanctissima,</strong></span> <span class='ocrx_word' id='word_1_549' title='bbox 1670 1381 1731 1408; x_wconf 77' lang='lat' dir='ltr'><strong>exi-</strong></span> 
     </span>
    </p>
   </div>
   <div class='ocr_carea' id='block_1_70' title="bbox 941 1426 1728 1465">
    <p class='ocr_par' dir='ltr' id='par_1_70' title="bbox 941 1426 1728 1465">
     <span class='ocr_line' id='line_1_70' title="bbox 941 1426 1728 1465; baseline -0.008 -6"><span class='ocrx_word' id='word_1_550' title='bbox 941 1431 994 1458; x_wconf 89' lang='lat' dir='ltr'><strong>mia</strong></span> <span class='ocrx_word' id='word_1_551' title='bbox 1009 1438 1041 1459; x_wconf 86' lang='lat' dir='ltr'><strong>ac</strong></span> <span class='ocrx_word' id='word_1_552' title='bbox 1056 1429 1189 1465; x_wconf 75' lang='lat' dir='ltr'><strong>singulari</strong></span> <span class='ocrx_word' id='word_1_553' title='bbox 1201 1429 1296 1463; x_wconf 89' lang='lat' dir='ltr'><strong>stirpe,</strong></span> <span class='ocrx_word' id='word_1_554' title='bbox 1308 1435 1369 1463; x_wconf 65' lang='lat' dir='ltr'><strong>quae</strong></span> <span class='ocrx_word' id='word_1_555' title='bbox 1383 1428 1418 1455; x_wconf 85' lang='lat' dir='ltr'><strong>ab</strong></span> <span class='ocrx_word' id='word_1_556' title='bbox 1431 1427 1489 1455; x_wconf 88' lang='lat' dir='ltr'><strong>sola</strong></span> <span class='ocrx_word' id='word_1_557' title='bbox 1504 1426 1616 1463; x_wconf 67' lang='lat' dir='ltr'><strong>Virgine</strong></span> <span class='ocrx_word' id='word_1_558' title='bbox 1631 1426 1728 1459; x_wconf 81' lang='lat' dir='ltr'><strong>Maria,</strong></span> 
     </span>
    </p>
   </div>
   <div class='ocr_carea' id='block_1_71' title="bbox 942 1476 1730 1513">
    <p class='ocr_par' dir='ltr' id='par_1_71' title="bbox 942 1476 1730 1513">
     <span class='ocr_line' id='line_1_71' title="bbox 942 1476 1730 1513; baseline 0 -9"><span class='ocrx_word' id='word_1_559' title='bbox 942 1477 1002 1505; x_wconf 85' lang='lat' dir='ltr'><strong>sine</strong></span> <span class='ocrx_word' id='word_1_560' title='bbox 1025 1476 1081 1504; x_wconf 92' lang='lat' dir='ltr'><strong>ulla</strong></span> <span class='ocrx_word' id='word_1_561' title='bbox 1097 1477 1146 1505; x_wconf 91' lang='lat' dir='ltr'><strong>viri</strong></span> <span class='ocrx_word' id='word_1_562' title='bbox 1164 1476 1374 1510; x_wconf 84' lang='lat' dir='ltr'><strong>consuetudine,</strong></span> <span class='ocrx_word' id='word_1_563' title='bbox 1390 1481 1538 1513; x_wconf 75' lang='lat' dir='ltr'><strong>propagata</strong></span> <span class='ocrx_word' id='word_1_564' title='bbox 1558 1481 1611 1508; x_wconf 83' lang='lat' dir='ltr'><strong>est,</strong></span> <span class='ocrx_word' id='word_1_565' title='bbox 1640 1476 1730 1512; x_wconf 87' lang='lat' dir='ltr'><strong>reipsa</strong></span> 
     </span>
    </p>
   </div>
   <div class='ocr_carea' id='block_1_72' title="bbox 943 1522 1730 1558">
    <p class='ocr_par' dir='ltr' id='par_1_72' title="bbox 943 1522 1730 1558">
     <span class='ocr_line' id='line_1_72' title="bbox 943 1522 1730 1558; baseline -0.001 -8"><span class='ocrx_word' id='word_1_566' title='bbox 943 1531 975 1551; x_wconf 84' lang='lat' dir='ltr'><strong>ac</strong></span> <span class='ocrx_word' id='word_1_567' title='bbox 991 1523 1101 1558; x_wconf 87' lang='lat' dir='ltr'><strong>penitus</strong></span> <span class='ocrx_word' id='word_1_568' title='bbox 1125 1523 1264 1558; x_wconf 89' lang='lat' dir='ltr'><strong>impletur.</strong></span> <span class='ocrx_word' id='word_1_569' title='bbox 1290 1522 1340 1550; x_wconf 87' lang='lat' dir='ltr'><strong>Ilic</strong></span> <span class='ocrx_word' id='word_1_570' title='bbox 1362 1523 1434 1551; x_wconf 91' lang='lat' dir='ltr'><strong>enim</strong></span> <span class='ocrx_word' id='word_1_571' title='bbox 1459 1523 1533 1551; x_wconf 88' lang='lat' dir='ltr'><strong>illius</strong></span> <span class='ocrx_word' id='word_1_572' title='bbox 1547 1522 1618 1550; x_wconf 84' lang='lat' dir='ltr'><strong>ﬁlius</strong></span> <span class='ocrx_word' id='word_1_573' title='bbox 1632 1522 1666 1549; x_wconf 87' lang='lat' dir='ltr'><strong>ad</strong></span> <span class='ocrx_word' id='word_1_574' title='bbox 1680 1529 1730 1549; x_wconf 79' lang='lat' dir='ltr'><strong>ex-</strong></span> 
     </span>
    </p>
   </div>
   <div class='ocr_carea' id='block_1_73' title="bbox 944 1566 1730 1604">
    <p class='ocr_par' dir='ltr' id='par_1_73' title="bbox 944 1566 1730 1604">
     <span class='ocr_line' id='line_1_73' title="bbox 944 1566 1730 1604; baseline -0.003 -9"><span class='ocrx_word' id='word_1_575' title='bbox 944 1569 1136 1604; x_wconf 77' lang='lat' dir='ltr'><strong>stinguendam</strong></span> <span class='ocrx_word' id='word_1_576' title='bbox 1169 1569 1306 1603; x_wconf 87' lang='lat' dir='ltr'><strong>serpentis</strong></span> <span class='ocrx_word' id='word_1_577' title='bbox 1325 1575 1358 1596; x_wconf 89' lang='lat' dir='ltr'><strong>ac</strong></span> <span class='ocrx_word' id='word_1_578' title='bbox 1373 1568 1491 1596; x_wconf 88' lang='lat' dir='ltr'><strong>tortuosi</strong></span> <span class='ocrx_word' id='word_1_579' title='bbox 1520 1567 1625 1595; x_wconf 84' lang='lat' dir='ltr'><strong>colubri</strong></span> <span class='ocrx_word' id='word_1_580' title='bbox 1652 1566 1730 1602; x_wconf 78' lang='lat' dir='ltr'><strong>fuga-</strong></span> 
     </span>
    </p>
   </div>
   <div class='ocr_carea' id='block_1_74' title="bbox 944 1613 1732 1650">
    <p class='ocr_par' dir='ltr' id='par_1_74' title="bbox 944 1613 1732 1650">
     <span class='ocr_line' id='line_1_74' title="bbox 944 1613 1732 1650; baseline -0.003 -8"><span class='ocrx_word' id='word_1_581' title='bbox 944 1615 1041 1650; x_wconf 88' lang='lat' dir='ltr'><strong>cisque</strong></span> <span class='ocrx_word' id='word_1_582' title='bbox 1065 1615 1119 1642; x_wconf 87' lang='lat' dir='ltr'><strong>vim</strong></span> <span class='ocrx_word' id='word_1_583' title='bbox 1133 1622 1166 1643; x_wconf 90' lang='lat' dir='ltr'><strong>ac</strong></span> <span class='ocrx_word' id='word_1_584' title='bbox 1178 1615 1341 1650; x_wconf 86' lang='lat' dir='ltr'><strong>potentiam,</strong></span> <span class='ocrx_word' id='word_1_585' title='bbox 1356 1615 1403 1650; x_wconf 92' lang='lat' dir='ltr'><strong>qui</strong></span> <span class='ocrx_word' id='word_1_586' title='bbox 1419 1622 1449 1642; x_wconf 87' lang='lat' dir='ltr'><strong>se</strong></span> <span class='ocrx_word' id='word_1_587' title='bbox 1465 1618 1551 1642; x_wconf 91' lang='lat' dir='ltr'><strong>totum</strong></span> <span class='ocrx_word' id='word_1_588' title='bbox 1567 1613 1661 1641; x_wconf 91' lang='lat' dir='ltr'><strong>orbem</strong></span> <span class='ocrx_word' id='word_1_589' title='bbox 1675 1617 1732 1640; x_wconf 89' lang='lat' dir='ltr'><strong>ter-</strong></span> 
     </span>
    </p>
   </div>
   <div class='ocr_carea' id='block_1_75' title="bbox 944 1659 1731 1696">
    <p class='ocr_par' dir='ltr' id='par_1_75' title="bbox 944 1659 1731 1696">
     <span class='ocr_line' id='line_1_75' title="bbox 944 1659 1731 1696; baseline -0.001 -9"><span class='ocrx_word' id='word_1_590' title='bbox 944 1667 1035 1687; x_wconf 91' lang='lat' dir='ltr'><strong>rarum</strong></span> <span class='ocrx_word' id='word_1_591' title='bbox 1052 1659 1194 1688; x_wconf 88' lang='lat' dir='ltr'><strong>dominatu</strong></span> <span class='ocrx_word' id='word_1_592' title='bbox 1211 1668 1263 1688; x_wconf 91' lang='lat' dir='ltr'><strong>suo</strong></span> <span class='ocrx_word' id='word_1_593' title='bbox 1279 1660 1521 1696; x_wconf 85' lang='lat' dir='ltr'><strong>comprehendisse</strong></span> <span class='ocrx_word' id='word_1_594' title='bbox 1538 1659 1672 1694; x_wconf 73' lang='lat' dir='ltr'><strong>iactabat,</strong></span> <span class='ocrx_word' id='word_1_595' title='bbox 1696 1659 1731 1686; x_wconf 91' lang='lat' dir='ltr'><strong>ad</strong></span> 
     </span>
    </p>
   </div>
   <div class='ocr_carea' id='block_1_76' title="bbox 944 1704 1781 1741">
    <p class='ocr_par' dir='ltr' id='par_1_76' title="bbox 944 1704 1781 1741">
     <span class='ocr_line' id='line_1_76' title="bbox 944 1704 1781 1741; baseline -0.004 -8"><span class='ocrx_word' id='word_1_596' title='bbox 944 1705 1001 1733; x_wconf 72' lang='lat' dir='ltr'><strong>lucc</strong></span> <span class='ocrx_word' id='word_1_597' title='bbox 1015 1705 1107 1733; x_wconf 86' lang='lat' dir='ltr'><strong>infima</strong></span> <span class='ocrx_word' id='word_1_598' title='bbox 1124 1706 1275 1734; x_wconf 89' lang='lat' dir='ltr'><strong>descendit.</strong></span> <span class='ocrx_word' id='word_1_599' title='bbox 1299 1706 1446 1741; x_wconf 87' lang='lat' dir='ltr'><strong>Propterea</strong></span> <span class='ocrx_word' id='word_1_600' title='bbox 1470 1705 1568 1732; x_wconf 86' lang='lat' dir='ltr'><strong>unicus</strong></span> <span class='ocrx_word' id='word_1_601' title='bbox 1584 1712 1599 1732; x_wconf 90' lang='lat' dir='ltr'><strong>e</strong></span> <span class='ocrx_word' id='word_1_602' title='bbox 1617 1704 1732 1731; x_wconf 83' lang='lat' dir='ltr'><strong>muliere</strong></span> <span class='ocrx_word' id='word_1_603' title='bbox 1771 1714 1781 1720; x_wconf 62' lang='grc' dir='ltr'><em>ι</em></span> 
     </span>
    </p>
   </div>
   <div class='ocr_carea' id='block_1_77' title="bbox 945 1749 1733 1786">
    <p class='ocr_par' dir='ltr' id='par_1_77' title="bbox 945 1749 1733 1786">
     <span class='ocr_line' id='line_1_77' title="bbox 945 1749 1733 1786; baseline 0 -9"><span class='ocrx_word' id='word_1_604' title='bbox 945 1750 992 1779; x_wconf 92' lang='lat' dir='ltr'><strong>Dei</strong></span> <span class='ocrx_word' id='word_1_605' title='bbox 1009 1750 1096 1779; x_wconf 86' lang='lat' dir='ltr'><strong>Filius</strong></span> <span class='ocrx_word' id='word_1_606' title='bbox 1111 1751 1266 1786; x_wconf 84' lang='lat' dir='ltr'><strong>processit,</strong></span> <span class='ocrx_word' id='word_1_607' title='bbox 1283 1755 1313 1778; x_wconf 87' lang='lat' dir='ltr'><strong>ut</strong></span> <span class='ocrx_word' id='word_1_608' title='bbox 1331 1754 1498 1786; x_wconf 86' lang='lat' dir='ltr'><strong>serpentem,</strong></span> <span class='ocrx_word' id='word_1_609' title='bbox 1516 1750 1568 1777; x_wconf 88' lang='lat' dir='ltr'><strong>hoc</strong></span> <span class='ocrx_word' id='word_1_610' title='bbox 1587 1753 1628 1777; x_wconf 87' lang='lat' dir='ltr'><strong>est</strong></span> <span class='ocrx_word' id='word_1_611' title='bbox 1643 1749 1733 1784; x_wconf 60' lang='lat' dir='ltr'><strong>impiae</strong></span> 
     </span>
    </p>
   </div>
   <div class='ocr_carea' id='block_1_78' title="bbox 943 1796 1733 1832">
    <p class='ocr_par' dir='ltr' id='par_1_78' title="bbox 943 1796 1733 1832">
     <span class='ocr_line' id='line_1_78' title="bbox 943 1796 1733 1832; baseline -0.003 -8"><span class='ocrx_word' id='word_1_612' title='bbox 943 1797 1076 1825; x_wconf 64' lang='lat' dir='ltr'><strong>doctrinae</strong></span> <span class='ocrx_word' id='word_1_613' title='bbox 1094 1797 1289 1832; x_wconf 84' lang='lat' dir='ltr'><strong>corruptelam,</strong></span> <span class='ocrx_word' id='word_1_614' title='bbox 1306 1804 1338 1824; x_wconf 91' lang='lat' dir='ltr'><strong>ac</strong></span> <span class='ocrx_word' id='word_1_615' title='bbox 1353 1796 1490 1829; x_wconf 84' lang='lat' dir='ltr'><strong>fraudem,</strong></span> <span class='ocrx_word' id='word_1_616' title='bbox 1511 1800 1538 1824; x_wconf 84' lang='lat' dir='ltr'><strong>et</strong></span> <span class='ocrx_word' id='word_1_617' title='bbox 1553 1803 1684 1827; x_wconf 85' lang='lat' dir='ltr'><strong>errorem,</strong></span> <span class='ocrx_word' id='word_1_618' title='bbox 1700 1802 1733 1822; x_wconf 84' lang='lat' dir='ltr'><strong>ac</strong></span> 
     </span>
    </p>
   </div>
   <div class='ocr_carea' id='block_1_79' title="bbox 944 1843 1732 1880">
    <p class='ocr_par' dir='ltr' id='par_1_79' title="bbox 944 1843 1732 1880">
     <span class='ocr_line' id='line_1_79' title="bbox 944 1843 1732 1880; baseline -0.005 -9"><span class='ocrx_word' id='word_1_619' title='bbox 944 1844 1108 1880; x_wconf 85' lang='lat' dir='ltr'><strong>pravitatem</strong></span> <span class='ocrx_word' id='word_1_620' title='bbox 1135 1847 1279 1871; x_wconf 79' lang='lat' dir='ltr'><strong>everteret.</strong></span> <span class='ocrx_word' id='word_1_621' title='bbox 1303 1843 1353 1871; x_wconf 83' lang='lat' dir='ltr'><strong>llic</strong></span> <span class='ocrx_word' id='word_1_622' title='bbox 1367 1846 1410 1871; x_wconf 88' lang='lat' dir='ltr'><strong>est</strong></span> <span class='ocrx_word' id='word_1_623' title='bbox 1434 1843 1480 1878; x_wconf 92' lang='lat' dir='ltr'><strong>qui</strong></span> <span class='ocrx_word' id='word_1_624' title='bbox 1507 1849 1602 1870; x_wconf 87' lang='lat' dir='ltr'><strong>revera</strong></span> <span class='ocrx_word' id='word_1_625' title='bbox 1625 1845 1732 1869; x_wconf 86' lang='lat' dir='ltr'><strong>uterum</strong></span> 
     </span>
    </p>
   </div>
   <div class='ocr_carea' id='block_1_80' title="bbox 945 1886 1733 1929">
    <p class='ocr_par' dir='ltr' id='par_1_80' title="bbox 945 1886 1733 1929">
     <span class='ocr_line' id='line_1_80' title="bbox 945 1886 1733 1929; baseline -0.004 -12"><span class='ocrx_word' id='word_1_626' title='bbox 945 1890 1040 1917; x_wconf 76' lang='lat' dir='ltr'><strong>Matris</strong></span> <span class='ocrx_word' id='word_1_627' title='bbox 1073 1889 1181 1924; x_wconf 90' lang='lat' dir='ltr'><strong>aperuit</strong></span> <span class='ocrx_word' id='word_1_628' title='bbox 1200 1889 1222 1929; x_wconf 59' lang='grc' dir='ltr'><strong>ξ.</strong></span> <span class='ocrx_word' id='word_1_629' title='bbox 1255 1888 1322 1916; x_wconf 84' lang='lat' dir='ltr'><strong>Nam</strong></span> <span class='ocrx_word' id='word_1_630' title='bbox 1353 1892 1531 1924; x_wconf 90' lang='lat' dir='ltr'><strong>quotcunque</strong></span> <span class='ocrx_word' id='word_1_631' title='bbox 1561 1886 1733 1923; x_wconf 72' lang='lat' dir='ltr'><strong>primogeniti</strong></span> 
     </span>
    </p>
   </div>
   <div class='ocr_carea' id='block_1_81' title="bbox 944 1933 1733 1968">
    <p class='ocr_par' dir='ltr' id='par_1_81' title="bbox 944 1933 1733 1968">
     <span class='ocr_line' id='line_1_81' title="bbox 944 1933 1733 1968; baseline -0.003 -5"><span class='ocrx_word' id='word_1_632' title='bbox 944 1936 1020 1963; x_wconf 91' lang='lat' dir='ltr'><strong>illum</strong></span> <span class='ocrx_word' id='word_1_633' title='bbox 1043 1939 1260 1967; x_wconf 85' lang='lat' dir='ltr'><strong>antecesserant,</strong></span> <span class='ocrx_word' id='word_1_634' title='bbox 1282 1938 1313 1962; x_wconf 92' lang='lat' dir='ltr'><strong>ut</strong></span> <span class='ocrx_word' id='word_1_635' title='bbox 1335 1935 1528 1962; x_wconf 88' lang='lat' dir='ltr'><strong>honestissime</strong></span> <span class='ocrx_word' id='word_1_636' title='bbox 1542 1934 1641 1968; x_wconf 88' lang='lat' dir='ltr'><strong>dicam,</strong></span> <span class='ocrx_word' id='word_1_637' title='bbox 1659 1933 1733 1962; x_wconf 86' lang='lat' dir='ltr'><strong>istud</strong></span> 
     </span>
    </p>
   </div>
   <div class='ocr_carea' id='block_1_82' title="bbox 946 1980 1734 2016">
    <p class='ocr_par' dir='ltr' id='par_1_82' title="bbox 946 1980 1734 2016">
     <span class='ocr_line' id='line_1_82' title="bbox 946 1980 1734 2016; baseline -0.001 -8"><span class='ocrx_word' id='word_1_638' title='bbox 946 1981 1036 2016; x_wconf 89' lang='lat' dir='ltr'><strong>ipsum</strong></span> <span class='ocrx_word' id='word_1_639' title='bbox 1061 1980 1167 2008; x_wconf 83' lang='lat' dir='ltr'><strong>ellicere</strong></span> <span class='ocrx_word' id='word_1_640' title='bbox 1185 1981 1378 2016; x_wconf 89' lang='lat' dir='ltr'><strong>nequiverunt,</strong></span> <span class='ocrx_word' id='word_1_641' title='bbox 1408 1980 1454 2008; x_wconf 90' lang='lat' dir='ltr'><strong>sed</strong></span> <span class='ocrx_word' id='word_1_642' title='bbox 1479 1981 1555 2008; x_wconf 87' lang='lat' dir='ltr'><strong>solus</strong></span> <span class='ocrx_word' id='word_1_643' title='bbox 1571 1980 1622 2008; x_wconf 87' lang='lat' dir='ltr'><strong>hoc</strong></span> <span class='ocrx_word' id='word_1_644' title='bbox 1635 1981 1734 2007; x_wconf 88' lang='lat' dir='ltr'><strong>unicus</strong></span> 
     </span>
    </p>
   </div>
   <div class='ocr_carea' id='block_1_83' title="bbox 945 2025 1735 2061">
    <p class='ocr_par' dir='ltr' id='par_1_83' title="bbox 945 2025 1735 2061">
     <span class='ocr_line' id='line_1_83' title="bbox 945 2025 1735 2061; baseline 0 -9"><span class='ocrx_word' id='word_1_645' title='bbox 945 2025 993 2054; x_wconf 90' lang='lat' dir='ltr'><strong>Dei</strong></span> <span class='ocrx_word' id='word_1_646' title='bbox 1013 2025 1099 2054; x_wconf 84' lang='lat' dir='ltr'><strong>Filius</strong></span> <span class='ocrx_word' id='word_1_647' title='bbox 1113 2026 1242 2059; x_wconf 84' lang='lat' dir='ltr'><strong>obtinuit,</strong></span> <span class='ocrx_word' id='word_1_648' title='bbox 1258 2026 1285 2053; x_wconf 91' lang='lat' dir='ltr'><strong>in</strong></span> <span class='ocrx_word' id='word_1_649' title='bbox 1302 2033 1369 2061; x_wconf 89' lang='lat' dir='ltr'><strong>quo,</strong></span> <span class='ocrx_word' id='word_1_650' title='bbox 1391 2025 1500 2054; x_wconf 66' lang='lat' dir='ltr'><strong>ueteris</strong></span> <span class='ocrx_word' id='word_1_651' title='bbox 1514 2026 1633 2053; x_wconf 82' lang='lat' dir='ltr'><strong>exclusis</strong></span> <span class='ocrx_word' id='word_1_652' title='bbox 1646 2025 1735 2052; x_wconf 86' lang='lat' dir='ltr'><strong>omni-</strong></span> 
     </span>
    </p>
   </div>
   <div class='ocr_carea' id='block_1_84' title="bbox 946 2069 1733 2106">
    <p class='ocr_par' dir='ltr' id='par_1_84' title="bbox 946 2069 1733 2106">
     <span class='ocr_line' id='line_1_84' title="bbox 946 2069 1733 2106; baseline -0.004 -7"><span class='ocrx_word' id='word_1_653' title='bbox 946 2073 1007 2103; x_wconf 84' lang='lat' dir='ltr'><strong>bus,</strong></span> <span class='ocrx_word' id='word_1_654' title='bbox 1021 2071 1087 2099; x_wconf 89' lang='lat' dir='ltr'><strong>illud</strong></span> <span class='ocrx_word' id='word_1_655' title='bbox 1099 2075 1141 2099; x_wconf 89' lang='lat' dir='ltr'><strong>est</strong></span> <span class='ocrx_word' id='word_1_656' title='bbox 1155 2070 1318 2106; x_wconf 85' lang='lat' dir='ltr'><strong>perfectum.</strong></span> <span class='ocrx_word' id='word_1_657' title='bbox 1334 2070 1387 2098; x_wconf 89' lang='lat' dir='ltr'><strong>Sed</strong></span> <span class='ocrx_word' id='word_1_658' title='bbox 1406 2075 1435 2097; x_wconf 90' lang='lat' dir='ltr'><strong>ut</strong></span> <span class='ocrx_word' id='word_1_659' title='bbox 1450 2070 1502 2097; x_wconf 89' lang='lat' dir='ltr'><strong>alia</strong></span> <span class='ocrx_word' id='word_1_660' title='bbox 1516 2069 1733 2105; x_wconf 68' lang='lat' dir='ltr'><strong>pmtermittam,</strong></span> 
     </span>
    </p>
   </div>
   <div class='ocr_carea' id='block_1_85' title="bbox 946 2114 1734 2152">
    <p class='ocr_par' dir='ltr' id='par_1_85' title="bbox 946 2114 1734 2152">
     <span class='ocr_line' id='line_1_85' title="bbox 946 2114 1734 2152; baseline -0.005 -7"><span class='ocrx_word' id='word_1_661' title='bbox 946 2118 987 2145; x_wconf 86' lang='lat' dir='ltr'><strong>vel</strong></span> <span class='ocrx_word' id='word_1_662' title='bbox 999 2125 1032 2145; x_wconf 85' lang='lat' dir='ltr'><strong>ex</strong></span> <span class='ocrx_word' id='word_1_663' title='bbox 1049 2125 1082 2144; x_wconf 91' lang='lat' dir='ltr'><strong>eo</strong></span> <span class='ocrx_word' id='word_1_664' title='bbox 1097 2118 1167 2152; x_wconf 85' lang='lat' dir='ltr'><strong>ipso,</strong></span> <span class='ocrx_word' id='word_1_665' title='bbox 1183 2117 1254 2151; x_wconf 88' lang='lat' dir='ltr'><strong>quod</strong></span> <span class='ocrx_word' id='word_1_666' title='bbox 1273 2115 1356 2143; x_wconf 88' lang='lat' dir='ltr'><strong>modo</strong></span> <span class='ocrx_word' id='word_1_667' title='bbox 1370 2119 1533 2146; x_wconf 85' lang='lat' dir='ltr'><strong>tractamus.</strong></span> <span class='ocrx_word' id='word_1_668' title='bbox 1558 2118 1647 2150; x_wconf 82' lang='lat' dir='ltr'><strong>potest</strong></span> <span class='ocrx_word' id='word_1_669' title='bbox 1667 2114 1734 2142; x_wconf 91' lang='lat' dir='ltr'><strong>illud</strong></span> 
     </span>
    </p>
   </div>
   <div class='ocr_carea' id='block_1_86' title="bbox 946 2159 1735 2197">
    <p class='ocr_par' dir='ltr' id='par_1_86' title="bbox 946 2159 1735 2197">
     <span class='ocr_line' id='line_1_86' title="bbox 946 2159 1735 2197; baseline -0.004 -8"><span class='ocrx_word' id='word_1_670' title='bbox 946 2162 1070 2197; x_wconf 79' lang='lat' dir='ltr'><strong>intelligi.</strong></span> <span class='ocrx_word' id='word_1_671' title='bbox 1092 2160 1199 2196; x_wconf 84' lang='lat' dir='ltr'><strong>Quippe</strong></span> <span class='ocrx_word' id='word_1_672' title='bbox 1223 2168 1256 2188; x_wconf 87' lang='lat' dir='ltr'><strong>ex</strong></span> <span class='ocrx_word' id='word_1_673' title='bbox 1281 2160 1367 2187; x_wconf 81' lang='lat' dir='ltr'><strong>Maria</strong></span> <span class='ocrx_word' id='word_1_674' title='bbox 1397 2164 1504 2194; x_wconf 89' lang='lat' dir='ltr'><strong>sumpta</strong></span> <span class='ocrx_word' id='word_1_675' title='bbox 1523 2160 1568 2186; x_wconf 87' lang='lat' dir='ltr'><strong>illa</strong></span> <span class='ocrx_word' id='word_1_676' title='bbox 1587 2159 1735 2193; x_wconf 69' lang='lat' dir='ltr'><strong>Scriptura:</strong></span> 
     </span>
    </p>
   </div>
   <div class='ocr_carea' id='block_1_87' title="bbox 102 2204 889 2246">
    <p class='ocr_par' dir='ltr' id='par_1_87' title="bbox 102 2204 889 2240">
     <span class='ocr_line' id='line_1_87' title="bbox 102 2204 889 2240; baseline 0 -8"><span class='ocrx_word' id='word_1_677' title='bbox 102 2205 161 2239; x_wconf 76' lang='grc' dir='ltr'>τὴν</span> <span class='ocrx_word' id='word_1_678' title='bbox 183 2204 297 2240; x_wconf 83' lang='grc' dir='ltr'>μητέρα</span> <span class='ocrx_word' id='word_1_679' title='bbox 321 2205 435 2236; x_wconf 84' lang='grc' dir='ltr'>αὑτοῦ,</span> <span class='ocrx_word' id='word_1_680' title='bbox 460 2205 509 2232; x_wconf 76' lang='grc' dir='ltr'>καὶ</span> <span class='ocrx_word' id='word_1_681' title='bbox 533 2204 835 2239; x_wconf 74' lang='grc' dir='ltr'>προσκολληθήσεται</span> <span class='ocrx_word' id='word_1_682' title='bbox 855 2206 889 2240; x_wconf 74' lang='grc' dir='ltr'>τῇ</span> 
     </span>
    </p>
   </div>
   <div class='ocr_carea' id='block_1_88' title="bbox 941 2204 1736 2246">
    <p class='ocr_par' dir='ltr' id='par_1_88' title="bbox 947 2205 1736 2240">
     <span class='ocr_line' id='line_1_88' title="bbox 947 2205 1736 2240; baseline -0.004 -4"><span class='ocrx_word' id='word_1_683' title='bbox 947 2207 1082 2236; x_wconf 87' lang='lat' dir='ltr'><strong>sententia</strong></span> <span class='ocrx_word' id='word_1_684' title='bbox 1108 2209 1160 2238; x_wconf 83' lang='lat' dir='ltr'><strong>est.</strong></span> <span class='ocrx_word' id='word_1_685' title='bbox 1186 2213 1268 2240; x_wconf 88' lang='lat' dir='ltr'><strong>quam</strong></span> <span class='ocrx_word' id='word_1_686' title='bbox 1292 2205 1327 2233; x_wconf 87' lang='lat' dir='ltr'><strong>ad</strong></span> <span class='ocrx_word' id='word_1_687' title='bbox 1351 2205 1501 2233; x_wconf 87' lang='lat' dir='ltr'><strong>Ecclesiam</strong></span> <span class='ocrx_word' id='word_1_688' title='bbox 1526 2205 1736 2233; x_wconf 86' lang='lat' dir='ltr'><strong>accommodare</strong></span> 
     </span>
    </p>
   </div>
   <div class='ocr_carea' id='block_1_89' title="bbox 103 2249 895 2285">
    <p class='ocr_par' dir='ltr' id='par_1_89' title="bbox 103 2249 895 2285">
     <span class='ocr_line' id='line_1_89' title="bbox 103 2249 895 2285; baseline 0.003 -9"><span class='ocrx_word' id='word_1_689' title='bbox 103 2249 223 2285; x_wconf 77' lang='grc' dir='ltr'>γυναικὶ</span> <span class='ocrx_word' id='word_1_690' title='bbox 247 2249 357 2276; x_wconf 84' lang='grc' dir='ltr'>αὐτοῦ·</span> <span class='ocrx_word' id='word_1_691' title='bbox 389 2250 445 2277; x_wconf 59' lang='grc' dir='ltr'><strong>καί</strong></span> <span class='ocrx_word' id='word_1_692' title='bbox 461 2250 584 2277; x_wconf 82' lang='grc' dir='ltr'>ἔσονται</span> <span class='ocrx_word' id='word_1_693' title='bbox 608 2251 636 2276; x_wconf 79' lang='lat' dir='ltr'><strong>ot</strong></span> <span class='ocrx_word' id='word_1_694' title='bbox 656 2250 711 2277; x_wconf 82' lang='grc' dir='ltr'>δύο</span> <span class='ocrx_word' id='word_1_695' title='bbox 732 2251 776 2283; x_wconf 83' lang='grc' dir='ltr'><strong>είς</strong></span> <span class='ocrx_word' id='word_1_696' title='bbox 796 2250 895 2285; x_wconf 81' lang='grc' dir='ltr'>σάρκα</span> 
     </span>
    </p>
   </div>
   <div class='ocr_carea' id='block_1_90' title="bbox 102 2295 896 2332">
    <p class='ocr_par' dir='ltr' id='par_1_90' title="bbox 102 2295 896 2332">
     <span class='ocr_line' id='line_1_90' title="bbox 102 2295 896 2332; baseline 0.003 -9"><span class='ocrx_word' id='word_1_697' title='bbox 102 2297 186 2331; x_wconf 80' lang='grc' dir='ltr'>μίαν.</span> <span class='ocrx_word' id='word_1_698' title='bbox 209 2295 240 2322; x_wconf 75' lang='lat'><strong>&#39;0</strong></span> <span class='ocrx_word' id='word_1_699' title='bbox 253 2295 282 2322; x_wconf 82' lang='grc' dir='ltr'>δὲ</span> <span class='ocrx_word' id='word_1_700' title='bbox 297 2295 373 2329; x_wconf 70' lang='grc' dir='ltr'>ἅγιος</span> <span class='ocrx_word' id='word_1_701' title='bbox 391 2296 550 2328; x_wconf 79' lang='grc' dir='ltr'>’Δπόστολός</span> <span class='ocrx_word' id='word_1_702' title='bbox 567 2305 634 2332; x_wconf 85' lang='grc' dir='ltr'>φησι</span> <span class='ocrx_word' id='word_1_703' title='bbox 648 2305 654 2310; x_wconf 93' lang='grc'><strong>·</strong></span> <span class='ocrx_word' id='word_1_704' title='bbox 672 2296 706 2324; x_wconf 86' lang='grc' dir='ltr'><strong>Τὸ</strong></span> <span class='ocrx_word' id='word_1_705' title='bbox 726 2297 896 2332; x_wconf 77' lang='grc' dir='ltr'>μυστήριον</span> 
     </span>
    </p>
   </div>
   <div class='ocr_carea' id='block_1_91' title="bbox 104 2340 896 2375">
    <p class='ocr_par' dir='ltr' id='par_1_91' title="bbox 104 2340 896 2375">
     <span class='ocr_line' id='line_1_91' title="bbox 104 2340 896 2375; baseline 0 -7"><span class='ocrx_word' id='word_1_706' title='bbox 104 2341 192 2368; x_wconf 85' lang='grc' dir='ltr'>τοῦτο</span> <span class='ocrx_word' id='word_1_707' title='bbox 207 2341 281 2375; x_wconf 72' lang='grc' dir='ltr'>μέγα</span> <span class='ocrx_word' id='word_1_708' title='bbox 295 2340 382 2367; x_wconf 80' lang='grc' dir='ltr'>ἐστίν</span> <span class='ocrx_word' id='word_1_709' title='bbox 392 2348 399 2356; x_wconf 73' lang='grc'>⁶</span> <span class='ocrx_word' id='word_1_710' title='bbox 415 2340 472 2375; x_wconf 78' lang='grc' dir='ltr'><strong>ἐγὼ</strong></span> <span class='ocrx_word' id='word_1_711' title='bbox 492 2340 526 2367; x_wconf 83' lang='grc' dir='ltr'>δὲ</span> <span class='ocrx_word' id='word_1_712' title='bbox 545 2340 623 2375; x_wconf 79' lang='grc' dir='ltr'><strong>λέγω</strong></span> <span class='ocrx_word' id='word_1_713' title='bbox 644 2341 688 2373; x_wconf 77' lang='grc' dir='ltr'><strong>εις</strong></span> <span class='ocrx_word' id='word_1_714' title='bbox 702 2341 832 2375; x_wconf 79' lang='grc' dir='ltr'>Χριστὸν</span> <span class='ocrx_word' id='word_1_715' title='bbox 847 2340 896 2368; x_wconf 80' lang='grc' dir='ltr'>καὶ</span> 
     </span>
    </p>
   </div>
   <div class='ocr_carea' id='block_1_92' title="bbox 104 2386 896 2423">
    <p class='ocr_par' dir='ltr' id='par_1_92' title="bbox 104 2386 896 2423">
     <span class='ocr_line' id='line_1_92' title="bbox 104 2386 896 2423; baseline 0.001 -10"><span class='ocrx_word' id='word_1_716' title='bbox 104 2387 163 2422; x_wconf 66' lang='grc' dir='ltr'><strong>’τὴν</strong></span> <span class='ocrx_word' id='word_1_717' title='bbox 186 2387 382 2420; x_wconf 77' lang='grc' dir='ltr'>Ἐκκλησίαν.</span> <span class='ocrx_word' id='word_1_718' title='bbox 411 2388 467 2414; x_wconf 76' lang='grc' dir='ltr'><strong>Καὶ</strong></span> <span class='ocrx_word' id='word_1_719' title='bbox 487 2387 537 2423; x_wconf 82' lang='grc' dir='ltr'>ὅρα</span> <span class='ocrx_word' id='word_1_720' title='bbox 563 2396 608 2423; x_wconf 84' lang='grc' dir='ltr'><strong>μοι</strong></span> <span class='ocrx_word' id='word_1_721' title='bbox 630 2387 680 2423; x_wconf 86' lang='grc' dir='ltr'><strong>τὴν</strong></span> <span class='ocrx_word' id='word_1_722' title='bbox 704 2386 758 2414; x_wconf 86' lang='grc' dir='ltr'>τῶν</span> <span class='ocrx_word' id='word_1_723' title='bbox 780 2387 896 2422; x_wconf 78' lang='grc' dir='ltr'>Γραφῶν</span> 
     </span>
    </p>
   </div>
   <div class='ocr_carea' id='block_1_93' title="bbox 105 2432 896 2470">
    <p class='ocr_par' dir='ltr' id='par_1_93' title="bbox 105 2432 896 2470">
     <span class='ocr_line' id='line_1_93' title="bbox 105 2432 896 2470; baseline -0.001 -10"><span class='ocrx_word' id='word_1_724' title='bbox 105 2433 265 2470; x_wconf 77' lang='grc' dir='ltr'>ἀκρίϐειαν·</span> <span class='ocrx_word' id='word_1_725' title='bbox 284 2433 325 2460; x_wconf 82' lang='grc' dir='ltr'>ὅτι</span> <span class='ocrx_word' id='word_1_726' title='bbox 350 2433 396 2460; x_wconf 79' lang='grc' dir='ltr'><strong>ἐπὶ</strong></span> <span class='ocrx_word' id='word_1_727' title='bbox 423 2433 472 2469; x_wconf 82' lang='grc' dir='ltr'>μὲν</span> <span class='ocrx_word' id='word_1_728' title='bbox 497 2432 537 2468; x_wconf 79' lang='grc' dir='ltr'>τῷ</span> <span class='ocrx_word' id='word_1_729' title='bbox 562 2433 648 2469; x_wconf 84' lang='grc' dir='ltr'>Ἀδὰμ</span> <span class='ocrx_word' id='word_1_730' title='bbox 660 2433 778 2460; x_wconf 74' lang='grc' dir='ltr'>ἔπλασεν</span> <span class='ocrx_word' id='word_1_731' title='bbox 797 2433 896 2467; x_wconf 71' lang='grc' dir='ltr'>λέγων,</span> 
     </span>
    </p>
   </div>
   <div class='ocr_carea' id='block_1_94' title="bbox 106 2470 896 2517">
    <p class='ocr_par' dir='ltr' id='par_1_94' title="bbox 106 2470 896 2517">
     <span class='ocr_line' id='line_1_94' title="bbox 106 2470 896 2517; baseline -0.003 -9"><span class='ocrx_word' id='word_1_732' title='bbox 106 2481 151 2508; x_wconf 71' lang='grc' dir='ltr'><strong>ἐπὶ</strong></span> <span class='ocrx_word' id='word_1_733' title='bbox 167 2481 194 2508; x_wconf 77' lang='grc' dir='ltr'>δὲ</span> <span class='ocrx_word' id='word_1_734' title='bbox 215 2482 248 2517; x_wconf 81' lang='grc' dir='ltr'><strong>τῇ</strong></span> <span class='ocrx_word' id='word_1_735' title='bbox 263 2480 322 2516; x_wconf 78' lang='grc' dir='ltr'>Εὔα</span> <span class='ocrx_word' id='word_1_736' title='bbox 338 2470 433 2508; x_wconf 70' lang='grc' dir='ltr'>οὐκέτι</span> <span class='ocrx_word' id='word_1_737' title='bbox 456 2480 610 2508; x_wconf 75' lang='grc' dir='ltr'>πεπλάσθαι</span> <span class='ocrx_word' id='word_1_738' title='bbox 635 2480 733 2515; x_wconf 83' lang='grc' dir='ltr'>λέγων,</span> <span class='ocrx_word' id='word_1_739' title='bbox 750 2480 808 2507; x_wconf 81' lang='grc' dir='ltr'>ἀλλ’</span> <span class='ocrx_word' id='word_1_740' title='bbox 823 2481 896 2507; x_wconf 82' lang='grc' dir='ltr'>οἰκο-</span> 
     </span>
    </p>
   </div>
   <div class='ocr_carea' id='block_1_95' title="bbox 105 2526 897 2563">
    <p class='ocr_par' dir='ltr' id='par_1_95' title="bbox 105 2526 897 2563">
     <span class='ocr_line' id='line_1_95' title="bbox 105 2526 897 2563; baseline -0.001 -9"><span class='ocrx_word' id='word_1_741' title='bbox 105 2527 256 2562; x_wconf 83' lang='grc' dir='ltr'>δομεῖσθαι.</span> <span class='ocrx_word' id='word_1_742' title='bbox 283 2527 391 2554; x_wconf 80' lang='grc' dir='ltr'><strong>Ἐλαὸε</strong></span> <span class='ocrx_word' id='word_1_743' title='bbox 409 2528 475 2562; x_wconf 79' lang='grc' dir='ltr'>γὰρ,</span> <span class='ocrx_word' id='word_1_744' title='bbox 497 2527 573 2563; x_wconf 77' lang='grc' dir='ltr'>φησὶ,</span> <span class='ocrx_word' id='word_1_745' title='bbox 594 2528 667 2562; x_wconf 79' lang='grc' dir='ltr'>μίαν</span> <span class='ocrx_word' id='word_1_746' title='bbox 685 2527 745 2554; x_wconf 76' lang='grc' dir='ltr'><strong>τῶν</strong></span> <span class='ocrx_word' id='word_1_747' title='bbox 758 2526 897 2561; x_wconf 78' lang='grc' dir='ltr'><em>πλευρῶν</em></span> 
     </span>
    </p>
   </div>
   <div class='ocr_carea' id='block_1_96' title="bbox 106 2572 897 2608">
    <p class='ocr_par' dir='ltr' id='par_1_96' title="bbox 106 2572 897 2608">
     <span class='ocr_line' id='line_1_96' title="bbox 106 2572 897 2608; baseline -0.001 -8"><span class='ocrx_word' id='word_1_748' title='bbox 106 2573 215 2604; x_wconf 80' lang='grc' dir='ltr'>αὐτοῦ,</span> <span class='ocrx_word' id='word_1_749' title='bbox 243 2573 293 2600; x_wconf 74' lang='grc' dir='ltr'>καὶ</span> <span class='ocrx_word' id='word_1_750' title='bbox 320 2573 515 2608; x_wconf 84' lang='grc' dir='ltr'>ᾠκοδόμησεν</span> <span class='ocrx_word' id='word_1_751' title='bbox 532 2573 668 2606; x_wconf 83' lang='grc' dir='ltr'>αὐτῷείς</span> <span class='ocrx_word' id='word_1_752' title='bbox 684 2572 826 2608; x_wconf 74' lang='grc' dir='ltr'>γυναῖκα·</span> <span class='ocrx_word' id='word_1_753' title='bbox 853 2573 897 2600; x_wconf 80' lang='grc' dir='ltr'><strong>ἵνα</strong></span> 
     </span>
    </p>
   </div>
   <div class='ocr_carea' id='block_1_97' title="bbox 107 2617 897 2655">
    <p class='ocr_par' dir='ltr' id='par_1_97' title="bbox 107 2617 897 2655">
     <span class='ocr_line' id='line_1_97' title="bbox 107 2617 897 2655; baseline -0.003 -9"><span class='ocrx_word' id='word_1_754' title='bbox 107 2619 180 2654; x_wconf 75' lang='grc' dir='ltr'>δείξῃ</span> <span class='ocrx_word' id='word_1_755' title='bbox 191 2619 238 2645; x_wconf 73' lang='grc' dir='ltr'><strong>τὸν</strong></span> <span class='ocrx_word' id='word_1_756' title='bbox 254 2619 303 2654; x_wconf 84' lang='grc' dir='ltr'>μὲν</span> <span class='ocrx_word' id='word_1_757' title='bbox 320 2618 422 2655; x_wconf 83' lang='grc' dir='ltr'>Κύριον</span> <span class='ocrx_word' id='word_1_758' title='bbox 436 2619 490 2646; x_wconf 81' lang='grc' dir='ltr'><strong>ἀπὺ</strong></span> <span class='ocrx_word' id='word_1_759' title='bbox 503 2618 611 2653; x_wconf 83' lang='grc' dir='ltr'>Μαρίας</span> <span class='ocrx_word' id='word_1_760' title='bbox 624 2618 818 2645; x_wconf 79' lang='grc' dir='ltr'>ὰναπλάσαντα</span> <span class='ocrx_word' id='word_1_761' title='bbox 834 2617 897 2645; x_wconf 79' lang='grc' dir='ltr'>ἑαυ-</span> 
     </span>
    </p>
   </div>
   <div class='ocr_carea' id='block_1_98' title="bbox 107 2664 897 2701">
    <p class='ocr_par' dir='ltr' id='par_1_98' title="bbox 107 2664 897 2701">
     <span class='ocr_line' id='line_1_98' title="bbox 107 2664 897 2701; baseline -0.001 -9"><span class='ocrx_word' id='word_1_762' title='bbox 107 2665 147 2700; x_wconf 79' lang='grc' dir='ltr'>τῷ</span> <span class='ocrx_word' id='word_1_763' title='bbox 161 2665 251 2700; x_wconf 86' lang='grc' dir='ltr'>σῶμα,</span> <span class='ocrx_word' id='word_1_764' title='bbox 271 2665 318 2692; x_wconf 78' lang='grc' dir='ltr'><strong>ἀπ’</strong></span> <span class='ocrx_word' id='word_1_765' title='bbox 335 2665 419 2701; x_wconf 76' lang='grc' dir='ltr'>αὐτῆς</span> <span class='ocrx_word' id='word_1_766' title='bbox 440 2665 468 2691; x_wconf 85' lang='grc' dir='ltr'>δὲ</span> <span class='ocrx_word' id='word_1_767' title='bbox 482 2665 532 2701; x_wconf 82' lang='grc' dir='ltr'>τῆς</span> <span class='ocrx_word' id='word_1_768' title='bbox 554 2665 673 2701; x_wconf 82' lang='grc' dir='ltr'>πλευρᾶς</span> <span class='ocrx_word' id='word_1_769' title='bbox 688 2664 897 2701; x_wconf 78' lang='grc' dir='ltr'>οἰκοδομηθῆναι</span> 
     </span>
    </p>
   </div>
   <div class='ocr_carea' id='block_1_99' title="bbox 114 2710 899 2748">
    <p class='ocr_par' dir='ltr' id='par_1_99' title="bbox 114 2710 899 2748">
     <span class='ocr_line' id='line_1_99' title="bbox 114 2710 899 2748; baseline 0 -10"><span class='ocrx_word' id='word_1_770' title='bbox 114 2710 289 2747; x_wconf 76' lang='grc' dir='ltr'>Ἐκκλησίαν,</span> <span class='ocrx_word' id='word_1_771' title='bbox 303 2712 332 2738; x_wconf 75' lang='grc' dir='ltr'>ὲν</span> <span class='ocrx_word' id='word_1_772' title='bbox 343 2711 382 2748; x_wconf 81' lang='grc' dir='ltr'>τῷ</span> <span class='ocrx_word' id='word_1_773' title='bbox 395 2712 526 2747; x_wconf 86' lang='grc' dir='ltr'>νυχθῆναι</span> <span class='ocrx_word' id='word_1_774' title='bbox 541 2711 624 2739; x_wconf 75' lang='grc' dir='ltr'>αὐτοῦ</span> <span class='ocrx_word' id='word_1_775' title='bbox 639 2710 688 2747; x_wconf 78' lang='grc' dir='ltr'>τὴν</span> <span class='ocrx_word' id='word_1_776' title='bbox 701 2711 833 2747; x_wconf 77' lang='grc' dir='ltr'>πλευρὰν,</span> <span class='ocrx_word' id='word_1_777' title='bbox 851 2711 899 2738; x_wconf 77' lang='grc' dir='ltr'>καὶ</span> 
     </span>
    </p>
   </div>
   <div class='ocr_carea' id='block_1_100' title="bbox 145 2811 366 2847">
    <p class='ocr_par' dir='ltr' id='par_1_100' title="bbox 145 2811 366 2847">
     <span class='ocr_line' id='line_1_100' title="bbox 145 2811 366 2847; baseline 0.009 -9"><span class='ocrx_word' id='word_1_778' title='bbox 145 2813 154 2828; x_wconf 85' lang='grc'>¹</span> <span class='ocrx_word' id='word_1_779' title='bbox 171 2811 251 2840; x_wconf 79' lang='lat' dir='ltr'><strong>Rom.</strong></span> <span class='ocrx_word' id='word_1_780' title='bbox 270 2820 298 2847; x_wconf 74' lang='grc' dir='ltr'><strong>ν,</strong></span> <span class='ocrx_word' id='word_1_781' title='bbox 321 2812 366 2840; x_wconf 80' lang='grc'><strong>20.</strong></span> 
     </span>
    </p>
   </div>
   <div class='ocr_carea' id='block_1_101' title="bbox 421 2812 643 2848">
    <p class='ocr_par' dir='ltr' id='par_1_101' title="bbox 421 2812 643 2848">
     <span class='ocr_line' id='line_1_101' title="bbox 421 2812 643 2848; baseline -0.005 -7"><span class='ocrx_word' id='word_1_782' title='bbox 421 2814 431 2829; x_wconf 84' lang='grc'><strong>¹</strong></span> <span class='ocrx_word' id='word_1_783' title='bbox 446 2812 514 2841; x_wconf 87' lang='lat' dir='ltr'><strong>Gen.</strong></span> <span class='ocrx_word' id='word_1_784' title='bbox 533 2820 574 2848; x_wconf 87' lang='lat' dir='ltr'><strong>ut,</strong></span> <span class='ocrx_word' id='word_1_785' title='bbox 599 2812 643 2840; x_wconf 84' lang='lat' dir='ltr'><strong>I5.</strong></span> 
     </span>
    </p>
   </div>
   <div class='ocr_carea' id='block_1_102' title="bbox 109 2847 217 2881">
    <p class='ocr_par' dir='ltr' id='par_1_102' title="bbox 109 2847 217 2881">
     <span class='ocr_line' id='line_1_102' title="bbox 109 2847 217 2881; baseline -0.019 -5"><span class='ocrx_word' id='word_1_786' title='bbox 109 2847 155 2881; x_wconf 66' lang='grc' dir='ltr'><strong>ει,</strong></span> <span class='ocrx_word' id='word_1_787' title='bbox 171 2847 217 2876; x_wconf 70' lang='lat'><strong>22.</strong></span> 
     </span>
    </p>
   </div>
   <div class='ocr_carea' id='block_1_103' title="bbox 700 2812 952 2848">
    <p class='ocr_par' dir='ltr' id='par_1_103' title="bbox 700 2812 952 2848">
     <span class='ocr_line' id='line_1_103' title="bbox 700 2812 952 2848; baseline -0.004 -7"><span class='ocrx_word' id='word_1_788' title='bbox 700 2813 710 2830; x_wconf 88' lang='grc'><em>³</em></span> <span class='ocrx_word' id='word_1_789' title='bbox 725 2812 811 2842; x_wconf 75' lang='lat' dir='ltr'><strong>Exod.</strong></span> <span class='ocrx_word' id='word_1_790' title='bbox 835 2820 904 2848; x_wconf 81' lang='lat' dir='ltr'><strong>m1,</strong></span> <span class='ocrx_word' id='word_1_791' title='bbox 925 2812 952 2840; x_wconf 72' lang='grc'>2.</span> 
     </span>
    </p>
   </div>
   <div class='ocr_carea' id='block_1_104' title="bbox 943 2251 1735 2290">
    <p class='ocr_par' dir='ltr' id='par_1_104' title="bbox 943 2251 1735 2290">
     <span class='ocr_line' id='line_1_104' title="bbox 943 2251 1735 2290; baseline -0.005 -9"><span class='ocrx_word' id='word_1_792' title='bbox 943 2259 1089 2290; x_wconf 84' lang='lat' dir='ltr'><strong>possumus</strong></span> <span class='ocrx_word' id='word_1_793' title='bbox 1112 2260 1119 2278; x_wconf 88' lang='lat'><strong>:</strong></span> <span class='ocrx_word' id='word_1_794' title='bbox 1141 2251 1255 2285; x_wconf 84' lang='lat' dir='ltr'><strong>Propter</strong></span> <span class='ocrx_word' id='word_1_795' title='bbox 1283 2251 1332 2277; x_wconf 80' lang='lat' dir='ltr'><strong>hac</strong></span> <span class='ocrx_word' id='word_1_796' title='bbox 1365 2251 1490 2286; x_wconf 74' lang='lat' dir='ltr'><strong>relinquet</strong></span> <span class='ocrx_word' id='word_1_797' title='bbox 1522 2251 1599 2278; x_wconf 83' lang='lat' dir='ltr'><strong>homo</strong></span> <span class='ocrx_word' id='word_1_798' title='bbox 1632 2255 1735 2285; x_wconf 79' lang='lat' dir='ltr'><strong>patrem</strong></span> 
     </span>
    </p>
   </div>
   <div class='ocr_carea' id='block_1_105' title="bbox 942 2297 1736 2329">
    <p class='ocr_par' dir='ltr' id='par_1_105' title="bbox 942 2297 1736 2329">
     <span class='ocr_line' id='line_1_105' title="bbox 942 2297 1736 2329; baseline -0.003 -3"><span class='ocrx_word' id='word_1_799' title='bbox 942 2307 1019 2326; x_wconf 66' lang='lat' dir='ltr'><strong>suum</strong></span> <span class='ocrx_word' id='word_1_800' title='bbox 1032 2302 1058 2325; x_wconf 79' lang='lat' dir='ltr'><strong>et</strong></span> <span class='ocrx_word' id='word_1_801' title='bbox 1074 2302 1186 2324; x_wconf 82' lang='lat' dir='ltr'><strong>matrem</strong></span> <span class='ocrx_word' id='word_1_802' title='bbox 1201 2305 1289 2329; x_wconf 77' lang='lat' dir='ltr'><strong>suam,</strong></span> <span class='ocrx_word' id='word_1_803' title='bbox 1315 2301 1340 2324; x_wconf 83' lang='lat' dir='ltr'><strong>et</strong></span> <span class='ocrx_word' id='word_1_804' title='bbox 1365 2297 1509 2324; x_wconf 71' lang='lat' dir='ltr'><strong>adhaerebit</strong></span> <span class='ocrx_word' id='word_1_805' title='bbox 1524 2297 1602 2324; x_wconf 71' lang='lat' dir='ltr'><strong>uxori</strong></span> <span class='ocrx_word' id='word_1_806' title='bbox 1617 2305 1691 2329; x_wconf 72' lang='lat' dir='ltr'><strong>sum;</strong></span> <span class='ocrx_word' id='word_1_807' title='bbox 1710 2301 1736 2324; x_wconf 84' lang='lat' dir='ltr'><strong>ct</strong></span> 
     </span>
    </p>
   </div>
   <div class='ocr_carea' id='block_1_106' title="bbox 942 2341 1738 2376">
    <p class='ocr_par' dir='ltr' id='par_1_106' title="bbox 942 2341 1738 2376">
     <span class='ocr_line' id='line_1_106' title="bbox 942 2341 1738 2376; baseline -0.001 -5"><span class='ocrx_word' id='word_1_808' title='bbox 942 2347 1019 2371; x_wconf 79' lang='lat' dir='ltr'><strong>erunt</strong></span> <span class='ocrx_word' id='word_1_809' title='bbox 1038 2342 1091 2369; x_wconf 86' lang='lat' dir='ltr'><strong>duo</strong></span> <span class='ocrx_word' id='word_1_810' title='bbox 1105 2342 1131 2369; x_wconf 85' lang='lat' dir='ltr'><strong>in</strong></span> <span class='ocrx_word' id='word_1_811' title='bbox 1150 2350 1256 2369; x_wconf 81' lang='lat' dir='ltr'><strong>carnem</strong></span> <span class='ocrx_word' id='word_1_812' title='bbox 1276 2349 1357 2368; x_wconf 85' lang='lat' dir='ltr'><strong>unam</strong></span> <span class='ocrx_word' id='word_1_813' title='bbox 1369 2341 1390 2368; x_wconf 78' lang='grc'><strong>⁸.</strong></span> <span class='ocrx_word' id='word_1_814' title='bbox 1410 2342 1558 2376; x_wconf 85' lang='lat' dir='ltr'><strong>Apostolus</strong></span> <span class='ocrx_word' id='word_1_815' title='bbox 1581 2349 1645 2370; x_wconf 83' lang='lat' dir='ltr'><strong>vero</strong></span> <span class='ocrx_word' id='word_1_816' title='bbox 1664 2342 1738 2370; x_wconf 49' lang='lat' dir='ltr'><strong>:Sa‘</strong></span> 
     </span>
    </p>
   </div>
   <div class='ocr_carea' id='block_1_107' title="bbox 943 2387 1737 2423">
    <p class='ocr_par' dir='ltr' id='par_1_107' title="bbox 943 2387 1737 2423">
     <span class='ocr_line' id='line_1_107' title="bbox 943 2387 1737 2423; baseline -0.003 -6"><span class='ocrx_word' id='word_1_817' title='bbox 943 2393 1107 2417; x_wconf 81' lang='lat' dir='ltr'><strong>crumentum</strong></span> <span class='ocrx_word' id='word_1_818' title='bbox 1135 2388 1194 2421; x_wconf 76' lang='lat' dir='ltr'><strong>hoc,</strong></span> <span class='ocrx_word' id='word_1_819' title='bbox 1214 2387 1312 2422; x_wconf 92' lang='lat' dir='ltr'><strong>inquit,</strong></span> <span class='ocrx_word' id='word_1_820' title='bbox 1337 2395 1461 2423; x_wconf 78' lang='lat' dir='ltr'><strong>magnum</strong></span> <span class='ocrx_word' id='word_1_821' title='bbox 1485 2392 1535 2414; x_wconf 69' lang='lat' dir='ltr'><strong>est.</strong></span> <span class='ocrx_word' id='word_1_822' title='bbox 1570 2387 1626 2422; x_wconf 85' lang='lat' dir='ltr'><strong>Ego</strong></span> <span class='ocrx_word' id='word_1_823' title='bbox 1648 2393 1737 2415; x_wconf 81' lang='lat' dir='ltr'><strong>autent</strong></span> 
     </span>
    </p>
   </div>
   <div class='ocr_carea' id='block_1_108' title="bbox 949 2433 1737 2469">
    <p class='ocr_par' dir='ltr' id='par_1_108' title="bbox 949 2433 1737 2469">
     <span class='ocr_line' id='line_1_108' title="bbox 949 2433 1737 2469; baseline -0.001 -6"><span class='ocrx_word' id='word_1_824' title='bbox 949 2435 1008 2463; x_wconf 81' lang='lat' dir='ltr'><strong>dico</strong></span> <span class='ocrx_word' id='word_1_825' title='bbox 1022 2436 1049 2462; x_wconf 86' lang='lat' dir='ltr'><strong>in</strong></span> <span class='ocrx_word' id='word_1_826' title='bbox 1063 2434 1201 2462; x_wconf 77' lang='lat' dir='ltr'><strong>Christum</strong></span> <span class='ocrx_word' id='word_1_827' title='bbox 1213 2438 1239 2461; x_wconf 82' lang='lat' dir='ltr'><strong>et</strong></span> <span class='ocrx_word' id='word_1_828' title='bbox 1253 2433 1401 2461; x_wconf 73' lang='lat' dir='ltr'><strong>Ecclesium</strong></span> <span class='ocrx_word' id='word_1_829' title='bbox 1415 2435 1439 2461; x_wconf 87' lang='grc'><strong>⁸.</strong></span> <span class='ocrx_word' id='word_1_830' title='bbox 1464 2434 1494 2461; x_wconf 89' lang='lat' dir='ltr'><strong>In</strong></span> <span class='ocrx_word' id='word_1_831' title='bbox 1510 2442 1565 2469; x_wconf 92' lang='lat' dir='ltr'><strong>quo</strong></span> <span class='ocrx_word' id='word_1_832' title='bbox 1579 2439 1737 2462; x_wconf 87' lang='lat' dir='ltr'><strong>accuratam</strong></span> 
     </span>
    </p>
   </div>
   <div class='ocr_carea' id='block_1_109' title="bbox 949 2480 1736 2515">
    <p class='ocr_par' dir='ltr' id='par_1_109' title="bbox 949 2480 1736 2515">
     <span class='ocr_line' id='line_1_109' title="bbox 949 2480 1736 2515; baseline -0.003 -5"><span class='ocrx_word' id='word_1_833' title='bbox 949 2489 1089 2510; x_wconf 83' lang='lat' dir='ltr'><strong>sacrarum</strong></span> <span class='ocrx_word' id='word_1_834' title='bbox 1109 2481 1276 2508; x_wconf 84' lang='lat' dir='ltr'><strong>Litterarum</strong></span> <span class='ocrx_word' id='word_1_835' title='bbox 1292 2480 1463 2515; x_wconf 73' lang='lat' dir='ltr'><strong>diligentiam</strong></span> <span class='ocrx_word' id='word_1_836' title='bbox 1480 2481 1629 2509; x_wconf 88' lang='lat' dir='ltr'><strong>observare</strong></span> <span class='ocrx_word' id='word_1_837' title='bbox 1652 2482 1736 2510; x_wconf 89' lang='lat' dir='ltr'><strong>licet:</strong></span> 
     </span>
    </p>
   </div>
   <div class='ocr_carea' id='block_1_110' title="bbox 948 2526 1738 2563">
    <p class='ocr_par' dir='ltr' id='par_1_110' title="bbox 948 2526 1738 2563">
     <span class='ocr_line' id='line_1_110' title="bbox 948 2526 1738 2563; baseline -0.001 -7"><span class='ocrx_word' id='word_1_838' title='bbox 948 2535 1009 2563; x_wconf 66' lang='lat' dir='ltr'><strong>qua;</strong></span> <span class='ocrx_word' id='word_1_839' title='bbox 1030 2535 1093 2555; x_wconf 82' lang='lat' dir='ltr'><strong>cum</strong></span> <span class='ocrx_word' id='word_1_840' title='bbox 1110 2526 1145 2555; x_wconf 83' lang='lat' dir='ltr'><strong>de</strong></span> <span class='ocrx_word' id='word_1_841' title='bbox 1164 2527 1269 2554; x_wconf 84' lang='lat' dir='ltr'><strong>Adamo</strong></span> <span class='ocrx_word' id='word_1_842' title='bbox 1287 2527 1449 2562; x_wconf 91' lang='lat' dir='ltr'><strong>loquuntur,</strong></span> <span class='ocrx_word' id='word_1_843' title='bbox 1468 2527 1604 2555; x_wconf 85' lang='lat' dir='ltr'><strong>formandi</strong></span> <span class='ocrx_word' id='word_1_844' title='bbox 1620 2528 1738 2555; x_wconf 82' lang='lat' dir='ltr'><strong>vocabu-</strong></span> 
     </span>
    </p>
   </div>
   <div class='ocr_carea' id='block_1_111' title="bbox 949 2572 1737 2609">
    <p class='ocr_par' dir='ltr' id='par_1_111' title="bbox 949 2572 1737 2609">
     <span class='ocr_line' id='line_1_111' title="bbox 949 2572 1737 2609; baseline -0.001 -8"><span class='ocrx_word' id='word_1_845' title='bbox 949 2574 1004 2601; x_wconf 92' lang='lat' dir='ltr'><strong>lum</strong></span> <span class='ocrx_word' id='word_1_846' title='bbox 1029 2573 1179 2604; x_wconf 87' lang='lat' dir='ltr'><strong>adhibent.</strong></span> <span class='ocrx_word' id='word_1_847' title='bbox 1203 2572 1286 2600; x_wconf 88' lang='lat' dir='ltr'><strong>Evam</strong></span> <span class='ocrx_word' id='word_1_848' title='bbox 1307 2581 1372 2600; x_wconf 90' lang='lat' dir='ltr'><strong>vero</strong></span> <span class='ocrx_word' id='word_1_849' title='bbox 1394 2581 1565 2609; x_wconf 83' lang='lat' dir='ltr'><strong>nequaquam</strong></span> <span class='ocrx_word' id='word_1_850' title='bbox 1583 2573 1737 2605; x_wconf 82' lang='lat' dir='ltr'><strong>formatam,</strong></span> 
     </span>
    </p>
   </div>
   <div class='ocr_carea' id='block_1_112' title="bbox 950 2618 1737 2654">
    <p class='ocr_par' dir='ltr' id='par_1_112' title="bbox 950 2618 1737 2654">
     <span class='ocr_line' id='line_1_112' title="bbox 950 2618 1737 2654; baseline -0.005 -6"><span class='ocrx_word' id='word_1_851' title='bbox 950 2620 998 2648; x_wconf 85' lang='lat' dir='ltr'><strong>sed</strong></span> <span class='ocrx_word' id='word_1_852' title='bbox 1018 2619 1178 2647; x_wconf 50' lang='lat' dir='ltr'><strong>aediﬁcatam</strong></span> <span class='ocrx_word' id='word_1_853' title='bbox 1193 2627 1255 2647; x_wconf 89' lang='lat' dir='ltr'><strong>esse</strong></span> <span class='ocrx_word' id='word_1_854' title='bbox 1268 2619 1363 2646; x_wconf 91' lang='lat' dir='ltr'><strong>dicunt</strong></span> <span class='ocrx_word' id='word_1_855' title='bbox 1379 2629 1385 2646; x_wconf 88' lang='lat'>:</span> <span class='ocrx_word' id='word_1_856' title='bbox 1403 2619 1523 2654; x_wconf 74' lang='lat' dir='ltr'><strong>Sumpsit</strong></span> <span class='ocrx_word' id='word_1_857' title='bbox 1543 2619 1622 2652; x_wconf 80' lang='lat' dir='ltr'><strong>enim,</strong></span> <span class='ocrx_word' id='word_1_858' title='bbox 1640 2618 1737 2652; x_wconf 80' lang='lat' dir='ltr'><strong>inquit,</strong></span> 
     </span>
    </p>
   </div>
   <div class='ocr_carea' id='block_1_113' title="bbox 950 2664 1737 2700">
    <p class='ocr_par' dir='ltr' id='par_1_113' title="bbox 950 2664 1737 2700">
     <span class='ocr_line' id='line_1_113' title="bbox 950 2664 1737 2700; baseline -0.005 -8"><span class='ocrx_word' id='word_1_859' title='bbox 950 2673 1031 2693; x_wconf 76' lang='lat' dir='ltr'><strong>unum</strong></span> <span class='ocrx_word' id='word_1_860' title='bbox 1058 2674 1071 2692; x_wconf 86' lang='lat' dir='ltr'><strong>e</strong></span> <span class='ocrx_word' id='word_1_861' title='bbox 1084 2666 1164 2692; x_wconf 71' lang='lat' dir='ltr'><strong>costis</strong></span> <span class='ocrx_word' id='word_1_862' title='bbox 1179 2666 1263 2697; x_wconf 76' lang='lat' dir='ltr'><strong>illius,</strong></span> <span class='ocrx_word' id='word_1_863' title='bbox 1275 2669 1301 2692; x_wconf 77' lang='lat' dir='ltr'><strong>et</strong></span> <span class='ocrx_word' id='word_1_864' title='bbox 1312 2665 1453 2699; x_wconf 63' lang='lat' dir='ltr'><strong>tradi/{cavit</strong></span> <span class='ocrx_word' id='word_1_865' title='bbox 1465 2665 1516 2700; x_wconf 72' lang='lat' dir='ltr'><strong>ipsi</strong></span> <span class='ocrx_word' id='word_1_866' title='bbox 1529 2665 1555 2691; x_wconf 89' lang='lat' dir='ltr'><strong>in</strong></span> <span class='ocrx_word' id='word_1_867' title='bbox 1570 2664 1705 2690; x_wconf 72' lang='lat' dir='ltr'><strong>mulicrem</strong></span> <span class='ocrx_word' id='word_1_868' title='bbox 1717 2664 1737 2689; x_wconf 80' lang='grc'><strong>⁸.</strong></span> 
     </span>
    </p>
   </div>
   <div class='ocr_carea' id='block_1_114' title="bbox 950 2709 1739 2747">
    <p class='ocr_par' dir='ltr' id='par_1_114' title="bbox 950 2709 1739 2747">
     <span class='ocr_line' id='line_1_114' title="bbox 950 2709 1739 2747; baseline -0.005 -8"><span class='ocrx_word' id='word_1_869' title='bbox 950 2712 1011 2744; x_wconf 80' lang='lat' dir='ltr'><strong>Quo</strong></span> <span class='ocrx_word' id='word_1_870' title='bbox 1028 2711 1095 2739; x_wconf 89' lang='lat' dir='ltr'><strong>illud</strong></span> <span class='ocrx_word' id='word_1_871' title='bbox 1111 2711 1338 2747; x_wconf 81' lang='lat' dir='ltr'><strong>intelligeremus,</strong></span> <span class='ocrx_word' id='word_1_872' title='bbox 1350 2710 1496 2738; x_wconf 91' lang='lat' dir='ltr'><strong>Dominum</strong></span> <span class='ocrx_word' id='word_1_873' title='bbox 1512 2709 1620 2744; x_wconf 79' lang='lat' dir='ltr'><strong>sibiipsi</strong></span> <span class='ocrx_word' id='word_1_874' title='bbox 1637 2716 1739 2743; x_wconf 88' lang='lat' dir='ltr'><strong>corpus</strong></span> 
     </span>
    </p>
   </div>
   <div class='ocr_carea' id='block_1_115' title="bbox 1008 2807 1737 2846">
    <p class='ocr_par' dir='ltr' id='par_1_115' title="bbox 1008 2807 1737 2846">
     <span class='ocr_line' id='line_1_115' title="bbox 1008 2807 1737 2846; baseline -0.003 -6"><span class='ocrx_word' id='word_1_875' title='bbox 1008 2812 1018 2829; x_wconf 72' lang='grc'><strong>⁸</strong></span> <span class='ocrx_word' id='word_1_876' title='bbox 1036 2811 1105 2840; x_wconf 86' lang='lat' dir='ltr'><strong>Gen.</strong></span> <span class='ocrx_word' id='word_1_877' title='bbox 1121 2819 1139 2840; x_wconf 94' lang='lat' dir='ltr'><strong>n</strong></span> <span class='ocrx_word' id='word_1_878' title='bbox 1152 2832 1160 2846; x_wconf 89' lang='lat'><strong>,</strong></span> <span class='ocrx_word' id='word_1_879' title='bbox 1182 2811 1228 2840; x_wconf 68' lang='grc'><strong>24.</strong></span> <span class='ocrx_word' id='word_1_880' title='bbox 1285 2812 1295 2828; x_wconf 79' lang='grc'>³</span> <span class='ocrx_word' id='word_1_881' title='bbox 1311 2810 1412 2845; x_wconf 84' lang='lat' dir='ltr'><strong>Ephes.</strong></span> <span class='ocrx_word' id='word_1_882' title='bbox 1436 2819 1462 2844; x_wconf 76' lang='grc' dir='ltr'><strong>ν,</strong></span> <span class='ocrx_word' id='word_1_883' title='bbox 1481 2811 1525 2839; x_wconf 57' lang='grc' dir='ltr'><strong>οἱ.</strong></span> <span class='ocrx_word' id='word_1_884' title='bbox 1580 2808 1592 2825; x_wconf 79' lang='grc'><strong><em>⁵</em></strong></span> <span class='ocrx_word' id='word_1_885' title='bbox 1609 2807 1678 2837; x_wconf 84' lang='lat' dir='ltr'><strong>Gen.</strong></span> <span class='ocrx_word' id='word_1_886' title='bbox 1697 2815 1737 2843; x_wconf 82' lang='lat' dir='ltr'><strong>It,</strong></span> 
     </span>
    </p>
   </div>
  </div>
