1945 3043
228 163 279 194 731

920 153 950 182 S.
976 152 1149 182 EPlPllANll

1805 146 1876 173 732

227 227 244 247 e
270 218 355 246 Maria
380 217 512 249 ﬁnxisse;
541 213 692 242 Ecclesiam
710 219 776 240 vero
797 219 831 240 ex
852 212 913 247 ipso
927 212 1013 239 latere

1067 211 1097 238 τὰ
1113 210 1250 247 μυστήρια
1270 207 1318 236 τοῦ
1335 207 1458 249 αἳματος,
1470 205 1519 234 καὶ
1537 205 1632 237 ὓδατος
1647 203 1678 231 ἐν
1689 203 1756 240 ἡμῖν
1769 203 1874 239 λύτρα

227 266 302 293 velut
321 264 480 292 tedillcatam
494 262 589 294 fuisse,
605 267 669 290 cum
684 259 744 294 ejus
760 259 832 286 latus
846 261 888 285 est
901 257 1013 292 cuspide

227 311 390 341 sauciatuml
407 309 442 336 ab
456 308 607 342 eodemque
628 306 771 341 sanguinis
791 309 818 332 et
831 312 908 340 aqua:
927 304 961 330 ad
975 303 1014 330 lo—

226 355 327 382 tionem
343 358 465 382 nostram
484 353 646 388 proﬂuxisse
662 352 792 388 mysteria
805 352 825 377 ί.

264 400 323 428 XX.
344 399 403 427 Jam
417 407 481 426 vero
495 398 567 434 quod
580 398 691 425 Mariam
703 397 840 432 Josephus
853 395 1015 432 cognovisse

227 445 339 476 dicitur,
355 453 409 472 non
422 445 456 472 ad
473 452 551 472 usum
567 444 684 479 aliquem
705 443 842 478 corporis,
854 446 937 476 atque
955 441 1014 468 usi-

226 492 288 516 tatae
303 489 510 516 consuetudinis
529 487 670 516 referenda
684 487 736 514 ista
755 487 875 522 cognitio
891 490 943 514 est.
960 485 1014 513 Sed

225 534 287 562 ideo
309 534 446 570 cognovit,
464 532 538 569 quod
553 533 598 560 cui
617 532 749 559 divinitus
772 532 902 558 honorem
920 530 1015 558 haberi

225 579 341 611 viderat,
359 578 482 606 eamdem
502 578 607 605 honore
627 582 790 613 prosecutus
809 576 899 604 fuerit.
922 576 1015 612 Neque

224 625 297 652 enim
314 628 388 652 tanto
414 625 486 652 illam
504 624 648 659 splendore
660 630 692 650 ac
708 623 794 658 gloria
809 622 949 657 praeditam
967 630 1016 658 pu-

225 674 340 704 taverat,
375 671 480 705 1052
510 670 597 697 donec
621 677 638 698 e
668 670 783 697 muliere
807 673 900 696 natum
925 668 1017 696 Domi-

225 723 291 743 num
324 715 529 743 animadvertit.
558 715 636 748 Quod
663 719 752 742 autem
782 715 916 749 scriptum
948 718 1014 747 est,

225 762 372 796 Antequam
390 762 564 794 convenirent,
580 762 682 788 inuenta
695 765 733 788 est
749 761 778 787 in
796 765 869 788 utero
881 760 979 787 habens
991 761 1014 792 ³,

225 807 262 835 ob
280 815 341 835 eam
360 814 472 835 causam
489 807 605 841 jadditur
622 826 629 840 ,
650 815 685 834 ne
710 807 818 834 illorum
837 806 1016 833 invalesceret

227 853 322 889 opinio
344 853 390 888 qui
419 853 618 881 incarnationis
646 852 808 888 mysterium
838 851 1012 878 arbitrantur

1063 255 1201 292 γενέσθαι,

1099 388 1141 415 κ’.
1157 387 1226 414 Ἀλλ’
1239 387 1313 422 ὅμως
1328 385 1398 420 ἔγνω
1411 384 1459 421 τήν
1468 383 1579 420 Μαρίαν
1592 383 1606 409 ό
1617 382 1728 418 Ἰωσὴφ,
1740 381 1772 408 οὗ
1785 381 1873 409 κατὰ

1063 433 1164 468 γνῶσίν
1181 441 1242 459 τινα
1267 431 1407 467 χρήσεως,
1434 430 1465 456 οὑ
1490 429 1561 456 κατὰ
1578 427 1678 463 γνῶσιν
1700 427 1870 458 κοινωνίας,

1071 479 1139 505 Ἀλλ’
1157 477 1227 512 ἔγνω
1242 476 1336 511 αὐτὴν,
1352 475 1440 511 τιμῶν
1456 474 1505 509 τὴν
1527 474 1558 500 ὲκ
1575 471 1642 499 Θεοῦ
1658 471 1870 507 τετιμημένην-

1065 524 1102 550 οὺ
1114 523 1167 558 γὰρ
1180 522 1239 558 ᾔδει
1251 521 1336 557 αὐτὴν
1347 519 1474 556 τοιαύτης
1487 518 1565 554 δόξης
1578 515 1669 548 οὖσαν,
1682 517 1735 548 ἕως
1746 517 1794 542 ὅτε
1806 513 1869 542 εἶδε

1065 569 1167 604 Κύριον
1187 569 1219 594 ὲκ
1232 566 1361 601 γυναικὸς
1383 564 1591 600 γεγεννημένον.
1616 561 1672 589 Καὶ
1689 561 1729 593 τὸ,
1744 561 1827 594 Πρὶν
1844 560 1867 594 ἢ

1064 612 1226 641 συνελθεῖν
1241 611 1362 644 αὐτοὺς,
1379 610 1485 643 εὑρέθη
1498 609 1533 635 ἐν
1546 607 1652 643 γαστρὶ
1668 607 1799 640 ἔχουσα,
1817 605 1869 631 ἵνα.

1067 660 1103 696 μή
1118 667 1182 685 ποτε
1198 658 1323 693 κρατήσῃ
1339 657 1353 683 ὁ
1364 656 1442 690 λόγος
1455 654 1508 681 τῶν
1523 652 1697 689 νομιζόντων,
1710 652 1742 678 ἑκ
1760 660 1870 677 κοινω-

1065 704 1121 736 νίας
1137 703 1232 739 ἀνδρὸς
1246 701 1315 729 εἶναι
1329 700 1361 728 τὸ
1370 700 1416 727 τοῦ
1425 699 1491 726 Θεοῦ
1504 697 1681 733 οίκονομηθὲν
1695 696 1866 732 μυστήριον.

1067 750 1164 784 Ἔλεγε
1187 749 1258 784 γὰρ,
1285 748 1353 783 Πρὶν
1369 747 1386 782 ἢ
1418 745 1497 772 τοῦτο
1523 743 1660 778 γενέσθαι,
1687 743 1756 778 ὅπερ
1773 750 1869 777 προσ-ο

1065 796 1176 823 εδοκᾶτο
1187 803 1194 810 ·
1216 795 1246 821 οὐ
1262 794 1358 829 γέγονε
1372 792 1400 819 δὲ
1413 791 1494 818 τοῦτο
1505 790 1536 817 τὸ
1551 790 1677 826 πρᾶγμα.
1691 789 1723 814 Ei
1736 788 1794 824 γὰρ
1812 786 1868 814 καὶ

1066 841 1248 878 προσεδοκᾶτο
1273 841 1290 875 ἡ
1306 838 1443 874 Παρθένος
1466 836 1506 872 τῷ
1525 835 1624 871 Ἰωσὴφ
1648 835 1688 867 εις
1707 835 1869 868 συνάφειαν

225 879 297 926 virili
312 879 396 933 opera
412 898 622 933 interventuque
634 879 794 932 perfectum.
814 896 871 924 Hoc
885 897 958 924 enim
975 896 1012 924 di-

1067 887 1115 923 [ὡς
1127 887 1187 913 οὐδὲ
1200 885 1341 920 ἐπεδέχετο
1352 884 1396 910 διὰ
1406 884 1436 910 τδ
1449 881 1600 918 γηραλέον)
1618 901 1625 914 ,
1641 881 1716 916 ὅμως
1731 879 1866 916 προλαμ-

225 946 263 972 cit
275 945 441 979 :Anlequam
449 944 525 971 ﬂeret
532 944 615 976 istud,
624 944 696 979 quod
707 943 828 971 futurum
839 942 1015 977 exspectaba-

226 994 282 1022 tur,
304 990 413 1017 tametsi
439 997 579 1024 nunquam
604 988 749 1016 exstiterit.
777 988 811 1016 Ut
825 988 896 1015 enim
913 987 1009 1015 demus

227 1035 294 1062 illud
308 1044 314 1062 :
330 1034 476 1069 .loscphum
490 1034 641 1061 maritalem
652 1041 712 1061 cum
729 1033 836 1068 Virgine
851 1033 1006 1068 copulatio-

227 1088 286 1108 nem
294 1087 418 1114 sperasse
425 1079 507 1115 (quod
517 1079 624 1113 quidem
635 1086 683 1114 pro
691 1078 785 1105 all‘ecta
792 1079 847 1112 jam
857 1079 1015 1115 illiusmtate

228 1127 286 1154 lieri
310 1126 422 1153 minime
442 1126 572 1160 poterat),
600 1129 691 1152 tamen
716 1123 859 1159 Scriptura
874 1124 932 1159 ipsa
946 1131 1015 1158 pree-

227 1173 332 1199 munire
343 1180 403 1202 nos,
420 1175 447 1198 et
463 1171 619 1203 admouere,
641 1177 673 1196 ac
688 1169 826 1198 cautiores
846 1169 952 1196 eilice're
971 1176 1015 1196 vo-

227 1219 286 1246 luit.
311 1217 453 1253 Siquidem
466 1216 508 1244 vel
522 1216 573 1242 hoc
590 1216 692 1250 ipsum,
709 1215 782 1250 quod
798 1218 864 1241 tunc
882 1214 1015 1249 temporis

227 1265 368 1300 agebatur,
380 1263 500 1296 divinus,
515 1262 640 1296 inquam,
657 1261 702 1288 ille
718 1265 813 1296 partus
828 1260 935 1288 abunde
951 1267 1014 1295 per-

227 1309 344 1337 suadere
374 1310 484 1342 potest,
516 1305 719 1333 sanctissimam
749 1304 888 1340 Virginem
913 1305 1015 1332 nullius

228 1359 323 1390 postea
343 1354 393 1381 viri
411 1352 638 1380 consuetudinem
654 1351 800 1379 admisisse
816 1360 822 1377 :
841 1351 1017 1386 quemadmo-

227 1397 292 1425 dum
309 1396 421 1432 angelus
441 1393 560 1429 Joscpbo
583 1394 617 1421 de
639 1393 724 1425 illius,
740 1401 822 1428 quam
838 1395 930 1420 animo
945 1400 1014 1420 con-

228 1447 346 1478 ceperat,
358 1440 494 1478 opinionis
512 1439 629 1468 falsitate
654 1439 799 1474 persuasit.
813 1438 879 1466 Nam
892 1439 1015 1474 superio-

235 1490 313 1518 ribus
342 1489 418 1516 hisce
447 1488 558 1520 verbis,
583 1491 724 1521 antequam
743 1486 923 1518 convenirent,
952 1484 1014 1520 qui-

229 1536 280 1563 bus
303 1542 348 1562 res
371 1534 400 1561 in
421 1532 626 1568 exspectatione
642 1530 743 1566 posita,
771 1537 827 1559 non
851 1532 938 1564 gesta,
963 1529 1012 1556 de-

1065 933 1140 960 σάνει
1153 934 1170 968 ἡ
1194 931 1300 967 Γραφὴ,
1318 930 1365 957 καὶ
1384 930 1451 965 ἡμῖν
1473 928 1645 959 ὑποτίθεται,
1663 927 1711 953 καὶ
1734 926 1785 961 τὴν
1800 926 1865 952 διά-

1063 985 1138 1004 νοιαν
1152 975 1377 1010 ὲπασφαλίζεται,
1392 973 1511 1008 δυνατῆς
1525 971 1608 1008 οὔσης
1623 971 1674 1007 τῆς
1689 971 1866 1002 ὑποθέσεως,

1063 1023 1135 1049 κατὰ
1151 1022 1197 1049 τὸν
1219 1021 1291 1048 θεῖον
1305 1020 1394 1052 τόκον,
1412 1021 1505 1046 πεῖσαι
1526 1018 1624 1054 μηκέτι
1641 1017 1762 1052 ἐγγίζειν
1780 1017 1867 1052 ἀνδρὶ

1065 1068 1133 1103 πρὸς
1147 1068 1295 1102 συνάφειαν
1310 1068 1343 1102 τῇ
1360 1065 1491 1102 Παρθένῳ
1501 1072 1508 1079 ·
1530 1065 1568 1096 ὡς
1582 1064 1629 1091 καὶ
1649 1065 1663 1090 ὁ
1681 1063 1797 1098 ἄγγελος
1813 1064 1867 1090 τὸν

1070 1114 1168 1149 Ἰωσὴφ
1186 1113 1276 1139 ἔπεισε
1297 1112 1333 1147 μὴ
1351 1109 1419 1138 εἶναι
1439 1111 1488 1146 τὴν
1504 1110 1642 1139 ὑπόνοιαν.
1668 1110 1757 1146 ἥνπερ
1774 1109 1866 1142 αὐτὸς

1064 1159 1198 1194 ἐνόμιζεν.
1214 1159 1326 1193 Ὅμοιον
1336 1158 1390 1193 γὰρ
1402 1156 1441 1192 τῷ
1452 1156 1643 1192 προρρηθέντι,
1662 1157 1736 1190 Πρὶν
1748 1156 1767 1189 ἢ
1780 1164 1862 1182 συν-

1063 1205 1163 1232 ελθεῖν
1176 1203 1297 1237 αὐτοὺς,
1311 1203 1348 1234 ὡς
1360 1202 1594 1238 προσδοκωμένου,
1609 1202 1640 1228 οὺ
1653 1201 1803 1236 γενομένου
1817 1201 1860 1234 δὲ,

1063 1251 1104 1285 τὺ,
1121 1251 1238 1285 Δίκαιος
1252 1249 1296 1276 ὢν
1310 1248 1403 1282 ἐζήτει
1411 1247 1453 1283 μὴ
1465 1247 1731 1281 παραδειγματίσαι
1745 1246 1860 1280 αὐτὴν,

1064 1296 1145 1324 ἀλλὰ
1158 1295 1254 1329 λάθρα
1266 1293 1419 1321 ἀπολῦσαι
1434 1292 1541 1326 αὐτὴν,
1555 1292 1594 1323 ὡς
1606 1291 1708 1326 φαύλου
1725 1291 1775 1326 μὲν
1788 1299 1863 1325 γινο-

1066 1342 1148 1378 μένου
1161 1341 1215 1368 dum
1228 1339 1274 1367 τοῦ
1287 1339 1536 1375 παραδειγματίσαι
1550 1338 1646 1373 αὐτὴν,
1663 1337 1693 1363 οὐ
1709 1337 1862 1372 γενομένου

1064 1387 1093 1415 δέ
1106 1397 1112 1403 ·
1125 1387 1163 1418 ὡς
1177 1387 1191 1413 ὸ
1202 1385 1318 1420 ἅγγελος
1333 1385 1455 1412 διδάσκει
1471 1384 1559 1418 λέγων
1571 1391 1578 1399 ·
1590 1382 1639 1417 Μὴ
1650 1381 1786 1417 φοϐηθῇς
1800 1390 1861 1409 πα-

1061 1432 1206 1467 ραλαϐεῖν
1227 1430 1344 1465 Μαριὰμ
1361 1429 1419 1464 τὴν
1437 1427 1563 1464 γυναῖκά
1580 1436 1651 1460 σου,
1670 1427 1720 1463 τὴν
1743 1427 1861 1463 μηδέπω

1064 1477 1224 1514 γενομένην,
1233 1477 1279 1504 καὶ
1292 1478 1321 1503 ὲν
1329 1475 1442 1510 ὑπονοίᾳ
1448 1474 1605 1509 σφάλματος
1616 1473 1692 1509 παρὰ
1703 1473 1743 1500 σοί
1753 1474 1829 1500 ἑστιν
1836 1473 1859 1506 ⁵,

1065 1524 1123 1552 ἀλλ’
1139 1523 1199 1550 οὐδὲ
1212 1522 1299 1554 οὕτως
1315 1521 1382 1557 οὔσῃ
1393 1541 1401 1554 ,
1417 1520 1456 1552 ὡς
1485 1519 1551 1553 οἴει,
1567 1520 1615 1546 καὶ
1632 1519 1667 1546 τὰ
1682 1519 1755 1553 ἑξῆς.
1769 1519 1860 1551 Εὐθὺς

228 1582 360 1613 olaratur,
375 1560 545 1608 similliinum
560 1582 602 1606 est
617 1560 692 1612 quod
704 1575 830 1610 sequitur
843 1584 850 1602 :
867 1573 934 1602 Cum
946 1579 1014 1602 esset

1067 1571 1119 1606 γὰρ
1142 1568 1296 1600 ἀκολούθως
1316 1568 1408 1602 λέγει’
1434 1567 1469 1594 Τὸ
1492 1566 1546 1601 γὰρ
1561 1565 1705 1600 γεννηθὲν
1718 1566 1753 1592 ὲν
1767 1565 1857 1600 αὐτῇ,

228 1627 325 1659 iustus,
338 1610 421 1652 noluit
434 1624 508 1651 illam
518 1610 665 1654 traducere,
681 1621 725 1648 sed
740 1620 840 1647 acculle
863 1619 1012 1647 dimittere:

1067 1615 1102 1647 ὡς
1125 1615 1176 1651 ήδη
1193 1613 1402 1649 γεγεννημένου.
1435 1612 1520 1639 Πάλιν
1536 1611 1565 1638 δὲ
1587 1611 1629 1643 τὸ,
1647 1610 1766 1643 Τέξεται
1778 1611 1860 1644 υἱὸν,

229 1655 307 1706 quasi
319 1655 420 1696 'maius
434 1669 490 1704 jam
504 1668 539 1695 ob
558 1666 758 1694 traductionem
769 1665 842 1692 illam
856 1668 939 1696 esset,
951 1671 1014 1692 cum

1067 1662 1102 1693 ὡς
1115 1661 1161 1687 ἐπὶ
1174 1659 1324 1696 μέλλοντος.
1339 1658 1432 1689 Οὕτως
1442 1657 1496 1693 γὰρ
1506 1655 1554 1693 ἦν·
1570 1657 1614 1684 διὰ
1625 1656 1653 1683 δὲ
1671 1657 1702 1683 τὸ
1717 1656 1860 1683 πεπιστῶ-

228 1702 284 1743 non
295 1714 377 1742 fuerit
391 1702 492 1741 tamen.
518 1711 637 1740 Perinde
656 1715 739 1746 atque
758 1709 872 1744 angelus
885 1708 965 1736 docet
980 1708 1015 1736 iis

1067 1708 1138 1737 σθαι.
1146 1708 1163 1743 ἡ
1173 1704 1400 1742 προαναφώνησις
1409 1712 1415 1719 ·
1424 1703 1462 1735 ὡς
1470 1704 1517 1730 καὶ
1526 1703 1567 1735 τὸ,
1576 1703 1649 1737 Πρὶν
1656 1703 1674 1738 ἦ
1683 1702 1858 1730 συνελθεῖν·

229 1760 318 1788 verbis
340 1767 348 1787 :
378 1757 442 1785 Noti
470 1759 560 1785 timere
588 1757 706 1790 accipere
737 1754 854 1782 Mariam
879 1754 1015 1789 canjugem

1067 1753 1239 1789 ἀρκούμενοι,
1266 1752 1308 1778 ὅτι
1331 1751 1384 1777 οὐδ’
1411 1749 1479 1781 ὅλως
1507 1749 1662 1784 γεγένηται.
1688 1749 1764 1782 Ἕως
1787 1748 1859 1776 ὅτου

229 1810 312 1838 tuam,
326 1812 387 1840 quae
402 1804 524 1832 nondum
544 1802 645 1837 coujux
663 1805 737 1830 esset
751 1810 759 1833 ;
775 1808 856 1835 quam
870 1805 898 1827 tu
912 1799 1015 1827 violata:

1067 1799 1149 1826 ἔτεκε
1160 1798 1215 1825 τὸν
1231 1797 1300 1824 υἱὸν
1308 1795 1403 1831 αὐτῆς
1411 1795 1467 1823 τὸν
1485 1794 1682 1829 πρωτότοκον,
1696 1797 1754 1827 τοῖς
1767 1795 1859 1828 αὐτοῖς

229 1839 369 1885 pudicitiae
388 1852 544 1883 suspectam
563 1847 657 1879 habes.
676 1847 741 1874 licet
760 1847 823 1874 talis
842 1846 953 1873 minime
968 1846 1014 1879 sit,

1067 1845 1138 1871 tta-rw
1151 1842 1368 1879 ἑρμηνευόμενον
1387 1841 1432 1868 διὰ
1452 1841 1483 1868 τὸ
1498 1839 1655 1876 θαυμαστὸν
1668 1840 1717 1875 τῆς
1733 1840 1798 1876 περὶ
1809 1841 1859 1877 τὴν

229 1895 336 1929 qualem
359 1893 512 1924 arbitraris,
535 1897 588 1921 etc.
626 1891 695 1919 Nam
723 1890 838 1920 subinde
865 1891 893 1919 in
920 1898 1015 1919 conse-

1067 1889 1203 1925 Παρθένον
1218 1887 1346 1923 γνώσεως
1367 1887 1435 1922 πρὸς
1449 1887 1516 1914 Θεὸν
1531 1886 1727 1922 τετιμημένης.

230 1940 375 1975 quentibus
391 1938 488 1967 addit:
508 1938 584 1972 Quod
597 1938 666 1966 enim
694 1942 786 1966 uotum
809 1941 848 1965 est
875 1938 902 1964 in
930 1937 1005 1971 ipsa,
1034 1937 1111 1972 quasi
1139 1935 1196 1971 jam
1218 1939 1291 1962 esset
1314 1938 1418 1961 natum.
1445 1932 1514 1960 Illud
1535 1941 1620 1966 vero,
1644 1932 1736 1960 Pariet
1759 1933 1856 1967 ﬁlium,

231 1985 265 2013 ad
287 1984 407 2012 futurum
423 1987 530 2018 tempus
547 1983 674 2011 refertur.
699 1982 737 2010 Ita
753 1982 826 2010 enim
849 1989 880 2010 se
907 1990 951 2010 res
971 1982 1109 2015 habebat;
1137 1980 1186 2009 sed
1211 1979 1246 2007 ad
1269 1978 1349 2006 ﬁdem
1371 1978 1562 2006 stabiliendam
1583 1978 1660 2013 prius
1684 1978 1730 2005 illa
1753 1977 1858 2005 denun-

231 2030 308 2057 tiatio
333 2028 404 2056 facta
427 2033 491 2056 est:
523 2028 676 2063 cuiusmodi
702 2032 729 2056 ct
757 2028 803 2055 illa
831 2028 912 2056 verba
939 2032 1025 2055 sunt:
1057 2027 1220 2061 Priusquam
1239 2025 1416 2053 convenirent.
1444 2023 1496 2052 Ubi
1519 2023 1644 2051 sullicere
1663 2023 1743 2051 nobis
1766 2023 1855 2056 debet,

231 2082 369 2109 nunquam
384 2073 457 2103 ἰδιυά
473 2073 585 2102 omnino
599 2081 660 2101 esse
684 2073 806 2100 factum:
836 2073 922 2100 Donec
942 2073 1042 2107 peperit
1075 2070 1164 2103 ﬁlium
1182 2078 1260 2098 suum
1285 2069 1488 2105 primogenitum
1509 2075 1518 2095 :
1543 2067 1615 2103 quod
1640 2067 1765 2095 eumdem
1797 2075 1856 2096 sen-

231 2127 292 2149 sum
316 2120 407 2153 habet,
432 2124 459 2148 et
482 2119 517 2147 ad
533 2119 721 2148 admirabilem
745 2119 779 2147 de
801 2118 913 2155 Virgine
941 2118 1125 2154 cognitionem
1151 2117 1278 2150 refertur,
1309 2116 1354 2144 cui
1387 2122 1511 2144 summus
1538 2114 1626 2142 honor
1643 2121 1660 2141 a
1681 2113 1737 2141 Deo
1756 2114 1856 2142 tribue-

231 2171 317 2194 retur.

265 2212 336 2240 XXI.
362 2211 463 2240 Verum
481 2219 516 2240 ne
529 2211 592 2247 quis
608 2219 642 2239 ex
659 2220 692 2240 eo
706 2211 781 2247 quod
804 2212 938 2246 scriptum
961 2214 1014 2244 est,

1101 2208 1167 2235 KA'.
1193 2207 1239 2242 Μὴ
1263 2206 1360 2242 νομίσῃ
1375 2205 1404 2232 δέ
1417 2214 1460 2237 τις
1477 2206 1510 2232 ὲκ
1527 2205 1574 2232 τοῦ
1597 2205 1701 2240 λέγειν,
1724 2206 1784 2240 Πρὸ
1804 2206 1856 2234 τοῦ

231 2259 377 2292 Antequam
393 2257 569 2290 convenirent,
587 2258 748 2285 convenisse
759 2257 933 2292 postmodum
948 2255 1018 2283 arbi-

232 2309 329 2338 tretur,
338 2304 405 2331 nihil
412 2303 547 2338 ejusmodi
555 2303 742 2330 demonstrare
750 2303 791 2330 vel
798 2301 938 2329 declarare
945 2301 1019 2336 quis-

231 2352 304 2385 piam
319 2354 422 2384 potest;
434 2349 480 2376 sed
493 2352 522 2376 ut
530 2348 599 2376 labis
614 2348 705 2376 omnis
712 2346 1018 2382 expertem,etmaeul:e

234 2395 383 2423 Salvatoris
395 2395 481 2423 nostri
492 2399 599 2429 partum
612 2394 768 2422 ostenderet
780 2393 932 2428 Scriptura,
950 2392 1017 2420 illud

233 2441 359 2469 asseruit.
391 2441 572 2473 Quamobrem
596 2441 655 2468 istae
681 2447 783 2471 voces,
802 2438 865 2466 Non
895 2439 1015 2474 cognouit

233 2494 303 2519 eam,
332 2476 366 2513 ad
393 2486 467 2514 illius
493 2486 607 2521 gloriam
638 2488 774 2521 spectant.
799 2483 1018 2519 Primogenitum

233 2540 300 2560 vero
327 2533 460 2565 nominat,
487 2539 520 2560 eo
540 2532 613 2567 quod
638 2536 701 2559 ante
724 2534 831 2558 creatas
856 2537 900 2557 res
922 2537 1019 2557 omnes

234 2577 342 2612 genitus
363 2581 414 2609 est,
430 2580 457 2604 et
472 2581 500 2604 ut
514 2576 552 2604 ait
568 2575 714 2611 Apostolus
739 2583 745 2601 :
774 2574 970 2609 Primogem’tus
990 2574 1018 2600 in

235 2623 325 2650 multis
344 2622 473 2658 fratribus
489 2623 499 2638 ⁵
515 2631 522 2650 :
539 2629 594 2650 non
613 2625 736 2656 respectu
761 2620 793 2647 ad
806 2619 904 2648 Maria:
918 2619 1019 2649 liberos

235 2668 337 2702 habito,
351 2669 431 2704 quasi
444 2669 514 2697 alios
526 2668 570 2697 illa
583 2667 733 2702 pepererit;
747 2666 794 2695 sed
804 2665 839 2694 ad
852 2673 900 2694 eos
910 2673 1017 2696 omnes.

234 2714 282 2749 qui
311 2714 483 2749 adoptionem
499 2713 573 2743 illius
593 2712 698 2747 1053
716 2711 847 2740 beneﬁcio
871 2710 1017 2740 consecuti

237 2763 322 2792 sunt,
342 2768 404 2787 cum
422 2760 514 2788 Maria:
535 2759 606 2787 ﬁlius
631 2759 780 2787 secundum
798 2765 907 2786 carnem
923 2765 1019 2785 revera

1070 2252 1230 2281 συνελθεῖν
1247 2251 1367 2285 αὐτοὺς,
1387 2252 1428 2278 ὅτι
1452 2252 1599 2287 μετέπειτα
1624 2252 1763 2287 συνῆλθον.
1789 2253 1854 2280 Οὔτε

1069 2299 1124 2334 γὰρ
1137 2299 1192 2334 ἔχει
1207 2307 1248 2330 τις
1262 2298 1357 2331 δεῖξαι,
1367 2298 1384 2333 ἢ
1402 2299 1521 2333 σημᾶναι
1532 2306 1538 2313 ·
1554 2297 1611 2324 ἀλλ’
1622 2297 1666 2324 ἴνα
1677 2298 1751 2334 δείξῃ
1759 2299 1855 2334 ἄχραν-

1069 2354 1115 2372 τον
1134 2345 1183 2380 τὴν
1204 2344 1302 2380 κύησιν
1331 2343 1378 2370 τοῦ
1395 2344 1530 2379 Σωτῆρος,
1551 2342 1630 2370 τοῦτο
1646 2344 1662 2378 ή
1680 2343 1774 2378 Γραφὴ
1795 2344 1853 2370 ἐσε-

1070 2389 1215 2417 ϐαιώσατο.
1243 2389 1280 2416 Τὺ
1292 2386 1350 2421 οὖν,
1361 2389 1422 2416 οὐκ
1437 2389 1513 2424 ἔγνω
1528 2388 1634 2422 αὐτὴν,
1647 2388 1690 2415 διὰ
1705 2388 1754 2424 τὴν
1769 2389 1853 2422 δόξαν

1069 2436 1100 2463 τὸ
1117 2436 1147 2462 δὲ
1167 2435 1349 2471 πρωτότοκον,
1372 2435 1466 2471 ἐπειδὴ
1483 2435 1654 2472 πρωτότοκός
1668 2436 1736 2467 ἐστι,
1763 2436 1852 2472 πρὶνῆ

1067 2481 1117 2513 τὰς
1130 2481 1232 2513 κτίσεις
1246 2479 1324 2513 εἶναι,
1334 2480 1382 2507 καὶ
1395 2481 1581 2514 πρωτότοκος
1592 2480 1626 2507 ἐν
1636 2480 1764 2513 πολλοῖς
1771 2480 1854 2508 ἀδελ-

1068 2526 1144 2562 φοῖς,
1171 2527 1243 2554 κατὰ
1258 2527 1303 2554 τὸν
1324 2526 1493 2559 ’Δπόστολον,
1510 2526 1541 2553 οὺ
1558 2526 1628 2553 κατὰ
1643 2526 1689 2552 τὸν
1701 2527 1710 2542 ⁵
1727 2526 1780 2553 ἀπὸ
1796 2527 1852 2553 Μει-

1072 2572 1142 2607 ρίας,
1163 2573 1201 2605 ὡς
1224 2573 1311 2603 ἄλλων
1329 2572 1395 2601 υἱῶν
1412 2573 1460 2600 ἀπ’
1481 2573 1566 2608 αὐτῆς
1578 2572 1673 2605 ὄντων,
1686 2572 1742 2599 ἀλλ’
1765 2574 1793 2599 ὲν
1802 2573 1852 2603 τοῖς

1070 2617 1260 2650 καταξιωθείσι
1274 2617 1366 2644 λαϐεῖν
1380 2617 1413 2644 δι’
1424 2616 1505 2644 αὑτοῦ
1520 2616 1569 2652 τὴν
1585 2616 1730 2649 υἱοθεσίαν,
1745 2617 1788 2643 ὅτε
1800 2617 1850 2647 υίὸς

1069 2665 1155 2700 αὐτῆς
1171 2664 1280 2699 γέγονεν
1299 2663 1407 2700 ἀληθῶς
1426 2664 1496 2691 κατὰ
1512 2664 1612 2700 σάρκα,
1629 2664 1673 2690 ἵνα
1691 2664 1728 2699 μὴ
1751 2663 1850 2698 δόκησις

1070 2709 1249 2745 ὑποληφθείη.
1271 2709 1352 2736 Ἀλλὰ
1372 2709 1419 2736 καὶ
1439 2709 1622 2745 πρωτότοκος,
1641 2709 1689 2736 καὶ
1701 2708 1760 2740 υίὸς
1773 2707 1850 2743 αὐτῆς

1071 2755 1119 2790 τῆς
1131 2755 1281 2791 Παρθένου.
1293 2755 1324 2782 οὺ
1334 2755 1379 2783 διὰ
1387 2755 1418 2782 τὸ
1428 2756 1513 2791 αὐτὴν
1524 2755 1620 2787 ἄλλους
1633 2756 1718 2787 υἱοὺς,
1731 2754 1768 2786 ὡς
1779 2754 1849 2789 ἔφην,

273 2815 283 2832 ⁸
298 2815 376 2845 Joan.
390 2825 446 2851 xix,
462 2817 507 2847 3i.
543 2818 552 2833 '
565 2815 659 2847 Matth.
677 2815 741 2846 1,13
756 2823 817 2851 sqq.
847 2814 857 2833 ³
877 2814 956 2843 Rom.
977 2821 1014 2842 vn

1067 2813 1100 2842 ιε).
1138 2813 1149 2829 ⁸
1161 2813 1190 2840 F.
1215 2810 1309 2848 οὖσαν,
1329 2817 1359 2842 ut
1378 2817 1405 2842 et
1421 2817 1516 2850 postea
1532 2821 1582 2849 pro
1595 2813 1673 2850 οὔσῃ.
1711 2813 1722 2829 ⁸
1740 2812 1770 2840 F.
1788 2814 1847 2842 κατὰ
1875 2798 1878 2805 1

237 2852 301 2878 τῶν.
