1945 3043
81 160 144 188 ’155

399 161 584 191 ADVERSUS
603 163 775 193 HERESES
791 163 855 193 LIB.
873 164 915 193 Ill.
930 164 1013 195 ’I'OM.
1034 166 1111 195 II.—
1132 167 1270 195 IIASRES.
1293 167 1435 196 LXXVIII.

1669 171 1722 199 754

79 221 174 256 ἔχειν.
204 221 317 257 Ὅμοιον
333 221 387 258 γάρ
405 223 463 249 ἐστι
476 223 555 250 τοῦτο
578 223 618 259 τῷ
642 225 742 261 πρώτῳ
759 227 813 262 πρὸ
833 227 883 262 τῆς

938 227 1009 261 fuit,
1028 236 1062 256 ne
1079 229 1245 257 adumbrata
1267 230 1356 256 solum
1378 229 1483 264 species
1501 236 1562 257 esse
1575 228 1723 264 videretur.

81 267 230 302 ἑνδημὶας.
245 268 276 294 '0
288 267 343 303 γὰρ
357 268 533 304 Πρωτότοκος
545 269 583 296 ὥν
593 270 700 306 ἀληθῶς
712 271 818 307 Ῑίατρδς
829 271 885 298 ἄνω

80 313 143 349 πρὸ
159 311 249 348 πάσης
264 313 391 346 κτίσεως,
413 314 463 341 οὐκ
479 315 534 341 ἀπὸ
548 315 595 342 τοῦ
612 316 709 349 ἄλλους
728 318 786 352 μετ’
804 317 886 344 αὑτὸν

80 359 119 384 ἐκ
136 358 246 393 Πατρδς
261 359 442 395 γεγεννῆσθαι
463 360 572 396 λέγεται
587 362 773 398 πρωτότοκος·
787 364 818 390 οὺ
831 363 886 400 γάρ

81 405 165 431 ἔστιν
179 405 253 441 αὐτῷ
267 405 381 440 ἀδελφὸς
396 407 532 443 δεύτερος,
549 408 617 435 διότι
634 410 792 445 μονογενής.
807 409 885 436 υῦτω

81 451 136 478 καὶ
151 451 198 477 ἐπὶ
212 451 261 486 τῆς
273 451 407 487 ὲνσάρκου
424 454 575 489 παρουσίας
588 455 632 482 ἀεὶ
647 455 694 482 καὶ
709 456 883 492 πρωτότοκός

81 496 149 523 ἐστι
164 497 274 532 Μαρίας
287 505 293 512 ·
313 497 382 524 ἀλλὰ
394 499 541 535 μονογενὴς
556 502 588 536 τῇ
603 501 698 538 Μαρίᾳ
713 501 829 536 πέφυκε,
848 502 885 538 μὴ

83 540 161 577 ἔχων
174 541 301 578 δεύτερον
313 542 426 577 ἀδελφὸν
440 544 487 571 ἀπ’
499 545 594 581 αὐτῆς.
614 546 669 572 Καὶ
688 547 846 574 παύσωνται
860 547 885 573 οἱ

83 586 151 612 καθ’
161 587 266 613 ἑαυτῶν
285 588 508 624 μεμηχανημένοι
521 589 556 617 τὰ
570 590 689 627 βλαϐερὰ
701 592 802 627 μᾶλλον
812 592 885 628 ἤπερ

84 632 123 660 τὰ
136 633 206 668 πρὸς
215 633 364 668 ὠφέλειαν·
381 635 419 671 μὴ
436 637 598 672 παρακαλῶ.
625 637 654 663 '0
670 638 758 673 τιμῶν
771 638 884 674 Κύριον,

83 680 158 715 τιμᾷ
169 680 216 707 καὶ
226 679 304 714 ἆγιον
314 689 320 695 ·
339 681 353 707 ό
362 681 390 708 δὲ
400 681 542 717 ἀτιμάζων
552 682 628 716 ἅγιον
638 683 767 718 ἀτιμάζει
778 684 825 710 καὶ
839 683 885 710 τὸν

85 725 187 752 ἑαυτοῦ
213 726 362 762 Δεσπότην.
381 727 471 754 Ἔστω
490 728 583 763 Μαρία
603 729 668 764 παρ’
687 729 770 764 ἑαυτῇ
787 729 803 764 ὴ
820 729 886 764 ἁγία

87 770 239 806 Παρθένος,
254 771 284 798 τὸ
299 771 376 806 ἂγιον
390 772 495 805 σκεῦος.
517 773 610 800 Ταῦτα
622 774 677 810 γὰρ
689 774 724 801 τὰ
739 775 808 810 πρὸς
820 775 885 810 βλά-

86 815 142 851 σην
156 817 231 853 ἡμᾶς
243 817 293 844 οὐκ
316 818 433 853 ὠφελεῖ·
458 819 532 854 ἡμᾶς
546 819 575 846 δὲ
590 820 632 846 δεῖ
647 820 809 857 σεμνότερον
824 821 884 847 δια-

86 862 221 894 νοεῖσθαι,
240 862 284 889 ἵνα
300 862 337 898 μὴ
347 863 510 899 ὑψαυχενίαν
523 865 699 901 κτησώμεθα,
709 866 726 901 ἢ
738 866 883 901 διχόνοιαν,

937 272 1023 308 Igitur
1038 273 1240 309 primogenitus
1255 282 1286 302 ac
1303 273 1425 310 Virginis
1442 275 1529 310 ipsius
1549 274 1621 303 illius
1637 276 1726 310 appel-

936 319 1018 350 latur,
1040 327 1093 346 non
1109 319 1182 354 quod
1206 319 1286 352 alios,
1309 320 1349 346 uti
1373 320 1439 353 dixi,
1462 320 1563 347 liberos
1576 322 1723 356 pepererit.

937 363 1044 391 Etenim
1062 369 1105 392 est
1123 365 1252 399 quiddam
1273 365 1300 391 in
1315 372 1348 392 eo
1364 373 1462 401 genere
1485 365 1510 392 ei
1531 366 1630 399 simile,
1651 365 1725 400 quod

937 410 1154 438 incarnationem
1184 411 1342 438 antecessit.
1371 409 1439 437 Nam
1463 414 1493 438 ut
1523 410 1724 447 Primogenitus

937 462 1033 482 revera
1057 454 1148 483 Patris
1162 459 1224 482 ante
1237 459 1392 482 creaturam
1411 463 1517 482 omnem
1533 456 1674 483 exstitisse
1687 455 1726 483 di-

936 501 1031 532 citur:
1055 508 1143 537 tneque
1166 504 1257 528 tamen
1277 501 1349 534 ideo,
1369 501 1442 535 quod
1462 501 1508 528 alii
1529 504 1590 536 post
1604 501 1693 535 ipsum
1709 507 1725 527 a

936 546 1018 574 Patre
1032 547 1116 582 geniti
1134 546 1199 578 sint,
1220 547 1420 581 primogenitus
1435 550 1566 573 vocatur:
1581 553 1637 572 non
1652 545 1725 573 enim

936 589 1049 618 fratrem
1066 590 1182 618 alterum
1196 590 1301 622 habuit,
1321 590 1423 625 quippe
1438 589 1484 624 qui
1500 590 1536 617 sit
1550 589 1721 625 unigenitus.

936 636 974 663 ita
990 640 1018 664 et
1032 639 1162 670 suscepto
1183 643 1298 670 corpore
1318 635 1409 662 Maria:
1425 635 1625 670 primogenitus
1637 634 1726 669 appel-

936 683 1019 715 latur,
1039 681 1149 709 tametsi
1172 681 1253 709 unica
1276 681 1336 717 ejus
1358 682 1448 716 proles
1466 681 1614 713 exstiterit.
1635 688 1724 716 neque

935 728 1075 756 secundus
1095 735 1128 755 ex
1141 734 1173 755 ea
1191 727 1228 755 sit
1246 727 1285 755 illi
1305 727 1391 755 frater
1409 727 1437 755 in
1458 727 1545 754 lucem
1569 726 1668 754 editus.
1687 726 1726 754 Si-

935 774 1009 802 leant
1029 774 1121 809 itaque
1142 773 1267 801 homines
1279 773 1334 806 isli,
1351 773 1398 808 qui
1413 780 1445 800 ea
1461 773 1512 800 sibi
1529 772 1645 808 lingunt,
1665 779 1726 808 quae

935 819 1083 856 perniciem
1101 820 1199 855 magis.
1216 820 1304 854 quam
1326 819 1471 847 utilitatem
1494 819 1563 855 ipsis
1587 818 1726 850 afferunt;

936 866 984 894 sed
997 866 1043 894 ille
1063 873 1157 901 quaeso
1171 865 1289 894 facessat
1300 872 1389 893 error.
1404 864 1569 900 Quicunque
1581 863 1726 892 Dominum

86 908 105 943 ἢ
122 897 338 944 περιττολογίανξ
359 897 537 946 Περί-παντὸς
546 897 601 948 γαρ
615 897 701 947 ἀργοῦ
716 897 795 947 λόγου
806 897 883 947 λόγον

935 913 1061 944 honorat,
1084 911 1201 940 honorat
1216 915 1244 939 et
1257 915 1402 943 sanctum;
1418 897 1470 946 qui
1497 897 1646 945 ignominia
1661 916 1726 936 san-

86 953 222 988 δὼσομεν,
239 953 310 980 κατά
321 954 351 980 τὸ
365 956 568 991 γεγραμμένον.
599 956 729 992 Ἑαυτοὺς
748 958 884 994 μεριμνή-

88 1007 184 1034 οωμεν
195 1007 202 1013 ·
219 999 253 1026 τὰ
267 1000 371 1028 ἑαυτῶν
383 1001 612 1038 ἐπισκεψώμεθα·
628 1003 665 1039 μὴ
678 1003 712 1030 τὰ
727 1003 831 1030 ἑαυτῶν
844 1005 884 1036 είς

87 1045 154 1076 τοὺς
167 1045 261 1079 ἁγίους
279 1046 402 1083 ῥίψωμεν
412 1056 420 1064 ’
447 1048 485 1084 μὴ
504 1049 551 1083 ἀφ’
563 1049 668 1076 ἑαυτῶν
685 1049 720 1077 τὰ
733 1050 787 1077 τῶν
798 1050 883 1084 ἁγίων

87 1090 299 1126 διασκεψώμεθα
304 1112 310 1119 .

933 964 1007 987 ctum
1029 958 1123 990 aﬂicit,
1143 957 1270 985 eamdem
1290 961 1317 984 et
1338 955 1456 983 Domino
1477 963 1529 983 suo
1550 954 1727 990 ignominiam

933 1004 1058 1040 imponit.
1085 1003 1127 1031 Sit
1149 1003 1177 1031 in
1198 1010 1260 1031 sese
1284 1002 1370 1030 Maria
1387 1001 1561 1030 sanctissima
1579 1001 1624 1028 illa
1636 1000 1724 1035 virgo,

931 1056 1037 1084 vasque
1064 1047 1133 1075 illud
1157 1048 1376 1076 sacrosanctum.
1401 1045 1545 1082 Ejusmodi
1567 1052 1632 1073 vero
1643 1044 1723 1080 pesti-

932 1096 989 1123 fera
1014 1098 1096 1130 atque
1118 1093 1239 1122 exitialia
1278 1093 1406 1128 dogmata
1431 1091 1537 1119 nullum
1563 1090 1642 1118 nobis
1667 1089 1722 1117 fru-

86 1141 163 1164 Ctum
179 1137 316 1166 afferunt:
335 1147 440 1174 nosque
463 1140 532 1168 adeo
559 1141 784 1169 honoriﬁcentius
809 1141 844 1169 de
866 1140 913 1168 lila
931 1141 1033 1168 sentire
1063 1146 1112 1174 par
1136 1142 1189 1170 est,
1217 1145 1252 1165 ne
1285 1138 1313 1164 in
1346 1137 1429 1164 animi
1459 1135 1652 1168 insolentiam,
1679 1138 1727 1162 aut

87 1184 268 1216 discordiam,
291 1189 339 1212 aut
364 1194 596 1222 supervacaneam
634 1189 825 1224 loquacitatem
854 1187 1020 1216 incidamus.
1060 1186 1167 1222 Quippe
1195 1185 1230 1213 de
1243 1184 1321 1212 omni
1348 1184 1438 1212 otioso
1459 1183 1544 1211 verbo
1569 1183 1725 1214 rationem,

64 1270 67 1275 ι
89 1235 119 1258 ιιι
143 1232 275 1266 scriptum
295 1238 353 1267 est,
371 1235 504 1263 reddituri
523 1244 618 1265 sumus
636 1237 657 1265 ¹,
677 1237 749 1273 Ergo
766 1245 816 1265 nos
839 1236 914 1272 ipsos
942 1242 1070 1263 curemus
1083 1255 1091 1267 .
1130 1241 1221 1262 rerum
1254 1236 1412 1261 nostrarum
1448 1235 1603 1267 satagamus
1621 1251 1629 1264 ,
1659 1238 1728 1259 neve

86 1286 150 1313 quae
169 1280 254 1306 nostri
265 1281 375 1316 propria
391 1287 465 1315 sunt,
475 1284 502 1311 in
515 1288 626 1312 sanctos
636 1284 817 1319 proferamus.
839 1288 886 1312 aut
896 1292 928 1312 ex
941 1284 1019 1312 nobis
1031 1283 1098 1318 ipsis
1107 1289 1169 1318 qua:
1178 1281 1212 1309 ad
1237 1281 1300 1309 illos
1322 1281 1471 1316 pertinent,
1494 1279 1584 1307 metiri
1600 1278 1726 1306 velimus.

124 1324 188 1351 KB’.
205 1325 318 1358 Πάντως
329 1327 383 1362 γὰρ
395 1327 644 1364 βιαζόμενοίτινες.
664 1331 710 1357 καὶ
720 1331 766 1357 ἐπὶ
793 1323 823 1357 τδ
838 1330 884 1357 λα-

87 1369 194 1403 γνιαίτε
197 1379 242 1406 ρον
249 1379 264 1398 τ
267 1372 470 1407 ρεπόμενοι,καὶ
478 1375 506 1402 ὲν
513 1375 604 1407 αὐτοῖς
609 1375 715 1411 ἔχοντες
722 1376 887 1412 φθοριμαίαν

88 1414 228 1448 ὑπόνοιαν,
240 1415 379 1450 βούλονται
395 1418 516 1451 καὶτοὺς
530 1419 625 1454 ἁγίους
637 1420 768 1456 χραίνειν,
786 1423 826 1453 εἰς
838 1420 885 1448 εὕ-

88 1459 168 1494 λογον
188 1461 338 1496 ἀπολογίαν
368 1463 418 1498 τῆς
442 1464 546 1492 ἑαυτῶν
569 1466 658 1502 κακῆς
685 1466 734 1493 καὶ
755 1466 885 1499 ἀσθενοῦς

90 1506 237 1538 ὑπονοίας·
263 1507 330 1544 πρὸς
354 1508 401 1541 οὒς
425 1510 438 1536 6
457 1510 618 1544 Ἀπόπολός
644 1521 735 1548 φησιν·
754 1513 880 1541 Ἤθελον

86 1551 147 1605 μὲν
165 1552 281 1606 alariae
299 1552 378 1606 εἶξαι
459 1555 603 1606 ἐμαυτόν.
630 1558 666 1584 Τὸ
682 1558 722 1590 δὲ,
741 1558 882 1593 ἐμαυτὸν,
896 1575 920 1606 c

89 1598 150 1631 πῶς
164 1599 219 1635 ἄρα
232 1599 306 1635 λέγει
320 1601 379 1628 ἀλλ’
396 1601 413 1637 ἢ
428 1602 472 1630 διὰ
494 1603 524 1630 τὺ
547 1603 672 1638 ἁγνεύειν
685 1612 693 1636 ;
709 1605 761 1631 Διὰ
775 1604 809 1630 δὲ
828 1605 882 1638 τὰς

89 1645 232 1678 πορνείας
252 1645 381 1680 ἕκαστος
406 1647 464 1682 τὴν
485 1648 594 1676 ἑαυτοῦ
625 1648 753 1684 γυναῖκα
780 1649 882 1684 ἐχέτω.

84 1697 266 1733 -Ὑπεξῃρέθη
283 1698 312 1725 δὲ
326 1700 343 1734 ἡ
365 1699 522 1736 ἀντωνυμία
538 1708 546 1716 ο
562 1700 729 1735 ἐλεγκτικῶς
744 1701 798 1738 γὰρ
826 1699 884 1737 εἶχε

91 1750 139 1777 καὶ
151 1751 406 1787 ὲπιοτρεφέστερον.
423 1749 485 1787 Εἶχε
498 1752 552 1788 γὰρ
567 1753 664 1786 εἰπεῖν,
679 1752 723 1780 διὰ
738 1753 789 1785 τὰς
816 1762 884 1789 πορ-

91 1804 166 1836 νείας
179 1803 265 1840 ὑμῶν.
283 1805 330 1837 Τὸ,
345 1803 439 1840 ὑμῶν,
451 1805 540 1832 τοίνυν
556 1806 702 1840 περιεῖλεν,
714 1806 758 1834 ἵνα
772 1806 809 1842 μὴ
821 1805 884 1842 δόξῃ

92 1856 132 1888 είς
152 1855 229 1891 ΰσριν
245 1856 324 1883 τινῶν
340 1856 419 1884 τοῦτο
433 1857 584 1893 είρηκέναι.
610 1857 725 1894 Ἐρρέθη
738 1858 765 1885 δὲ
779 1858 819 1890 εἰς
832 1867 883 1885 κα-

92 1907 217 1943 τάχρισίν
226 1917 307 1936 τινων
317 1908 371 1936 τῶν
383 1911 421 1945 μὴ
434 1909 563 1937 θελόντων
573 1909 633 1945 Θεῷ
647 1910 797 1945 σχολάζειν,
814 1910 884 1945 μετὰ

91 1957 123 1985 τὸ
138 1958 210 1985 κατὰ
224 1958 270 1984 τὸν
286 1958 367 1994 νόμον
382 1958 456 1993 βιοῦν
466 1979 473 1992 ,
500 1959 547 1986 καὶ
563 1959 683 1994 εὐλόγως
694 1959 842 1994 ἐπιγνῶναι
854 1959 884 1987 τὸ

93 2009 175 2037 αὑτοῦ
188 2010 284 2042 σκεῦος
297 2011 337 2041 είς
354 2011 524 2038 παιδοποιίαν
533 2020 540 2026 ·
561 2012 600 2044 ὡς
612 2012 658 2039 καὶ
671 2012 696 2038 οί
708 2013 818 2039 παλαιοὶ
830 2020 884 2039 πα-

93 2056 169 2092 τέρες
189 2057 268 2092 ήμῶν
285 2056 374 2092 τούτῳ
388 2057 427 2092 τῷ
448 2057 512 2084 εἴδει
535 2058 700 2093 κέχρηνται·
719 2058 758 2090 ὡς
771 2058 817 2084 καί
830 2066 883 2091 που

94 2102 250 2137 εὑρήκαμεν
271 2101 403 2137 λέγουσαν
427 2102 478 2138 τὴν
496 2103 624 2139 Γραφήν·
652 2103 790 2131 Ῥεϐέκκα
805 2103 833 2130 δὲ
848 2103 883 2135 ἐξ

94 2147 162 2181 ὒνὸς
172 2147 280 2182 κοίτην
293 2149 418 2182 ἔχουσα.
434 2149 470 2175 Τδ
484 2149 523 2182 δὲ,
537 2149 571 2181 ἐξ
585 2149 663 2182 ἐνὸς,
677 2148 773 2181 εἰπὼν⁷
788 2149 884 2184 σεμνό-

93 2200 170 2227 τερον
193 2193 262 2228 μὲνί
285 2193 448 2229 διηγήσατο.
474 2193 558 2226 ἔδειξε
579 2194 607 2221 δὲ
628 2195 676 2231 τὴν
692 2194 823 2230 σύλληψιν
844 2195 883 2221 δι-

975 1328 1058 1356 ΧΧΙΙ.
1075 1328 1180 1363 Quippe
1199 1327 1324 1356 nonnulli
1339 1331 1414 1359 sunt,
1429 1327 1477 1362 qui
1492 1334 1555 1354 cum
1582 1325 1616 1354 ad
1633 1325 1728 1353 luxum

939 1382 972 1402 ac
985 1374 1098 1402 delicias
1113 1373 1192 1401 eﬂ'usi
1213 1373 1280 1405 sint,
1293 1377 1321 1401 et
1335 1372 1518 1408 perniciosam
1533 1375 1650 1398 mentem
1666 1377 1729 1398 con—

937 1419 1071 1455 ceperint,
1091 1419 1155 1454 jure
1174 1425 1209 1446 an
1226 1418 1326 1454 injuria
1348 1421 1459 1446 sanctos
1483 1415 1579 1445 iisdem
1596 1415 1728 1444 fmditatis

937 1465 1053 1493 maculis
1085 1471 1232 1500 aspergere
1262 1455 1422 1491 conantur:
1449 1469 1506 1498 quo
1531 1469 1615 1497 pravo
1630 1465 1657 1489 et
1680 1461 1729 1488 im-

935 1511 1033 1540 becillo
1049 1511 1140 1538 animo
1155 1518 1206 1538 suo
1225 1510 1370 1537 honestum
1385 1509 1502 1544 aliquem
1523 1508 1643 1536 colorem
1669 1515 1730 1542 spc-

935 1557 1061 1592 ciemque
1083 1556 1262 1590 conquirant.
1288 1555 1392 1583 Contra
1418 1562 1489 1590 quos
1515 1553 1666 1589 Apostolus
1690 1552 1727 1580 ita

935 1603 1077 1638 loquitur:
1099 1602 1183 1630 Velim
1199 1610 1288 1630 «mutes
1305 1602 1356 1628 mei
1375 1600 1476 1628 similes
1491 1608 1547 1628 esse
1559 1600 1579 1627 ³.
1604 1599 1656 1627 Ubi
1680 1599 1727 1626 illa

934 1649 1028 1681 verba,
1044 1649 1095 1676 mei
1109 1647 1210 1676 similes
1222 1656 1290 1679 esse.
1307 1647 1342 1674 de
1362 1654 1416 1682 quo
1434 1646 1488 1675 alio
1501 1653 1583 1682 quam
1600 1645 1634 1672 de
1648 1645 1729 1673 casti-

936 1694 1031 1722 monia
1048 1693 1224 1728 interpretari
1242 1692 1414 1728 possumus?
1438 1691 1535 1719 Verum
1548 1696 1655 1726 propter
1669 1691 1727 1726 [or—

933 1740 1079 1768 nicatione:
1101 1739 1279 1775 unusquisque
1301 1746 1410 1766 uxorem
1429 1746 1507 1766 suam
1534 1737 1650 1764 habeat:
1678 1736 1726 1765 sed

934 1786 961 1813 in
977 1785 1063 1821 priori
1075 1788 1151 1821 parte
1159 1792 1309 1820 pronomen
1322 1784 1455 1816 detraxit,
1472 1782 1545 1819 quod
1556 1782 1726 1811 acerbiorem

935 1831 1038 1867 alioqui
1073 1831 1315 1866 reprehensionem
1332 1833 1358 1858 et
1376 1829 1583 1865 castigationem
1603 1829 1725 1856 haberet.

934 1877 1002 1905 Nam
1017 1885 1079 1905 cum
1098 1877 1191 1905 dicere
1211 1881 1314 1913 posset,
1335 1881 1448 1912 propter
1471 1875 1665 1904 fornicationes
1679 1882 1726 1902 ve—

934 1928 1122 1954 stras.voccm
1145 1923 1232 1956 illam,
1254 1926 1367 1954 vestras,
1395 1922 1522 1949 consulto
1542 1919 1726 1956 prtetcrmisit.

936 1977 971 1997 ne
984 1969 1037 1996 hoc
1051 1968 1085 1996 ad
1103 1968 1258 2004 aliquorum
1286 1967 1482 1996 contumeliam
1496 1967 1600 2003 jecisse
1624 1966 1728 1994 videre-

933 2018 987 2041 tur.
1013 2013 1065 2042 Sed
1085 2013 1119 2041 ad
1140 2014 1287 2041 nonnullos
1305 2011 1529 2040 condemnandos
1554 2016 1596 2040 est
1609 2011 1725 2044 dictum,

934 2059 980 2094 qui
1010 2067 1106 2087 vacare
1127 2059 1182 2087 Deo
1205 2059 1302 2086 nolunt
1317 2068 1324 2086 :
1341 2059 1379 2086 ita
1401 2062 1431 2085 ut
1450 2058 1560 2085 interim
1585 2057 1670 2084 vitam
1692 2063 1726 2084 cx

934 2105 1001 2140 legis
1021 2105 1181 2140 praescripto
1203 2107 1372 2138 comparent,
1398 2106 1425 2129 ct
1451 2101 1567 2129 honeste
1588 2108 1652 2128 vase
1675 2108 1726 2128 suo

936 2149 970 2177 ad
996 2150 1099 2185 prolem
1118 2149 1321 2184 suscipiendam
1348 2151 1471 2179 utantur,
1496 2145 1725 2182 quemadmodum

934 2198 1027 2229 patres
1056 2198 1168 2221 nostros
1195 2201 1261 2221 usos
1287 2192 1352 2220 olim
1377 2200 1438 2220 esse
1462 2191 1631 2219 didicimus:
1651 2190 1725 2226 quod

95 2238 174 2265 ιαίαν
188 2233 280 2265 οὖσαν.
299 2239 376 2266 Μετὰ
390 2240 445 2275 γὰρ
457 2239 487 2266 τὸ
498 2239 643 2275 ἐσχηκέναι
657 2239 750 2272 τέκνα,
763 2239 882 2266 δείκνυσι

935 2239 1035 2267 alicubi
1063 2238 1170 2274 1055.
1197 2238 1338 2274 Scriptura
1351 2238 1486 2266 declarat
1506 2246 1513 2264 :
1533 2236 1657 2269 Rebecca,
1675 2236 1724 2263 in-

97 2283 193 2319 μηκέτι
205 2284 238 2319 τῇ
254 2285 364 2317 γυναικὶ
387 2285 469 2312 αὑτὸν
482 2285 660 2320 συναφθέντα.
691 2285 760 2311 Ἀλλ’
771 2285 880 2320 ἐπειδή-

96 2336 147 2363 περ
162 2328 253 2364 ῥᾴδιον
274 2329 322 2355 καὶ
335 2329 446 2365 εὐχερές
466 2331 539 2357 ἐστιν
559 2328 604 2357 ἐπὶ
622 2331 656 2357 τὰ
679 2331 767 2365 φαῦλα
782 2330 881 2366 μᾶλλον

95 2374 242 2410 τρὲπσθαι
255 2374 304 2410 τὴν
318 2375 438 2402 διάνοιαν
458 2377 529 2412 ἤπερ
551 2377 596 2403 ἐπὶ
610 2377 645 2403 τὰ
659 2377 805 2412 ἀναγκαῖα.
825 2377 881 2403 όλι-

98 2419 195 2456 αοηροῦ
209 2420 285 2452 ὖντος
298 2421 344 2447 τοῦ
355 2421 490 2457 ἡμετέρου
499 2422 668 2458 ἀνθρωπίνου
683 2422 824 2458 λογισμοῦ.
835 2422 882 2450 καὶ

95 2468 125 2494 οὐ
136 2468 229 2503 τάχιον
238 2468 394 2501 εὐθύνοντος
407 2469 490 2495 αὐτοῦ
500 2469 549 2505 τὴν
562 2469 650 2506 ὁρμὴν
663 2470 708 2496 ἐπὶ
718 2470 767 2506 τὴν
776 2470 882 2496 εὺοεταν

97 2514 153 2541 όδὸν
164 2513 212 2541 τοῦ
225 2514 338 2550 Κυρίου,
354 2514 422 2541 ἀλλὰ
435 2515 570 2546 κλίνοντος
579 2516 616 2550 πή
631 2516 679 2550 μὲν
691 2516 736 2542 επὶ
751 2515 785 2542 τὰ
796 2516 879 2550 δεξιὰ,

98 2560 134 2595 πὴ
147 2560 175 2586 δὲ
195 2560 241 2586 ἐπὶ
261 2560 295 2587 τὰ
312 2561 452 2596 ἀριστερὰ,
469 2561 516 2588 καὶ
538 2561 644 2596 βαρέως
663 2562 831 2598 πληροῦντος
850 2562 880 2589 τὸ

99 2606 170 2642 παρὰ
189 2606 229 2642 τῷ
244 2606 395 2642 Σολομῶντι
412 2607 569 2642 εἰρημένον·
598 2607 646 2641 Μὴ
659 2608 768 2642 κλίνης
780 2608 828 2635 ἐπὶ
846 2608 881 2635 τὰ

98 2652 188 2685 δεξιὰ.
207 2651 285 2687 μηδὲ
308 2652 356 2679 ἐπὶ
381 2652 417 2679 τὰ
432 2652 574 2687 ἀριστερά
585 2661 592 2668 ο
610 2653 690 2679 πάλιν
710 2654 798 2686 ἄλλως
815 2655 881 2689 ἡμῖν

99 2697 282 2733 στρεφομένης
291 2697 340 2732 τῆς
353 2697 451 2729 κακίας
466 2698 529 2733 περὶ
541 2697 604 2729 τοὺς
616 2699 714 2730 αὐτοὺς
725 2698 882 2734 λογισμοὺς,

99 2744 142 2769 καὶ
152 2742 277 2777 ὡθούσης
291 2742 369 2778 ἡμῶν
382 2742 413 2768 τὸ
429 2743 536 2778 αῶψρον
550 2744 592 2778 ἐφ’
605 2744 701 2779 ἐτέρας
716 2744 796 2771 πάλιν
809 2744 884 2776 ὁδοὺς

99 2788 215 2825 βαδίζειν
224 2796 231 2802 ·
243 2788 455 2824 ἀσφαλισώμεθα
464 2787 509 2816 οὖν
521 2790 558 2825 μή
571 2798 629 2822 πως
640 2790 670 2817 τὸ
683 2790 884 2826 περισσοτέρως

133 2867 141 2884 ¹
156 2875 199 2902 τῃ.
218 2867 266 2903 μή.
306 2868 316 2883 ²
329 2866 422 2895 Matth.
439 2875 489 2901 an,
508 2867 551 2895 56.
590 2867 600 2883 ³
617 2867 701 2896 lCor.
718 2875 765 2902 vn,
781 2867 809 2896 7.

934 2287 1013 2321 quit,
1037 2293 1069 2312 ea:
1100 2293 1152 2313 uno
1175 2285 1330 2319 concipiens.
1354 2283 1397 2313 Ea:
1435 2291 1497 2316 uno,
1522 2282 1606 2316 dixit;
1633 2286 1661 2310 ct
1695 2287 1726 2310 ut

934 2331 1068 2359 honestati
1084 2331 1250 2364 consuleret,
1270 2330 1343 2358 aliud
1369 2329 1436 2357 nihil
1451 2328 1576 2362 addidit,
1602 2328 1650 2356 sed
1674 2335 1724 2363 ge.

935 2377 1104 2405 nerationem
1120 2377 1194 2404 illam
1205 2376 1308 2411 justam
1321 2383 1354 2404 ac
1372 2375 1521 2411 legitimam
1537 2374 1622 2402 fuisse
1640 2374 1726 2410 signi-

936 2423 1036 2451 ﬁcavit.
1058 2423 1147 2456 Quare
1166 2427 1227 2458 post
1250 2414 1394 2457 susceptos
1419 2421 1519 2449 liberos
1541 2421 1644 2448 nullam
1665 2428 1724 2447 am-

936 2470 1007 2505 plius
1023 2469 1047 2497 ei
1063 2477 1124 2497 cum
1139 2469 1184 2496 illa
1198 2468 1424 2496 consuetudinem
1443 2467 1527 2495 fuisse
1542 2466 1723 2494 demonstrat.

936 2517 968 2544 Et
982 2516 1111 2551 quoniam
1129 2515 1209 2543 facile
1225 2522 1257 2542 ac
1271 2514 1393 2550 proclive
1407 2513 1487 2541 nobis
1501 2518 1542 2541 est
1556 2516 1674 2541 mentem
1691 2512 1724 2540 ad

933 2563 1069 2590 deteriora
1098 2561 1189 2597 potius
1219 2568 1300 2596 quam
1330 2560 1363 2587 ad
1388 2559 1544 2587 necessaria
1562 2558 1724 2594 deflectere;

933 2615 1052 2642 cumque
1075 2606 1199 2634 lubricus
1224 2606 1260 2633 sit
1278 2605 1397 2633 hominis
1421 2604 1540 2635 animus.
1561 2611 1610 2631 nec
1629 2602 1663 2629 ad
1680 2610 1724 2629 re-

933 2658 1005 2681 ctam
1023 2652 1129 2680 Domini
1148 2652 1219 2679 viam
1247 2652 1378 2686 impetum
1393 2651 1484 2679 statim
1506 2656 1586 2677 suum
1608 2651 1722 2675 conten-

935 2700 1093 2733 tionemque
1115 2698 1224 2733 dirigat,
1244 2697 1291 2724 scd
1320 2697 1354 2724 ad
1397 2696 1521 2723 dextram
1548 2694 1722 2721 sinistramve

937 2744 1066 2776 declinet.
1096 2747 1178 2780 atque
1202 2751 1274 2779 aegre
1301 2741 1447 2770 admodum
1475 2740 1537 2767 huic
1569 2737 1722 2765 Salomonis

938 2794 1072 2827 praecepto
1091 2792 1184 2825 parcat
1200 2798 1207 2817 :
1226 2787 1267 2816 Ne
1277 2788 1391 2816 declines
1404 2787 1438 2813 ad
1450 2786 1596 2816 dexteram,
1613 2790 1658 2810 nec
1687 2782 1723 2809 ad
1756 2804 1762 2811 η
