1945 3043
200 128 254 157 735

909 124 938 152 S.
955 120 1127 151 EPIPHANII

1785 119 1853 146 736

201 185 339 213 sinistram
350 185 359 202 '
377 194 384 213 :
401 192 463 213 cum
481 183 599 219 denique
615 183 689 211 circa
713 181 823 210 easdem
848 181 993 217 cogitatio—

1061 177 1220 214 γκωμιάσαι
1231 177 1280 214 τὴν
1288 177 1426 214 Παρθένον
1435 176 1548 213 γένηταί
1560 185 1613 204 τινι
1628 176 1667 208 είς
1680 175 1743 204 ἄλλο
1754 177 1853 212 πρόσ·

204 238 254 257 nes
268 238 330 258 sese
351 234 478 266 torqueat
499 238 530 258 ac
555 233 645 257 verset
659 228 833 264 improbitas.
847 231 875 255 et
895 228 927 255 ad
942 227 994 254 alia

205 277 303 304 itinera
341 277 510 312 capessenda
545 275 761 304 moderationem
787 279 909 302 nostram
935 272 1029 308 impell

1049 233 1145 260 κομμα
1158 224 1317 259 φαντασίας.

1032 276 1069 304 at,
1100 271 1255 298 cavendum
1284 270 1351 298 illud
1376 270 1456 298 nobis
1481 273 1543 302 est,
1577 277 1611 298 ne
1634 268 1764 298 eﬂ‘usiora
1795 270 1854 300 IIIa

204 325 290 352 beata:
308 323 427 359 Virginis
456 323 593 359 praeconia
621 323 734 350 alterius
753 323 858 350 erroris
876 326 903 350 et
917 320 1078 349 oll'cnsionis
1093 318 1237 346 materiam
1256 318 1339 345 alicui
1359 317 1477 345 fortasse
1493 317 1643 353 praebeant.

239 368 332 396 XXIII.
355 368 460 396 Etenim
480 369 527 404 qui
551 369 579 396 in
601 367 701 396 Filium
721 367 913 396 contumeliosi
931 374 993 395 esse

205 414 365 446 voluerunt,
391 417 421 441 ut
449 418 529 442 antea
557 414 723 441 declaratum
749 417 809 447 est,
839 413 995 441 abalienare

208 460 296 494 ipsum
321 467 336 486 a
357 459 447 488 Patris
473 460 618 488 divinitate
636 460 812 488 studuerunt.
826 460 880 487 Alii
895 467 910 487 e
929 466 996 487 con-

208 505 293 532 trario
310 506 446 533 diversam
462 506 490 533 in
505 510 608 541 partem
623 507 766 538 abeuntes,
782 513 838 541 quo
850 505 996 533 vehemen-

207 550 262 578 tius
287 551 362 578 illum
389 551 565 584 honorarent,
583 551 707 579 eumdem
733 559 795 579 esse
822 550 943 584 Patrem,
968 554 996 578 et

206 595 321 628 Filium,
341 602 368 624 et
395 596 526 632 Spiritum
549 602 675 624 sanctum
704 604 828 624 asserere
844 596 905 624 ausi
920 600 996 624 sunt.

211 641 363 677 Utrobique
376 650 442 670 vero
456 643 619 670 insanabilis
633 645 676 670 est
699 649 732 669 ac
749 641 888 670 mortifera
907 641 997 677 plaga.

208 686 247 714 Ita
267 687 340 722 quod
370 687 403 714 ad
428 691 552 715 sanctam
574 695 605 715 ac
630 687 736 714 beatam
763 687 836 714 illam
860 686 998 722 Virginem

209 733 335 768 pertinet,
362 733 473 768 quidam
499 733 728 761 contumeliosius
752 732 780 760 in
803 733 878 760 illam
898 732 999 761 invecti

210 783 285 811 sunt,
299 782 340 811 ut,
355 783 417 814 post
436 786 570 806 summum
587 779 654 806 illud
669 783 696 806 et
710 779 845 814 integrum
873 779 999 806 incarna-

1080 364 1141 392 ΚΓ.
1157 365 1188 391 Οί
1202 364 1251 400 μὲν
1259 363 1314 399 γὰρ
1324 364 1364 396 είς
1379 363 1424 390 τὸν
1433 364 1496 390 Υίὸν
1511 363 1743 399 βλασφημοῦντες,
1754 363 1851 391 καθά-

1044 420 1097 447 περ
1120 419 1164 446 μοι
1196 410 1252 438 ἄνω
1287 409 1500 445 προδεδήλωται,
1531 409 1610 444 φύσει
1641 409 1849 444 ἀπαλλοτριοῦν

1044 456 1126 483 αὑτὸν
1139 456 1189 490 τῆς
1205 455 1313 491 Πατρὸς
1328 454 1455 489 θεότητος
1468 454 1709 490 ὲφιλοτιμήσαντο·
1725 454 1802 482 ἄλλοι
1817 454 1849 481 δὲ

1045 501 1138 534 πάλιν,
1153 501 1253 537 ἑτέρως
1267 501 1459 536 φρονήσαντες,
1470 500 1507 531 ὼς
1520 499 1599 535 δῆθεν
1611 500 1727 535 τιμῆσαι
1742 508 1848 535 περισ-

1047 546 1166 582 σοτέρως
1181 545 1376 581 προαχθέντες,
1393 544 1438 572 τὸν
1455 545 1536 572 αὐτὸν
1552 543 1619 571 εἶναι
1632 544 1741 579 Πατέρα
1753 542 1847 577 εἷπον,

1045 591 1092 618 καὶ
1108 591 1153 618 τὸν
1166 590 1248 617 αὑτὸν
1264 590 1339 622 Υίδν,
1359 590 1405 617 καὶ
1419 590 1450 617 τὸ
1471 590 1538 616 αὐτὸ
1558 589 1635 624 ἅγιον
1651 589 1778 623 Πνεῦμα·
1799 590 1851 615 ἐπὶ

1045 639 1073 666 δὲ
1084 639 1140 670 τοῖς
1156 638 1270 673 μέρεσιν
1284 636 1453 673 ἀμφοτέροις
1476 636 1583 667 ἀνίατος
1601 636 1618 670 ή
1637 634 1739 670 πληγὴ.
1765 634 1852 661 οὕτω

1047 684 1169 721 περὶτῆς
1187 684 1266 719 ἀγίας
1276 683 1378 718 ταύτης
1393 682 1440 710 καὶ
1451 681 1627 717 μακαρίτιδος
1639 680 1850 716 ’Δειπαρθένου,

1050 733 1075 759 οι
1091 733 1139 769 μὲν
1156 730 1298 767 ἐξυϐρίσαι
1322 728 1533 763 τετολμήκασιν,
1547 726 1585 758 ὡς
1604 725 1784 760 ωναφθεῖσαν
1800 725 1852 752 αὑο

1051 778 1101 815 τὴν
1113 778 1195 814 σαρκὶ
1211 776 1279 812 μετά
1291 775 1341 811 τὴν
1360 774 1492 810 μεγίστην
1507 773 1614 807 ἐκείνην
1635 772 1681 799 καὶ
1705 771 1850 807 ἀκραιφνή

210 824 294 851 tionis
325 824 430 851 Domini
454 824 626 860 mysterium,
654 824 778 859 corporis
798 831 860 851 eam
885 824 1001 851 commi-

1061 823 1208 859 ιίκονομίαν
1223 820 1270 848 τοῦ
1287 819 1401 855 Κυρίου,
1420 819 1470 853 τῆς
1490 817 1622 852 ὲνσάρκου
1644 815 1726 842 αὑτοῦ
1742 823 1851 851 παρου-

1191 868 1196 870 .
1225 867 1236 870 _
1330 865 1343 870 -
1424 864 1429 870 .
1554 863 1567 870 ,ι
1610 862 1617 870 ι
1668 861 1680 870 μ
1727 869 1731 870 ,
1749 861 1778 870 ρ,
1823 869 1835 870 γ

211 869 301 897 stione
315 870 445 904 pollutam
463 870 606 897 dicerent:
628 869 654 896 id
678 870 750 905 quod
768 877 876 897 omnem
898 870 1001 905 impro-

211 913 327 941 bitatem
347 914 569 948 impietatemque
587 918 709 949 superat.
729 913 863 942 Caeterum
879 914 915 941 uti
933 921 1002 942 non-

211 959 303 986 nullos
321 963 427 986 tantum
443 967 472 987 se
486 959 514 987 in
531 959 622 987 scelus
638 960 810 987 commisisse
829 959 976 988 didicimus
992 979 1001 993 ,

213 1005 254 1032 sic
270 1011 324 1031 non
341 1005 399 1032 sine
410 1004 513 1040 ingenti
524 1004 707 1033 admiratioae
722 1004 796 1032 aliud
812 1005 941 1040 quiddam
957 1012 1003 1032 ac-

213 1049 335 1084 ‘cepimus
351 1058 358 1076 :
377 1050 525 1077 nonnullos
550 1050 677 1078 videlicet
694 1050 722 1077 in
746 1050 791 1083 iis,
809 1058 869 1086 quae
884 1050 918 1077 ad
939 1058 1004 1079 san-

213 1094 365 1122 ctissimam
394 1094 535 1130 Virginem
562 1099 707 1131 spectant,
734 1103 767 1124 eo
792 1097 918 1124 amentiae
942 1104 1005 1132 pro-

213 1147 335 1175 gressos,
349 1144 379 1167 ut
395 1147 445 1175 pro
462 1140 517 1168 Deo
536 1141 616 1169 nobis
633 1141 708 1168 illam
726 1141 876 1170 obtrudere
891 1143 1002 1176 vellent,

215 1192 248 1212 ac
265 1185 298 1212 de
312 1192 344 1212 ea
363 1186 435 1212 velut
454 1189 545 1214 mente
563 1186 634 1221 capti
657 1190 683 1213 et
699 1185 798 1214 furiosi
813 1186 1003 1221 loquerentur.

214 1230 320 1259 Ferunt
340 1232 412 1258 enim
432 1232 609 1259 mulierculas
624 1231 756 1267 quasdam
779 1231 807 1258 in
825 1231 935 1264 Arabia,
951 1239 1006 1266 quo

215 1284 231 1303 e
260 1276 376 1304 Thracia
400 1276 529 1312 profecta:
561 1280 656 1309 erant,
686 1284 787 1304 novum
815 1277 881 1304 illud
908 1277 1005 1313 dogma

216 1325 385 1349 commentas
403 1321 488 1349 fuisse
504 1331 511 1349 :
530 1321 599 1349 adeo
618 1326 647 1349 ut
666 1322 694 1348 in
710 1321 831 1357 Virginis
854 1330 952 1349 nomen
980 1326 1007 1350 et

217 1368 348 1395 honorem
363 1367 519 1403 collyridem
542 1367 600 1395 sife
627 1372 725 1394 tortam
751 1368 830 1402 panis
849 1368 1008 1395 sacriﬁcan-

217 1416 259 1440 tes
275 1412 392 1439 offerant
408 1415 435 1440 et
450 1415 603 1446 conventus
617 1411 755 1439 habeant:
772 1412 798 1438 in
814 1413 1006 1446 sanctissimae.

218 1458 346 1492 inquam,
366 1456 488 1492 Virginis
513 1456 618 1492 1055
640 1463 739 1483 nomen
763 1455 874 1483 modum
899 1464 1008 1484 onmem

218 1501 575 1539 praztergressos,nefariam
596 1509 664 1532 rem,
680 1505 707 1528 et
727 1509 789 1528 cum
804 1501 851 1528 Dei
869 1506 1008 1530 contume-
1020 1517 1043 1546 ο

219 1548 257 1575 lia
282 1547 460 1582 coniunctam
485 1546 608 1583 aggredi,
630 1547 683 1574 hoc
699 1551 741 1574 cst
765 1547 793 1574 in
810 1547 882 1575 illius
909 1556 1007 1575 nomen

220 1601 270 1629 per
290 1593 418 1621 mulieres
443 1593 579 1620 sacriﬁcia
603 1592 702 1620 facere.
724 1591 801 1625 Quod
824 1593 933 1628 quidem
957 1594 1009 1620 im—

221 1640 296 1675 pium
317 1647 348 1667 ac
370 1639 518 1667 scelestum
547 1642 598 1670 est,
620 1642 648 1666 et
669 1646 684 1666 a
707 1639 795 1666 sancti
822 1638 940 1674 Spiritus
960 1641 1010 1667 do-

221 1688 310 1716 ctrina
322 1694 437 1723 prorsus
457 1687 587 1714 alienum.
607 1685 698 1719 Quare
722 1688 809 1712 totum
836 1685 901 1712 illud
921 1693 936 1712 a
955 1685 1011 1713 dae-

222 1735 312 1762 monis
335 1733 426 1761 aﬂlatu
447 1737 474 1762 et
497 1733 598 1768 impuri
618 1732 732 1767 spiritus
756 1731 899 1767 disciplina
920 1731 1012 1766 profe-

223 1784 298 1808 ctum
320 1784 373 1808 est.
401 1779 459 1807 Hoc
479 1779 551 1807 enim
575 1779 602 1806 in
626 1779 694 1814 ipsis
719 1778 868 1813 impletur:
887 1777 1014 1812 Deﬁcient

223 1824 330 1859 quidam
350 1833 367 1851 ιι
383 1832 451 1851 sana
463 1824 602 1855 doctrinar
614 1824 776 1851 iniendenles
793 1823 890 1858 fabulis
915 1828 939 1850 et
965 1823 1015 1850 do-

224 1868 317 1895 ctrinis
330 1868 523 1895 dwmoniorum
534 1869 557 1894 ³.
574 1867 660 1895 Erunt
681 1868 764 1899 enim,
777 1868 875 1902 inquit,
894 1872 1016 1897 mortuos

226 1914 369 1946 colentes,
399 1913 628 1949 quemadmodum
656 1914 727 1949 apud
752 1913 889 1941 Israelitas
914 1913 1016 1942 honore

226 1963 291 1985 sunt
314 1958 415 1986 aﬁ‘ecti.
446 1959 486 1986 Ita
512 1958 613 1986 factum
641 1963 693 1992 est,
717 1962 747 1985 ut
773 1963 942 1992 sanctorum,
969 1960 1016 1995 qui

227 2006 286 2038 suis
312 2005 481 2041 temporibus
508 2005 671 2039 ﬂoruerunt,
689 2006 846 2034 redundans
872 2006 901 2034 in
929 2006 1014 2036 Deum

227 2051 401 2079 occasionem
420 2051 523 2079 erroris
540 2051 673 2078 attulerit.

262 2096 357 2125 XXIV.
371 2097 476 2125 Etenim
492 2096 612 2130 Sicimis,
626 2104 687 2132 quae
709 2096 789 2124 hodie
804 2095 932 2132 Neapolis
947 2097 1018 2125 dici-

1053 869 1113 901 σίας
1124 876 1130 884 ⁸
1155 868 1203 895 καὶ
1223 867 1281 893 ἔστι
1298 865 1376 892 τοῦτο
1395 864 1486 900 πάσης
1501 862 1651 899 μοχθηρίας
1666 861 1853 888 δυσσεϐέστα-

1052 925 1108 944 τον.
1131 915 1175 947 Ὠς
1191 914 1220 953 δέ
1235 912 1313 940 τοῦτό
1327 919 1419 947 φαμεν
1440 908 1604 944 ὲνηχηθῆναί
1624 915 1700 938 τινας
1718 906 1792 934 οὕτω
1808 912 1852 953 τε-

1052 951 1218 998 τολμηκέναί
1239 959 1347 995 ρᾁτως
1368 955 1507 983 ἐπιδοῦναι
1521 953 1635 984 ἑαυτοὺς
1651 954 1685 988 τῇ
1706 951 1850 988 ἁμαρτίαι

1052 1007 1124 1035 οὕτω
1147 1007 1194 1034 καὶ
1207 1005 1238 1032 τὸ
1251 1005 1346 1040 ἕτερον
1358 1001 1571 1038 τεθαυμάκαμεν
1588 999 1668 1027 πάλιν
1684 998 1850 1033 ἀκηκοότες.

1055 1051 1170 1082 Ἀλλους
1183 1050 1239 1085 γὰρ
1249 1049 1329 1076 πάλιν
1341 1046 1524 1083 ἀφραίνοντας
1538 1045 1578 1078 είς
1589 1045 1639 1081 τὴν
1653 1045 1725 1080 ὑπὲρ
1736 1044 1788 1079 τῆς
1801 1043 1851 1070 αὺ-

1053 1099 1104 1134 τῆς
1120 1097 1202 1130 ἁγίας
1219 1094 1416 1131 Ἀειπαρθένου
1431 1093 1571 1125 ὑπόθεσιν,
1585 1092 1644 1119 ἀντὶ
1659 1090 1726 1118 Θεοῦ
1743 1090 1852 1125 ταύτην

1054 1144 1233 1180 παρεισάγειν
1245 1140 1457 1173 ἐσπουδακότας,
1470 1139 1517 1166 καὶ
1531 1137 1740 1169 σπουδάζοντας,
1754 1137 1802 1163 καὶ
1817 1136 1850 1162 έν

1054 1190 1237 1226 έμῦροντήσει
1249 1188 1303 1214 τινὶ
1324 1187 1373 1213 καὶ
1396 1184 1591 1222 φρενοϐλαϐείᾳ
1607 1182 1781 1218 φερομένους.
1806 1182 1848 1207 Δι-

1055 1233 1292 1271 ηγοῦνταιγὰρ,ὦς
1297 1241 1369 1263 τινες
1374 1232 1500 1266 γυναῖκες
1507 1231 1595 1256 ἐκεῖσε
1601 1230 1667 1264 ὲντῇ
1676 1227 1788 1264 Ἀραϐίᾳ
1793 1226 1856 1253 ἀπὸ

1055 1281 1109 1307 τῶν
1122 1279 1212 1316 μερῶν
1221 1280 1271 1315 τῆς
1280 1279 1391 1314 Θρᾴκης
1399 1277 1476 1304 τοῦτό
1486 1285 1518 1311 γε
1528 1276 1558 1302 τὸ
1566 1274 1745 1309 κενοφώνημα
1755 1272 1852 1308 ἐνηνό-

1056 1335 1146 1362 χασιν,
1162 1326 1200 1357 ὡς
1213 1326 1252 1357 είς
1265 1324 1349 1359 ὄνομα
1363 1323 1414 1358 τῆς
1426 1321 1617 1357 ’Δειπαρθένου
1633 1319 1776 1355 κολλυρίδα
1788 1317 1853 1345 τινὰ

1058 1371 1203 1403 ἐπιτελεῖν,
1225 1371 1272 1397 καὶ
1293 1368 1456 1403 συνάγεσθαι
1475 1366 1627 1399 ὲπιτοαυτδ,
1646 1366 1693 1392 καὶ
1708 1366 1748 1396 εἰς
1764 1364 1853 1400 ὄνομα.

1060 1418 1109 1454 τῆς
1132 1417 1211 1451 ἁγίας
1227 1415 1368 1451 Παρθένου
1392 1414 1461 1450 ὑπὲρ
1481 1413 1512 1439 τὸ
1542 1412 1639 1448 μέτρον
1656 1420 1683 1437 τι
1704 1410 1853 1445 πειρᾶσθαι

1060 1462 1182 1497 ἀθεμίτῳ
1203 1461 1249 1488 καὶ
1274 1460 1425 1495 βλασφήμῳ
1450 1458 1597 1493 ἐπιχειρεῖν
1626 1457 1780 1492 πράγματι,
1807 1456 1855 1482 καὶ

1059 1506 1098 1538 είς
1117 1505 1201 1540 δνομα
1222 1505 1307 1539 αὐτῆς
1326 1503 1477 1539 ἱερουργεῖν
1494 1502 1539 1529 διὰ
1560 1500 1712 1536 γυναικῶν·
1737 1500 1810 1535 ὅπερ
1823 1500 1855 1526 τὸ

1061 1552 1116 1579 πᾶν
1139 1552 1211 1577 ἐστιν
1240 1550 1337 1581 ἀσεϐὲς
1363 1549 1411 1575 καὶ
1433 1548 1574 1583 ἀθέμιτον,
1597 1546 1780 1582 ἠλλοιωμένον
1801 1545 1856 1572 ἀπὸ

1062 1597 1109 1625 τοῦ
1130 1596 1308 1632 κηρύγματος
1330 1595 1376 1622 τοῦ
1395 1595 1473 1630 ἁγίου
1496 1594 1672 1629 Πνεύματος,
1696 1592 1768 1619 ὥστε
1787 1590 1856 1618 εἶναι

1064 1642 1094 1669 τὸ
1117 1643 1171 1668 πᾶν
1193 1641 1344 1668 διαϐολικὺν
1368 1641 1526 1676 ἐνέργημα,
1553 1639 1599 1666 καὶ
1619 1638 1774 1673 πνεύματος
1788 1637 1858 1663 ἀκα-

1065 1688 1163 1723 θάρτου
1184 1687 1349 1715 διδαπκαλία.
1377 1685 1607 1722 Πληροῦταινγάρ
1623 1685 1670 1712 καὶ
1686 1684 1733 1710 ὲπὶ
1745 1683 1859 1714 τούτους

1065 1735 1106 1766 τὸ,
1124 1733 1362 1768 Ἀποστήσοντίιί
1372 1742 1450 1766 τινες
1463 1733 1516 1767 τῆς
1530 1732 1635 1767 ὑγιοῦς
1648 1730 1859 1762 διδασκαλίας,

1066 1779 1270 1815 προσέχοντες
1277 1781 1348 1815 μύθ(
1356 1789 1383 1813 ις
1395 1780 1444 1806 καὶ
1462 1779 1673 1811 διδασκαλίαις
1687 1776 1858 1811 δαιμονίων.

1069 1826 1198 1853 Ἔσονται
1213 1826 1278 1862 γὰρ,
1295 1825 1373 1861 φησὶ,
1398 1826 1506 1860 νεκροῖς
1521 1823 1696 1860 λατρεύοντες
1717 1823 1755 1854 ὼς
1769 1822 1816 1848 καὶ
1831 1822 1859 1847 ἐν

1067 1870 1106 1906 τῷ
1126 1870 1233 1907 Ἰσραὴλ
1242 1871 1440 1906 ἐσεϐάσθησαν.
1451 1871 1506 1897 Καὶ
1520 1872 1536 1906 ἡ
1556 1869 1610 1896 τῶν
1621 1869 1706 1904 ἁγίων
1722 1867 1794 1894 κατά
1805 1875 1860 1892 και-

1070 1917 1115 1952 ρὸν
1131 1918 1170 1949 είς
1188 1917 1253 1944 Θεὸν
1273 1917 1336 1949 δόξα
1355 1917 1445 1949 ἄλλοις
1465 1916 1559 1951 γέγονε
1577 1917 1634 1948 τοῖς
1658 1915 1695 1951 μὴ
1712 1913 1798 1949 ὁρῶσι
1812 1912 1861 1947 τὴν

1070 1957 1201 1999 ἀλήθειαν
1218 1965 1259 1995 εἰς
1276 1964 1390 1999 πλάνην.

1052 2011 1139 2046 gloria
1171 2012 1254 2045 aliis,
1281 2012 1329 2047 qui
1348 2011 1489 2040 veritatem
1513 2009 1625 2038 minime
1651 2009 1848 2044 perspicerent,

1108 2100 1171 2125 KA’.
1195 2098 1239 2125 Ἐν
1256 2098 1310 2135 γὰρ
1322 2098 1456 2134 Σικίμοις,
1473 2097 1610 2125 τουτέστιν
1625 2097 1655 2124 ἐν
1667 2098 1699 2132 τῇ
1712 2098 1771 2124 νυνὶ
1786 2099 1855 2125 Νεα-

228 2147 283 2176 tur,
300 2151 377 2172 sacra
392 2143 515 2178 quazdam
530 2143 564 2170 ab
582 2142 719 2177 indigenis
735 2143 762 2170 in
775 2143 905 2171 honorem
922 2143 1008 2178 puella

1072 2144 1160 2177 πόλει,
1179 2144 1273 2176 θυσίας
1292 2144 1317 2171 οἱ
1341 2143 1482 2179 ἐπιχώριοι
1500 2142 1623 2170 τελοῦσιν
1647 2144 1686 2174 εἰς
1702 2143 1788 2178 ὄνομα
1808 2144 1858 2179 τῆς

228 2189 410 2220 celebrantur,
423 2187 496 2223 quod
512 2187 546 2215 ab
557 2187 673 2222 Jephthe
689 2187 744 2214 ﬁlia
755 2195 882 2215 manasse
896 2187 1008 2220 videtur.

1069 2190 1172 2226 Κόρης,
1193 2190 1272 2226 δῆθεν
1289 2190 1323 2217 ὲκ
1337 2190 1500 2225 προφάσεως
1519 2189 1569 2224 τῆς
1585 2188 1719 2223 θυγατρὸς
1740 2188 1852 2223 Ἰεφθάε,

228 2242 289 2270 qua:
320 2234 374 2262 Deo
394 2233 531 2269 quondam
563 2233 716 2261 sacriﬁcata
744 2233 833 2261 fuerat
846 2233 866 2260 '.
884 2233 950 2267 Quae
974 2241 1008 2261 re:

1069 2235 1119 2271 τῆς
1136 2244 1200 2262 ποτε
1220 2234 1448 2271 προσενεχθείσης
1468 2233 1507 2269 τῷ
1525 2233 1584 2269 Θεῷ
1605 2233 1645 2265 είς
1670 2232 1783 2264 θυσίας·
1811 2234 1856 2260 καὶ

229 2280 337 2308 miseris
350 2280 507 2307 hominibus
519 2279 680 2307 idololatria:
702 2279 913 2314 inanissimique
927 2279 1018 2307 cultus

229 2326 371 2353 materiam
383 2326 507 2360 praahuit.
518 2325 588 2358 Quia
603 2325 684 2352 etiam
696 2325 848 2353 Pharaonis
861 2325 1022 2360 ﬁliam,quae

230 2378 339 2399 servum
359 2370 406 2397 Dei
422 2370 532 2406 Moysen
548 2371 693 2399 honoravit
703 2373 725 2403 ³,
742 2375 769 2398 et
790 2371 927 2398 sublatum
947 2378 1016 2398 enu-

230 2417 318 2450 trivit,
337 2420 449 2452 propter
463 2417 597 2445 celebrem
614 2417 722 2452 pueruli
738 2416 838 2443 famam
858 2417 1020 2452 impensius.

230 2471 312 2498 quam
331 2469 381 2497 par
398 2466 468 2494 erat,
487 2470 520 2490 ac
550 2471 599 2498 pro
631 2464 687 2491 Deo
704 2467 867 2491 venerantes
888 2463 1020 2499 Egyptii,

232 2508 387 2536 istiusmodi
402 2509 627 2543 superstitionem
642 2510 670 2537 in
685 2509 800 2538 stolidos
814 2509 939 2537 homines
950 2510 1023 2537 deri-

232 2559 322 2581 vatam
348 2554 452 2582 nefarie
479 2553 676 2591 propagarunt.
698 2555 769 2590 Ergo
795 2555 833 2582 illi
861 2555 1022 2584 Thermntin

232 2600 385 2635 Amenophi
406 2601 500 2634 tiliam,
520 2601 573 2629 hoc
587 2605 630 2628 est
648 2601 811 2633 Pharaonis,
831 2601 946 2628 adorare
961 2609 1023 2636 per-

233 2650 319 2682 gunt,
343 2647 436 2682 quod,
452 2651 483 2673 ut
513 2651 592 2674 antea
619 2646 693 2679 dixi.
715 2645 826 2682 Moysen
853 2646 1020 2675 cducaverit.

272 2726 281 2742 ¹
297 2724 378 2754 Prov.
393 2728 431 2760 Iv,
447 2725 492 2753 27.
533 2726 544 2742 ³
556 2725 563 2753 l
577 2725 649 2753 Tim.
664 2733 701 2759 IV,
719 2725 744 2752 Ι.
782 2725 793 2741 ³
805 2725 893 2753 Judic.
908 2734 946 2758 ιι,
961 2726 975 2753 1
992 2733 1054 2762 sqq.

1070 2283 1127 2313 τοῖς
1142 2281 1328 2317 ἡπατημένοις
1345 2281 1424 2308 τοῦτο
1443 2280 1555 2315 γέγονεν
1576 2279 1616 2311 εἰς
1634 2278 1735 2314 βλάϐην
1757 2278 1860 2305 εἰδωλο-

1071 2328 1199 2364 λατρείας
1212 2328 1261 2355 καὶ
1283 2327 1471 2363 κενολατρίας.
1495 2326 1577 2354 Ἀλλὰ
1600 2326 1647 2353 καὶ
1663 2325 1713 2361 τὴν
1730 2325 1861 2360 θυγατέρα

1073 2373 1120 2400 τοῦ
1134 2372 1235 2409 Φαραὼ
1249 2374 1405 2409 τιμήσασαν
1425 2372 1470 2399 τδν
1486 2371 1579 2398 δοῦλον
1593 2371 1639 2397 τοῦ
1651 2370 1718 2398 Θεοῦ
1735 2371 1859 2403 Μωῡσέα,

1076 2419 1240 2454 ἀνελομένην
1254 2428 1284 2445 τε
1310 2418 1358 2446 καὶ
1375 2418 1579 2454 ἀναθρέψασαν,
1601 2416 1645 2443 διὰ
1664 2416 1695 2443 τὸ
1711 2416 1861 2452 περίφημαν

1074 2464 1135 2491 τότε
1147 2464 1194 2490 τοῦ
1209 2464 1317 2492 παιδίου
1328 2464 1399 2500 ὑπὲρ
1413 2464 1443 2490 τὸ
1462 2464 1520 2491 δέον
1539 2463 1703 2499 τιμήσαντες
1722 2462 1860 2496 Αἰγύπτιοι

1072 2510 1137 2537 ἀντὶ
1166 2511 1253 2544 Θεοῦ,
1282 2511 1328 2538 καὶ
1353 2511 1432 2537 τοῦτο
1458 2511 1498 2542 είς
1520 2510 1610 2544 κακὴν
1629 2509 1778 2544 παράδοσιν
1809 2510 1860 2540 τοῖς

1075 2557 1201 2593 ἀνοήτοις
1216 2557 1379 2592 παρέδωκαν
1391 2557 1431 2588 είς
1446 2555 1603 2591 θρησκείαν.
1617 2555 1672 2581 Καὶ
1685 2553 1860 2589 προσκυνοῦσι

1074 2602 1124 2638 τὴν
1142 2602 1293 2638 Θέρμουτιν
1307 2601 1357 2637 τὴν
1373 2600 1512 2636 θυγατέρα
1526 2599 1580 2635 (10)
1597 2599 1645 2626 τοῦ
1665 2598 1801 2635 ’Δμενὼφ,
1813 2599 1859 2630 ἕως

1075 2647 1135 2674 τότε
1152 2647 1252 2684 Φαραὼ
1263 2648 1285 2681 ⁸,
1311 2647 1422 2682 ἐπειδὴ,
1439 2646 1477 2679 ὡς
1499 2647 1639 2682 προεῖπον,
1663 2645 1795 2682 ἀνέθρεψε
1819 2644 1859 2672 τὸν

1093 2727 1104 2743 ⁸
1119 2725 1204 2762 Exod.
1219 2735 1249 2761 ιι,
1267 2727 1310 2755 I0.
1349 2727 1360 2743 '
1374 2726 1404 2754 F.
1420 2725 1572 2754 addendum
1588 2725 1646 2753 τοῦ.

272 2792 329 2827 (10)
349 2792 411 2831 Τὴν·
427 2792 592 2831 ΘέιιίιοιπρνΔ
605 2792 663 2831 τῂν
678 2793 833 2831 θυγατέρα.
852 2789 1008 2829 Amcnophil

1061 2802 1132 2831 egeni
1149 2795 1224 2822 illum
1242 2793 1352 2830 Aigypti
1367 2793 1499 2827 nominat,
1530 2791 1582 2820 sub
1614 2799 1669 2827 quo
1688 2790 1792 2826 Moyses
1813 2797 1857 2817 na-

239 2829 284 2854 tus
301 2831 355 2862 est,
372 2829 400 2855 in
415 2836 469 2863 quo
486 2828 593 2856 Eusebii
608 2828 754 2857 Chronica"
770 2833 879 2856 secutus
894 2833 946 2856 est.
