1945 3043
80 154 136 182 1'31

365 155 551 185 ADVERSUS
570 154 741 184 ιιΑεΙιΕεΕδ
760 156 823 184 LIB.
841 156 871 184 ll-l

924 157 986 187 'OM.
1002 159 1034 188 ll.
1046 159 1226 189 —HASRES.
1243 159 1383 190 LXXVIII.

1648 163 1699 192 758

76 215 211 244 Μωῦσέα.
232 215 289 243 Καὶ
307 214 392 242 πολλὰ
410 215 522 242 τοιαῦτα
546 215 626 250 ὅμοια
647 215 757 249 γέγονεν
778 214 808 241 ἐν
829 215 871 242 κό-

924 216 1064 251 Ejusmodi
1089 218 1219 254 pleraque
1242 219 1275 246 ad
1304 227 1438 247 crs-corum
1466 219 1606 249 hominum
1628 221 1698 251 frau-

78 271 144 298 σμῳ
159 262 200 293 είς
229 260 334 295 πλάνην
359 260 414 287 τῶν
428 261 631 296 ἠπατημένων,
652 261 683 287 οὐ
707 260 761 288 τῶν
784 260 870 294 ἁγίων

76 307 177 335 αἰτίων
188 306 272 332 ὄντων
290 305 361 331 τισὶν
375 306 416 336 είς
429 305 606 341 πρόσκομμα,
620 305 670 340 τῆς
688 305 804 337 διανοίας
816 305 870 332 τῶν

73 350 234 387 ἀνθρώπων
249 351 287 387 μὴ
308 350 477 386 ἠρεμούσης,
498 350 555 377 ἀλλ’
578 351 625 377 ἐπὶ
650 350 683 377 τὰ
701 350 807 386 πονηρὰ
822 351 870 377 ὲκ-

75 397 266 433 τρεπομένης.
286 398 365 424 Ἤτοι
380 397 435 432 γὰρ
451 396 585 424 ἀπέθανεν
601 397 618 432 ἠ
637 396 703 431 ἁγία
721 396 869 431 Παρθένος,

77 444 127 468 καὶ
152 442 298 476 τέθαπται,
318 442 348 468 ὲν
372 443 439 477 τιμῇ
453 441 538 477 αὐτῆς
557 443 573 477 ή
598 441 744 477 κοίμησις,
771 441 818 468 καὶ
842 441 871 468 ὲν

79 487 178 521 ἁγνείᾳ
195 488 212 523 ἡ
229 487 351 523 τελευτὴ,
365 488 412 514 καὶ
429 488 458 514 ὲν
478 487 611 523 παρθενίᾳ
624 489 638 514 ό
650 487 795 522 στέφανος·
812 488 871 522 ἦτοι

79 532 213 568 ἀνῃρέθη,
230 532 321 565 καθὼς
335 533 505 569 γέγραπται·
524 533 580 559 Kal
591 533 648 566 τὴν
661 532 768 567 ψυχὴν
776 531 872 566 αὐτῆς

79 577 268 604 διελεύσεται
280 579 416 613 ,ῥομφαία
427 586 434 594 ·
450 579 478 605 ὲν
492 576 625 614 μάρτυσιν
641 578 726 613 αὐτῆς
739 578 769 604 τὸ
783 578 870 610 κλέος,

80 624 128 650 καὶ
147 624 176 650 ὲν
202 625 387 660 μακαρισμοϊς
411 624 441 651 τὸ
459 625 536 659 ἅγιον
563 624 648 659 αὐτῆς
673 623 767 658 σῶμα·
783 623 817 649 δι’
838 620 872 658 ἧς

79 668 140 702 φῶς
162 669 284 697 ἀνέτειλε
307 669 347 705 τῷ
367 669 480 705 κόσμῳ·
498 670 557 704 ἢτοι
575 669 604 695 δὲ
623 669 723 704 ἔμεινε.
745 669 801 695 Καὶ
817 669 871 704 γὰρ

78 716 131 744 οὐκ
141 716 268 742 ἀδυνατεῖ
279 715 318 751 τῷ
330 715 390 750 Θεῷ
404 715 492 742 πάντα
502 715 598 747 ποιεῖν,
612 714 716 750 ὅσαπερ
731 713 854 748 βούλεται
862 720 869 727 ·

78 763 111 789 τὺ
127 762 204 793 τέλος
225 761 279 796 γὰρ
295 760 380 795 αὐτῆς
401 759 488 791 οὐδεὶς
507 759 587 793 ἐγνω.
605 759 682 794 Πέρα
701 757 748 784 τοῦ
768 757 872 789 δέοντος

78 808 111 834 οὐ
128 807 183 842 χρὴ
209 806 291 841 τιμᾷν
307 805 370 836 τοὺς
385 804 496 839 ἁγίους,
515 804 583 830 ἀλλὰ
608 804 690 838 τιμᾷν
713 803 758 829 τὸν
782 803 871 829 αὐτῶν

79 851 232 885 Δεσπότην.
261 848 414 876 Παυσὰσθω
437 847 527 874 τοίνυν
548 847 564 882 ἡ
588 846 675 882 πλάνη
697 846 751 872 τῶν
769 846 872 872 πεπλα-

80 883 294 931 νημένων.οῠτε
310 893 364 928 γὰρ
383 892 444 923 θεὸς
456 893 473 927 ἠ
489 891 594 927 Μαρία,
613 890 674 917 οὔτε
694 891 741 917 ἀπ’
754 891 869 926 οὐρανοῦ
887 883 907 911 Β

79 942 180 977 ἔχουσα
201 940 232 966 τὺ
254 939 345 975 σῶμα,
371 937 427 965 ἀλλ’
449 939 481 964 ὲκ
506 937 662 972 συλλήψεως
696 936 792 972 ἀνδρὸς
823 937 871 963 καὶ

79 986 220 1022 γυναικὸς,
240 985 299 1012 κατ’
322 983 488 1018 ἐπαγγελίαν
503 983 542 1015 δὲ,
563 982 657 1019 ὥσπερ
673 983 686 1009 ό
712 982 814 1014 Ἰσαὰκ,
831 983 871 1008 ol-

80 1030 274 1066 κονομηθεῖσσ..
296 1028 352 1056 Καὶ
377 1028 471 1064 μηδεὶς
496 1028 536 1059 εἰς
559 1026 645 1062 ὄνομα
668 1026 770 1062 ταύτης
787 1035 870 1062 προσ-

82 1076 189 1112 ρερέτω
198 1084 205 1091 ’
219 1074 316 1102 ἑαυτοῦ
327 1073 381 1109 γὰρ
391 1073 439 1109 τὴν
449 1072 536 1108 ψυχὴν
548 1072 674 1099 ἀπόλλει¹
686 1080 692 1086 ·
707 1072 775 1108 μήτε
788 1072 869 1099 πάλιν

79 1121 281 1158 ἐμπαροινείτω
306 1119 455 1156 ἐξυϐρίζων
479 1119 528 1154 τὴν
550 1118 630 1152 ἁγίαν
654 1118 801 1154 Παρθένον.
824 1118 869 1153 Μὴ

81 1169 136 1204 γὰρ
151 1168 271 1202 γένοιτοί
292 1166 322 1193 οὐ
354 1165 479 1201 συνήφθη
505 1165 588 1200 σαρκὶ
611 1164 679 1199 μετὰ
694 1164 743 1199 τὴν
761 1163 868 1198 κύησιν,

77 1214 143 1241 οὐδὲ
158 1213 212 1248 πρὸ
226 1213 275 1247 τῆς
287 1211 412 1247 κυήσεως
427 1210 473 1236 τοῦ
493 1210 628 1245 Σωτῆρος.

920 261 981 289 dem
1005 267 1032 289 et
1048 269 1168 290 errorem
1185 263 1214 290 in
1231 264 1360 291 mundum
1376 265 1529 293 introducta
1554 270 1628 299 sunt,
1646 275 1701 295 non

921 307 992 342 quod
1015 308 1104 336 sancti
1119 308 1247 343 cuiquam
1262 309 1421 338 oﬂensionis
1436 318 1530 338 ansam
1546 312 1700 346 praebeant,

921 351 968 379 sed
984 352 1056 387 quod
1071 353 1265 388 conquiescere
1279 361 1355 382 mens
1372 355 1513 382 hominum
1534 361 1657 391 nequeat.
1675 362 1703 385 et

921 399 954 423 ad
977 404 1060 432 prava
1088 398 1215 427 declinet.
1235 399 1340 426 Etenim
1362 400 1420 427 sive
1436 405 1542 428 mortua
1563 406 1606 429 est
1618 401 1701 437 Virgo

921 443 1097 470 sanctissima
1111 450 1143 471 ac
1158 444 1274 478 sepulta,
1288 451 1395 472 summo
1405 452 1467 472 cum
1480 446 1623 480 splendore
1637 453 1703 474 con-

919 487 1014 523 juncta
1035 495 1108 515 mors
1132 488 1205 515 illius
1222 492 1264 516 est
1278 510 1285 522 ,
1301 494 1329 516 et
1351 490 1523 518 castissimus
1546 490 1646 523 exitus,
1669 498 1702 519 ac

921 532 1083 567 virginitatis
1097 532 1121 560 ei
1140 540 1240 560 corona
1258 540 1406 566 concessa;
1425 534 1482 562 sive
1496 534 1637 563 interfecta
1648 556 1655 568 ,
1672 540 1702 563 ut

922 577 1044 604 indicare
1067 577 1209 611 Scriptura
1232 578 1338 606 videtur
1363 579 1405 606 his
1432 579 1542 607 verbis:
1565 579 1600 606 Et
1617 581 1702 615 ipsius

922 623 1039 649 animant
1060 623 1205 657 penetrabit
1216 622 1322 657 gladius
1333 624 1355 656 ³,
1377 623 1490 658 gloriam
1506 628 1640 660 martyres
1660 625 1703 652 in-

922 672 964 695 ter
982 675 1014 695 ac
1027 667 1112 696 decus
1129 668 1242 701 olitinet,
1257 673 1284 696 et
1299 676 1406 696 sacrum
1420 669 1493 697 illius
1510 676 1609 704 corpus
1627 670 1701 697 omni

922 713 1053 741 felicitate
1067 714 1234 741 cumulatum
1251 718 1310 747 est;
1330 722 1378 749 per
1397 722 1478 749 quam
1494 715 1597 742 mundo
1612 715 1702 743 lumen

922 758 1019 785 illuxit.
1039 757 1131 786 Potest
1149 758 1266 793 denique
1285 762 1312 786 et
1333 759 1360 785 in
1376 758 1430 785 vita
1450 759 1596 787 mansisse.
1611 758 1703 786 Potest

921 803 995 830 enim
1012 802 1085 830 Deus
1098 803 1231 838 quidquid
1244 803 1354 831 libuerit
1366 803 1471 832 edicere
1483 813 1490 838 ;
1506 812 1568 831 nam
1582 804 1615 832 de
1630 805 1703 832 illius

922 847 996 873 exitu
1012 847 1079 874 nihil
1098 851 1173 874 certo
1185 851 1305 874 constat.
1321 846 1408 874 Porro
1423 848 1494 874 ultra
1508 855 1588 883 quam
1604 855 1653 883 par
1669 849 1704 876 sit

923 896 1034 919 sanctos
1044 893 1168 919 venerari
1182 892 1259 920 nefas
1272 897 1330 925 est;
1347 893 1395 920 sed
1411 893 1518 920 illorum
1529 893 1703 922 honorandus

922 940 964 963 est
987 935 1128 964 Dominus.
1145 936 1325 970 Quamobrem
1344 937 1452 964 desinat
1479 937 1589 965 tandem
1615 937 1704 965 infeli-

922 981 995 1008 cium
1011 981 1056 1019 ille
1073 981 1213 1009 hominum
1232 990 1318 1009 error.
1334 981 1427 1016 Neque
1444 981 1516 1009 enim
1533 981 1618 1009 Maria
1634 981 1705 1010 Deus

921 1030 983 1059 est,
1002 1034 1091 1062 neque
1103 1027 1137 1054 de
1154 1027 1224 1055 caelo
1241 1027 1347 1063 1056
1362 1034 1461 1062 corpus
1477 1028 1593 1063 accepit,
1609 1028 1655 1055 sed
1671 1028 1705 1054 ab

923 1070 983 1098 \"iro
999 1078 1030 1097 ac
1050 1071 1165 1099 muliere
1181 1072 1282 1106 genita,
1297 1073 1406 1099 tametsi
1424 1080 1455 1099 ex
1472 1073 1662 1108 promissione,
1676 1077 1705 1100 ut

921 1117 986 1143 olim
1012 1116 1142 1150 lsaacus,
1162 1117 1295 1152 singulari
1320 1117 1367 1144 Dei
1389 1118 1423 1145 sit
1447 1118 1617 1152 providentia
1637 1126 1704 1146 con-

921 1169 1011 1190 cessa.
1025 1161 1109 1189 Nemo
1122 1170 1187 1190 vero
1209 1162 1237 1190 in
1258 1162 1331 1189 illius
1347 1171 1446 1191 nomen
1462 1164 1627 1191 sacrificium
1640 1164 1706 1192 ode-

923 1211 976 1240 rat,
991 1207 1094 1242 alioqui
1107 1208 1205 1235 animze
1218 1215 1273 1235 sua:
1287 1213 1400 1236 mortem
1414 1213 1495 1244 atque
1512 1209 1624 1236 exitium
1639 1217 1706 1237 con—

82 1262 191 1290 sciscet.
214 1260 307 1295 Neque
341 1265 406 1286 vero
428 1258 455 1285 in
493 1257 696 1284 sanctissimam
723 1256 797 1282 illam
830 1255 1026 1283 contumeliose
1046 1255 1221 1286 perbacchari
1241 1255 1350 1283 audeat.
1373 1256 1451 1284 Absit
1471 1257 1563 1291 enim,
1589 1261 1620 1284 ut
1645 1262 1706 1293 post

82 1308 185 1336 editum
201 1306 368 1334 Salvatorem
379 1325 388 1339 ,
403 1308 450 1332 aut
476 1307 540 1331 ante
559 1307 679 1338 partum,
699 1310 800 1338 corpus
818 1310 882 1329 cum
903 1303 959 1330 ullo
972 1303 1147 1337 conjunxisse
1160 1303 1277 1330 dicatur.

117 1354 183 1381 KE‘.
201 1351 257 1380 Καὶ
272 1350 359 1379 ταῦτα
386 1349 437 1386 μὲν
461 1348 496 1375 τὰ
516 1348 594 1383 ὀλίγα
618 1349 658 1380 είς
680 1348 795 1380 ἑαυτοὺς
815 1347 873 1374 δια-

83 1400 269 1435 σκοπήσαντες
281 1417 288 1429 ,
305 1396 466 1432 ἐγράψαμεν
486 1396 542 1427 τοῖς
559 1394 731 1430 βουλομένοις
750 1402 873 1429 καταμα-

82 1446 139 1472 θεῖν
153 1445 204 1479 τῆς
224 1442 335 1479 Γραφῆς
350 1441 399 1477 τὴν
412 1441 551 1477 ἀλήθειαν,
573 1440 622 1467 καὶ
641 1440 679 1476 μὴ
693 1439 781 1475 μάτην
804 1447 874 1475 παρ-

80 1491 165 1517 οινεῖν
179 1490 235 1520 τοῖς
252 1487 357 1522 λόγοις,
373 1486 420 1513 καὶ
437 1485 596 1521 βλάσφημόν
617 1493 678 1512 τινα
699 1485 807 1516 ἑαυτοῖς
829 1483 874 1516 ἐξ·

82 1534 241 1567 οπλίζεσθαι
266 1533 402 1567 γλῶτταν.
422 1532 455 1558 Et
472 1531 501 1557 δὲ
527 1530 664 1566 βούλονταί
685 1538 756 1576 τινες
780 1528 871 1576 ἀνέχε-
885 1546 906 1576 c

83 1582 146 1609 σθαι
159 1582 181 1612 ¹.
198 1579 259 1607 οὐδὲ
280 1577 476 1613 καταδέχεσθαι
490 1577 524 1604 τὰ
541 1576 679 1611 ὲπωφελῆ,
693 1575 761 1602 ἀλλὰ
772 1575 871 1610 μᾶλλον

81 1625 228 1654 τάναντία·
246 1624 293 1652 καὶ
306 1623 353 1658 ἀφ’
371 1621 448 1658 ἡμῶν
470 1621 525 1648 τῶν
547 1620 663 1647 εὐτελῶν
683 1620 758 1647 ἔσται
776 1619 871 1655 ῥητέον

82 1671 124 1704 τὸ,
142 1671 174 1697 'O
201 1669 319 1697 ἀκούων
349 1666 498 1697 ἀκουέτω,
514 1665 564 1692 καὶ
590 1666 607 1692 ὁ
631 1663 762 1692 ἀπειθῶν
786 1664 870 1690 ἀπει-

83 1717 185 1744 θείτωο
205 1715 241 1750 μή
256 1723 282 1740 τι
297 1714 353 1745 τοῖς
365 1711 524 1743 ἀποστόλοις
538 1710 621 1738 κόπον
635 1709 787 1744 παρεχέτω,
803 1709 871 1744 μήτε

83 1763 150 1798 ἡμῖν
175 1760 283 1796 μηκέτι.
314 1759 349 1785 'A
369 1758 423 1793 γὰρ
446 1757 556 1793 ᾔδειμεν
580 1756 727 1791 σεμνότερα
748 1755 804 1798 καὶ,
823 1754 872 1781 ἐπ-

84 1796 176 1841 ωφελῆ
184 1805 218 1840 τῇ
233 1801 390 1838 Ἐκκλησίᾳ,
398 1801 484 1828 ταῦτα
499 1800 566 1836 ’περὶ
578 1799 627 1834 τῆς
639 1798 720 1833 ἁγίας
734 1796 871 1832 Παρθένου

85 1851 237 1887 είρήκαμεν
247 1867 255 1881 ,
271 1846 483 1883 συνηγοροῦντες
503 1846 536 1881 τῇ
563 1844 634 1872 κατὰ
652 1844 740 1870 πάντα
755 1851 872 1878 ,κεχαρι-

84 1895 205 1931 τωμένῃ,
220 1893 258 1926 ὡς
270 1891 346 1920 εἶπεν
355 1893 369 1919 ό
382 1890 505 1927 Γαὸριήλ
513 1899 520 1905 ·
532 1889 629 1924 Χαῖρε,
642 1888 870 1924 κεχαριτωμένη,

85 1941 102 1967 ὁ
125 1939 233 1973 Κύριος
253 1937 330 1972 μετὰ
352 1935 421 1963 σοῦ.
437 1936 469 1962 El
484 1935 512 1961 δὲ
537 1935 551 1961 6
570 1934 670 1969 Κύριος
695 1934 753 1969 μετ’
776 1933 871 1968 αὐτῆς,

85 1984 144 2015 πῶς
160 1983 236 2010 ἔσται
250 1983 279 2009 ὲν
294 1980 409 2017 συζυγίᾳ
425 1980 525 2016 ἑτέρας
543 1979 606 2011 Πῶς
617 1979 645 2005 δὲ
662 1979 742 2015 σαρκὶ
759 1978 873 2014 πλησιά-

86 2030 171 2061 ζουσα
191 2028 268 2055 ἔσται
288 2027 341 2054 ὑπὸ
355 2025 457 2061 Κυρίου
474 2024 678 2059 φυλαττομένης
701 2024 733 2051 υί
755 2025 828 2057 ἆγιοι
842 2024 872 2050 ὲν

85 2073 163 2107 τιμῇ,
177 2072 193 2107 ἡ
209 2071 361 2102 ἀνάπαυσις
383 2069 472 2096 αὐτῶν
497 2070 527 2096 ὲν
558 2068 640 2105 δόξῃ,
669 2069 686 2104 ὴ
709 2068 872 2096 ἀπεντεῦθεν

86 2117 174 2144 αὐτῶν
197 2115 313 2152 ὲκδημία
333 2116 363 2142 ὲν
386 2114 544 2149 τελειότητι,
570 2115 585 2140 ὁ
615 2114 714 2149 κλῆρος
733 2113 822 2140 αὐτῶν
843 2113 872 2139 ὲν

88 2161 268 2196 μακαριότητι
282 2160 351 2196 (Η),
363 2160 393 2186 ὲν
410 2160 503 2194 μοναῖς
519 2158 620 2193 ἁγίαις,
632 2159 646 2184 ὀ
659 2157 737 2193 χορὸς
749 2158 807 2194 μετ’
820 2159 871 2193 ἁγ-

955 1347 1038 1375 Χχν.
1058 1347 1121 1376 Haec
1144 1348 1299 1380 habuimus,
1319 1356 1379 1383 qua:
1396 1349 1467 1384 apud
1504 1356 1557 1378 nos
1577 1350 1706 1378 meditata

923 1392 950 1419 iu
968 1400 1063 1420 eorum
1076 1393 1191 1428 gratiam
1204 1393 1278 1420 brevi
1292 1393 1440 1428 scriptione
1453 1395 1705 1430 complecteremur,

923 1437 970 1472 qui
989 1445 1129 1465 sacrarum
1151 1430 1315 1467 Litterarum
1331 1439 1630 1476 veritatem~percipere
1647 1446 1707 1469 stu-

922 1483 1002 1518 dent,
1013 1491 1102 1518 neque
1115 1487 1217 1512 temere
1239 1485 1411 1513 sermonibus
1424 1485 1565 1519 insultare,
1584 1491 1630 1514 aut
1641 1495 1708 1515 con-

923 1529 1091 1556 tumeliosam
1109 1528 1161 1556 sibi
1179 1529 1246 1564 ipsis
1266 1529 1383 1565 linguam
1402 1531 1561 1565 producere.
1583 1531 1661 1565 Quod
1684 1534 1707 1561 si

924 1574 970 1608 qui
995 1573 1126 1610 refragari
1149 1575 1255 1608 malint,
1272 1582 1305 1602 ac
1325 1576 1423 1611 spretis
1439 1577 1561 1609 utilibus,
1578 1585 1639 1612 quae
1665 1579 1708 1607 his

924 1619 1065 1646 contraria
1085 1623 1150 1647 sunt
1170 1621 1310 1655 amplecti,
1328 1628 1345 1647 a
1359 1621 1438 1649 nobis
1454 1621 1555 1650 inlimis
1573 1630 1708 1658 usurpan-

924 1663 988 1691 dum
1005 1664 1071 1691 illud
1087 1665 1159 1692 erit:
1180 1665 1233 1698 Qui
1253 1666 1339 1699 audit,
1367 1665 1476 1698 audiat;
1499 1667 1543 1699 qui
1566 1673 1708 1695 contumax

924 1712 980 1740 est,
1008 1713 1152 1735 contumax
1177 1714 1233 1736 esto
1243 1708 1264 1741 ⁵,
1282 1716 1314 1736 ac
1338 1716 1426 1743 neque
1451 1711 1592 1744 apostolis,
1620 1719 1708 1746 neque

924 1753 1004 1781 nobis
1020 1754 1138 1789 amplius
1154 1754 1286 1782 molestus
1303 1754 1349 1781 sit.
1372 1753 1438 1787 Quae
1460 1756 1531 1782 enim
1555 1756 1707 1791 religiosis-

924 1799 992 1826 sima
1013 1803 1040 1826 et
1047 1799 1175 1826 Ecclesiae
1189 1798 1330 1826 fructuosa
1346 1806 1407 1826 esse
1421 1800 1594 1834 putabamus,
1607 1804 1663 1829 haec
1674 1803 1708 1830 de

926 1844 1102 1872 sanctissima
1119 1843 1232 1879 Virgine
1243 1851 1339 1871 sumus
1355 1844 1482 1879 professi,
1496 1849 1525 1872 ut
1538 1845 1598 1880 ejus
1616 1852 1708 1882 patro-

924 1891 1027 1918 cinium
1048 1890 1261 1925 susciperemus,
1277 1898 1338 1925 quae
1353 1890 1441 1925 gratia
1470 1890 1628 1925 plenissima
1644 1897 1706 1920 est:

925 1938 956 1962 ut
970 1934 1080 1962 Gabriel
1096 1934 1204 1961 locutus
1219 1937 1262 1962 est
1276 1942 1284 1961 :
1299 1937 1362 1966 Ave,
1381 1935 1467 1970 gratia
1480 1935 1567 1970 plena,
1580 1936 1708 1964 Dominus

925 1984 1009 2007 tecum
1021 1979 1042 2006 ⁵.
1061 1978 1140 2012 Quod
1161 1979 1184 2007 si
1206 1987 1269 2006 cum
1284 1979 1342 2014 ipsa
1358 1979 1489 2008 Dominus
1508 1984 1559 2013 est,
1572 1982 1709 2016 quomodo

925 2025 1041 2053 alterum
1071 2025 1229 2061 conjugium
1261 2026 1406 2053 admisisse
1426 2027 1536 2061 potest?
1563 2027 1708 2069 Quonam,

925 2071 1047 2106 inquam,
1064 2075 1144 2106 pacto
1156 2078 1216 2106 quae
1232 2071 1325 2099 carnis
1339 2072 1567 2099 consuetudinem
1583 2073 1707 2105 haberet,

929 2122 945 2142 a
961 2114 1077 2142 Domino
1092 2116 1197 2143 servari
1213 2115 1332 2143 dicitur?
1348 2115 1493 2146 Enimvero
1508 2117 1596 2144 sancti
1613 2125 1708 2146 omnes

925 2168 1024 2196 magno
1035 2161 1063 2187 in
1079 2161 1183 2188 honore
1194 2166 1267 2188 sunt.
1279 2161 1381 2188 Horum
1394 2164 1436 2187 est
1450 2160 1568 2196 gloriosa
1581 2162 1689 2196 requies
1698 2183 1707 2196 ,

86 2207 182 2241 γέλων,
197 2207 214 2241 ἡ
231 2206 320 2233 δίαιτα
343 2207 372 2232 ὲν
388 2205 506 2241 οὐρανῷ,
521 2205 553 2232 τὸ
569 2205 719 2240 πολίτευμα
741 2205 769 2231 ὲν
786 2204 871 2237 θείαις

927 2205 1024 2232 horum
1035 2213 1068 2233 ex
1079 2206 1129 2232 hac
1144 2206 1198 2232 vita
1208 2205 1347 2233 discessus
1361 2205 1394 2232 ad
1409 2205 1601 2240 perfectionem
1617 2209 1708 2233 trans-

87 2251 219 2285 Γραφαίς,
233 2251 264 2277 τὸ
277 2250 354 2282 κλέος
366 2250 395 2276 ὲν
406 2250 473 2285 τιμῇ
487 2249 674 2285 ἁσυνεικάστῳ
684 2249 731 2275 καὶ
746 2249 872 2284 διηνεκεῖ,

86 2297 120 2323 τὰ
132 2295 248 2332 βραδεῖα
264 2297 293 2322 ὲν
304 2295 414 2331 Χριστῷ
430 2295 517 2330 Ἰησοῦ
531 2294 570 2330 τῷ
584 2295 678 2331 Κυρίῳ
690 2295 767 2330 ἡμῶν
776 2302 783 2309 '
798 2295 831 2321 δι’
844 2292 874 2323 οὗ

86 2340 133 2367 καὶ
148 2340 206 2376 μεθ’
221 2337 252 2367 οὗ
273 2340 337 2372 δόξα
358 2339 398 2376 τῷ
412 2340 499 2376 Πατρὶ
522 2341 570 2367 σὺν
585 2340 655 2375 ἁγίῳ
677 2339 817 2375 Πνεύματι
835 2341 875 2372 είς

86 2386 198 2418 αίῶνας.
218 2387 316 2422 Ἀμήν.

922 2251 977 2279 itus
993 2255 1035 2279 est
1046 2271 1054 2284 ,
1071 2251 1228 2278 eorumdem
1244 2252 1271 2278 in
1289 2251 1416 2278 felicitate
1435 2259 1513 2283 sors,
1534 2251 1560 2277 in
1586 2251 1706 2279 sanctis-

925 2296 1002 2324 simis
1015 2296 1159 2324 domiciliis
1175 2296 1246 2324 inter
1259 2297 1416 2332 angelorum
1436 2297 1535 2324 choros
1549 2301 1705 2330 versantur,

929 2341 1063 2369 habitatio
1076 2341 1103 2369 in
1121 2342 1201 2374 cmlo,
1218 2342 1362 2376 occupatio
1379 2342 1406 2369 in
1427 2342 1514 2369 sacris
1529 2341 1638 2369 Litteris
1652 2346 1705 2376 est,

927 2387 1012 2415 decus
1028 2394 1060 2414 ac
1075 2387 1204 2422 splendor
1220 2387 1386 2422 sempiterno
1405 2388 1432 2414 in
1454 2388 1557 2414 honore
1569 2388 1706 2422 consistit,

86 2441 167 2469 quem
197 2434 272 2461 nulla
302 2433 460 2468 conjectura
488 2437 578 2468 potest
603 2433 730 2468 assequi,
758 2433 870 2469 praemia
907 2433 1026 2469 denique
1049 2435 1076 2461 in
1106 2434 1215 2462 Christo
1257 2433 1322 2462 Jesu
1351 2434 1465 2462 Domino
1492 2439 1588 2461 nostro
1618 2435 1708 2470 posita

87 2486 170 2514 sunt;
196 2488 246 2516 per
267 2488 363 2516 quem,
379 2485 406 2508 et
428 2487 546 2515 quocum
571 2481 654 2516 gloria
681 2480 752 2508 Patri
778 2489 839 2508 cum
859 2486 955 2509 sancto
969 2481 1072 2517 Spiritu
1088 2482 1115 2508 in
1129 2482 1238 2509 saecula.
1254 2481 1350 2509 Amen.

121 2527 374 2562 Προσαγορεύουσιν
396 2527 468 2562 ὑμᾶς
487 2526 587 2559 πάντες
601 2528 625 2553 el
646 2527 764 2562 ἀδελφοί.
783 2528 872 2564 Προσ-

87 2571 179 2598 είιτατε
196 2571 224 2598 δὲ
241 2572 286 2598 καὶ
301 2571 378 2599 αὐτοὶ
391 2571 494 2607 πᾴντας
510 2572 572 2604 τοὺς
588 2573 653 2608 παρ’
668 2573 732 2608 ὑμῖν
743 2573 873 2609 ἀδελφοὺς

87 2617 198 2648 πιστοὺς
218 2616 383 2652 ὀρθοδόξους,
402 2617 566 2652 στυγοῦντας
591 2618 778 2654 ὑπερηφανίαν
791 2637 799 2652 ,
825 2627 870 2653 μι-

961 2529 1062 2556 Omnes
1081 2536 1130 2556 vos
1150 2529 1248 2556 fratres
1272 2529 1419 2563 plurimum
1442 2527 1572 2554 salutant.
1597 2526 1651 2554 Vos
1668 2527 1709 2554 vi-

925 2574 1020 2602 cissim
1037 2574 1152 2602 salutem
1174 2574 1312 2605 omnibus,
1328 2574 1374 2608 qui
1397 2573 1469 2608 apud
1495 2581 1544 2600 vos
1559 2576 1633 2604 sunt,
1652 2571 1706 2599 fra-

925 2619 1011 2647 tribus
1021 2619 1115 2652 dicite,
1135 2619 1186 2647 hoc
1201 2624 1243 2647 est
1258 2619 1384 2647 fidelibus
1401 2620 1515 2647 sincera:
1540 2618 1600 2646 ﬁdei
1619 2618 1707 2644 culto-

121 2703 132 2720 ί
149 2703 216 2739 Reg.
231 2703 368 2732 ἀπολλύει.
407 2705 457 2732 'F.
475 2705 644 2741 ἀντέχεσθαι.
683 2706 694 2722 ⁸
707 2705 774 2735 Luc.
787 2714 817 2739 ιι,
832 2707 871 2734 55η

936 2707 1034 2736 Ezech.
1048 2715 1088 2741 ιιι,
1101 2707 1145 2734 27.
1185 2709 1194 2724 ¹
1211 2708 1277 2735 Luc.
1293 2716 1313 2742 ι,
1328 2708 1373 2736 28.

120 2792 176 2827 (ll)
193 2792 225 2819 '0
238 2792 362 2832 "adimat:
372 2792 469 2819 αὐτῶν
487 2793 522 2820 ἐν
543 2794 747 2832 μακαριότητι,
760 2793 796 2821 Ex
814 2794 864 2832 hoc

924 2794 1102 2827 liscesserint,
1126 2795 1357 2832 animaswcualestt
1385 2795 1510 2821 felicitate
1529 2793 1642 2828 perfrui,
1660 2801 1706 2822 ne-

88 2826 147 2854 loeo
171 2826 344 2854 manifestum
361 2833 419 2859 est,
440 2833 608 2862 sanctorum,
620 2826 664 2857 ubi
691 2826 723 2856 cx
742 2830 791 2857 huc
812 2830 866 2856 vita
919 2837 971 2865 quc
986 2837 1143 2865 supremum
1157 2831 1252 2865 judicii
1270 2835 1376 2864 tempus
1389 2826 1555 2863 exspectaro.
