1945 3043
250 147 305 177 739

956 143 985 170 S.
1013 141 1183 170 EPIPIIANII

1832 139 1895 169 760

253 204 339 237 ribus,
363 202 409 238 qui
435 201 591 238 superbiam
617 204 789 233 aversantur,
805 200 852 236 qui
870 200 1032 228 Arianorum

1087 198 1200 230 σοῦντας
1213 197 1355 225 κοινωνίαν
1373 196 1530 233 ’Δρειανῶν.
1552 196 1599 224 καὶ
1613 195 1804 223 Σαϐελλιανῶν
1821 197 1895 232 ἐρο-

252 247 470 277 communionem
487 250 515 273 et
534 245 753 273 Sabellianorum
782 246 945 281 proterviam
968 246 1035 274 ode-

253 298 327 326 runt,
347 293 394 328 qui
416 291 678 320 consubstantialem
696 291 857 319 Trinitatem
877 291 1035 327 proﬁtentes

252 339 367 366 adorant
394 337 514 370 Patrem,
535 341 563 364 et
577 337 687 370 Filium,
699 340 727 365 et
741 337 873 373 Spiritum
897 340 1034 369 sanctum,

253 388 310 412 tres
334 391 477 419 personas,
498 387 524 410 et
541 391 622 410 unam
641 384 822 411 substantiam
835 404 843 416 ,
861 390 894 411 ac
908 383 1035 410 divinila-

253 433 316 461 tem,
331 436 466 463 unamque
492 428 618 463 gloriam,
633 429 735 464 quique
753 428 787 456 de
817 429 929 456 salutari
945 428 1036 455 incar-

252 474 372 501 nationis
384 473 491 500 Domini
506 473 636 509 mysterio
651 473 757 501 sincere
784 481 816 501 ac
832 473 902 500 citra
914 481 1035 500 errorem

252 519 374 547 sentiunt
385 539 393 552 ,
409 526 442 546 ae
455 519 593 546 Christum
610 519 690 553 plane
702 519 840 546 hominem
854 526 915 546 esse
932 517 1035 546 factum

251 564 458 599 perfectumque
476 565 579 600 1057
602 564 703 596 Deum,
723 572 755 592 ac
775 564 925 600 perfectum
950 564 1036 591 homi-

251 617 313 638 nem
329 611 508 642 arbitrantur,
524 611 628 645 peccali
643 611 732 638 omnis
743 615 881 646 expertem
896 629 903 642 ,
915 611 962 645 qui
977 617 1036 637 cor-

253 662 305 689 pus
321 654 354 681 de
366 653 451 681 Maria
466 655 628 689 susceperit,
644 663 698 682 una
714 663 775 682 eum
789 655 879 682 anima
894 659 921 682 et
934 658 1033 686 mente,

251 699 425 734 eazterisque,
441 699 542 734 quibus
558 700 696 726 hominum
711 704 808 727 natura
822 704 929 727 constat
942 709 949 727 :
966 699 1036 727 adeo

251 749 280 772 ut
292 752 346 771 non
359 744 414 771 duo
427 745 493 777 siut,
515 745 561 772 sed
577 753 648 773 unus
660 746 800 778 Dominus,
814 753 940 780 unusque
951 745 1033 778 Deus,

251 798 323 817 unus
338 798 394 822 rex,
415 799 487 818 unus
506 790 638 826 pontifex,
655 790 727 819 Deus
743 796 769 818 et
793 791 887 824 homo,
906 791 988 818 homo
1002 799 1035 819 ac

251 834 340 867 Deus;
359 842 415 861 non
439 835 512 869 duo,
529 835 576 867 sed
600 843 688 866 unus,
710 836 835 870 inquam,
857 843 890 863 ex
915 835 1031 870 duplicis

1086 245 1206 280 σχελίαν,
1217 244 1356 279 τιμῶντας
1366 243 1395 269 δὲ
1407 243 1556 278 ὀμοουσίως
1565 243 1615 277 τὴν
1628 242 1649 268 Τ
1653 242 1739 277 ριάδα,
1751 241 1833 268 Πατέ
1839 250 1891 276 pa.

1084 291 1133 318 καὶ
1147 290 1222 322 Υίὸν,
1237 289 1285 316 καὶ
1300 289 1379 322 ἆγιον
1393 288 1518 323 Πνεῦμα,
1529 289 1605 324 τρεῖς
1619 288 1794 319 ὑποστάσεις,
1813 287 1893 322 μίαν

1083 337 1189 369 οὐσίαν,
1208 336 1255 362 καὶ
1269 334 1386 369 Θεότητα
1404 334 1479 368 μίαν,
1497 334 1543 359 καὶ
1564 331 1731 364 ἁπαξαπλῶς
1747 332 1820 367 μίαν
1841 331 1892 358 δο-

1085 382 1226 416 ξολογίαν-
1251 380 1349 415 καὶμὴ
1366 379 1567 414 σφαλλομένους
1588 378 1654 413 περὶ
1674 378 1725 413 τὴν
1745 377 1796 404 τοῦ
1821 378 1888 404 Σω-

1083 426 1167 460 τῆρος
1181 424 1259 460 ἡμῶν
1279 424 1410 459 σωτήριον
1424 423 1579 458 οἰκονομίαν
1593 421 1639 448 καὶ
1658 421 1792 456 ἐνσαρκον
1807 430 1890 457 παρ-

1084 471 1188 503 ουσίαν,
1200 470 1268 497 ἀλλὰ
1281 468 1459 500 πιστεύοντας
1471 467 1581 500 τελείως
1599 467 1647 503 τὴν
1662 467 1782 503 Χριστοῦ
1795 468 1889 494 ἐναν-

1085 516 1236 553 Θρώπησιν,
1250 515 1351 542 τέλειον
1363 514 1439 546 Θεὸν,
1453 514 1553 540 τέλειον
1564 513 1610 539 τὸν
1624 512 1703 540 αὑτὸν
1719 512 1886 548 ἄνθρωπον,

1084 563 1168 598 χωρὶς
1183 561 1328 596 ἁμαρτίας,
1341 559 1460 587 λαϐόντα
1475 559 1541 586 αὐτὸ
1555 559 1587 586 τδ
1599 558 1677 593 σῶμα
1687 557 1740 585 ἀπὸ
1750 558 1886 593 Μαρίας,

1085 608 1132 634 καὶ
1148 606 1236 642 ψυχὴν
1249 605 1376 638 λαϐόντα,
1402 605 1449 632 καὶ
1467 604 1530 631 νοῦν
1548 604 1595 631 καὶ
1613 603 1702 630 πάντα
1714 603 1742 630 εἷ
1755 603 1783 629 τί
1801 603 1887 630 ἐστιν

1084 652 1243 688 ἄνθρωπος,
1260 651 1345 686 χωρὶς
1366 650 1516 686 ἁμαρτίας.
1539 650 1569 677 οὐ
1586 649 1633 676 δύο
1647 649 1721 681 ὄντα,
1743 649 1805 676 ἀλλ’
1830 649 1886 676 ἕνα

1085 698 1196 734 Κύριον,
1215 699 1262 724 ἕνα
1286 697 1363 730 Θεὸν,
1379 697 1430 724 ἕνα
1446 697 1567 732 βασιλέα,
1581 696 1629 723 ἕνα
1649 696 1791 732 ἀρχιερέα,
1809 696 1885 723 Θεὸν

1084 744 1132 771 καὶ
1144 743 1297 779 ἄνθρωπον,
1312 743 1455 778 ἄνθρωπον
1471 743 1516 769 καὶ
1530 742 1607 774 Θεὸν,
1623 742 1653 768 οὺ
1669 741 1725 775 δύο,
1740 741 1800 769 ἀλλ’
1815 742 1883 772 ἕνα,

1085 789 1269 816 συνενωθὲντα
1284 789 1335 816 οὐκ
1349 790 1388 821 είς
1410 789 1549 823 σύγχυσίν,
1564 789 1618 815 οὐδ’
1634 789 1674 820 εἰς
1690 788 1881 824 ἀνυπαρξίαν,

1085 835 1142 862 ἀλλ’
1157 837 1197 867 είς
1213 835 1334 871 μεγάλην
1347 835 1457 871 χάριτος
1467 835 1632 870 οἰκονομίαν.
1646 833 1802 870 Ἔρρωσθε.

250 887 355 910 natura:
384 882 577 918 conjunctione
610 883 753 914 conﬂatus,
769 891 822 911 non
857 889 887 911 ut
918 883 1020 918 aliquid
1048 883 1204 915 confusum,
1221 887 1268 911 aut
1287 883 1315 910 in
1342 884 1456 911 nihilum
1477 883 1617 911 redactum
1640 882 1692 914 sit,
1720 881 1769 909 sed
1790 881 1821 908 in
1843 888 1882 908 eo

253 930 347 957 omnia
364 930 421 957 sint
437 929 470 956 ad
487 937 622 958 summam
633 930 733 958 divinae
748 931 844 966 gratiae
863 931 1124 959 administrationem
1140 930 1270 966 perfecta.
1284 929 1386 958 Valete.

285 975 343 1003 Hoc
357 977 478 1011 epistola
493 978 618 1012 exemplo
631 977 765 1010 contenti,
782 977 856 1012 quod
873 977 907 1004 ad
925 977 1032 1004 illorum

1120 976 1165 1012 Τῷ
1189 977 1218 1003 δὲ
1245 977 1293 1012 τῆς
1317 975 1462 1012 ἐπιστολῆς
1485 975 1645 1011 ἀντιγράφῳ
1671 974 1879 1010 ἀρκεσθέντες.

250 1021 430 1049 refellendum
444 1026 567 1049 errorem
588 1022 715 1049 idoneum
735 1026 788 1056 est,
806 1029 838 1049 ac
854 1023 923 1050 satis
938 1029 1034 1057 super—

250 1074 304 1102 que
316 1067 405 1102 egisse
416 1074 466 1095 nos
477 1067 612 1100 arbitrati,
630 1067 664 1094 ab
673 1067 724 1094 hac
736 1067 833 1095 haeresi
851 1067 1032 1100 discedemus,

247 1119 334 1146 quam
352 1112 488 1146 serpentis
505 1119 520 1138 e
535 1110 670 1138 foramine
685 1111 847 1146 prodeuntis
875 1112 971 1146 instar,
990 1120 1034 1140 sa-

250 1156 420 1191 pientissime
442 1156 489 1184 Dei
510 1157 635 1184 doctrina
658 1164 690 1184 ac
706 1157 828 1192 potentia
855 1159 934 1193 (quae
960 1158 1034 1186 velut

249 1206 344 1238 styrax
357 1202 451 1230 orbem
464 1206 599 1229 terrarum
614 1201 763 1237 fragrantia
778 1210 838 1234 sua,
854 1203 907 1230 hoc
919 1207 962 1231 est
973 1211 1034 1231 san-

249 1252 355 1273 ctorum
377 1246 542 1281 virginitatis
561 1247 688 1279 ﬁliorum,
707 1247 787 1282 cujus
808 1247 838 1274 Β.
860 1247 942 1283 Virgo
960 1248 1035 1283 prin-

250 1298 315 1325 ceps
330 1295 384 1322 est,
401 1291 503 1318 virtute
517 1291 693 1326 complevit),
705 1296 732 1318 et
743 1292 819 1320 iiiius
834 1293 974 1327 praesidio,
986 1293 1034 1328 qui

249 1343 299 1370 per
313 1335 437 1362 eamdem
454 1335 592 1371 Virginem
606 1336 670 1364 huic
681 1337 784 1364 mundo
804 1337 897 1365 lumen
919 1338 1033 1372 invexit,

250 1388 313 1408 cum
332 1380 466 1410 hactenus
483 1381 510 1408 in
527 1382 615 1409 lucem
633 1384 797 1416 eruerinms,
815 1387 898 1418 atque
912 1385 1033 1413 exitialis

250 1426 324 1454 illius
349 1427 477 1461 nequitite
503 1427 579 1455 virus
604 1427 833 1463 patefecerimus,
860 1430 895 1457 ad
919 1435 1033 1459 caeteras

250 1471 402 1498 orationem
416 1472 647 1506 promovebimus,
664 1480 719 1507 quo
730 1473 795 1500 huic
806 1474 883 1509 operi
903 1475 1035 1509 singulari

251 1515 298 1542 Dei
322 1516 372 1551 o'pe
396 1520 522 1552 suscepto
544 1516 624 1545 finem
649 1518 797 1553 aliquando
824 1519 932 1548 tandem
953 1521 1032 1548 adhi-

250 1561 374 1589 beamus.

399 1617 585 1646 ADVERSUS
603 1617 890 1653 COLLVBIDHNOS,

1083 1022 1174 1054 καλῶς
1194 1022 1283 1058 ἔχοντι
1299 1022 1367 1058 πρὸς
1383 1022 1432 1057 τὴν
1448 1022 1551 1048 τούτων
1565 1021 1719 1052 ἀντίϐεσιν,
1745 1020 1801 1051 ἕως
1824 1016 1880 1046 ὧδε

1085 1067 1184 1099 ίκανῶς
1197 1067 1267 1103 ἔχειν
1278 1066 1482 1102 δοκιμάζοντες,
1498 1066 1545 1093 καὶ
1557 1064 1659 1101 ταύτην
1673 1066 1702 1105 ὲν
1716 1065 1778 1100 Θεῷ
1789 1065 1879 1099 ὑπερ-

1083 1113 1241 1148 δεὸηκότες,
1253 1112 1291 1144 ὡς
1306 1111 1420 1147 ἑρπετὸν
1433 1111 1487 1138 ἀπὸ
1498 1111 1569 1146 ὀπῆς
1583 1110 1737 1146 προκύψαν,
1748 1110 1796 1136 διὰ.
1812 1117 1879 1136 σνν-

1081 1160 1148 1195 ετῆς
1173 1159 1242 1186 Θεοῦ
1263 1158 1438 1190 διδασκαλίας
1460 1167 1491 1185 τε
1516 1159 1564 1185 καὶ
1581 1158 1738 1192 δυνάμεως,
1762 1156 1813 1191 τῆς
1834 1155 1878 1187 ὡς

1085 1207 1218 1242 στύρακος
1239 1206 1374 1241 πνεούσης
1394 1204 1520 1240 εὐοδμίαν
1535 1204 1564 1231 ὲν
1587 1204 1681 1238 κόσμῳ
1706 1203 1749 1229 ἐπ’
1773 1203 1875 1238 ἀρετῇ,

1083 1252 1131 1278 καὶ
1150 1251 1234 1286 ἁγίων
1252 1250 1354 1277 παίδων
1369 1249 1419 1285 τῆς
1435 1249 1594 1285 παρθενίας,
1615 1248 1668 1274 ἀπὸ
1691 1246 1803 1282 Μαρίας
1822 1246 1877 1282 ἁρ-

1084 1296 1202 1332 ξαμένης
1215 1295 1263 1331 τῆς
1276 1295 1368 1329 ἁγίας,
1383 1294 1429 1321 διὰ
1440 1293 1487 1321 τοῦ
1503 1293 1534 1326 ὲξ
1547 1293 1632 1328 αὐτῆς
1650 1292 1707 1327 φῶς
1720 1291 1759 1327 τῷ
1776 1291 1876 1327 κόσμῳ

1084 1342 1275 1373 ἀνατείλαντος
1285 1362 1292 1375 ,
1306 1340 1489 1374 διελέγξαντες
1499 1359 1506 1373 ,
1526 1339 1574 1366 καὶ
1587 1338 1631 1365 τὸν
1647 1337 1732 1365 καχδν
1759 1337 1799 1364 ίὸν
1824 1338 1876 1371 τῆς

1084 1386 1253 1423 ἑρπετώδους
1272 1386 1423 1422 μοχθηρίας
1439 1384 1529 1411 αὐτῶν
1550 1384 1743 1416 ἐπιδείξαντες,
1761 1383 1810 1409 ἐπὶ
1823 1382 1875 1414 τὰς

1084 1433 1180 1469 ἑτέρας
1201 1432 1281 1459 πάλιν
1302 1431 1473 1467 βαδίσωμεν,
1491 1431 1531 1463 είς
1550 1429 1691 1457 τελείωσιν
1706 1429 1757 1465 τῆς
1780 1428 1875 1464 πάσης

1084 1479 1112 1505 ὲν
1129 1478 1188 1514 Θεῷ
1204 1478 1404 1513 πραγματείας.

1273 1619 1367 1646 ΚΑΤΑ
1386 1616 1678 1649 ΚΟΔΛΪῬῘΔῙΑΝΩΝ,

251 1662 303 1695 Qui
332 1661 427 1689 Mariae
452 1664 760 1700 racriﬁcr’spLgfferunt,
773 1665 881 1693 Incensi:
891 1665 967 1699 LIX,
981 1667 1032 1695 sive

1086 1664 1146 1693 Τῶν
1156 1665 1193 1700 τῇ
1201 1665 1297 1699 Μαρίᾳ
1308 1664 1550 1700 προσφερόντων,
1562 1660 1756 1700 πεντηκοστὴ
1767 1661 1869 1696 ἐνάτη,

578 1698 710 1726 LXXIX.

284 1741 305 1768 l.
325 1741 391 1770 Post
416 1743 584 1778 superiorem
610 1745 683 1772 illam
710 1745 837 1777 haeresim
860 1746 983 1781 proxime
998 1747 1034 1774 ad

249 1793 300 1814 nos
324 1787 436 1816 alterius
454 1788 597 1823 cujusdam
622 1790 696 1817 fama
723 1791 826 1825 perlata
851 1796 908 1824 est,
931 1791 966 1819 de
978 1799 1033 1827 qua

247 1832 331 1867 paulo
352 1837 414 1860 ante
437 1834 601 1861 mentionem
613 1833 644 1861 in
659 1835 775 1870 epistola
790 1835 836 1862 ilia
853 1835 1032 1869 faciebamus,

248 1885 331 1912 quam
357 1877 391 1904 de
414 1877 499 1904 Maria
523 1877 634 1914 Virgine
653 1880 680 1906 in
702 1880 832 1907 Arabiam
855 1881 1031 1916 scripsimus.

250 1921 313 1949 Haec
326 1922 399 1949 enim
414 1922 524 1950 haeresis
543 1923 571 1950 in
590 1924 718 1951 Arabiam
733 1932 748 1952 e
761 1925 876 1953 Thracia
891 1933 924 1954 ac
951 1935 1034 1962 super

250 1968 322 1996 riore
335 1967 446 2003 Scythia
462 1968 561 1996 ditiusa
588 1969 622 1996 ad
639 1977 722 1997 aures
735 1978 823 2006 usque
841 1975 949 2000 nostras
972 1980 1034 2008 per-

249 2014 333 2042 venit.
349 2013 415 2047 Qum
431 2014 541 2048 quidem
565 2014 637 2050 apud
654 2015 802 2050 prudentes
817 2016 943 2045 homines
966 2019 1032 2046 ridi~

249 2059 311 2086 cuia
328 2067 360 2086 ac
378 2059 494 2086 ludibrio
512 2059 591 2096 digna
607 2066 752 2088 censetur.-
771 2061 823 2089 Sed
848 2069 898 2090 nos
916 2061 1032 2092 ’errores

247 2104 322 2132 illius
346 2104 480 2140 detegere,
503 2112 538 2132 .ac
563 2105 629 2140 quid
656 2105 715 2141 ipsa
740 2108 900 2142 profiteatur
925 2110 1032 2143 aperire

248 2150 422 2184 conabimur;
449 2158 500 2179 nec
516 2151 610 2178 dubito
636 2152 703 2186 quin
729 2153 854 2181 stultitia:
868 2155 1030 2189 plurimum,

248 2196 387 2231 sapientia
399 2204 436 2224 ne
454 2197 596 2224 minimum
611 2198 721 2233 quidem
748 2199 848 2227 habere
870 2199 1030 2235 judicetur:

247 2241 401 2276 cujusmodi
423 2246 535 2269 canens
549 2249 646 2270 omnes
667 2243 730 2271 huic
745 2244 838 2272 aiiines
851 2252 916 2273 esse
930 2253 1032 2281 cogno-

249 2287 347 2315 vimus.
363 2287 432 2314 Nam
446 2292 478 2315 ut
497 2289 577 2323 paulo
601 2293 675 2322 ante,
698 2290 744 2325 qui
768 2291 937 2326 superiorem
954 2292 1029 2319 illam

1273 1699 1293 1732 ἡ
1315 1697 1365 1726 καί
1383 1697 1555 1731 excuneati}
1571 1697 1676 1730 ἐνάτη.

1118 1745 1157 1772 A'.
1183 1744 1262 1780 Ἐξῆς
1280 1745 1309 1771 δὲ
1325 1743 1411 1780 ταύτῃ
1433 1745 1474 1775 είς
1490 1744 1585 1778 φήμην
1609 1743 1732 1777 πέφηνεν
1754 1742 1868 1778 αἵρεσις.

1081 1790 1147 1826 περὶ
1169 1787 1204 1825 ἦς
1223 1790 1272 1825 ήδη
1299 1789 1495 1825 ὑπεμνήσαμεν
1510 1789 1594 1824 ὀλίγῳ
1606 1789 1639 1814 ὲν
1653 1790 1687 1823 τῇ
1701 1788 1754 1823 πρὸ
1770 1788 1869 1822 ταύτης

1082 1836 1126 1863 διὰ
1136 1836 1185 1871 τῆς
1198 1836 1238 1867 είς
1262 1835 1390 1870 Ἀραϐίαν
1403 1834 1556 1870 γραφείσης
1568 1834 1721 1869 ἐπιστολῆς,
1738 1833 1788 1868 τῆς
1805 1834 1867 1869 περὶ

1082 1881 1132 1917 τῆς
1149 1881 1257 1915 Μαρίας
1274 1880 1397 1916 ἐχούσης.
1423 1881 1478 1907 Καὶ
1492 1880 1561 1916 αὑτὴ
1576 1880 1606 1907 δὲ
1626 1881 1644 1915 ἠ
1659 1880 1766 1916 αἵρεσις
1787 1879 1867 1906 πάλιν

1082 1927 1112 1953 ιν
1127 1927 1160 1961 τῇ
1184 1925 1297 1961 Ἀραϐίᾳ
1310 1926 1364 1952 ἀπὸ
1375 1926 1426 1961 τῆς
1441 1926 1557 1962 θρᾴκης
1572 1925 1620 1953 καὶ
1636 1925 1691 1952 τῶν
1704 1925 1760 1952 ἀνω
1778 1925 1866 1961 μερῶν

1080 1971 1132 2006 τῆς
1148 1970 1266 2004 Σκυθίας
1282 1970 1434 2006 ἀνεδείχθη,
1448 1971 1495 1998 καὶ
1514 1971 1554 2002 είς
1578 1970 1656 2006 ἡμῶν
1671 1969 1756 2001 ἀκοὰς
1772 1970 1865 2005 ἀνηνέ-

1081 2017 1150 2052 χθηο
1167 2016 1228 2052 ητις
1253 2017 1312 2043 ἐστὶ
1337 2017 1385 2043 καὶ
1401 2017 1470 2052 αὕτη
1493 2017 1596 2051 γελοῖος
1621 2016 1668 2043 καὶ
1692 2016 1792 2051 χλεύης
1816 2016 1863 2051 εμ-

1081 2061 1170 2094 πλεως
1195 2062 1270 2097 παρὰ
1292 2062 1348 2092 τοῖς
1368 2063 1489 2093 συνειιιοῖς
1501 2061 1694 2097 εὖρισκομένη.
1717 2060 1862 2096 Ἀρξόμεοα

1081 2107 1145 2143 περὶ
1156 2107 1240 2142 αὐτῆς
1253 2108 1389 2142 φωρᾶσαι,
1400 2107 1447 2134 καὶ
1457 2107 1491 2133 τὰ
1503 2107 1565 2134 κατ’
1574 2107 1659 2142 αὐτὴν
1671 2106 1860 2142 διηγήσασθαι.

1081 2152 1211 2187 Εὑηθείας
1223 2153 1275 2187 γὰρ
1286 2152 1385 2187 μᾶλλον
1394 2152 1554 2188 κριθήσεται
1562 2143 1635 2188 ἥπερ
1643 2152 1776 2184 συνέσεως
1784 2152 1860 2187 αὖτη¹

1080 2198 1170 2230 καθὼς
1179 2199 1225 2225 καὶ
1233 2199 1311 2226 ἄλλαι
1324 2199 1414 2234 ὁμοῖαι
1422 2198 1509 2235 ταύτῃ
1517 2196 1597 2233 ἦσαν.
1614 2199 1657 2230 Ὡς
1669 2198 1724 2234 γὰρ
1734 2199 1791 2225 ἄνω
1798 2199 1860 2225 πολὺ

1080 2243 1178 2279 διὰτῆς
1185 2244 1253 2279 πρὸς
1260 2244 1366 2279 Μαρίαν
1375 2244 1478 2280 ὓόρεως
1484 2244 1509 2270 oi
1517 2243 1641 2276 δόξαντες
1649 2242 1733 2270 ταῦτα
1743 2243 1860 2270 ὑπονοεῖν

1081 2288 1213 2324 βλαϐερὰς
1232 2289 1359 2321 ὑπονοίας
1380 2289 1519 2324 σπείρωσι
1535 2289 1673 2324 λογισμοῖς
1690 2288 1838 2325 ἀνθρώπων
1849 2296 1856 2304 ·

247 2337 350 2361 sectam
376 2333 492 2367 amplexi
514 2338 589 2367 sunt,
611 2336 824 2363 contumeliosas
842 2337 868 2364 in
892 2336 923 2363 Β.
941 2336 1030 2372 Virgi-

1083 2331 1152 2359 οῦτω
1172 2332 1219 2359 καὶ
1237 2329 1310 2359 οὗτοι
1329 2333 1375 2359 ἐπὶ
1388 2332 1420 2359 τὸ
1437 2333 1530 2368 ἕτερον
1556 2333 1639 2368 μέρος
1661 2333 1808 2365 κλίναντες,
1832 2334 1858 2360 ὲν

247 2385 309 2404 nem
326 2377 468 2411 opiniones
483 2377 622 2406 hominum
637 2380 753 2415 ingeniis
770 2386 968 2416 asperserunt;
989 2383 1030 2410 sic

248 2421 292 2449 isti
312 2423 476 2449 contrariam
490 2423 517 2450 in
533 2429 636 2458 partem
659 2426 838 2458 declinantes.
857 2427 964 2463 1058
984 2436 1030 2456 ex-

248 2471 361 2494 tremam
386 2468 414 2494 in
442 2475 541 2496 noxam
566 2477 597 2497 ac
634 2471 781 2505 perniciem
810 2472 977 2506 inciderunt,
999 2478 1030 2501 ut

247 2513 389 2548 gentilium
409 2513 631 2549 philosophorum
655 2517 762 2544 celebre
787 2517 854 2544 illud
879 2517 982 2545 dictum
1000 2519 1028 2545 in

249 2557 316 2592 ipsis
339 2558 530 2592 comprobetur
545 2568 552 2586 :
568 2559 755 2588 Extremitates
771 2561 936 2595 aequalitate:
960 2570 1027 2591 esse.

249 2602 386 2638 Siquidem
402 2610 453 2638 par
466 2607 493 2631 et
510 2603 580 2632 idem
603 2612 637 2632 ex
658 2606 790 2633 ambabus
807 2606 958 2634 hmresihus
980 2607 1030 2634 lle-

246 2649 402 2676 trimentum
419 2649 528 2683 accidit,
551 2657 614 2677 cum
637 2650 683 2677 alii
704 2656 884 2679 sacrosancta;
909 2651 1028 2688 Virginis

247 2694 406 2729 dignitatem
434 2695 550 2729 eievent,
574 2696 620 2723 alii
645 2701 742 2731 praeter
764 2698 876 2725 modum
891 2705 925 2725 ac
947 2698 1028 2725 ratio-

246 2746 308 2767 nem
324 2739 458 2768 attollant.
475 2739 542 2768 Nam
557 2741 629 2777 quod
645 2742 678 2770 ad
701 2743 836 2778 posterius
856 2743 908 2771 hoc
927 2743 1026 2779 dogma

1081 2377 1212 2413 ἀκρότητι
1230 2378 1331 2413 βλάϐης
1346 2378 1599 2413 καταλαμϐάνοντες
1620 2379 1628 2394 ¹
1640 2386 1647 2393 ”
1668 2379 1741 2409 ὅπως
1758 2379 1855 2406 κὰκείνι

1081 2423 1111 2450 τὺ
1125 2423 1201 2459 παρά
1212 2431 1266 2450 τισι
1278 2423 1332 2449 τῶν
1346 2422 1446 2455 ἔξωθεν
1460 2422 1612 2457 φιλοσόφων
1626 2423 1767 2458 ᾀδόμενον,
1777 2425 1818 2450 καὶ
1831 2424 1856 2450 ἐν

1080 2470 1170 2502 αὐτοῖς
1181 2469 1384 2505 πληρωθήσεται
1395 2469 1423 2496 ἐν
1432 2469 1470 2504 τῷ
1477 2469 1575 2504 λέγειν·
1582 2470 1855 2504 ΜακαρότητεςἾσό-

1081 2523 1177 2549 tunc.
1193 2515 1252 2550 Ἴση
1268 2515 1321 2550 γὰρ
1337 2516 1379 2542 ἐπ’
1396 2515 1563 2550 ἀμφοτέραις
1583 2515 1694 2547 ταύταις
1711 2517 1771 2548 ταῖς
1790 2517 1854 2552 αἱρέ-

1084 2569 1156 2588 σεσιν
1172 2562 1188 2596 ἡ
1210 2561 1295 2596 βλάὁη
1306 2569 1313 2576 ·
1331 2561 1385 2588 τῶν
1402 2562 1451 2597 μὲν
1467 2562 1708 2594 κατεντελιςόντων
1721 2563 1772 2597 τὴν
1785 2563 1853 2597 ἁγίαν

1083 2606 1228 2642 Παρθένον,
1250 2606 1304 2632 τῶν
1326 2605 1355 2632 δὲ
1378 2606 1459 2633 πάλιν
1486 2606 1556 2642 ὑπὲρ
1572 2606 1601 2632 τὸ
1615 2606 1672 2632 δέον
1688 2606 1851 2638 δοξαζόντων.

1082 2649 1162 2679 Οὗτοι
1183 2651 1237 2687 γὰρ
1260 2652 1285 2678 οἱ
1301 2651 1380 2678 τοῦτο
1404 2651 1572 2683 διδάσκοντες
1588 2651 1659 2683 τίνες
1684 2651 1752 2678 εἰσιν
1768 2651 1818 2678 ἀλλ’
1837 2652 1850 2686 ἢ

1080 2699 1225 2732 γυναῖκεςς
1241 2696 1380 2724 Γυναικῶν
1396 2697 1450 2733 γὰρ
1465 2697 1496 2724 τὸ
1510 2698 1586 2732 γένος
1600 2697 1747 2729 εὐόλισθον,
1769 2697 1851 2732 σφαλε-

1081 2743 1127 2779 ρὸν
1148 2743 1176 2770 δὲ
1198 2744 1246 2771 καὶ
1259 2744 1386 2771 ταπεινὸν
1407 2743 1445 2780 τῷ
1471 2743 1635 2779 φρονήματι.
1662 2742 1716 2770 Καὶ
1729 2742 1794 2770 αὐτὸ
1805 2742 1850 2777 γὰρ

283 2826 291 2842 ¹
309 2826 373 2863 Reg.
390 2822 588 2862 καταλαϐόντες
624 2830 635 2847 ¹
648 2828 714 2866 Reg.
728 2831 907 2867 μακρότητες.
921 2831 1032 2866 Corrigu

1095 2831 1255 2868 ἀκρότητες.
