1945 3043
97 173 151 204 ἨΙ

436 174 616 204 ADVERSUS
635 174 805 203 HERESES
825 174 888 203 LIB.
904 173 949 202 111.
969 173 1051 202 τοις.
1070 173 1092 201 ll
1104 190 1130 194 -
1150 175 1285 203 HIERES.
1300 175 1419 204 LXXIX.

1666 179 1718 207 ἨΞ

97 232 189 266 ἔδοξεν
200 232 255 260 ἀπὸ
270 233 408 269 γυναικῶν
421 234 436 261 ὀ
449 234 571 266 διάϐολος
586 234 690 271 ἐξεμεῖν
700 243 707 250 ·
722 235 759 267 ὡς
771 235 818 262 καὶ
831 234 882 261 ἄνω

938 235 1064 270 pertinet,
1083 242 1228 269 quosnam,
1252 241 1349 270 prmter
1385 237 1572 270 mulierculas,
1596 243 1720 268 auctores

96 278 175 314 παρὰ
198 278 360 315 summ-,1,
389 280 436 307 καὶ
461 279 634 315 Μαξιμίλλῃ,
661 279 709 306 καὶ
738 278 887 315 Πρισκίλλῃ

96 324 284 359 περιγέλαστα
297 324 331 351 τὰ
345 324 507 360 διδάγματα,
521 324 591 351 οὕτω
608 325 654 351 καὶ
668 323 793 352 ἐνταῦθα.
809 323 887 356 Τινὲς

96 369 154 404 γὰρ
170 371 298 403 γυναῖκες
313 371 439 406 κουρικόν
452 379 513 396 τινα
533 369 693 405 κοσμοῦσαι,
717 370 777 405 ἦτοι
792 369 884 405 δίφρον

95 415 280 450 τετράγωνον,
303 415 462 442 ἀπλώσασαι
478 415 522 442 ἐπ’
539 415 619 442 αὑτὸν
634 415 728 451 ὀθόνην
745 415 773 442 ὲν
793 415 885 450 ἡμέρᾳ.

96 461 153 486 τινὶ
168 461 272 496 φανερᾷ
287 461 343 495 (l2)
359 460 406 487 τοῦ
432 461 517 492 έτους,
533 462 561 487 ἐν
573 461 690 496 ἡμέραις
713 461 783 487 τισὶν
805 461 885 495 ἄρτον

97 505 268 541 προτιϐέασι,
284 507 331 533 καὶ
344 507 526 542 ἀναφέρουσιν
539 508 579 538 εἰς
595 507 679 542 δνομα
695 506 744 541 τῆς
765 506 883 541 Μαρίας.

97 551 132 577 Al
155 552 240 577 πᾶσαι
264 551 292 577 δὲ
312 551 366 578 ἀπὸ
386 551 433 578 τοῦ
456 551 538 586 ἄρτου
565 549 831 586 μεταλαμϐάνουσιν·
849 550 887 582 ὡς

94 595 128 622 ὲν
146 597 214 632 αὐτῇ
238 598 272 632 τῇ
295 598 335 629 εἰς
356 597 405 632 τὴν
437 594 567 632 ’Λραόίαν
584 597 710 632 ἐπιστολῇ
737 596 887 632 γράφοντες

96 641 132 668 ἐκ
147 642 247 677 μέρους
269 642 334 677 περὶ
359 642 453 669 τούτου
477 641 665 677 διελέχθημεν.
683 641 737 667 Νῦν
749 641 777 668 δὲ
793 640 887 674 σαφῶς

95 687 131 714 τὰ
147 689 211 722 περὶ
225 688 308 723 αὐτῆς
322 687 445 723 λέξομεν,
460 687 507 714 καὶ
520 688 570 719 τὰς
594 688 654 714 κατ’
672 687 757 722 αὐτῆς
772 687 887 722 ἀνατρο-

96 733 164 764 πὰς.
182 733 247 760 Θεὸν
265 734 451 769 αἰτησάμενοι,
468 733 538 760 κατὰ
551 734 582 760 τὸ
598 733 709 759 δυνατὸν
731 731 887 767 παραθησὸ-

98 779 180 815 μεοα,
207 780 291 811 ὅπως,
310 779 360 814 τῆς
386 777 557 806 εἰδωλοποιοῦ
573 777 674 812 ταύτης
693 777 824 812 αἱρέσεως
839 775 887 807 τὰς

97 825 177 860 ῥίζας
200 825 370 860 ἐκτεμόντες,
396 824 450 851 ἀπό
466 832 546 851 τινων
567 823 618 859 τὴν
633 822 763 858 τοιαύτην
785 820 888 848 λύσσαν

94 870 248 897 καταλῦσαι
262 871 291 897 ἐν
305 869 364 905 Θεῷ
383 868 552 905 δυνηθῶμεν.

940 286 973 307 ac
998 284 1128 316 patronos
1147 281 1250 308 habet?
1268 282 1344 314 Quod
1364 290 1449 317 genus
1475 283 1622 316 lubricum,
1645 289 1669 312 et
1692 285 1721 312 in

939 330 1060 353 errorem
1085 327 1215 361 proclive,
1240 334 1272 354 ac
1296 328 1387 362 pusilli
1407 329 1552 356 admodum
1569 333 1595 357 et
1612 330 1721 365 angusti

934 370 1016 397 animi
1032 378 1093 398 esse
1107 371 1184 398 solet.
1201 370 1253 399 Per
1264 379 1310 399 cas
1321 373 1412 408 itaque
1424 373 1550 401 diabolus
1564 375 1721 403 evomuisse

933 415 998 443 illud
1021 416 1137 449 videtur,
1162 418 1286 453 idemque
1302 418 1352 446 hac
1368 420 1395 446 in
1411 424 1487 454 parte
1513 419 1622 453 fecisse,
1647 421 1720 455 quod

933 469 983 496 per
1007 460 1185 497 Quintiliani,
1214 471 1246 490 ac
1267 464 1459 497 Maximillam,
1481 469 1507 493 et
1520 465 1673 493 Priscillam
1691 466 1718 493 in

934 507 1058 535 ridiculis
1081 507 1134 535 illis
1149 508 1361 537 disseminandis
1381 511 1521 539 erroribus
1544 512 1718 546 praestiterat.

935 550 1042 579 Etenim
1075 553 1204 581 mulieres
1230 555 1353 589 quaedam
1380 563 1511 589 currum,
1538 557 1596 584 sive
1624 556 1720 585 sellam

934 596 1094 631 quadratam
1113 598 1289 632 adornantes,
1306 607 1338 627 ac
1352 600 1435 628 linteo
1455 601 1573 636 desuper
1596 605 1718 633 extento.

934 642 1049 670 solemni
1075 647 1206 678 tempore,
1230 652 1278 680 per
1302 646 1406 680 aliquot
1421 646 1486 674 rdies
1508 654 1604 681 panem
1622 653 1720 681 propo-

934 693 1013 719 nunt,
1029 691 1056 716 et
1071 689 1098 715 in
1116 689 1208 717 Mariae
1224 698 1323 718 nomen
1347 691 1475 719 oll'erunt.
1504 691 1572 719 Tum
1589 691 1623 719 ad
1637 699 1719 719 unam

934 739 1030 760 omnes
1044 733 1090 760 illo
1107 739 1264 762 vescuntur.
1280 735 1316 763 De
1327 744 1382 771 quo
1395 736 1422 764 in
1435 738 1550 772 epistola
1565 737 1623 770 illa,
1636 744 1718 772 quam

934 777 962 804 in
991 777 1119 807 Arabiam
1152 782 1334 816 scripsimus,
1362 783 1486 810 nonnihil
1510 783 1718 818 disputavimus.

934 820 1013 850 Nunc
1032 830 1095 851 vero
1111 827 1268 854 accuratius
1279 827 1386 862 singula
1401 835 1609 863 prosequemur,
1624 833 1650 855 et
1664 835 1719 863 qua

936 867 1042 897 satione
1062 870 1249 899 convincenda
1275 873 1321 905 sit,
1347 873 1489 908 implorata
1513 873 1559 901 Dei
1583 881 1645 908 ope,
1668 880 1719 909 pro

94 916 170 942 virili
185 916 456 947 demonstrabimus,
479 919 510 941 ut
526 913 608 949 hujus
631 913 754 945 haeresis,
781 918 842 947 qum
860 910 1021 940 idololatriae.
1042 917 1238 950 superstitione
1261 917 1398 953 implicata
1430 923 1482 953 est,
1502 919 1617 947 succisis
1649 919 1720 948 radi-

94 961 186 992 cibus.
202 965 303 988 tantam
318 968 352 988 ex
368 961 466 988 animis
483 960 663 995 quorumdam
684 957 819 987 insaniam
839 963 871 983 ac
891 956 994 986 rabiem
1022 960 1114 988 divina
1132 969 1183 997 ope
1198 962 1306 990 facilius
1319 964 1476 992 evellamus.

137 1008 175 1034 B’.
197 1008 264 1041 Ἀγε
287 1007 387 1040 τοίνυν,
411 1007 478 1034 Θεοῦ
497 1008 594 1040 δοῦλοι,
618 1006 743 1042 ἀνδρικὸν
760 1004 882 1040 φρόνημα

971 1006 1003 1033 Π·
1023 1008 1102 1043 Agite
1123 1018 1195 1047 ergo.
1222 1011 1266 1042 Dei
1285 1013 1395 1043 famuli!
1425 1014 1517 1044 viriles
1530 1014 1718 1050 concipiamus

98 1053 284 1089 ἐνδυσώμεθα,
310 1053 447 1088 γυναικῶν
462 1054 490 1081 δὲ
507 1054 609 1081 τούτων
632 1054 681 1089 τὴν
707 1053 805 1088 μανίαν
827 1053 885 1078 δια-

96 1099 283 1134 σκεδάσωμεν.
302 1099 339 1125 To
365 1101 419 1126 πᾶν
446 1099 500 1135 γὰρ
525 1100 628 1135 θήλεως
656 1101 672 1134 ὴ
698 1099 819 1131 ὑπόνοια,
839 1098 885 1124 καὶ

95 1143 169 1176 Εὔας
185 1145 266 1171 πάλιν
288 1145 337 1180 τῆς
361 1146 545 1181 ἀπατωμὲνης
560 1146 590 1172 τὸ
603 1136 709 1180 νόσημα
720 1153 727 1159 ·
747 1144 845 1179 μᾶλλον
862 1144 883 1170 δ’

92 1190 137 1216 ὅτι
152 1189 199 1216 τοῦ
216 1190 315 1223 ὄφεως,
339 1189 386 1217 τοῦ
410 1190 578 1226 ἐρεθιστικοῦ
602 1190 693 1225 θηρὸς,
718 1189 823 1216 καὶτοῦ
837 1189 883 1215 λα-

95 1235 227 1270 λήσαντος
253 1236 282 1261 ἐν
300 1235 368 1271 αὐτῇ
384 1237 400 1271 ὴ
416 1235 466 1270 τῆς
492 1236 595 1271 πλάνης
620 1235 774 1270 ὑπόσχεσις,
802 1234 883 1270 μηδὲν

95 1282 136 1312 εἰς
152 1280 233 1315 μέσον
249 1282 378 1316 φέρουσα,
392 1280 453 1308 οὐδὲ
469 1281 502 1307 τὰ
517 1280 718 1316 ὑπισχνούμενα
732 1279 882 1311 τελειοῦσα,

93 1325 153 1353 ἀλλ’
167 1325 183 1360 ἥ
201 1326 279 1360 μόνον
294 1325 408 1353 Θάνατον
422 1325 644 1362 ἀπεργαζομένη,
666 1327 700 1352 τὰ
718 1326 755 1360 μὴ
768 1326 832 1352 ὄντα
845 1324 884 1356 ὡς

89 1371 160 1398 ὕντα
175 1370 294 1398 καλοῦσα
304 1380 311 1387 ·
325 1371 372 1397 καὶ
393 1371 437 1398 διὰ
449 1371 498 1406 τῆς
514 1372 635 1408 ὁράσεως
651 1370 696 1397 τοῦ
714 1369 790 1403 ξύλου
817 1378 883 1405 παρ-

93 1417 180 1452 ακοὴν
196 1416 376 1451 ἐργαζομένη,
390 1417 437 1443 καὶ
461 1416 635 1452 ἀποστροφὴν
657 1416 705 1442 ἀπ’
727 1416 810 1451 αὐτῆς
833 1416 883 1450 τῆς

93 1462 235 1497 ἀληθείας,
253 1462 299 1489 καὶ
319 1462 366 1489 τοῦ
391 1462 438 1488 ἐπὶ
461 1461 546 1488 πολλὰ
569 1461 728 1497 τρέπεσθαι.
753 1461 883 1496 Νομὶζειν

91 1508 123 1534 δὲ
136 1507 213 1534 ἔσται
228 1509 307 1535 ὁποῖα
324 1508 338 1534 ό
351 1507 478 1534 ἀπατεὼν
493 1508 614 1543 ἔσπειρε,
631 1507 733 1541 λέγων·
754 1508 883 1534 Ἔσεσθε

92 1553 135 1585 ὡς
148 1553 220 1580 θεοί.
240 1552 318 1580 Οὕτω
334 1553 381 1579 καὶ
395 1552 498 1579 τούτων
510 1553 539 1579 τὸ
554 1553 679 1588 φρόνημα
694 1551 883 1588 κεπφούμενον

93 1599 127 1633 τῇ
145 1598 193 1624 τοῦ
211 1598 412 1634 προειρημένου
435 1598 518 1633 Θηρὺς
544 1598 675 1633 ἐπάρσεικ
702 1594 779 1634 ἐφ“ᾖ
802 1597 882 1631 φύσει

93 1644 177 1671 πάλιν
200 1644 245 1671 τὸν
269 1643 382 1671 θάνατον
399 1644 553 1679 ἐργάζεται,
568 1644 605 1676 ὡς
630 1644 677 1671 καὶ
699 1645 828 1676 πολλάκις
844 1643 882 1670 εἴ-

94 1697 156 1714 πον.
179 1688 289 1723 Πρῶτον
314 1689 363 1724 μὲν
376 1689 431 1725 γὰρ
444 1689 524 1720 εὐθὺς
546 1689 701 1716 διασκοπεῖν
717 1689 763 1716 ἀπ’
784 1689 880 1720 αἰῶνος

94 1732 142 1758 καὶ
160 1732 240 1767 δεῦρο
250 1741 256 1748 -
271 1733 322 1759 τίνι
336 1733 366 1759 οὐ
378 1733 463 1767 σαφές
474 1734 558 1765 ἐστιν,
572 1733 612 1759 ὅτι
624 1732 757 1768 δαιμόνων
781 1733 838 1759 ἐστὶ
851 1732 882 1759 τὸ

92 1778 222 1813 δίδαγμα,
230 1779 275 1804 καὶ
283 1779 386 1814 σχῆμα,
402 1779 449 1805 καὶ
458 1778 636 1814 ἠλλοιωμένον
650 1779 680 1805 τὸ
699 1778 865 1813 ἐπιχείρημα
873 1786 880 1810 ;

94 1822 154 1857 Θεῷ
171 1822 220 1857 μὲν
233 1823 280 1850 ἀπ’
295 1822 393 1855 αἰῶνος
414 1823 541 1858 οὐδαμῶς
561 1823 630 1859 γυνὴ
652 1823 818 1859 ιεράτευσεν,
832 1823 882 1848 οὐκ

92 1868 163 1904 αὐτὴ
182 1868 249 1900 Εὕα,
266 1869 353 1895 καίτοι
368 1877 399 1903 γε
415 1870 444 1895 ἐν
460 1869 629 1904 παρεκϐάσει
645 1869 787 1904 γενομένη.
812 1868 881 1895 Ἀλλ’

92 1914 145 1940 οὐκ
164 1914 313 1949 ἐτόλμησεν
334 1914 375 1940 ἔτι
389 1914 488 1946 ἀσεϐὲς
501 1914 622 1941 τοιοῦτον
643 1914 803 1941 ἀποτελέσαι
817 1915 881 1940 ἐπι-

94 1959 216 1994 χείρημα
227 1967 233 1974 ’
251 1960 282 1986 οὐ
302 1960 350 1995 μία
365 1959 419 1986 τῶν
435 1959 538 1996 ταύτης
555 1960 726 1996 Θυγατέρων·
742 1959 828 1987 καίτοι
850 1966 882 1994 γε

93 2005 142 2032 τοῦ
174 2005 256 2032 ’Δσελ
282 2006 364 2038 ἐὐθὺς
395 2007 625 2042 ίερουργήσαντος
650 2006 728 2041 Θεῷ,
762 2006 808 2032 καὶ
834 2005 881 2032 τοῦ

94 2050 164 2077 Κάῖν
181 2050 311 2082 θύσαντος
324 2050 439 2078 ἐνώπιον
451 2051 554 2087 Κυρίου
569 2051 674 2083 θυσίας,
686 2051 742 2077 ἀλλ’
755 2051 785 2077 οὐ
798 2058 881 2086 προσ-

93 2093 273 2129 δεδεγμένας·
297 2095 381 2131 Ἑνώχ
401 2104 430 2122 τε
451 2097 691 2132 εὐαρεστὴσαντος.
705 2096 753 2122 καὶ
768 2104 880 2131 μετατε-

94 2139 186 2171 θέντος
197 2148 204 2154 ·
217 2140 278 2167 Νῶε
292 2140 320 2167 δὶ
335 2141 566 2176 προσενέγκαντος
578 2141 612 2167 ἐκ
624 2140 678 2166 τῶν
693 2140 743 2175 τῆς
763 2139 879 2166 κιϐωτοῦ

95 2185 321 2220 περισσευμώτων
346 2185 569 2221 εὐχαριστηρίους
591 2185 747 2221 προσφορὰς
772 2185 878 2220 Κυρίῳ,

93 2229 266 2265 εὐγνώμονος
292 2230 438 2262 διαθέσεως
473 2230 693 2262 ὑποδεικνύοντος
720 2230 878 2265 τεκμήριον,

93 2275 288 2310 ὁμολογοῦντος
303 2277 352 2312 τὴν
367 2277 446 2312 χάριν
464 2276 503 2312 τῷ
521 2277 661 2304 σεσωκότι.
682 2276 807 2312 Ἀϐραὰμ
824 2277 851 2303 δὲ
866 2276 880 2303 ὸ

935 1059 1059 1087 animos,
1089 1060 1118 1083 ut
1143 1059 1363 1088 muliercularum
1390 1062 1504 1089 istarum
1531 1061 1717 1089 disturbemus

935 1099 1091 1127 amentiam.
1107 1100 1181 1128 Nihil
1195 1104 1266 1130 enim
1284 1104 1311 1131 in
1333 1109 1391 1132 toto
1409 1106 1454 1132 illo
1475 1106 1600 1140 dogmate
1621 1110 1719 1141 praeter

932 1143 1093 1172 muliebrem
1111 1147 1265 1181 opinionem
1287 1154 1340 1181 est,
1356 1157 1386 1177 ac
1403 1150 1523 1185 decepta:
1542 1158 1639 1178 rursus
1656 1151 1718 1179 Eva;

934 1189 1075 1224 morbum;
1093 1192 1151 1220 sive
1169 1194 1259 1228 potius
1273 1196 1417 1230 serpentis.
1434 1196 1595 1224 incitatricis
1610 1197 1643 1225 ad
1660 1205 1719 1224 ma-

934 1233 989 1261 lum
1007 1235 1111 1268 bestiae,
1126 1241 1224 1266 etcum
1242 1239 1299 1274 ipsa
1315 1240 1457 1267 collocuta:
1472 1241 1589 1268 mendax
1601 1242 1721 1276 promis-‘

934 1281 987 1313 sio,
1017 1290 1078 1315 quae
1101 1283 1167 1310 nihil
1184 1284 1261 1312 affert
1278 1285 1304 1312 in
1320 1286 1449 1319 medium,
1470 1294 1558 1322 neque
1581 1288 1717 1321 promissa

934 1326 1053 1360 perlicit,
1078 1327 1126 1355 sed
1149 1333 1262 1356 mortem
1281 1334 1307 1357 et
1329 1331 1442 1358 exitium
1460 1332 1626 1365 consciscit,
1651 1332 1716 1360 dum

933 1376 965 1396 ea
986 1378 1046 1404 qum
1058 1379 1192 1407 nusquam
1207 1374 1272 1407 sint,
1290 1377 1419 1409 tanquam
1435 1382 1497 1402 vera
1512 1378 1539 1402 et
1557 1375 1717 1404 exsistentia

933 1415 1067 1442 nominat.
1081 1415 1152 1449 Quin
1164 1421 1190 1445 et
1205 1417 1270 1445 illud
1286 1418 1376 1452 eﬂicit,
1394 1423 1423 1446 ut
1439 1427 1471 1447 ex
1485 1420 1592 1448 arboris
1607 1428 1718 1455 conspe-

933 1461 977 1484 ctu
994 1457 1021 1484 in
1037 1457 1121 1486 Deum
1136 1463 1311 1488 contumaces
1326 1461 1391 1495 sint,
1411 1466 1437 1489 et
1457 1469 1472 1488 a
1488 1462 1602 1490 veritate
1619 1463 1718 1490 abhor—

931 1508 1025 1532 rentes
1038 1505 1071 1532 ad
1087 1506 1170 1533 multa
1186 1513 1217 1534 ac
1228 1506 1335 1535 diversa
1352 1507 1538 1535 traducantur.
1556 1508 1717 1542 Cujusmodi

932 1557 998 1577 vero
1013 1551 1115 1578 semina
1128 1552 1317 1580 fraudulentus
1334 1552 1379 1580 ille
1392 1552 1489 1588 jaciat,
1505 1560 1536 1579 ex
1553 1553 1612 1587 ejus
1629 1552 1717 1580 verbis

932 1595 1083 1622 existimari
1100 1599 1209 1630 potest:
1226 1596 1319 1628 Erilis,
1343 1597 1440 1631 inquit,
1457 1598 1524 1624 sicut
1544 1597 1582 1623 dii
1594 1597 1615 1627 ί,
1628 1596 1717 1632 Atque

932 1639 1026 1667 eodem
1044 1641 1123 1675 plane
1142 1641 1223 1668 modo
1242 1642 1336 1669 bestiae
1353 1642 1426 1669 illius
1449 1642 1604 1677 arrogantia
1635 1647 1718 1677 atque

932 1685 1003 1713 fastu
1025 1686 1139 1714 istorum
1158 1688 1273 1722 spiritus
1292 1687 1452 1715 eli‘eruntur.
1472 1688 1530 1721 Qua
1543 1688 1652 1723 quidem
1668 1696 1716 1715 su-

932 1732 1025 1767 perbia
1045 1732 1165 1767 proprie,
1183 1736 1213 1759 ut
1232 1733 1360 1765 diximuS,
1382 1738 1495 1761 mortem
1512 1733 1557 1760 illa
1574 1733 1714 1760 conciliat.

931 1776 998 1803 Nam
1013 1780 1042 1803 ut
1055 1777 1088 1803 ab
1100 1777 1220 1812 antiquis
1233 1777 1400 1812 temporibus
1414 1778 1448 1804 ad
1464 1778 1533 1805 hanc
1545 1786 1631 1813 usque
1642 1777 1715 1805 diem

931 1821 1024 1848 animo
1036 1824 1191 1855 repetamus
1205 1821 1295 1848 omnia
1306 1841 1313 1853 ,
1330 1821 1391 1856 quis
1403 1829 1457 1849 non
1474 1822 1544 1848 videt
1561 1822 1716 1849 daemonum

934 1865 1041 1901 1059
1061 1866 1134 1893 illam
1146 1873 1211 1893 esse
1233 1865 1385 1893 doctrinam
1415 1874 1446 1893 ac
1469 1867 1599 1901 speciem.
1615 1870 1642 1894 et
1659 1866 1717 1894 dis-

929 1915 1089 1946 crepantem
1113 1911 1147 1939 ab
1167 1915 1245 1939 recta
1270 1911 1377 1939 ratione
1400 1911 1547 1939 conatum?
1570 1910 1716 1947 Nunquam

931 1957 1015 1989 enim,
1029 1964 1062 1984 ex
1081 1963 1135 1991 quo
1156 1956 1276 1984 mundus
1295 1956 1421 1984 conditus
1436 1961 1488 1988 est,
1507 1956 1661 1983 sacerdotio
1674 1959 1718 1983 est

932 2002 1025 2030 functa
1041 2003 1149 2033 mulier.
1164 2009 1196 2029 ac
1205 2010 1237 2030 ne
1252 2001 1307 2029 Eva
1322 2002 1429 2037 quidem
1446 2002 1503 2036 ipsa
1516 2010 1522 2028 :
1535 2009 1605 2036 quae,
1623 2005 1718 2029 tamet-

931 2048 955 2076 si
977 2048 1169 2083 gravissimum
1193 2047 1321 2075 delictum
1343 2047 1504 2078 admiserit,
1527 2050 1582 2074 tam
1603 2046 1716 2081 impium

931 2093 1040 2121 facinus
1050 2097 1208 2129 perpetrare
1222 2100 1360 2129 nunquam
1378 2100 1443 2121 ausa
1464 2097 1516 2124 est,
1532 2092 1579 2120 sed
1594 2099 1646 2119 nec
1663 2092 1717 2119 ulla

933 2140 1049 2167 ﬁliarum
1073 2140 1146 2167 illius
1170 2149 1177 2167 :
1202 2147 1357 2174 quanquam
1381 2143 1408 2166 et
1430 2138 1498 2165 Abel
1522 2137 1578 2165 Deo
1602 2137 1718 2165 subinde

934 2193 1012 2213 sacra
1032 2185 1136 2217 fecerit,
1148 2189 1174 2213 et
1191 2184 1291 2213 Cainus
1320 2191 1411 2212 coram
1437 2183 1551 2210 Domino
1582 2181 1717 2210 sacriﬁcia

933 2231 1045 2259 minime
1056 2234 1153 2258 ‘tamen
1169 2231 1207 2258 illi
1238 2234 1315 2266 grata
1332 2229 1492 2262 celebrarit;
1511 2233 1540 2256 ut
1561 2233 1588 2255 et
1607 2227 1716 2262 Enoch,

931 2277 978 2312 qui
994 2276 1047 2304 Deo
1062 2277 1172 2312 placuit,
1193 2281 1216 2304 et
1234 2277 1379 2304 translatus
1392 2280 1434 2303 est
1446 2276 1465 2302 '.
1482 2274 1538 2302 Noe
1547 2282 1611 2302 vero
1626 2275 1716 2308 exiis,

94 2319 198 2352 δίκαιος
217 2321 352 2356 ίερουργεῖ
361 2321 436 2356 Θεῷ,
451 2322 498 2347 καὶ
515 2321 679 2357 Μελχισεδὲκ
697 2323 710 2348 ὁ
726 2323 813 2357 ἱερεὺς
834 2323 879 2348 τοῦ

933 2330 1048 2358 quorum
1066 2323 1093 2350 in
1117 2330 1179 2350 arca
1193 2323 1270 2358 copia
1287 2321 1466 2354 redundabat,
1482 2322 1515 2349 ad
1530 2323 1648 2357 agendas
1659 2328 1718 2356 gra-

95 2365 162 2392 Θεοῦ
184 2365 232 2392 τοῦ
250 2367 371 2401 ὑψίστου,
388 2368 434 2394 καὶ
456 2367 548 2394 Ἰσαὰκ
569 2367 629 2402 Θεῷ
651 2368 817 2403 εὑρίσκεται,
835 2369 882 2395 καὶ

101 2411 199 2438 Ἰακὼῦ
221 2412 291 2438 κατὰ
311 2411 429 2447 ’δύναμιν
449 2413 634 2448 προσήνεγκεν
655 2413 701 2439 ἐπὶ
724 2412 770 2439 τοῦ
795 2413 881 2446 λίθου,

95 2458 149 2485 ἀπὸ
167 2458 216 2494 τοῦ
235 2458 322 2492 φακοῦ
341 2458 453 2493 ἐπιχέας
474 2458 571 2485 ἔλαιον.
585 2459 622 2485 Oi
638 2458 732 2485 τούτου
755 2458 783 2484 δέ
802 2460 879 2491 υἱεῖς,

95 2503 160 2530 Λευϊ
188 2504 237 2538 μὲν
258 2504 418 2539 Έὺρίσκεται
439 2503 554 2538 καθεξῆς
579 2504 727 2539 ἱερωσύνην
749 2504 880 2531 ἀναδεδε-

95 2551 195 2586 γμένος
205 2559 211 2565 ·
221 2550 250 2582 ἐξ
258 2550 340 2577 αὐτοῦ
354 2550 382 2577 δὲ
396 2550 444 2577 τοῦ
454 2551 548 2585 γένους
558 2551 582 2577 oi
592 2551 621 2578 τὸ
638 2551 773 2586 ἱερατικὸν
787 2551 881 2586 ’τάγμα

95 2595 319 2630 ἀναδεδεγμένον
343 2595 414 2630 φημὶ
436 2595 465 2622 δὲ
490 2595 610 2630 Minuci;
632 2597 646 2622 δ
670 2597 810 2632 προφήτης
834 2597 882 2623 καὶ

97 2640 274 2676 ίεροφάντωρ,
292 2640 398 2676 Ἀαρών
410 2641 498 2668 tte-xei
513 2642 537 2667 οί
549 2641 643 2668 τούτου
661 2642 763 2674 παῖδες,
787 2642 880 2669 Ἑλεά-

96 2686 147 2721 ζαρ
172 2694 203 2712 τε
217 2686 265 2713 καὶ
288 2686 391 2720 Φινεὲς,
413 2686 461 2713 καὶ
483 2686 595 2722 Ὶθάμαρ
614 2687 628 2713 ὁ
641 2687 735 2715 τούτου
759 2687 880 2723 ἔγγονος.

933 2368 986 2396 tias
1010 2369 1108 2396 obtulit
1134 2368 1207 2400 Deo,
1236 2369 1360 2404 gratique
1383 2367 1466 2394 animi
1490 2367 1716 2402 significationem

917 2406 1016 2445 dedit,
1037 2420 1099 2441 cum
1122 2414 1147 2441 in
1170 2414 1255 2445 illum,
1277 2421 1293 2441 a
1313 2422 1367 2449 quo
1384 2418 1508 2441 servatus
1525 2417 1594 2445 erat,
1611 2420 1717 2440 memo-

932 2467 989 2486 rem
1011 2459 1135 2487 beneﬁcii
1157 2460 1277 2487 animum
1293 2463 1407 2487 testatus
1423 2463 1476 2487 est.
1494 2457 1567 2486 ’Nam
1584 2463 1610 2485 et
1629 2457 1718 2484 Abra-

934 2506 1030 2533 hamus
1047 2506 1092 2533 ille
1114 2505 1205 2541 justus
1222 2505 1276 2533 Deo
1293 2505 1466 2533 sacriﬁcavit.
1486 2503 1555 2531 Tum
1575 2503 1718 2531 Melchise-

934 2552 1017 2580 decus
1034 2553 1161 2580 sacerdos
1176 2552 1222 2580 Dei
1237 2553 1391 2584 altissimi’,
1406 2555 1432 2579 et
1455 2552 1574 2583 lsaacus,
1594 2550 1640 2585 qui
1664 2549 1718 2576 Dco

935 2598 1056 2633 placuit:
1083 2606 1188 2626 necnon
1205 2603 1232 2626 et
1245 2597 1373 2630 Iacobus,
1391 2602 1529 2632 utcunque
1537 2597 1625 2632 potuit
1638 2604 1716 2623 sacra

935 2652 1017 2680 super
1030 2644 1145 2680 lapidem
1163 2644 1289 2676 offerens,
1309 2651 1324 2671 e
1338 2643 1466 2670 lenticula
1480 2643 1568 2669 oleum
1584 2641 1683 2668 infudit
1695 2642 1716 2667 ’⁵.

934 2688 1019 2724 Cujus
1036 2697 1052 2718 e
1071 2689 1163 2717 liberis
1185 2693 1278 2724 postea
1300 2687 1364 2716 Levi
1390 2687 1536 2716 sacerdotii
1558 2686 1716 2721 dignitatem

132 2763 141 2778 ¹
157 2763 226 2791 Gen.
250 2771 280 2796 ιι,
296 2760 326 2790 ’6.
364 2764 374 2780 ¹
389 2759 455 2790 Gen.
471 2763 560 2796 v.22;
574 2764 657 2792 Eccli.
671 2772 744 2797 xuv,
764 2764 809 2793 16.
836 2766 855 2785 ’³
867 2765 882 2794 C

933 2775 1004 2800 .xtv,
1021 2767 1064 2795 18.
1102 2767 1113 2783 ⁸
1127 2767 1194 2795 Gen.
1209 2766 1365 2800 xxvtn,18.

130 2831 243 2872 (ιογεν
260 2831 355 2872 ᾑμέρᾳ
368 2831 426 2858 τινὶ
441 2831 564 2872 φαηερᾷ.
578 2833 694 2869 Φανερός
712 2833 782 2862 idem
810 2837 853 2862 est
879 2842 882 2860 ι

933 2839 1031 2865 certus.
1057 2838 1115 2871 Qua
1141 2837 1167 2864 in
1192 2835 1392 2872 signiﬁcatione
1411 2841 1484 2870 sape
1508 2833 1535 2861 in
1565 2829 1714 2860 Chalcede-

95 2867 174 2894 neusi
191 2867 308 2895 concilio
323 2867 448 2902 usurpari
464 2867 544 2895 solet.
