1945 3043
248 149 301 178 755

950 152 980 180 S.
997 151 1170 179 EPlPHANll

1820 158 1879 187 7M

247 210 367 238 obtinuit
382 220 388 237 :
405 217 421 238 a
433 218 487 246 quo
501 210 630 246 deinceps
646 211 786 246 propagati
802 217 877 245 sunt,
890 211 936 247 qui
956 219 1030 240 eum-

1087 213 1140 240 Καὶ
1154 212 1180 239 τί
1189 221 1233 247 μοι
1245 212 1279 239 τὰ
1294 212 1382 249 πλήθη
1395 212 1485 248 λέγειν
1497 214 1551 242 τῶν
1566 215 1802 252 ἱερουργησάντων
1813 217 1881 253 θεῷ

247 255 310 283 dem
325 255 447 283 ordinem
475 255 645 291 gradumque
667 260 829 289 tenuerunt;
849 257 944 291 quales
962 257 1038 284 fuere

249 299 363 335 Moyses,
379 299 508 334 propheta
523 299 605 327 simul
633 304 659 327 et
674 307 815 327 sacrorqu
834 301 963 333 antistes,
981 305 1038 328 tum

248 346 348 377 Aaron,
370 348 397 372 et
418 345 536 372 Aaronis
557 345 615 374 lilii.
638 344 760 376 Eleazar.
781 344 908 379 Phinees,
924 346 1037 373 etltba-

247 398 308 416 mar
322 390 403 424 hujus
425 398 520 424 nepos.
539 389 609 423 Quid
628 396 718 418 autem
735 398 783 418 eos
804 398 900 419 omnes
919 399 1038 419 comme-

249 442 356 462 morare
371 443 485 463 necesse
499 440 552 468 est,
572 437 617 470 qui
634 436 661 463 in
675 435 775 464 Vetere
791 436 967 464 Testamento
982 436 1037 464 Deo

250 480 421 508 sacriﬁcasse
441 481 586 516 leguntur?
603 481 836 514 Quemadmodum
849 482 965 510 Acltitob
996 483 1036 509 in-

247 529 287 551 ter
303 529 416 553 caeteros
428 547 435 558 ,
459 529 516 552 tum
533 525 642 557 Coritaa,
663 525 823 559 Gersonitze,
846 530 872 553 et
891 525 1036 560 Meraritaa,

245 571 291 605 qui
315 577 348 597 ex
369 569 524 598 Levitarum
550 571 647 598 ordine
669 571 789 598 fuerunt.
804 571 844 598 Ad
861 572 919 599 haec
938 572 1036 600 domtts

1088 259 1117 285 ὲν
1135 259 1242 294 Παλαιᾷ
1254 259 1391 296 Διαθήκῃ;
1407 260 1444 292 ὡς
1468 261 1583 296 ’Δχιτὼϐ
1598 262 1753 297 εὑρίσκεται
1767 263 1879 298 ἱερουρ-

1086 304 1153 338 γῶν,
1168 304 1196 330 οἵ
1210 313 1240 331 τε
1258 306 1373 341 Κορῖται
1397 306 1444 332 καὶ
1458 306 1483 332 οἱ
1498 307 1673 342 Γερσωνῖται,
1689 308 1736 335 καὶ
1750 309 1880 344 Μεραρῖ-

1086 358 1130 376 ται
1145 350 1194 386 τὴν
1207 350 1353 386 Λευῖτικὴν
1375 352 1585 387 πεπιστευμένοι
1600 353 1686 386 τάξιν.
1712 354 1745 381 ’Ὀ
1756 363 1785 380 τε
1800 353 1877 386 οἶκος

1093 394 1168 420 Ἠλεὶ
1180 394 1226 421 καὶ
1241 395 1265 420 οἱ
1279 395 1338 430 μετ’
1352 395 1433 421 αὐτὸν
1448 396 1473 422 οἱ
1486 396 1539 423 ἀπὸ
1553 397 1602 431 τῆς
1615 398 1775 431 συγγενείας
1790 398 1876 426 αὐτοῦ

1086 439 1116 465 ὲν
1137 439 1176 474 τῷ
1197 440 1264 475 οἴκῳ
1293 440 1446 476 ’Λὸιμέλεχ,
1471 442 1518 468 καὶ
1538 441 1682 478 Ἀϐιάθαρ,
1699 443 1819 475 Χελκίας
1843 453 1876 470 τε

1085 483 1133 510 καὶ
1156 483 1261 516 Βουζεὶ,
1286 483 1350 519 ἄχρι
1373 484 1460 520 Ἰησοῦ
1485 485 1531 511 τοῦ
1555 486 1649 521 ἱερέως
1668 486 1716 512 τοῦ
1742 486 1875 521 μεγάλου,

1087 529 1190 565 Ἔσδρα
1203 538 1232 556 τε
1247 529 1294 556 τοῦ
1308 530 1413 565 ἱερέως,
1429 530 1478 557 καὶ
1498 531 1551 558 τῶν
1565 531 1661 559 ἄλλων.
1688 532 1743 558 Καὶ
1755 531 1876 566 οὐδαμοῦ

1085 573 1154 609 γυνὴ
1172 574 1340 610 ἱεράτευσεν.

245 614 286 641 Eli
300 615 319 646 ',
335 616 449 649 ejuSque
469 622 653 647 successores.
673 615 718 650 qui
734 623 766 643 ex
785 616 871 650 ipsius
903 616 1067 651 cognatione
1085 618 1112 644 in
1137 618 1218 646 domo
1250 619 1405 647 Abimelech
1428 625 1456 647 et
1476 621 1608 649 Abiathar
1628 622 1808 652 exstiterunt.
1834 622 1874 649 uti

245 661 389 693 Chelcias,
408 670 439 689 ac
455 662 538 693 Buzi,
557 670 643 697 usque
666 663 700 690 ad
719 662 814 691 Iesum
835 671 964 699 magnum
987 664 1169 700 sacerdotem,
1185 670 1212 693 et
1225 665 1339 694 Esdram
1371 667 1552 702 sacerdotem,
1584 673 1636 697 etc.
1666 668 1721 705 Nec
1752 676 1874 705 unquam

245 708 344 734 mulier
366 708 520 735 sacerdotio
535 707 629 735 functa
645 708 753 744 legitur.

279 754 323 782 lll.
345 755 432 790 Atque
443 759 471 781 ut
483 754 517 782 ad
528 755 633 782 Novum
645 755 848 784 Testamentum
858 756 1033 789 accedamus,

246 799 268 826 si
286 800 468 826 sacerdotium
486 800 648 829 mulieribus
660 802 819 828 mandatum
836 801 915 835 foret,
931 808 977 829 aut
988 803 1035 829 ca-

1122 756 1160 783 l".
1177 755 1338 794 Ἐλεύσομαι
1353 757 1381 784 δὲ
1398 758 1444 784 καὶ
1458 759 1498 790 είς
1514 758 1561 794 τὴν
1570 760 1674 796 Καινὴν
1681 762 1831 798 Διαθήκην.
1841 763 1875 791 Et

1087 802 1236 837 ἱερατεύειν
1254 805 1381 836 γυναῖκες
1407 804 1466 838 Θεῷ
1479 805 1703 840 προσετάσσοντο,
1728 807 1745 843 ἢ
1764 817 1874 835 κανονι-

246 845 375 872 nonicum
389 845 518 880 quiddam
532 851 663 881 praestare
677 848 704 874 in
721 847 843 876 Ecclesia
859 849 962 882 liceret,
975 849 1030 884 nul-

1086 847 1133 874 κόν
1150 856 1176 874 τι
1196 847 1359 883 ἐργάζεσθαι
1376 849 1403 875 ἐν
1422 849 1577 886 Ἐκκλησία,
1595 851 1647 878 ἔδει
1664 852 1763 887 μᾶλλον
1783 855 1868 890 αὐτὴν

246 890 265 916 li
286 890 378 925 potius
398 898 479 925 quam
503 890 593 919 Mariae
617 892 683 919 illud
713 892 741 920 in
763 892 839 921 Novo
858 893 1033 922 Testamento

245 935 379 962 committi
411 936 561 963 sacerdotis
589 936 708 964 oﬁicium
732 937 842 972 debuit;
871 939 915 965 cui
939 942 1033 968 tantus

247 980 334 1007 honor
351 986 393 1008 est
413 981 533 1013 habitus,
553 985 581 1008 ut
601 983 703 1017 gremio
723 983 838 1018 sinuque
858 991 909 1012 suo
941 992 1033 1020 regem

247 1026 382 1058 omnium,
402 1033 434 1053 ac
449 1027 588 1054 caelestem
606 1027 702 1061 Deum,
724 1027 827 1064 Deique
842 1028 941 1056 Filium
956 1031 1032 1058 exci-

247 1074 322 1106 peret
334 1080 340 1098 :
352 1071 432 1106 cujus
443 1073 623 1105 uterus,velut
632 1073 773 1107 templum,
785 1082 816 1101 ac
826 1074 992 1103 domicilium
998 1077 1033 1104 ad

245 1116 330 1143 divini
343 1115 423 1144 Verbi
438 1117 653 1146 incarnationem
667 1119 800 1154 singulari
811 1124 853 1148 est
867 1121 1033 1157 benignitate

247 1161 293 1190 Dei
310 1170 409 1198 magno
440 1170 471 1190 ac
488 1164 623 1199 stupendo
638 1166 768 1200 mysterio
787 1171 965 1201 praeparatus.
985 1167 1034 1196 νος

246 1214 306 1234 rum
320 1207 398 1242 longe
416 1207 473 1236 Deo
490 1209 568 1236 aliter
588 1214 631 1237 est
646 1210 734 1237 visum
746 1232 753 1243 ,
773 1218 805 1239 ac
822 1219 856 1240 ne
876 1213 1032 1248 baptizandi

246 1253 356 1287 quidem
372 1258 493 1288 potestas
507 1259 550 1282 est
566 1255 604 1282 illi
622 1255 692 1283 facta
707 1276 714 1289 ,
728 1257 834 1293 1060
853 1266 914 1286 cum
930 1260 1031 1295 alioqui

246 1298 315 1332 tingi
331 1299 366 1324 ab
384 1298 430 1325 illa
447 1298 572 1327 Christus
592 1301 684 1335 pctius
699 1309 781 1336 quam
809 1303 843 1330 ab
861 1303 966 1332 Joanne
984 1313 1032 1341 po-

245 1343 351 1370 tuisset.
369 1343 467 1371 Verum
484 1344 603 1373 Joannes
628 1346 766 1375 Zachariae
780 1348 863 1383 ﬁlius,
878 1354 940 1384 post
959 1358 1033 1378 eont-

245 1389 361 1416 missum
385 1389 438 1417 sibi
468 1390 623 1425 baptizandi
648 1400 765 1425 munus,
794 1395 828 1421 ad
854 1401 1030 1430 peccatorum

245 1433 572 1468 condonationem,vitam
589 1437 617 1464 in
633 1438 780 1466 solitudine
799 1440 938 1469 traduxit:
952 1442 1031 1477 cujus

245 1483 322 1513 pater
337 1479 519 1507 sacerdotium
536 1482 630 1516 gessit,
648 1486 674 1509 et
688 1483 740 1510 sub
754 1483 850 1511 horam
871 1486 975 1514 sulIitus
990 1488 1031 1515 vi-

245 1532 306 1551 sum
319 1524 383 1552 huic
393 1525 512 1552 oblatum
523 1527 588 1553 est‘.
603 1527 666 1555 Post
676 1528 733 1555 haec
743 1529 849 1562 Petrus,
861 1535 887 1558 et
898 1531 1030 1567 Andreas,
1045 1542 1066 1570 ρ

245 1569 372 1602 Jacobus,
395 1574 423 1598 et
447 1570 575 1606 Joannes,
601 1573 741 1608 Philippus
759 1579 785 1602 et
807 1575 1031 1612 Bartholomzeus,

248 1612 377 1648 Thomas,
389 1615 552 1649 Thaddzeus,
565 1622 591 1645 et
605 1617 724 1646 Jacobus
737 1620 851 1655 Alplizei,
862 1626 888 1649 et
897 1622 1033 1651 Judasla-

247 1661 319 1693 eobi,
330 1665 357 1688 et
374 1660 467 1688 Simon
477 1662 636 1696 Cananazus,
644 1669 670 1692 et
687 1665 812 1694 Matthias
822 1667 855 1695 ad
867 1670 1032 1704 supplendos

245 1706 387 1734 duodecim
398 1706 559 1742 suﬂ‘ectus’;
575 1709 623 1742 illi,
640 1709 864 1745 inquam,omnes
875 1718 903 1741 et
917 1716 1032 1749 apostoli

244 1752 340 1780 delecti
357 1757 434 1785 sunt,
455 1761 487 1781 ac
503 1758 560 1781 toto
574 1759 707 1783 terrarum
725 1757 791 1785 orbe
814 1765 922 1786 sacram
946 1759 1032 1788 Evan-

244 1798 305 1832 gelii
329 1797 497 1827 iunctionem
518 1800 782 1835 administrarunt‘,
807 1811 869 1831 cum
895 1804 978 1833 Paulo
1004 1810 1032 1834 et

243 1841 378 1876 Bamaba,
403 1851 435 1871 ac
462 1845 590 1873 caeteris:
620 1842 758 1882 iidemque
777 1849 968 1883 mysteriorum
986 1859 1031 1879 au-

243 1893 334 1916 ctores
363 1894 445 1924 atque
460 1890 617 1919 conditores
639 1891 760 1925 fuerunt,
776 1901 831 1920 una
846 1902 908 1922 cum
927 1895 1030 1926 Jacobo

244 1932 352 1960 Domini
378 1933 473 1966 fratre,
498 1936 586 1969 primo
605 1935 857 1972 Hierosolymorum
878 1941 1028 1977 episcopo,

244 1985 258 2004 a
273 1986 329 2012 quo
344 1982 374 2005 ut
388 1984 414 2006 et
430 1979 465 2006 ab
480 1980 552 2012 aliis,
571 1988 640 2015 quos
654 1983 869 2017 numeravimus,
885 1987 1028 2020 apostolis,

243 2023 433 2058 episcoporqu
461 2031 492 2051 ac
511 2026 734 2061 presbyterorum
754 2029 946 2058 successiones
965 2038 1029 2060 sunt

243 2068 270 2095 in
286 2068 366 2096 domo
383 2068 428 2096 Dei
450 2070 615 2098 constitutae.
633 2071 688 2099 Nec
703 2073 774 2101 inter
791 2074 852 2103 illos
866 2079 956 2104 tamen
972 2086 1029 2106 mu-

242 2112 293 2140 lier
310 2113 365 2140 ulla
380 2118 505 2148 cooptata
527 2115 636 2151 legitur.
659 2116 744 2145 Erant
763 2120 884 2154 quidem,
904 2126 934 2149 ut
950 2122 1027 2151 Scri-

242 2161 322 2192 ptura
336 2162 440 2191 narrat,
458 2158 582 2196 Philippo
596 2163 768 2198 evangelista:
787 2164 848 2192 tilia:
867 2173 895 2193 IV
912 2168 1029 2202 prophe-

1086 892 1136 928 τὴν
1151 893 1260 928 Μαρίαν
1276 894 1411 929 ἱερατείαν
1425 895 1579 922 ἐπιτελέσαι
1595 898 1623 922 ὲν
1634 897 1721 933 Καινῇ
1737 899 1872 935 Διαθήκῃ·

1086 937 1135 972 τὴν
1147 938 1358 970 καταξιωθεῖσαν
1370 939 1398 966 ὲν
1414 939 1523 972 κόλποις
1542 941 1617 973 ἱδίοις
1632 942 1814 975 ὐποδέξασθαι
1829 946 1874 972 τὸν

1086 982 1261 1018 παμϐασιλέα
1280 983 1346 1010 Θεὸν
1362 985 1539 1021 ἐπουράνιον,
1555 987 1618 1015 Υίὺν
1637 988 1684 1015 τοῦ
1701 989 1768 1016 Θεοῦ
1783 999 1789 1005 -
1803 988 1838 1026 ἧς
1855 993 1872 1026 ἠ

1087 1028 1188 1063 μήτρα,
1202 1028 1266 1060 ναὸς
1280 1030 1412 1065 γενομένη
1428 1031 1474 1057 καὶ
1487 1034 1705 1069 κατοικητήριον,
1716 1036 1756 1067 εἱς
1765 1036 1815 1071 τὴν
1825 1036 1873 1064 τοῦ

1086 1073 1188 1108 Κυρίου
1219 1073 1350 1109 ἕνααρκον
1377 1077 1532 1112 οἰκονομίαν
1564 1079 1633 1105 κατὰ
1666 1080 1873 1117 φιλανθρωπίαν

1085 1117 1152 1144 Θεοῦ
1176 1118 1223 1144 κα¹ι
1247 1118 1399 1154 ἔκπληκτον
1434 1123 1583 1158 μυστήριον
1610 1125 1774 1162 ήτοιμάσθη.
1799 1128 1873 1155 Ἀλλ’

1084 1163 1135 1190 οὐκ
1155 1163 1309 1200 εὐδόκησεν.
1338 1166 1407 1193 Ἀλλ’
1425 1168 1486 1194 οὐδὲ
1507 1169 1647 1205 βάπτισμα
1668 1171 1768 1199 διδόναι
1789 1174 1872 1200 πεπί-

1085 1217 1211 1235 στευται·
1236 1210 1297 1237 ἐπεὶ
1313 1211 1449 1246 ὴδύνατοό
1467 1214 1585 1249 Χριστὸς
1598 1215 1699 1251 μᾶλλον
1717 1219 1783 1253 παρ’
1801 1219 1871 1256 αὐτῇ

1084 1253 1267 1289 βαπτισθῆναι
1291 1256 1363 1292 ἤπερ
1383 1258 1458 1294 παρὰ
1484 1259 1616 1300 Ἰωάννου.
1639 1262 1719 1289 Ἀλλὰ
1745 1253 1872 1301 Ἰωάννης

1085 1300 1135 1334 μὲν
1149 1302 1213 1332 παῖς
1226 1302 1360 1337 Ζαχαρίου
1379 1304 1408 1330 ὲν
1421 1306 1455 1340 τῇ
1472 1305 1568 1341 ἐρήμῳ
1580 1307 1712 1336 διετέλεσε
1727 1300 1872 1346 βάπτισμα

1084 1346 1208 1380 ἀφέσεως
1221 1347 1363 1384 ἁμαρτιῶν
1386 1353 1616 1387 πεπιστευμένοςυ
1631 1355 1646 1380 ὁ
1661 1355 1690 1382 δὲ
1705 1356 1802 1383 τούτου
1822 1366 1872 1384 τια-

1083 1390 1134 1426 τὴρ
1156 1392 1215 1427 Θεῷ
1241 1393 1397 1429 ἱεράτευσε,
1422 1396 1468 1422 καὶ
1491 1398 1524 1432 τῇ
1546 1397 1606 1434 ὥρᾳ
1626 1399 1674 1426 τοῦ
1699 1400 1872 1438 θυμιάματος

1083 1437 1215 1465 ὀπτασίαν
1231 1437 1296 1466 εἱδε.
1313 1440 1416 1476 Πέτρος
1439 1450 1469 1468 τε
1494 1443 1541 1470 καὶ
1561 1445 1704 1480 Ἀνδρέας,
1724 1448 1871 1484 Ἰάκωϐος,

1084 1483 1130 1508 καὶ
1152 1483 1288 1520 Ἰωάννης.
1302 1485 1432 1520 Φίλιππος
1443 1507 1450 1519 ,
1464 1489 1511 1516 καὶ
1526 1489 1725 1527 Βαρθολομαῖος
1734 1513 1742 1525 ,
1757 1494 1871 1530 Θωμᾶς,

1083 1529 1220 1562 Θαδδαῖος,
1237 1531 1284 1557 καὶ
1300 1532 1426 1565 Ίάκωόος
1444 1534 1578 1569 Ἁλφαίου,
1595 1537 1642 1563 καὶ
1661 1538 1760 1572 Ἰούδας
1778 1529 1871 1569 Ἰακὼ-

1084 1574 1142 1609 6ου,
1155 1576 1203 1602 καὶ
1217 1577 1308 1612 Σίμων
1323 1579 1337 1605 ὁ
1348 1579 1511 1614 Καναναῖος,
1526 1582 1573 1609 καὶ
1586 1582 1711 1617 Ματθίας
1721 1586 1735 1612 ὸ
1750 1586 1791 1617 εἰς
1806 1588 1870 1623 πλή-

1084 1627 1167 1654 ρωσιν
1182 1620 1237 1647 τῶν
1259 1621 1361 1648 δώδεκα
1380 1623 1587 1661 ἐκλελεγμένος·
1607 1624 1679 1655 οὗτοι
1698 1629 1802 1662 πάντες
1828 1620 1876 1666 ἐξ·

1082 1664 1214 1700 ελέγησαν
1229 1666 1380 1700 ἀπόστολοι,
1395 1670 1441 1695 καὶ
1455 1670 1524 1697 κατὰ
1537 1671 1585 1707 τὴν
1597 1672 1649 1707 γῆν
1665 1664 1870 1711 ἱερουργοῦντες

1082 1709 1112 1736 τὸ
1138 1710 1304 1745 Εὐαγγὲλιον
1321 1713 1380 1748 ἅμα
1396 1714 1494 1750 Παύλῳ
1512 1716 1559 1743 καὶ
1576 1717 1720 1755 Βαρνάϐᾳ,
1741 1709 1794 1748 -καὶ
1815 1709 1869 1749 λοιλ

1081 1755 1151 1788 τιοῖς,
1164 1756 1211 1782 καὶ
1228 1759 1385 1794 μυστηρίων
1401 1760 1550 1796 ἀρχηγέται
1566 1763 1614 1789 σὺν
1629 1764 1750 1800 Ἰακώϐῳ
1762 1766 1869 1803 ἀδελφῷ

1081 1801 1127 1848 τρῦ
1141 1802 1255 1837 Κυρίου,
1270 1804 1317 1831 καὶ
1335 1806 1435 1842 πρώτῳ
1449 1808 1591 1845 ὲπισκόπῳ
1610 1810 1805 1848 Ἰεροσολύμων
1815 1823 1822 1829 ·
1833 1801 1868 1847 ἐξ

1080 1843 1164 1883 οὗπερ
1179 1848 1329 1877 ἐπισκόπου
1349 1852 1396 1878 καὶ
1412 1853 1466 1879 τῶν
1485 1843 1691 1891 προειρημένων
1711 1843 1868 1887 ἀποστόλων

1080 1893 1286 1930 κατεστάθησαν
1298 1896 1420 1932 διαδοχαὶ
1435 1898 1592 1928 ἐπισκόπων
1603 1903 1650 1928 καὶ
1670 1904 1867 1941 πρεσὸυτέρων

1079 1937 1109 1964 ὲν
1120 1938 1187 1973 οίκῳ
1199 1939 1277 1966 Θεοῦ.
1293 1941 1348 1967 Καὶ
1360 1942 1479 1977 οὐδαμοῦ
1493 1944 1560 1980 γυνὴ
1575 1946 1604 1972 ὲν
1616 1946 1721 1980 τούτοις
1733 1937 1868 1978 κατεστά-

1080 1982 1123 2018 θη.
1160 1981 1250 2012 Ἦσαν
1281 1985 1309 2012 δὲ
1330 2007 1337 2020 ,
1363 1988 1445 2023 φησὶ,
1478 1990 1609 2026 τέσσαρες
1636 1992 1785 2030 θυγατέρες
1825 1997 1868 2024 the

1079 2029 1171 2066 λὶππῳ
1205 2031 1244 2066 τῷ
1275 2033 1452 2070 εὐαγγελιστῇ
1489 2029 1781 2073 προφητεύουσαιξού
1812 2043 1867 2079 μὴν

1080 2075 1279 2112 ἱερουργοῦσαι.
1301 2079 1356 2106 Καὶ
1379 2077 1413 2115 ἦν
1429 2081 1513 2108 ’Ἅννα
1526 2084 1659 2119 προφῆτις
1678 2084 1802 2123 θυγάτηρ
1811 2075 1868 2115 λιθα-

1078 2121 1174 2157 νουὴλ,
1189 2123 1247 2149 ἀλλ’
1266 2124 1315 2159 οὐχ
1331 2125 1466 2160 ἱερατείαν
1482 2130 1696 2165 πεπιστευμένη.
1714 2121 1791 2160 Ἔδει
1808 2134 1864 2170 γὰρ

1077 2167 1247 2203 πληροῦσθαι
1260 2169 1303 2203 τὸ,
1314 2171 1581 2205 Προφητεύσουσιν
1596 2176 1622 2202 οι
1636 2176 1696 2202 υἱοὶ
1706 2177 1801 2212 ὑμῶν,
1815 2167 1866 2207 άάι

242 2202 325 2234 tissae,
345 2210 401 2230 non
423 2207 512 2231 tamen
528 2206 683 2235 sacerdotes
701 2209 721 2235 ‘.
742 2208 872 2238 Similiter
898 2215 926 2239 et
947 2213 1025 2240 Anna

242 2247 363 2257 "A44.
387 2256 407 2257 η
424 2249 435 2257 ,
454 2249 510 2257 .,η.
595 2251 609 2257 ,ι
639 2252 671 2257 η..
699 2254 707 2257 .

1082 2215 1107 2240 αι
1118 2202 1276 2249 ΰυγ-ατέρες
1288 2202 1541 2252 ὐμῶνήὲκυπνίοις
1555 2202 1865 2257 ἐνυπνιασθῆάοέιταῐ

241 2247 413 2283 prophetissa
423 2249 473 2276 l'uit
481 2249 627 2279 Phanuelis
636 2252 690 2279 ﬁlia
698 2254 719 2286 ⁸,
733 2262 787 2282 non
799 2258 888 2283 tamen
902 2257 1028 2285 sacerdo-

241 2292 279 2320 tio
297 2293 418 2327 praedita.
438 2294 543 2330 Quippe
559 2297 664 2331 impleri
683 2299 756 2327 istud
778 2301 933 2335 oportebat,
953 2303 1025 2337 quod

240 2344 282 2366 est
291 2340 437 2374 scriptum:
449 2341 645 2375 Prop/tetabunt
659 2345 710 2379 ﬁlii
721 2347 810 2380 vestri,
823 2351 847 2373 et
856 2347 920 2381 ﬁlia:
932 2353 1026 2377 vestra?

240 2385 344 2410 somnia
368 2387 554 2421 somm'abunt,
576 2394 600 2416 et
621 2389 796 2419 adolescentes
819 2394 898 2420 vestri
914 2395 1025 2422 visiones

239 2429 371 2457 videbunt.
389 2430 549 2467 Quanquam
566 2443 630 2463 vero
647 2437 907 2466 diaconissarum'in
928 2439 1024 2469 Eccle-

240 2475 280 2502 sia
296 2476 363 2504 ordo
381 2478 428 2510 sit,
447 2486 501 2506 non
517 2483 607 2508 tamen
623 2482 657 2509 ad
677 2484 823 2511 sacerdotii
842 2485 1021 2520 iunctionem,

239 2525 287 2547 aut
315 2522 396 2549 ullam
422 2524 556 2559 ejusmodi
580 2527 844 2557 administrationem
878 2531 1021 2560 institutus

239 2571 299 2600 est,
323 2567 370 2594 sed
391 2572 421 2595 ut
441 2570 585 2598 muliebris
603 2579 684 2600 sexus
699 2573 833 2601 honestati
849 2576 1020 2610 consulatur,

238 2612 295 2640 sive
311 2617 341 2640 ut
357 2613 484 2649 baptismi
499 2619 620 2651 tempore
637 2618 719 2651 adsit,
737 2620 795 2647 sive
810 2625 839 2647 ut
856 2621 984 2656 inspiciat
997 2623 1021 2650 si

238 2659 302 2694 quid
318 2667 397 2694 passa
410 2661 455 2694 sit,
473 2667 519 2689 aut
536 2663 666 2691 molestiae
682 2666 834 2700 pertulerit,
850 2667 907 2695 sive
917 2673 945 2694 ut
959 2675 1021 2695 cum

237 2705 396 2733 nudandum
423 2712 465 2735 est
491 2708 615 2737 mulieris
640 2718 757 2746 corpus,
783 2712 968 2741 interveniat:
986 2721 1021 2741 ne

1078 2260 1128 2287 καὶ
1155 2262 1182 2287 ol
1192 2261 1347 2289 νεανίσκοι
1358 2264 1442 2298 ὑμῶν
1455 2265 1576 2300 ὁράσεις
1590 2267 1727 2301 ὄψονται.
1748 2270 1806 2298 Καὶ
1823 2273 1866 2299 ὃτι

1080 2305 1128 2340 μὲν
1143 2306 1319 2334 διακονισσῶν
1335 2308 1390 2343 (15)
1414 2309 1506 2345 τάγμα
1525 2312 1599 2338 ἐστὶν
1620 2313 1660 2344 εἱς
1681 2313 1730 2349 τὴν
1750 2315 1867 2352 Ἐκκλη-

1078 2351 1147 2382 σίαν,
1165 2351 1224 2378 ἀλλ’
1240 2352 1300 2388 οὐχὶ
1319 2353 1358 2385 είς
1370 2353 1400 2380 τὸ
1419 2356 1579 2390 ἱερατεύειν,
1596 2357 1657 2384 οὐδὲ
1671 2366 1698 2384 τι
1713 2351 1864 2396 ἐπιχειρεῖν

1076 2395 1242 2429 ἐπιτρέπειν,
1255 2396 1347 2424 ἕνεκεν
1359 2398 1387 2424 δὲ
1401 2401 1564 2436 σεμνότητος
1580 2401 1627 2429 τοῦ
1642 2404 1799 2437 γυναικείου
1808 2395 1864 2440 γέ-

1077 2448 1149 2474 νους,
1164 2441 1180 2476 ἢ
1201 2442 1234 2468 δι’
1249 2442 1323 2477 ὥραν
1337 2444 1459 2480 λουτροῦ,
1486 2446 1502 2481 ἢ
1523 2448 1694 2484 ἐπισκέψεως
1707 2450 1826 2483 πάθους,
1844 2453 1862 2487 ῆ

1076 2485 1167 2519 πόνου,
1185 2488 1231 2513 καὶ
1242 2488 1286 2514 ὅτε
1301 2489 1456 2526 γυμνωθείη
1472 2491 1551 2526 σῶμα
1562 2494 1683 2527 γυναίου,
1698 2495 1740 2521 ἴνα
1756 2496 1794 2532 μὴ
1809 2485 1863 2523 and

1074 2531 1178 2566 ἀνδρῶν
1196 2532 1406 2568 ἱερουργούντων
1423 2535 1532 2572 θεαθείη
1543 2558 1550 2569 ,
1564 2538 1623 2565 ἀλλ’
1637 2539 1689 2566 ὑπὸ
1706 2540 1755 2576 τῆς
1768 2542 1862 2569 διακο-

1072 2576 1182 2611 νούσης,
1195 2577 1229 2604 ἃτ
1243 2579 1423 2615 ἐπιτάσσηται
1433 2581 1486 2608 ὑπὸ
1497 2583 1545 2609 τοῦ
1564 2584 1658 2620 ἱερέως
1671 2586 1861 2622 ἐπιμελεῖσθαι

1073 2622 1141 2658 πρὸς
1157 2623 1206 2659 τὴν
1219 2624 1294 2659 ὤραν
1313 2626 1361 2661 τῆς
1375 2627 1553 2664 ὲπιδεομένης
1565 2631 1693 2663 γυναικὸς
1705 2632 1734 2658 ὲν
1748 2634 1782 2668 τῇ
1799 2632 1859 2669 ὥρα

1073 2668 1124 2703 τῆς
1140 2669 1187 2695 τοῦ
1208 2670 1332 2705 σώματος
1354 2672 1438 2707 αὐτῆς
1456 2674 1636 2709 γυμνὼσεως,
1651 2676 1698 2703 τοῦ
1719 2678 1859 2713 τάγματος

1074 2715 1124 2749 τῆς
1140 2715 1276 2749 εὐταξίας,
1291 2719 1337 2745 καὶ
1355 2719 1584 2757 ἐκκλησιαπικῆς
1596 2723 1725 2759 εὐνομίας
1745 2725 1853 2760 ἐπιστη-

273 2781 281 2797 ί
298 2781 307 2806 l
322 2782 388 2818 Reg.
402 2791 421 2817 I,
432 2784 458 2811 ὅ.
496 2786 506 2801 ³
522 2784 588 2813 Luc.
607 2794 626 2820 ι,
637 2787 653 2814 5
667 2795 726 2823 sqq.
766 2788 776 2804 ³
788 2788 849 2816 Act.
865 2797 884 2822 ι,
895 2790 941 2817 ‘26.
980 2790 991 2806 ⁸
1006 2790 1028 2817 Β

1082 2811 1086 2818 ,
1103 2799 1147 2823 xv,
1167 2792 1210 2820 16.
1251 2794 1261 2809 ⁸
1273 2794 1334 2823 Act.
1354 2804 1412 2830 XXI,
1428 2797 1454 2826 9.
1494 2798 1504 2814 ⁸
1518 2798 1584 2827 Luc.
1599 2807 1630 2834 ιι,
1642 2799 1687 2828 56.
1725 2800 1736 2817 '
1751 2800 1854 2834 Eii-ﬁ.

276 2836 328 2870 US)
344 2838 399 2866 Καὶ
415 2840 459 2868 ὅτι
474 2842 530 2870 μὲν
544 2842 757 2872 διακονισσών.
776 2845 812 2875 De
828 2846 989 2876 diaconissis
1004 2848 1030 2874 in

1082 2857 1103 2876 ne
1119 2850 1209 2883 operis
1223 2854 1326 2885 agetur.
