1945 3043
87 179 142 207 ’145
392 175 574 204 ADVERSUS
594 174 765 204 IIIERESES
785 173 848 202 LIB.
873 174 892 201 II

945 172 1020 203 ΓΟΜ.
1043 174 1074 201 II.
1093 190 1126 195 —
1146 174 1281 203 II/ERES.
1305 174 1421 203 LXXIX.
1670 173 1720 201 746

90 237 180 272 μόνως
198 235 228 262 ἐν
242 235 334 271 μέτρῳ
355 234 466 265 κανόνος
487 233 589 268 σφόδρα
603 231 819 268 ἡσφαλισμένης.
837 229 882 257 Διὸ

949 231 1063 263 irorum,
1073 231 1120 266 qui
1131 232 1217 259 sacris
1229 236 1390 267 operantur,
1402 231 1524 268 aspectui
1541 235 1576 259 sd
1588 232 1722 265 cxpusia,

87 283 153 309 οὒτε
176 281 319 316 ἐπιτρέπει
336 280 350 306 ὁ
364 279 437 311 θεῖος
455 279 533 313 λόγος
565 277 678 312 γυναικὶ
701 277 730 303 ὲν
751 275 884 310 ἐκκλησίᾳ.

945 275 981 302 ιοιΙ
1009 282 1024 302 a
1046 276 1104 303 sola
1128 276 1283 304 diaconissa
1315 277 1456 309 videatur;
1484 284 1545 312 quae
1571 275 1724 304 sacerdotis

89 329 193 360 λαλεῖν,
208 327 270 353 οὔτε
282 326 422 353 αὐθεντεῖν
440 325 546 361 ἀνδρὸς.
568 324 623 352 Καὶ
640 322 726 350 πολλὰ
740 322 799 348 ἔστι
821 320 886 354 περὶ

945 319 1066 347 nandato
1082 321 1204 349 mulieris
1225 328 1320 349 curam
1337 321 1417 357 gerit,
1440 329 1494 356 quo
1508 325 1631 356 tempore
1643 324 1726 348 vcsti-

89 374 188 401 τούτου
205 373 306 406 λέγειν.

945 371 988 391 )tlS
1001 365 1120 392 exuitur.
1134 365 1193 398 Qua
1209 366 1234 393 iu
1249 375 1278 394 re
1288 374 1350 393 cum
1361 366 1467 394 ordinis
1483 366 1557 394 illius
1572 365 1725 398 Iuodeslim,

90 425 151 448 tum
176 419 371 447 coclesiasticae
395 418 547 453 disciplina:
567 417 713 453 prudenter
735 414 881 442 admodum
919 417 950 437 ex
974 411 1094 441 Canonis
1132 416 1292 450 pratscripto
1314 418 1356 442 est
1385 422 1417 442 ac
1440 414 1533 448 regula
1556 414 1725 442 consultum.

91 467 240 501 Propterea
280 472 314 492 ne
340 465 413 500 loqui
438 464 548 499 quidem
568 464 595 491 in
615 463 731 491 ecclesia
751 458 859 488 mulieri
880 458 911 488 ἰ
932 461 978 484 aut
1001 459 1028 486 in
1053 460 1126 488 viros
1152 462 1343 489 auctoritatem
1376 461 1477 489 habere
1504 468 1589 488 sacra:
1615 459 1725 487 Littera:

91 513 265 549 permittunt.
290 511 344 539 Sed
369 511 404 539 de
426 511 478 538 hac
504 515 560 538 tota
587 519 617 538 re
642 511 719 545 plura
746 505 884 543 disputari
906 509 1032 538 possunt.

128 561 163 587 A'.
186 558 397 594 Παρατηρητέον
411 558 450 589 δὲ,
464 558 505 584 ὅτι
522 557 586 592 ἄχρι
601 555 779 584 διακονισσῶν
807 553 886 588 μόνον

91 605 125 632 τὸ
142 603 368 639 ἐκκλησιαστικὸν
386 602 519 638 ὲπεδεήθη
547 601 655 636 τάγμα,
673 601 761 635 χήρας
775 607 805 625 τε
820 597 886 624 ὠνό-

95 659 178 685 μασε,
202 649 250 676 καὶ
269 649 372 675 τούτων
388 647 437 679 τὰς
459 647 499 674 ἔτι
520 646 671 682 γραοτέρας
689 643 885 680 πρεσϐύτιδας,

92 694 212 730 οὐδαμοῦ
235 694 263 721 δὲ
288 693 519 729 πρεσϐυτερίδας,
544 693 560 727 ἢ
586 692 707 726 ἱερισσας
723 689 884 725 προσέταξε.

95 742 151 768 Καὶ
175 741 230 776 γὰρ
250 740 312 767 οὔτε
327 740 447 767 διάκονοι
469 739 497 765 ὲν
518 739 550 774 τῇ
575 737 788 772 ὲκκλησιαστικῇ
811 734 886 768 τάξει

93 786 296 822 ἓπιστεύθησάν
316 794 342 812 τι
367 786 514 821 μυστήριον
540 783 686 814 ἐπιτελεῖν,
710 781 780 809 ἀλλὰ.
805 780 886 816 μόνον

93 833 228 860 διακονεῖν
246 833 280 858 τὰ
302 830 508 865 ἐπιτελούμενα.
532 828 618 856 Πόθεν
637 828 666 854 δὲ
683 826 763 854 πάλιν
785 826 851 861 ἡμῖν
872 825 887 851 ὀ

970 550 1013 578 IV.
1035 552 1103 580 Illud
1117 561 1181 582 vero
1195 555 1339 590 diligenter
1353 555 1554 583 observandum
1566 558 1618 587 est,
1635 554 1723 581 solum

923 595 1151 626 .diaconissarum
1172 599 1289 627 ollicium
1305 601 1340 628 ad
1362 601 1577 628 ecclesiasticum
1601 600 1723 628 ordinem

936 643 1123 671 necessarium
1143 644 1245 678 fuisse;
1262 652 1294 672 ac
1308 645 1405 673 viduas
1427 645 1536 681 quidem
1561 645 1723 673 nominalim

936 695 1091 722 expressas,
1109 694 1136 717 et
1152 690 1222 718 inter
1238 691 1309 723 illas,
1327 699 1388 726 quze
1410 699 1479 719 auus
1498 695 1600 724 essent,
1619 691 1723 726 106],

937 733 1109 770 presbytidas
1132 739 1253 768 vocatas,
1281 744 1419 772 nunquam
1445 737 1650 772 presbyteridas
1678 741 1726 764 aut

938 780 1136 808 saecrdotissas
1152 788 1214 809 esse
1228 781 1326 810 factas.
1346 781 1414 809 Nam
1430 791 1517 818 neque
1532 783 1656 810 diaeonis
1668 782 1727 818 qui-

938 825 998 853 dem
1014 826 1081 861 ipsis
1101 827 1186 854 ullum
1200 827 1228 854 in
1243 827 1431 856 ecclesiastico
1452 829 1548 856 ordine
1567 836 1726 856 sacramen—

95 877 189 908 καινὸς
207 876 290 912 μῦθος
309 872 388 907 οὗτος
403 875 569 910 ὲγήγερται;
588 873 674 900 Πόθεν
688 871 825 908 γυναικῶν
839 870 886 898 τῦ-

945 879 996 899 ;um
1011 872 1143 907 perﬁcere
1160 873 1332 906 conceditur,
1348 874 1395 901 scd
1411 874 1462 902 hoc
1476 875 1620 908 duntaxat,
1637 879 1666 902 ut
1680 882 1728 903 eo-

94 931 162 958 (ρος,
188 923 234 949 καὶ
259 922 342 958 μανία
359 922 569 956 γυναικωνῖτις;
588 919 674 947 Πόθεν
695 918 850 954 τρεφομένη
867 918 884 953 ἡ

94 969 181 996 κακία
197 969 240 996 διὰ
256 969 306 1004 τῆς
323 968 402 996 πάλιν
419 967 522 1004 θήλεος,
545 968 611 1003 ἡμῖν
625 966 654 993 τὸ
673 966 740 1002 θῆλυ
757 966 806 1001 τῆς
821 965 886 992 ὑπο-

94 1015 172 1047 νοίας
199 1016 255 1048 τοῖς
289 1015 463 1051 φρονήμασιν
492 1013 657 1049 ὲπιχέουσα,
691 1013 721 1039 τὸ
755 1012 886 1047 σφέτερον

95 1060 261 1096 ἡδυπαθείας
277 1060 447 1096 ἐργαζομένη
459 1080 466 1093 ,
488 1059 543 1087 ἀπὸ
566 1059 613 1085 τοῦ
636 1057 816 1094 προκειμένου
835 1056 887 1090 ἔξω

97 1107 200 1142 βαίνειν
215 1107 265 1142 τὴν
280 1106 408 1134 τάλαιναν
421 1105 476 1132 τῶν
490 1104 642 1140 ἀνθρώπων
658 1104 738 1139 φύσιν
754 1105 888 1139 ἐπιχειρεῖ

96 1153 281 1188 ἀναγκάζειν;
302 1151 382 1179 Ἀλλὰ
403 1152 456 1188 μὴν
472 1151 520 1178 τοῦ
541 1150 601 1178 ’1ὼὸ
623 1150 762 1186 δεξώμεθα
778 1149 809 1176 τὺ
825 1149 889 1185 φρό-

96 1208 170 1235 νημα
189 1199 220 1226 τὸ
236 1199 346 1235 στερεὸν
358 1198 405 1225 τοῦ
420 1198 547 1233 ἀθλητοῦ,
563 1196 771 1232 ὲξοπλισώμεθα
783 1196 833 1232 τὴν
847 1197 888 1223 δι-

97 1246 180 1272 καίαν
194 1237 340 1281 ἀτιόκρισιν
357 1246 404 1271 ἐπὶ
420 1245 476 1276 τοῖς
492 1244 609 1280 χείλεσιν
634 1243 824 1274 ἀναλαϐόντες.
843 1242 886 1269 EI-

97 1299 194 1325 πωμεν
212 1291 260 1317 καὶ
282 1290 358 1317 αὐτοί
370 1299 376 1306 ·
392 1291 506 1325 ’Ὠσπερ
523 1291 578 1325 μία
601 1289 661 1317 τῶν
676 1290 817 1325 ἀφρόνων
838 1297 891 1325 τυ-

98 1336 212 1364 ναικῶν
226 1335 394 1371 ἐλάλησας.

135 1425 220 1452 Πόθεν
235 1425 290 1460 γὰρ
304 1425 354 1451 οὐκ
370 1425 553 1461 ἐμϐρόντητον
568 1424 598 1451 τὸ
610 1424 728 1452 τοιοῦτον
742 1425 892 1460 φανήσεται

99 1472 182 1500 παντὶ
206 1472 245 1507 τῷ
269 1472 376 1499 σύνεσιν
402 1471 500 1507 ἔχοντι,
517 1471 563 1497 καὶ
585 1471 615 1497 ὲν
636 1470 696 1505 Θεῷ
713 1469 892 1505 munusve);

99 1517 185 1544 Πόθεν
201 1517 252 1544 οὐκ
266 1516 435 1543 είδωλοποιὸν
449 1517 479 1542 τὺ
489 1516 668 1552 ἐπιτήδευμα,
683 1515 730 1542 καὶ
751 1515 782 1542 τὸ
803 1516 892 1551 ἐγχεί-

101 1571 177 1599 ρημα
194 1562 363 1594 διαδολικόνς
379 1562 516 1597 Προφάσει
542 1561 596 1597 γὰρ
616 1562 720 1589 δικαίου
735 1561 778 1588 ἀεὶ
799 1562 892 1588 ὑπεισ-

99 1609 185 1636 δύνων
199 1608 249 1643 τὴν
261 1608 378 1635 διάνοιαν
393 1609 407 1634 ό
433 1607 556 1639 διάϐολος
578 1607 632 1633 τῶν
656 1606 818 1642 ἀνθρώπων,
844 1607 893 1642 τὴν

100 1653 201 1690 θνητὴν
221 1653 302 1688 φύσιν
331 1653 461 1680 θεοποιῶν
486 1654 526 1685 εἰς
553 1653 708 1688 ὀφθαλμοὺς
731 1652 892 1688 ἀνθρώπων,

100 1699 276 1736 ἁνδροείκελα
290 1699 436 1735 ἀγάλματα
448 1699 492 1726 διὰ
514 1698 649 1731 ποικιλίας
669 1698 770 1733 τεχνῶν
784 1698 893 1733 διέγρα-

99 1745 146 1780 ψε.
172 1745 229 1772 Καὶ
251 1745 397 1781 τεθνήκασι
426 1745 476 1780 μὲν
501 1745 526 1772 ot
548 1744 789 1780 προσκυνούμενοι,
806 1744 841 1770 τὰ
866 1743 895 1771 δὲ

99 1791 203 1818 τούτων
222 1791 368 1827 ἀγάλματα
391 1791 525 1827 μηδέποτε
543 1790 664 1826 ζήσαντα
694 1789 766 1825 (οὔτε
782 1790 837 1826 γὰρ
850 1798 894 1817 νε-

101 1836 157 1872 κρὰ
172 1836 284 1864 δύναται
298 1836 424 1871 γενέσθαι
443 1836 477 1863 τὰ
496 1836 632 1872 μηδέποτε
657 1835 787 1871 ζήσαντα)
811 1844 894 1871 προσ-

101 1882 209 1918 κυνητὰ
231 1882 426 1917 παρεισάγουσι
440 1902 447 1913 ,
477 1881 523 1909 διὰ
557 1882 737 1917 μοιχευσάσης
765 1881 894 1914 διανοίας,

102 1928 158 1954 ἀπὸ
183 1928 230 1955 τοῦ
258 1928 316 1960 ἑνὸς
340 1929 388 1955 καὶ
416 1927 495 1963 μόνου
520 1928 602 1955 Θεοῦ·
628 1928 666 1960 ὡς
689 1929 706 1964 ή
740 1928 896 1961 πολύκοινος

103 1973 191 2009 πόρνη
209 1974 254 2000 ἐπὶ
273 1973 372 2009 πολλὴν
391 1973 504 2000 ἀτοπίαν
532 1973 694 2008 πολυμιξίας
714 1974 894 2009 ὲρεθισθείσα,

103 2018 151 2044 καὶ
171 2018 202 2044 τὸ
226 2018 333 2054 σῶφρον
352 2018 563 2054 ἀποτριψαμένη
586 2018 636 2053 τῆς
660 2018 706 2046 τοῦ
725 2019 783 2051 ἐνὸς
800 2019 896 2056 ἀνδρὸς

103 2062 242 2097 εὐνομίας.
256 2063 310 2089 Ναὶ
325 2063 379 2099 μὴν
401 2064 478 2097 ἅγιον
492 2061 526 2099 ἦν
541 2063 573 2090 τὸ
597 2063 678 2100 σῶμα
703 2064 752 2100 τῆς
773 2065 894 2101 Μαρίας·

103 2110 134 2135 οὺ
151 2108 204 2144 μὴν
227 2109 298 2140 θεός.
316 2110 369 2136 Ναὶ
389 2109 422 2145 δὴ
440 2109 574 2145 παρθένος
596 2107 629 2145 ἦν
650 2111 667 2145 ἡ
693 2110 831 2146 Παρθένος
850 2111 897 2137 καὶ

102 2154 285 2190 τετιμημένη,
301 2154 359 2182 ἀλλ’
373 2155 423 2181 οὐκ
439 2155 480 2186 είς
499 2155 685 2190 προσκύνησιν
699 2156 765 2191 ἡμῖν
778 2156 894 2188 δοθεῖσα,

936 925 996 944 rum
1012 925 1072 952 quae
1085 917 1273 953 perﬁciuntur,
1288 919 1408 948 ministri
1429 920 1495 948 sint.
1516 919 1656 948 Uudenam
1677 920 1728 956 igi—

936 967 981 990 tur
995 971 1092 992 recens
1107 964 1153 991 illa
1173 965 1254 993 nobis
1270 970 1313 993 est
1325 966 1444 993 excitata
1465 965 1573 994 fabula?
1590 966 1667 994 Unde
1684 966 1728 994 hic

937 1009 1085 1037 mulierum
1100 1009 1199 1043 fastus,
1217 1011 1259 1038 vel
1274 1011 1416 1039 muliebris
1430 1012 1520 1046 potius
1537 1011 1633 1040 furor?
1651 1012 1729 1040 Unde

937 1060 1003 1080 vero
1016 1053 1138 1088 nequitia
1151 1055 1207 1087 illa,
1221 1063 1304 1090 quam
1317 1055 1407 1085 denuo
1419 1056 1516 1084 mulier
1527 1057 1576 1084 alit
1598 1065 1630 1084 ac
1644 1057 1727 1090 fovet,

937 1099 1125 1128 effeminatum
1143 1100 1215 1128 istud
1234 1100 1332 1136 dogma
1353 1101 1453 1129 animis
1477 1102 1618 1129 hominum
1640 1103 1730 1131 iustil.

939 1144 1011 1176 Ians,
1030 1151 1061 1172 ac
1076 1144 1215 1172 libidinem
1231 1152 1308 1172 suam
1322 1152 1487 1180 exsequens,
1503 1145 1606 1174 infelici
1620 1147 1729 1182 generis

940 1189 1052 1217 humani
1071 1194 1176 1217 natura:
1194 1190 1247 1217 vim
1268 1189 1370 1218 inferre
1391 1195 1524 1223 conatur,
1546 1196 1575 1219 ut
1596 1199 1611 1218 a
1629 1200 1731 1228 propo-

941 1235 994 1262 sito
1020 1243 1104 1271 scopo
1129 1236 1280 1264 desciscat?
1307 1236 1359 1264 Sed
1380 1245 1430 1264 nos
1451 1237 1511 1265 Johi
1533 1238 1646 1273 spiritus
1668 1239 1730 1267 illos

942 1281 1034 1309 animo
1047 1283 1198 1317 capiamus,
1209 1286 1237 1310 ct
1252 1283 1359 1310 athleta:
1373 1283 1517 1312 fortissimi
1547 1285 1644 1313 robore
1655 1286 1731 1314 velut

943 1328 1027 1356 armis
1044 1328 1200 1361 induamur,
1217 1336 1249 1356 ac
1270 1337 1404 1364 responso
1422 1330 1495 1358 illius
1517 1334 1645 1358 utamur:
1660 1332 1732 1359 Tau-

943 1382 1022 1408 quum
1041 1382 1094 1401 una
1113 1383 1126 1401 e
1139 1374 1243 1402 stolidis
1260 1375 1414 1403 mulieribus
1425 1376 1516 1404 locuta
1527 1385 1554 1404 es
1566 1379 1588 1405 '.

979 1420 1086 1448 Etenim
1109 1429 1200 1448 nonne
1225 1421 1359 1450 furiosum
1375 1422 1440 1449 illud
1465 1430 1498 1450 ac
1518 1423 1651 1451 vecordiae
1677 1425 1748 1460 p‘e-'

946 1474 1011 1493 num
1028 1466 1126 1501 dogma
1143 1466 1279 1494 videbitur
1297 1467 1331 1494 iis
1346 1467 1392 1503 qui
1410 1467 1542 1496 divinitus
1561 1473 1673 1505 accepta
1690 1478 1735 1498 sa-

947 1512 1047 1547 pientia
1068 1513 1172 1547 przediti
1191 1513 1274 1540 sunt?
1294 1513 1390 1541 Nonne
1414 1514 1568 1542 institutdm
1588 1516 1655 1543 illud
1670 1523 1734 1544 cum

945 1559 1097 1586 idololatria
1137 1560 1335 1594 conjunctum,
1370 1567 1402 1587 ac
1433 1560 1586 1589 diabolicus
1619 1567 1735 1589 conatus

944 1606 1144 1634 existimandus
1161 1605 1301 1633 cst?Nam
1326 1606 1450 1633 diabolus
1471 1607 1522 1634 sub
1536 1607 1652 1642 justitiae
1672 1615 1735 1643 spe-

945 1652 987 1679 cic
999 1656 1130 1687 perpetuo
1145 1652 1286 1679 hominum
1304 1651 1442 1679 mentibus
1454 1652 1599 1687 obrepcns,
1614 1660 1647 1680 ac
1662 1661 1735 1680 mor-

946 1697 1026 1724 talem
1045 1701 1171 1724 naturam
1196 1697 1297 1724 divinis
1315 1697 1466 1725 honoribus
1489 1705 1668 1731 consecrans.
1683 1699 1735 1726 hu-

945 1750 1041 1770 manas
1054 1742 1155 1778 elIIgies
1170 1742 1347 1770 artiﬁciorum
1364 1743 1496 1770 varietate
1520 1744 1668 1779 perpolitas
1683 1745 1735 1772 ho-

946 1790 1050 1817 minum
1076 1789 1164 1816 oculis
1188 1788 1299 1823 obiecit.
1326 1788 1417 1822 Quare
1449 1797 1511 1816 cum
1538 1789 1578 1816 illi
1601 1789 1664 1824 ipsi.
1688 1790 1736 1826 qui

946 1836 1107 1868 adorantur,
1125 1835 1223 1862 mortui
1249 1834 1315 1867 sint,
1335 1842 1429 1862 eorum
1456 1838 1547 1862 tamen
1577 1836 1735 1869 simulacra,

946 1889 1008 1917 quae
1030 1882 1092 1908 vita:
1119 1881 1188 1909 nihil
1216 1888 1337 1916 unquam
1363 1881 1517 1909 habuerunt
1539 1881 1640 1917 (neque
1663 1883 1736 1910 enim

946 1931 1054 1955 mortua
1071 1927 1125 1955 dici
1141 1931 1257 1963 possunt
1276 1927 1332 1959 illa,
1353 1935 1414 1962 quae
1437 1935 1577 1963 nunquam
1595 1927 1650 1955 vita
1670 1935 1739 1963 pnn-

946 1974 1005 2002 dita
1026 1973 1304 2011 I'uerunt),adoranda
1329 1977 1496 2009 proponunt,
1516 1975 1556 2002 sic
1580 1978 1609 2002 ut
1629 1975 1738 2003 animus

948 2020 1090 2047 hominum
1118 2021 1153 2048 ab
1179 2028 1235 2047 uno
1263 2020 1377 2055 soloque
1407 2019 1463 2048 Deo
1488 2020 1594 2048 nefario
1615 2020 1736 2056 quodam

948 2067 1084 2096 adulterio
1110 2067 1268 2096 desciscat:
1283 2067 1356 2095 velut
1382 2067 1523 2099 meretrix,
1539 2075 1600 2102 qua:
1622 2074 1739 2102 corpore

948 2121 999 2141 suo
1014 2118 1148 2148 quwstum
1168 2113 1272 2141 laciens
1299 2113 1495 2148 multiplicibus
1509 2113 1674 2147 promiscua
1691 2119 1738 2139 ve-

948 2160 1023 2188 neris
1039 2159 1159 2186 stimulis
1174 2158 1280 2194 agitur,
1300 2163 1328 2185 et
1342 2158 1423 2186 unius
1449 2165 1481 2185 ac
1504 2158 1616 2193 legitimi
1641 2157 1739 2186 matri-

105 2200 174 2228 ἀλλὰ
190 2200 378 2235 προσκυνοῦσα
401 2200 447 2227 τὸν
469 2200 499 2232 ἐξ
524 2201 613 2236 αὐτῆς
624 2201 707 2236 σαρκὶ
729 2203 892 2237 γεγεννημέ-

951 2205 1034 2233 monii
1062 2205 1216 2232 castitatem
1239 2205 1373 2240 repudiat.
1405 2203 1536 2232 Sanctum
1561 2208 1620 2231 erat
1648 2203 1740 2231 Maria:

105 2255 159 2279 νον,
173 2246 228 2273 ἀπὸ
242 2246 364 2281 οὐρανῶν
378 2246 407 2273 δὶ
421 2247 453 2273 ὲκ
465 2246 572 2273 κόλπων
589 2247 724 2283 πατρῴων
743 2249 896 2283 παραγενό-

107 2301 197 2328 μενον.
215 2293 270 2318 Καὶ
289 2292 332 2319 διὰ
349 2292 428 2319 τοῦτο
448 2293 479 2319 τὺ
498 2293 664 2328 Εὑαγγέλιον
681 2294 896 2329 ἐπασφαλίζεται

105 2340 189 2374 ἡμᾶς,
214 2338 303 2372 λέγον,
327 2337 409 2365 αὑτοῦ
437 2339 484 2366 τοῦ
510 2340 611 2374 Κυρίου
637 2341 782 2376 φήσαντος,
800 2342 841 2368 ﬁt
866 2342 897 2369 Τί

104 2385 169 2419 ἐμοὶ
189 2384 239 2411 καὶ
261 2384 322 2416 σοι,
338 2385 440 2419 rural;
456 2385 544 2412 Οῦπω
558 2385 625 2419 ἥκει
638 2387 658 2420 ἡ
676 2386 737 2420 ὥρα
749 2396 820 2422 μου.
837 2388 897 2415 Ἵνα

106 2430 160 2458 ἀπὸ
171 2430 230 2463 τοῦ,
244 2431 350 2464 Γύναι,
363 2431 392 2457 τί
408 2431 472 2465 ἐμοὶ
492 2431 541 2458 καὶ
567 2432 618 2458 σοι
627 2440 637 2464 ;
664 2433 700 2468 μή
722 2442 796 2465 τινες
819 2434 897 2469 νομί-

107 2485 174 2504 αωσι
199 2479 392 2513 περισσότερον
416 2475 487 2504 εἶναι
505 2477 554 2513 τὴν
578 2478 660 2512 ἁγίαν
685 2480 831 2516 Παρθένον,
848 2490 898 2514 γυ-

106 2524 187 2549 ναῖκα
212 2522 313 2557 ταύτην
337 2522 480 2558 κέκληκεν,
496 2522 534 2554 ὼς
556 2523 746 2559 προφητεύων,
759 2525 814 2552 τῶν
835 2526 898 2560 μελ-

106 2567 208 2594 λόντων
224 2567 333 2594 ἔσεσθαι
348 2568 393 2594 ἐπὶ
409 2567 458 2603 τῆς
472 2568 523 2603 γῆς
539 2569 695 2603 σχισμὰτων
713 2579 743 2597 τε
763 2571 810 2597 καὶ
824 2571 899 2606 αἱρέ-

107 2622 176 2640 σεων
191 2614 289 2649 χάριν·
308 2614 352 2640 ἴνα
376 2614 415 2649 μή
443 2622 525 2645 τινες.
544 2615 680 2651 ὑπερϐολῇ
709 2616 899 2651 Θαυμάσαντες

106 2659 155 2694 τὴν
180 2659 271 2694 ἁγίαν,
295 2661 336 2692 εἰς
360 2660 438 2687 τοῦτο
459 2661 615 2688 ὑποπέσωσι
638 2662 688 2697 τῆς
709 2663 842 2698 αἱρέσεως
870 2664 900 2690 τδ

106 2704 292 2742 imminua-

950 2258 1060 2287 corpus.
1073 2251 1160 2279 fateor
1173 2260 1180 2278 :
1195 2258 1248 2279 non
1266 2256 1356 2278 tamen
1378 2250 1446 2278 deus
1462 2250 1506 2277 illa
1523 2250 1582 2277 fuit.
1601 2250 1699 2277 Eadem
1712 2255 1742 2278 et

918 2325 921 2328 ,
951 2300 1026 2334 virgo
1049 2297 1171 2330 exstitit,
1206 2297 1319 2324 minime
1337 2300 1427 2323 tamen
1454 2296 1536 2324 nobis
1564 2297 1597 2324 ad
1622 2297 1742 2324 adorth

950 2345 1014 2372 dum
1031 2345 1179 2380 proposita.
1195 2343 1242 2371 sed
1260 2351 1322 2370 eum
1339 2343 1458 2370 adorans
1474 2343 1574 2378 ipsum.
1585 2343 1631 2378 qui
1656 2350 1672 2371 e
1691 2351 1741 2371 sua

951 2399 1034 2420 carne
1045 2391 1164 2428 genitus,
1180 2398 1196 2418 e
1212 2391 1282 2418 cmlo
1295 2397 1327 2417 ac
1344 2393 1458 2425 paterno
1474 2389 1536 2417 sinu
1548 2389 1741 2418 descenderat.

952 2438 1042 2470 Quare
1055 2441 1180 2465 sanctum
1195 2443 1304 2471 quoque
1321 2442 1371 2462 nos
1388 2435 1562 2469 Evangeliqu
1578 2435 1744 2470 praemunire

952 2484 1049 2516 voluit,
1067 2485 1094 2511 in
1109 2492 1164 2519 quo
1182 2484 1218 2510 ita
1230 2483 1357 2510 Christus
1383 2481 1502 2516 loquitur
1521 2490 1526 2507 :
1547 2481 1618 2514 Quid
1635 2481 1700 2508 mihi
1717 2485 1743 2508 et

953 2529 1011 2561 (ibi,
1035 2529 1148 2557 mulier?
1175 2528 1300 2555 (Vendunt
1322 2528 1389 2554 venit
1419 2528 1485 2554 hom
1510 2535 1568 2554 mea
1585 2528 1605 2554 '.
1627 2526 1678 2554 Ubi
1701 2527 1743 2554 id-

953 2575 1027 2603 circo
1052 2575 1194 2602 mulierem
1220 2573 1386 2609 appellavit:
1403 2573 1473 2606 Quid
1500 2574 1574 2606 mihi,
1601 2573 1701 2608 inquit,
1717 2577 1742 2599 et

953 2620 1011 2653 tibi,
1027 2621 1139 2648 mulier?
1152 2628 1185 2648 ne
1199 2620 1261 2655 quis
1275 2619 1306 2647 Β.
1323 2619 1461 2656 Virginem
1479 2618 1680 2647 excellentioris
1696 2617 1744 2643 ali-

954 2667 1034 2702 cujus
1048 2675 1110 2695 esse
1135 2671 1240 2694 naturae
1261 2666 1395 2700 crederet,
1412 2674 1499 2702 eoque
1515 2665 1648 2693 vocabqu
1663 2663 1743 2698 quasi

955 2713 1107 2740 vaticinans
1132 2713 1164 2740 ad
1181 2721 1212 2740 ea
1228 2713 1379 2740 schismata
1392 2713 1564 2747 haeresrsque
1583 2709 1743 2738 refutandus

107 2762 174 2782 usus
191 2759 244 2787 est,
263 2764 332 2791 quas
352 2757 380 2784 in
401 2758 468 2785 orbe
492 2762 628 2786 terrarum
654 2759 718 2786 olim
757 2760 919 2788 excitandas
940 2765 1107 2796 cognoverat
1128 2769 1135 2787 :
1159 2767 1240 2788 nemo
1265 2765 1294 2788 ut
1315 2764 1497 2788 sacrosancta:
1523 2757 1641 2793 Virginis
1665 2755 1744 2783 velte.

106 2802 232 2830 mentiori
259 2803 377 2838 quadam
407 2804 588 2832 admiratione
611 2805 717 2842 1082
746 2811 886 2835 permotus
906 2815 967 2836 sesc
982 2808 1015 2836 ad
1031 2807 1104 2836 illius
1125 2807 1236 2836 bteresis
1262 2815 1349 2844 nugas
1375 2815 1407 2835 ac
1433 2806 1528 2834 deliria
1560 2805 1742 2832 converteret.

141 2882 148 2897 '
168 2882 175 2909 Ι
191 2884 258 2909 Cor.
279 2890 333 2910 ιη’.
348 2883 392 2909 5t.
441 2885 450 2899 '
468 2883 517 2911 Joh
535 2891 565 2914 Il.
584 2884 626 2912 to.
666 2886 675 2900 ³
690 2884 768 2913 Joan.
787 2894 816 2918 It.
839 2886 866 2914 οί.

268 2929 403 2959 Pyrum.
422 2930 481 2959 (in.
499 2931 524 2960 Χ
534 2930 595 2960 LII.

1564 2927 1601 2958 '24.
