1945 3043
214 186 266 214 74¹1

930 181 958 210 S.
979 178 1148 208 EPlPliANlI

1799 177 1858 206 ⁸148

250 244 283 274 ν,
305 244 352 273 Est
365 244 437 274 enim
453 247 511 271 tota
531 243 583 270 ista
607 242 729 270 narratio
747 249 815 269 sane
836 248 917 277 quant
942 240 1006 268 ridi-

1094 238 1132 265 E'.
1151 238 1257 273 Χλευης
1275 237 1329 272 γάρ
1347 238 1404 263 ἐστι
1419 236 1449 262 τὸ
1461 237 1526 270 πᾶν,
1552 236 1599 263 καὶ
1619 236 1711 272 γραῶν
1727 237 1741 263 ὸ
1755 236 1858 272 μῦθος,

215 292 289 323 cula.
315 296 342 319 et
366 290 537 318 anicularum
565 287 755 316 lucubratione
778 287 870 323 digna.
900 286 1006 314 Etenim

217 343 336 372 quanam
357 336 383 362 in
404 334 552 370 Scriptura:
575 336 653 368 parte
670 331 846 360 continetur?
861 330 928 364 Quis
945 338 1007 365 pro-

216 382 357 418 phetarum
382 386 501 414 unquam
530 378 572 406 vel
589 377 727 405 hominem
753 376 879 410 adorari,
905 375 1005 402 nedum

219 426 360 454 mulierem
397 423 539 460 permisit?
567 424 729 458 Quanquam
760 421 832 450 enim
874 421 1005 449 selectum

214 471 351 508 quoddam
379 478 427 499 vas
463 474 545 506 atque
575 470 706 498 eximium
741 468 795 501 sit,
828 467 1006 495 nihilominus

215 518 313 545 mulier
325 521 378 549 est,
396 516 575 552 ejusdemque
598 523 662 543 cum
691 514 799 542 caeteris
815 518 930 546 naturae,
944 513 1007 541 licet

215 564 307 590 animo
334 566 416 598 atque
442 569 525 590 sensu
548 561 725 596 amplissimis
745 560 894 587 honoribus
911 558 1007 586 all'ecta

214 609 250 636 sit
263 617 270 641 ;
286 609 399 644 perinde
412 616 444 636 ac
459 608 626 643 reliquorum
638 610 795 635 sanctorum
815 612 943 641 corpora,
960 608 1007 631 ant

215 657 237 684 si
263 655 327 692 quid
346 655 380 682 ad
405 654 520 690 gloriam
543 661 575 680 ac
592 652 766 688 splendorem
784 651 919 679 illustrius
936 654 1007 678 attu-

215 699 281 726 lero.
300 696 536 730 Quemadmodum
552 694 635 726 Elias,
651 694 698 730 qui
719 694 754 721 ab
770 697 832 720 ortu
856 700 907 720 suo
921 692 1006 728 virgi-

215 745 328 772 nitatem
357 747 488 778 perpctuo
512 741 641 771 servavit.
663 744 691 768 et
718 741 746 768 in
769 740 869 767 coelum
896 742 1007 767 evectus

213 789 284 817 est'.
301 787 335 816 Ut
355 786 474 815 Joannes
491 790 596 822 postea,
611 786 658 820 qui
679 785 707 813 in
728 789 825 821 pectus
841 784 949 813 Dontini
964 792 1006 812 re-

214 835 345 866 cubuit‘,
367 841 448 869 quem
473 832 603 868 diligebat
624 831 705 859 Jesus
723 832 744 859 '.
771 831 805 859 Ut
828 831 1006 859 sanctissima

218 881 264 907 illa
280 879 401 908 Thecla:
414 879 458 906 cui
476 882 567 905 tamen
583 877 661 913 longe
683 882 725 905 est
745 876 935 912 anteponenda
949 875 1005 903 Ma-

1059 283 1097 315 ὡς
1114 284 1211 315 εἰπεῖν,
1229 283 1277 318 τῆς
1301 282 1433 318 αἱρέσεως
1456 282 1486 309 τὸ
1509 283 1642 318 διήγημα.
1671 283 1740 310 Ποία
1762 282 1791 310 δέ
1811 291 1856 316 τις

1060 328 1154 365 Γραφὴ
1185 328 1333 364 διηγήσατο
1361 327 1425 363 περὶ
1455 328 1565 356 τούτους
1595 328 1673 359 Ποῐος
1704 327 1857 364 προφητῶν

1059 374 1208 410 ἐπέτρεψεν
1234 373 1377 409 ἄνθρωπον
1405 373 1635 410 προσκυνεῖσθαι,
1667 372 1698 399 οὐ
1724 372 1778 409 μὴν
1802 381 1855 408 τυ-

1059 421 1140 447 ναϊκα
1153 419 1263 454 λέγειν;
1286 418 1440 455 Ἐξαίρετον
1467 418 1517 454 μὲν
1541 419 1595 455 γάρ
1615 420 1673 445 ἐστι
1690 418 1720 445 τὸ
1744 417 1852 451 σκεῦος,

1059 466 1128 493 ἀλλὰ
1139 465 1218 501 γυνὴ,
1234 466 1280 492 καὶ
1295 465 1372 492 οὐδὲν
1390 465 1439 501 τὴν
1455 465 1535 500 φύσιν
1559 463 1785 500 παρηλλαγμένη,
1802 463 1853 500 τὴν

1059 512 1088 539 δὲ
1118 511 1291 547 γνώμηνκαὶ
1314 511 1363 547 τὴν
1380 510 1506 546 αἴσθησιν
1526 511 1556 537 ἐν
1582 512 1648 546 τιμῇ
1671 510 1853 546 τετιμημένη,

1059 557 1134 584 ὥσπε
1139 566 1154 594 ρ
1168 557 1203 583 τὰ
1216 556 1331 592 σώματα
1345 556 1399 584 τῶν
1414 557 1510 591 ἁγίων,
1531 557 1579 583 καὶ
1604 557 1631 582 εἴ
1645 565 1672 584 τι
1693 557 1855 592 περισσότε-

1060 612 1105 640 ρον
1120 602 1188 639 πρὸς
1203 602 1355 637 δοξολογίαν
1376 602 1497 638 είποιμι’
1516 603 1554 634 ὡς
1577 603 1669 635 Ἠλίας
1692 604 1724 629 ὲκ
1749 603 1855 639 μητρὸς

1060 648 1204 684 παρθένος,
1221 648 1268 675 καὶ
1284 647 1355 675 οὕτω
1370 648 1458 684 μένων
1473 649 1513 680 είς
1533 649 1564 674 τὸ
1578 649 1709 685 διηνεκὲς,
1723 649 1770 675 καὶ
1787 649 1855 676 ἁνα-

1060 693 1273 730 λαμὸανόμενος,
1289 694 1402 720 ϐάνατον
1416 693 1444 720 δὲ
1459 693 1509 729 οὐχ
1523 692 1668 729 ἑωρακώς·
1680 693 1718 724 ὡς
1731 694 1746 719 ὸ
1762 693 1855 720 Ἰωάν-

1058 749 1118 776 νης,
1130 741 1144 767 ό
1158 741 1205 767 ἐπὶ
1216 740 1246 767 τὺ
1264 739 1361 775 στῆθος
1374 739 1421 766 τοῦ
1434 739 1535 775 Κυρίου
1549 739 1702 772 ἀναπεσὼν,
1716 739 1745 766 ὃν
1757 740 1854 774 ἠγάπα

1057 787 1072 813 ὁ
1092 785 1214 821 Ἰησοῦς·
1240 786 1279 817 ὡς
1304 785 1393 812 Θὲκλα
1415 785 1432 820 ἡ
1456 785 1531 819 ἁγία,
1550 785 1598 812 καὶ
1625 784 1719 820 Μαρία
1744 785 1761 820 ὴ
1780 785 1827 811 ἐπὶ
1841 785 1854 800 ⁸

1058 831 1160 866 ταύτης
1182 831 1332 866 τιμιωτέρα
1359 830 1392 857 δι’
1424 830 1458 866 ἢν
1485 830 1651 865 κατηξίωται
1683 830 1854 865 οἰκονομίαν.

1066 877 1136 903 Ἀλλ’
1163 876 1224 902 οὔτε
1246 875 1340 907 Ἠλίας
1365 875 1561 910 προσκυνητὺς,
1586 874 1686 910 καίπερ
1713 874 1742 900 ὲν
1770 873 1854 906 ζῶσιν

215 927 268 958 ria,
293 925 328 953 ob
356 925 468 952 cteleste
493 923 561 951 illud
584 923 760 959 mysterium,
786 922 861 958 quod
892 922 920 949 in
948 922 1006 956 ejus

1060 922 1112 949 ὥν·
1125 921 1188 949 οὔτε
1206 921 1333 956 Ἰωάννης
1345 921 1541 957 προσκυνητδς.
1559 919 1648 947 καίτοι
1664 927 1696 954 γε
1716 918 1761 946 διὰ
1784 920 1855 952 ἰδίας

215 975 295 1000 utero
316 970 468 1006 perlectum
493 973 544 997 est.
569 969 651 1005 Atqui
674 976 725 996 nec
752 967 826 996 Elias
850 967 1007 995 adorandus

214 1022 268 1052 est,
281 1017 391 1046 tametsi
408 1017 497 1044 adhuc
516 1019 657 1051 superstes
683 1014 739 1048 sit;
767 1021 855 1049 neque
875 1012 1006 1044 Joannes,

215 1063 280 1091 licet
296 1061 424 1098 precibus
441 1064 556 1088 mortem
570 1067 648 1088 suam
665 1059 854 1086 admirabilem
869 1065 901 1085 ac
915 1057 1008 1092 singu-

216 1108 300 1135 larem
313 1105 443 1138 eﬂ'ecerit,
466 1104 509 1132 vel
536 1103 563 1131 id
589 1103 680 1138 potius
705 1102 799 1129 divino
823 1101 859 1129 sit
877 1100 1008 1128 beneﬂcio

215 1154 393 1180 consecutus.
407 1149 460 1178 Sed
481 1156 532 1177 nec
548 1147 660 1179 Thecla,
679 1150 727 1174 aut
753 1146 824 1173 alius
843 1145 978 1181 quispiam
992 1153 1007 1172 e

215 1198 320 1226 sanctis
337 1197 477 1224 adoratur.
497 1194 558 1222 Non
572 1194 645 1222 enim
661 1197 739 1221 vetus
754 1192 835 1220 nobis
848 1191 1008 1227 superstitio

215 1242 412 1275 dominabitur,
429 1244 469 1273 ut,
484 1240 546 1267 vivo
561 1239 615 1267 Deo
632 1238 774 1270 derelicto,
789 1245 851 1272 quae
869 1237 904 1264 ab
917 1244 950 1265 eo
967 1237 1007 1264 la-

215 1287 319 1315 bricata
341 1291 406 1314 sunt
425 1285 541 1313 adorare
562 1284 699 1312 velimus:
719 1283 870 1311 Seruicrtmt
886 1282 1006 1318 ,inquit,

215 1338 240 1359 et
251 1332 367 1360 venerati
382 1336 443 1358 sunt
463 1335 614 1358 creaturam
638 1332 725 1364 potius
744 1337 824 1364 quam
844 1327 1006 1361 Creatorem,

215 1384 240 1407 ct
254 1378 324 1413 [ιιιιιὶ
341 1377 436 1403 redditi
450 1381 510 1404 sunt
528 1376 549 1402 ⁸.
565 1375 632 1402 Nam
655 1375 679 1403 si
709 1383 742 1402 ne
764 1374 875 1409 angelos
898 1373 1007 1409 quidem

217 1423 328 1452 adorari
343 1422 485 1459 permittit,
503 1425 606 1457 quanto
621 1421 712 1448 minus
730 1421 755 1448 id
776 1421 860 1448 Annae
880 1420 940 1448 lilia:
957 1420 1006 1447 tri-

216 1469 263 1497 bui
279 1467 446 1496 concesserit
465 1486 472 1499 ,
496 1473 577 1502 quam
594 1466 631 1493 illi
653 1473 668 1493 e
686 1464 808 1492 Joacimo
832 1464 878 1492 Dei
899 1465 1007 1492 bonitas

215 1513 346 1542 indulsit?
373 1519 455 1547 quam
485 1511 613 1546 precibus
647 1510 776 1545 omnique
802 1509 886 1536 animi
916 1509 1007 1537 studio

215 1566 248 1587 ac
262 1558 439 1586 contentione
467 1563 566 1591 parens
581 1559 697 1589 uterque
719 1554 887 1590 promeruit“!
908 1554 944 1581 ita
966 1558 1008 1581 ta-

1060 967 1143 1003 εὑχῆς
1158 967 1207 1003 τὴν
1230 967 1359 1003 κοίμησιν
1383 965 1467 994 αὑτοῦ
1486 965 1638 1002 ἔκπληκτον
1655 964 1854 1000 ἀπεργασάμεσ

1060 1022 1114 1046 νος,
1133 1013 1233 1049 μᾶλλον
1251 1013 1279 1039 δὲ
1297 1013 1329 1040 ιχ
1341 1012 1409 1040 Θεοῦ
1430 1012 1520 1039 λαϐὼν
1536 1011 1585 1047 τὴν
1603 1011 1699 1047 χάριν·
1715 1010 1773 1038 ἀλλ’
1790 1010 1853 1037 οὔτε

1059 1061 1076 1095 ὴ
1092 1059 1190 1090 Θέκλα,
1207 1058 1268 1086 οὔτε
1284 1067 1326 1091 τις
1341 1058 1395 1085 τῶν
1410 1058 1494 1093 ἁγίων
1509 1058 1710 1093 προσκυνεῖται.
1726 1057 1765 1084 Οὐ
1797 1057 1853 1093 γὰρ

1059 1105 1199 1142 κυριεύσει
1231 1105 1310 1141 ήμῶν
1331 1106 1349 1141 ὴ
1374 1105 1476 1140 ἀρχαία
1501 1104 1600 1140 πλάνη,
1633 1103 1850 1139 καταλιμπάνειν

1059 1152 1106 1178 τὸν
1122 1151 1221 1184 ζῶντα,
1234 1150 1282 1178 καὶ
1301 1151 1463 1187 προσκυνεῖν
1482 1150 1517 1177 τὰ
1537 1149 1583 1177 ὑπ’
1605 1149 1686 1176 αὐτοῦ
1710 1149 1851 1184 γεγονότα·

1066 1197 1267 1231 Ἐλάτρευσαν
1290 1197 1354 1233 γὰρ,
1382 1196 1431 1224 καὶ
1457 1196 1672 1230 ἐσεϐάσθησαν
1691 1194 1729 1230 τῇ
1755 1195 1853 1222 κτίσει

1060 1241 1140 1277 παρὰ
1161 1242 1215 1269 τὸν
1237 1242 1393 1275 κτίσαντα,
1418 1241 1468 1269 καί
1487 1241 1712 1277 ἐμαράνθησαν.
1739 1242 1771 1268 Εί
1798 1241 1853 1277 γὰρ

1060 1288 1192 1322 ἀγγέλους
1208 1287 1421 1323 προσκυνεῖσθαι
1436 1287 1467 1314 οὑ
1482 1286 1564 1319 θέλει,
1588 1287 1672 1322 πόσῳ.
1690 1287 1790 1322 μᾶλλον
1804 1287 1854 1323 τὴν

1059 1333 1113 1360 ἀπὸ
1130 1333 1229 1368 Ἀννης
1246 1332 1458 1368 γεγεννημένην,
1479 1332 1529 1368 τὴν
1549 1333 1580 1359 ἐκ
1601 1333 1648 1359 τοῦ
1674 1332 1802 1368 Ἰωακεὶμ
1818 1334 1853 1369 τῇ

1062 1377 1146 1412 ’Δννῃ
1161 1376 1363 1412 δεδωρημένην,
1377 1376 1426 1412 τὴν
1442 1376 1475 1403 δι’
1488 1376 1571 1411 εὐχῆς
1585 1377 1633 1403 καὶ
1650 1376 1741 1412 πάσης
1753 1376 1853 1412 ἐπιμε-

1059 1423 1134 1454 λείας
1150 1422 1221 1449 κατὰ
1244 1422 1410 1457 ἐπαγγελίαν
1435 1422 1520 1458 πατρὶ
1544 1422 1591 1449 καὶ
1619 1421 1703 1457 μητρὶ
1719 1422 1853 1454 δοθεῖσαν,

1059 1469 1090 1495 οὐ
1109 1468 1158 1503 μὲν
1174 1468 1275 1504 ἑτέρως
1289 1467 1494 1503 γεγεννημένην
1512 1467 1587 1504 παρὰ
1608 1468 1659 1504 τὴν
1675 1468 1729 1494 τῶν
1750 1468 1854 1504 direpti:-

1060 1523 1119 1541 πων
1134 1516 1225 1548 φύσιν,
1245 1513 1323 1546 ἀλλὰ,
1341 1513 1432 1546 καθὼς
1452 1514 1562 1545 πάντες,
1584 1514 1616 1540 ὲκ
1631 1513 1788 1549 σπέρματος
1804 1514 1852 1540 ἁν-

1059 1559 1122 1595 δρδς
1136 1559 1183 1586 καὶ
1198 1559 1303 1594 μήτρας
1318 1559 1462 1594 γυναικός;
1477 1559 1509 1586 Εἰ
1524 1558 1577 1595 γὰρ
1591 1559 1638 1586 καὶ
1651 1559 1668 1594 ἡ
1681 1559 1730 1594 τῆς
1743 1559 1853 1595 Μαρίας

216 1612 278 1632 men
294 1608 323 1631 ut
336 1611 390 1630 tton
411 1603 493 1630 ollam
515 1609 597 1637 quam
622 1600 712 1628 caeteri
731 1601 861 1628 mortales
877 1599 1006 1628 nascendi

1060 1605 1175 1640 ἱστορία,
1191 1605 1238 1632 καὶ
1254 1604 1417 1640 παραδόσεις
1431 1604 1550 1640 ἔχουσιν,
1570 1605 1611 1632 ὅτι
1626 1604 1727 1641 tm:th
1743 1604 1783 1640 τῷ
1799 1613 1853 1631 πα-

214 1650 399 1678 conditionem
415 1648 551 1680 habuerit,
566 1647 624 1679 sed,
642 1651 671 1674 ut
691 1647 741 1679 illi,
763 1654 779 1674 e
803 1646 874 1673 virili
895 1651 956 1675 satu
975 1653 1006 1674 ac

217 1697 311 1724 matris
326 1700 405 1723 utero
421 1695 560 1730 prodierit.
588 1693 719 1727 Quamvis
743 1697 834 1720 autem
855 1700 888 1720 ex
911 1693 1006 1720 Maria:

216 1741 332 1769 historia
347 1748 379 1769 ac
402 1740 549 1768 traditione
564 1739 630 1766 illud
645 1739 788 1772 habeatur,
802 1737 926 1766 Joacimo
945 1739 1006 1772 ejus

217 1788 285 1823 patri
307 1787 437 1815 divinitus
459 1786 510 1813 hoc
537 1785 564 1813 in
588 1785 697 1814 deserto
717 1786 870 1812 nuntiatum
897 1784 1003 1812 fuisse:

220 1843 229 1860 ι
237 1833 310 1861 Uxor
317 1838 362 1860 tua
372 1832 497 1866 concepit
508 1840 515 1864 ;
527 1841 536 1857 ι
547 1838 601 1858 non
608 1831 645 1858 ita
653 1835 742 1858 tatncn
753 1830 941 1865 accipiendum
951 1834 1003 1863 est,

216 1878 295 1913 quasi
311 1877 362 1904 hoc
378 1877 446 1903 citra
465 1875 613 1910 nuptialem
636 1874 866 1903 consociationem
886 1882 918 1902 ac
941 1875 1005 1902 viri-

218 1927 270 1951 lem
296 1926 386 1949 satum
412 1920 551 1948 acciderit.
575 1918 676 1946 Verum
699 1918 772 1954 quod
792 1919 914 1947 futurum
935 1924 1005 1952 erat,

1059 1651 1104 1686 τρὶ
1117 1650 1203 1686 αὐτῆς
1215 1651 1346 1686 Ἰωακεὶμ
1364 1651 1393 1677 ὲν
1407 1652 1441 1686 τῇ
1455 1651 1562 1686 ἐρήμῳ,
1574 1651 1615 1677 ὅτι
1631 1659 1640 1676 ι
1664 1651 1696 1677 Ἠ
1720 1651 1790 1686 Γυνή
1805 1659 1852 1677 σου

1060 1695 1251 1731 συνειληφυῖα·
1269 1706 1279 1722 ι
1293 1696 1342 1731 οὺχ
1360 1695 1400 1723 ὅτι
1420 1696 1484 1723 ἄνευ
1498 1696 1626 1731 συζυγίας
1641 1695 1720 1722 τοῦτο
1733 1696 1852 1730 ιγένετο,

1059 1742 1119 1768 οὐδὲ
1142 1742 1184 1768 ὅτι
1208 1742 1271 1770 ἄνευ
1296 1742 1454 1777 σπέρματος
1472 1741 1584 1777 ἀνδρός·
1609 1741 1676 1768 ἀλλὰ
1698 1741 1730 1768 τὺ
1757 1741 1853 1776 μέλλον

1057 1787 1166 1814 ἔσεσθαι
1182 1787 1377 1823 προεθέσπιςεν
1396 1788 1411 1813 ό
1431 1787 1546 1822 ἄγγελος
1567 1787 1738 1820 ἀποσταλεὶς,
1755 1787 1800 1814 ἴνα
1816 1788 1850 1822 μή

1056 1841 1098 1864 τις
1117 1833 1229 1868 γένηται
1243 1832 1391 1867 δισταγμδς
1407 1832 1450 1859 διὰ
1462 1832 1492 1858 τὸ
1513 1833 1541 1859 ὲν
1561 1832 1674 1869 ἀληθείᾳ
1686 1833 1850 1868 γεγεννημέ-

1057 1885 1113 1910 νον,
1129 1878 1176 1904 καὶ
1191 1877 1221 1904 τὸ
1241 1878 1273 1904 ὲκ
1287 1877 1354 1904 Θεοῦ
1374 1877 1423 1913 ἤδη
1436 1877 1613 1913 τεταγμένον,
1632 1878 1679 1905 καὶ
1697 1877 1736 1913 τῷ
1754 1877 1851 1913 δικαίῳ

1059 1923 1221 1958 ἐπιγεγεννη
1225 1923 1315 1958 μένον.

219 1967 320 1995 missus
348 1974 362 1992 ιι
387 1965 442 1992 Deo
471 1962 633 2000 signiﬁcavit
656 1964 790 1999 angelus,
819 1971 853 1992 ne
877 1972 930 1999 qua
973 1965 1108 1994 dubitatio
1143 1967 1213 1995 foret
1248 1971 1360 2002 propter
1385 1966 1463 2000 illud,
1485 1967 1558 2002 quod
1583 1974 1677 1995 revera
1707 1967 1736 1994 in
1763 1967 1849 1995 lucem

218 2013 319 2040 editum
334 2017 361 2038 et
377 2019 392 2038 a
411 2010 465 2038 Deo
484 2009 663 2037 constitutum
680 2016 712 2037 ac
728 2008 803 2043 justo
824 2009 882 2036 viro
898 2013 993 2037 natutn
1015 2010 1115 2039 fuerat.
1459 2017 1461 2019 '

256 2059 361 2094 1063
377 2057 418 2085 Vl.
430 2057 501 2090 Quin
509 2057 596 2084 eidem
608 2056 646 2084 rei
658 2063 752 2084 sacras
764 2056 881 2085 Litteras
890 2057 1009 2093 adstipu-

221 2106 269 2132 lari
278 2105 412 2132 videmus.
425 2103 491 2130 Nam
500 2103 584 2131 Isaias
597 2103 630 2130 de
641 2102 710 2130 Filio
719 2102 813 2130 Deisic
825 2103 1006 2132 vaticinatur:

220 2153 287 2179 Ecce
300 2151 371 2186 uirgo
383 2151 410 2177 in
425 2155 499 2177 utero
514 2149 652 2184 concipiet,
669 2153 693 2176 et
705 2149 790 2183 pariet
801 2149 887 2184 [illum
901 2157 911 2175 .'
925 2154 949 2177 et
964 2158 1008 2177 vo-

218 2197 316 2225 cabunt
339 2204 433 2224 nomen
448 2195 504 2227 eius
521 2194 677 2222 Emmanuel
691 2195 713 2224 ⁸,
729 2195 761 2222 Et
782 2196 910 2230 quoniam
930 2196 1007 2231 geni-

1097 2061 1142 2094 ς’.
1161 2060 1217 2087 Καὶ
1234 2060 1321 2096 πάντη
1340 2060 1391 2093 τὰς
1410 2061 1520 2096 Γραφὰς
1538 2061 1646 2097 ὁρῶμεν
1658 2061 1847 2096 διηγουμένας.

1067 2105 1181 2137 Ἡσαΐας
1193 2106 1248 2141 γὰρ
1259 2107 1442 2142 προκηρύττει
1454 2107 1519 2142 περὶ
1528 2107 1582 2134 τῶν
1595 2107 1744 2142 μελλόντων
1756 2108 1797 2140 είς
1805 2108 1849 2134 τὸν

1061 2151 1126 2179 Υίὺν
1139 2152 1185 2179 τοῦ
1196 2152 1263 2179 Θεοῦ
1279 2152 1459 2189 πληροῦσθαι,
1468 2153 1564 2188 λέγων·
1585 2153 1660 2181 Ἰδοὺ
1672 2153 1691 2187 ἡ
1703 2154 1849 2188 παρθένος

1060 2197 1095 2224 ἐν
1105 2198 1211 2233 γαστρὶ
1220 2198 1293 2231 ἕξει,
1308 2199 1356 2225 καί
1368 2198 1482 2231 τέξεται
1493 2199 1627 2232 υἱὸν-,καὶ
1641 2199 1808 2227 καλέσουσι
1817 2202 1850 2226 τὸ

221 2248 281 2271 tura
303 2244 381 2278 virgo
397 2242 550 2275 dicebatur,
565 2245 592 2270 et
616 2245 694 2269 utero
713 2241 836 2269 mulieris
859 2241 1006 2277 gestandus

1061 2243 1155 2278 ὄνομα
1168 2244 1261 2271 αὑτοῦ
1280 2245 1478 2280 Ἐμμανουήλ.
1494 2245 1549 2272 Καὶ
1561 2245 1656 2281 ἐπειδὴ
1671 2245 1806 2280 παρθένος
1815 2243 1849 2280 ἧν

220 2288 276 2321 ille,
292 2287 371 2322 cujus
382 2294 482 2314 nomen
499 2287 570 2314 idem
585 2291 674 2319 sonat,
690 2294 722 2314 ac
733 2286 868 2313 nobiscum
882 2286 962 2318 Deus,
975 2294 1009 2314 ne

174 2341 177 2344 ·
220 2340 273 2367 qua
289 2333 315 2359 in
327 2333 469 2367 prophetae
483 2333 576 2359 anitno
592 2332 625 2359 de
635 2332 676 2359 rei
688 2332 803 2359 veritate
817 2331 951 2359 dubitatio
967 2339 1010 2360 re-

220 2377 332 2410 sideret,
350 2377 471 2404 oblatum
486 2377 537 2404 sibi
551 2376 639 2404 visum
657 2376 806 2412 instigante
822 2376 925 2412 Spiritu
945 2384 1009 2404 san-

220 2427 265 2450 cto
288 2424 418 2458 propheta
446 2425 568 2450 narravit
593 2432 599 2450 :
625 2423 765 2459 Ingressus
788 2429 838 2458 est,
862 2425 960 2459 inquit,
975 2424 1009 2451 ad

218 2469 445 2504 prophetissam“.
470 2468 575 2503 Quibus
601 2470 693 2498 verbis
714 2469 848 2498 Gabrielis
868 2470 1009 2498 introitum

219 2517 254 2545 ad
271 2515 409 2551 Virginem
425 2515 558 2548 declarat,
579 2517 660 2551 cujus
680 2516 708 2543 in
722 2515 870 2551 Evangelio
893 2515 922 2543 lit
934 2523 1009 2543 men-

219 2563 258 2591 tio
277 2573 283 2590 :
299 2563 345 2598 qui
380 2563 489 2598 quidem
506 2570 522 2589 a
538 2562 593 2590 Deo
618 2563 719 2590 missus
732 2567 784 2594 est,
813 2565 842 2589 ut
864 2561 938 2589 unici
959 2561 1008 2588 Dei

219 2607 279 2636 Filii
294 2608 438 2636 adventum
456 2608 482 2635 in
504 2608 575 2635 hunc
591 2608 734 2640 mundum,
751 2611 778 2634 et
788 2613 877 2634 ortttm
893 2615 926 2634 ex
944 2605 1001 2633 Ma-

218 2654 441 2682 ria'nuntiaret’.
459 2653 491 2680 Et
510 2654 635 2688 concepit,
651 2654 749 2688 inquit,
758 2658 782 2680 et
795 2654 892 2688 peperit
908 2653 1004 2688 ﬁlium.

219 2698 254 2728 Et
266 2700 334 2726 dixit
358 2699 486 2726 Dominus
502 2699 536 2725 tul
560 2707 600 2725 me
615 2706 624 2725 .'
646 2698 715 2725 Voca
738 2706 831 2725 nomen
848 2698 904 2732 ejus
919 2706 928 2724 :
946 2697 1005 2724 Cito

218 2746 302 2780 spolia
311 2745 427 2777 detrahe,
441 2735 694 2780 celeritcrpru’dare;
706 2744 722 2770 Α
729 2748 850 2778 ntequam
862 2744 932 2770 norit
940 2751 1004 2777 puer

219 2865 231 2881 ⁷
254 2831 264 2848 ¹
279 2831 312 2858 lV
326 2832 390 2893 Reg.
408 2840 438 2864 ιι,
455 2832 497 2859 Η.
534 2833 546 2848 ’
565 2831 642 2859 Joan.
660 2840 720 2865 xnt,
736 2831 780 2859 25.

248 2865 314 2893 Luc.
331 2874 348 2893 ι.
389 2869 404 2893 b'
424 2876 484 2893 suo.
524 2867 534 2882 '
549 2867 579 2893 F.
593 2868 642 2893 ἐτι.

272 2873 314 2893 uc.
331 2874 348 2898 ι,
370 2867 404 2894 ’Ξϋ
424 2876 484 2900 sqq.
524 2867 534 2882 '
549 2867 579 2893 F.
593 2868 642 2894 ἔτι.

835 2832 845 2847 ⁸
863 2829 941 2858 Joan.
960 2839 1016 2864 χιι,
1034 2832 1078 2859 20.

1057 2290 1073 2324 ἡ
1087 2289 1250 2324 γεννήσασα,
1271 2289 1317 2316 καὶ
1337 2289 1408 2322 Θεὸς
1419 2291 1436 2316 ὁ
1448 2290 1513 2324 μεθ’
1530 2289 1615 2324 ἡμῶν
1631 2290 1850 2325 ἑρμηνευόμενος

1057 2334 1086 2360 ὲν
1096 2334 1205 2368 γυναικὶ
1216 2334 1403 2369 κυῑσκόμενος·
1416 2334 1459 2360 ἵνα
1474 2334 1512 2369 μὴ
1527 2334 1556 2361 ὲν
1566 2334 1708 2369 δισταγμῷ
1720 2335 1850 2366 ὑπονοίας

1057 2379 1096 2414 τῷ
1115 2380 1241 2415 προφήτῃ
1259 2380 1373 2416 γένηται
1390 2381 1407 2415 ἡ
1424 2380 1550 2415 ἀλήθεια,
1569 2381 1620 2416 ὁρᾷ
1634 2382 1662 2408 ὲν
1678 2381 1785 2416 ὁράσει,
1802 2383 1850 2408 καὶ

1057 2426 1190 2461 διηγεῖται
1205 2427 1237 2452 ὲκ
1253 2427 1410 2462 Πνεύματος
1424 2426 1503 2460 ἁγίου
1518 2426 1739 2462 ἀναγκαζόμενος
1753 2428 1768 2454 ὁ
1780 2436 1848 2464 προ-

1059 2472 1158 2507 φήτης,
1177 2472 1222 2499 καί
1233 2481 1310 2507 φησι⁸
1328 2472 1381 2499 Καὶ
1396 2472 1519 2506 εἰσῆλθε
1531 2473 1606 2507 πρὸς
1617 2473 1674 2507 τὴν
1688 2472 1847 2508 προφῆτιν-

1060 2516 1235 2552 διηγούμενος
1251 2517 1314 2552 περὶ
1326 2517 1377 2552 τῆς
1393 2517 1440 2544 τοῦ
1457 2518 1477 2543 Γ
1478 2517 1577 2554 αὸριὴλ
1593 2519 1773 2554 εὺαγγελικῆς
1792 2519 1848 2546 εἱσ-

1059 2561 1128 2588 όδου·
1145 2562 1174 2594 ὃς
1188 2563 1327 2598 ἀπεστάλη
1346 2563 1397 2589 ὑπὸ
1417 2563 1485 2590 Θεοῦ
1507 2563 1689 2599 διηγήσασθαι
1702 2565 1751 2600 τὴν
1769 2573 1848 2599 μονο-

1061 2607 1156 2642 γενοῦς
1168 2607 1233 2634 Υἱοῦ
1243 2608 1290 2634 τοῦ
1301 2608 1368 2634 Θεοῦ
1379 2609 1482 2635 εἴσοδον
1493 2609 1533 2640 εἰς
1542 2608 1587 2635 τὸν
1596 2609 1708 2644 κόσμον,
1724 2609 1773 2636 καὶ
1787 2610 1847 2644 τέν-

1060 2661 1136 2686 νησιν
1151 2652 1205 2679 ἀπὸ
1219 2653 1336 2688 Μαρίας.
1350 2653 1404 2680 Καὶ
1418 2653 1454 2680 ὲν
1470 2653 1576 2688 γαστρί
1590 2654 1689 2685 ἔλαϐε,
1707 2653 1785 2689 φησὶ,
1798 2653 1847 2681 καὶ

1058 2698 1160 2725 ἔτεκεν
1172 2699 1247 2726 υἱόν.
1263 2699 1316 2726 Καὶ
1331 2697 1396 2725 εἶπε
1406 2699 1513 2733 Κύριος
1524 2699 1598 2733 πρὸς
1605 2699 1653 2733 μέ·
1663 2698 1805 2726 Κάλεσον
1814 2698 1846 2725 τὸ

1058 2744 1151 2779 ὄνομα
1171 2745 1275 2778 αὑτοῦ,
1292 2745 1405 2779 Ταχέως
1418 2745 1604 2777 σκύλευσον,
1629 2743 1721 2777 ὀξέως
1738 2745 1847 2778 προνό-

1128 2833 1138 2847 ⁸
1155 2831 1234 2860 Rom.
1250 2842 1268 2865 ι,
1289 2834 1333 2861 2’5.

1385 2834 1394 2849 '
1414 2833 1466 2862 lsa.
1484 2841 1532 2866 vn,
1551 2834 1592 2861 l4.
1643 2834 1654 2850 '
1670 2833 1721 2861 lsa.
1740 2841 1799 2866 vnt,
1817 2835 1843 2861 3.
