1945 3043
166 203 218 231 749

459 204 641 233 Αυνιῑιιδιιδ
659 202 827 232 ΙὶιΕηΕΞΕΞ
846 202 909 230 LIB.
932 202 946 230 Ι]

1000 202 1076 230 ΤΟΜ.
1101 202 1131 230 Il.
1156 218 1190 223 —
1209 201 1343 230 lixEliES.
1366 200 1482 228 LXXIX.

1728 201 1778 226 750

163 267 288 295 μευσον,
300 259 374 293 Ilplr
387 260 406 295 ἢ
418 259 525 295 γνῶναι
536 261 569 288 τὸ
584 261 704 288 παιδίον
716 261 821 287 χιι-τεῒν
833 260 944 295 ,πατέρα

1000 269 1087 288 vocare
1097 265 1198 294 patrem
1223 265 1247 286 et
1261 264 1381 292 matrem,
1403 258 1539 293 occupabit
1559 260 1624 287 vires
1645 259 1772 287 Damasci

163 305 183 339 ἢ
203 304 327 340 μητέρα,
347 305 477 340 λήψεται
500 306 628 341 δύναμιν
650 306 818 340 Δαμασκοῦ,
842 306 890 333 καὶ
910 306 947 332 τὰ

162 350 264 377 animo
280 351 454 384 Σαμαρείας,
477 351 523 378 καὶ
539 351 574 377 τὰ
592 351 665 386 ἑξῆς.
684 350 738 378 Kal
758 351 846 377 πάντα.
860 350 947 378 ταῦτα

162 393 238 421 οὔπω
247 392 281 429 ἧν
291 394 480 429 τετελεσμένα·
493 394 592 430 ἤμελλε
606 395 633 422 δὲ
645 395 722 422 τοῦτο
734 395 854 429 γίνεσθαι
868 396 897 422 ὲν
907 395 946 431 τῷ

163 440 220 475 Υἱῷ
234 440 281 467 τοῦ
294 439 372 473 Θεοῦ,
393 441 439 467 καὶ
460 441 627 477 πληροῦσθαι
643 441 711 476 μετὰ
735 441 808 477 χίλιοι
829 442 877 477 ἐτη
900 443 946 469 καὶ

162 486 291 518 ἑξακόσια
307 486 392 513 πλείω
411 486 526 513 ἐλάσσω.
545 486 600 513 Kal
619 486 686 522 μετὰ
701 486 833 518 τοσαύτας
850 487 947 521 γενεὰς

161 531 195 558 τὰ
211 530 351 565 μέλλοντα,
369 531 407 562 ὡς
423 531 473 566 ἤδη
492 531 642 566 γενόμενα,
666 531 738 567 ἑώρα
761 533 775 558 6
793 532 944 567 προφήτης.

161 574 234 611 ’Λρα
253 575 364 611 ψεῦσμα
384 573 434 611 iv;
462 576 500 611 μὴ
523 577 644 610 γένοιτοε
667 577 746 603 Ἀλλὰ
767 577 895 611 ἀσφαλῶς
916 578 946 604 τδ

162 620 237 655 παρὰ
251 619 298 646 τοῦ
322 619 389 646 Θεοῦ
409 620 595 656 οἰκονομηθὲν,
609 621 646 652 ὡς
664 621 713 656 ἤδη
728 621 945 655 τετελειωμένον,

160 666 334 701 ἑκηρὺττετο,
348 666 393 692 ἴνα
410 666 447 701 μὴ
464 666 600 702 ἀπιοτηθῇ
621 667 638 701 ἡ
658 666 780 701 diutina
795 667 837 693 ἵνα
854 666 890 701 μὴ
907 667 947 697 εἰς

160 711 308 746 δισταγμὸν
321 711 387 747 ἔλθῃ
399 712 415 746 ἢ
429 712 457 738 ἐν
474 711 586 746 ὑπονοίᾳ.
604 711 650 738 τοῦ
665 712 805 747 προφήτου
816 713 846 738 τὸ
860 712 947 738 τοιοῦ-

159 766 205 784 τον
223 757 361 793 ἔκθαμδον
376 758 423 785 καὶ
437 758 590 794 ἔκπληκτον
610 759 757 794 μυστήριον
777 759 872 794 μέλλον
889 758 948 785 ἐσε-

162 803 233 829 σθαι.
247 803 282 829 Ἦ
295 804 344 838 οὐχ
357 804 423 839 ὁρᾷς
435 803 500 830 αὐτὸ
510 803 540 829 τὸ
554 804 684 839 κήρυγμα
697 805 727 831 τὸ
741 805 946 840 ἐπιφερόμενον,

160 849 197 881 ὡς
210 849 284 883 λέγει
300 850 382 881 αὐτὸς
396 851 409 876 6
423 849 498 884 ἅγιος
516 851 628 882 Ἡσαΐας
639 859 645 866 ·
672 850 716 883 Ὠς
737 851 886 884 πρόϐατον
897 851 946 878 ἐπὶ

160 894 284 930 σφαγὴν
302 895 391 930 ἧχθη¹
411 895 460 923 καὶ
479 896 519 928 ὡς
541 896 636 930 ἀμνὸς
656 896 796 923 ἐναντίον
816 897 869 923 τοῦ
889 896 948 923 κεί-

156 949 266 975 ροντος
281 941 374 968 αὐτὸν
389 941 517 976 ἄφωνος,
533 941 626 975 οὕτως
636 942 692 968 οὐκ
707 942 819 976 ἀνοίγει
833 942 865 968 τὸ
876 943 947 970 στό-
961 953 982 980 Β

157 995 201 1021 μα
215 987 318 1014 αὐτοῦ.
337 987 396 1022 Τὴν
414 987 448 1014 δὲ
465 988 570 1022 γενεὰν
583 987 677 1015 αὑτοῦ
693 987 739 1021 τίς
755 987 947 1022 (inualuerat;

164 1032 223 1058 ὀτι
240 1032 352 1066 αἴρεται
369 1033 403 1060 ἐκ
424 1032 478 1066 τῆς
494 1032 550 1068 γῆς
562 1033 581 1067 ἠ
597 1033 651 1067 ζωὴ
669 1033 772 1060 αὐτοῦ’
797 1033 846 1060 καὶ
862 1033 947 1060 δώσω

161 1077 232 1111 τοὺς
248 1078 400 1113 πονηροὺς
419 1078 486 1105 ἀντὶ
509 1078 563 1112 τῆς
589 1078 687 1113 ταφῆς
714 1077 816 1111 αὐτοῦ,
843 1078 890 1104 καὶ
913 1077 947 1104 τὰ

162 1120 225 1156 ἑξῆς
237 1131 244 1154 ;
258 1122 312 1149 Kal
333 1122 425 1157 βλέπε,
445 1122 504 1154 πῶς
522 1123 555 1149 τὰ
573 1123 668 1158 πρῶτα
687 1122 787 1158 ὕστερα
800 1123 944 1157 διηγεῖται,

162 1167 258 1194 καὶτὰ
275 1166 377 1203 ὕστερα.
397 1169 435 1200 ὡς
455 1168 585 1202 γεγονότα
602 1168 756 1204 ὲρμηνεύει,
774 1169 873 1204 φήσας·
900 1168 948 1200 Ὧς

159 1213 309 1246 πρόϐατον
322 1214 372 1241 ἐπὶ
391 1214 514 1249 σφαγὴν
532 1214 621 1249 ἤχθη.
643 1214 845 1250 Παρῳχημένον
862 1213 890 1240 δὲ
904 1212 947 1240 λέ-

159 1266 238 1293 γεται
252 1256 338 1286 εἶναι.-
357 1260 393 1287 Οὐ
416 1260 472 1296 γὰρ
493 1258 578 1292 εἶπεν,
606 1260 727 1294 Ἀγεται.
750 1260 805 1286 Καὶ
822 1258 898 1286 οὔπω
913 1257 949 1294 ἦν

159 1305 253 1342 ἀχθεὶς
265 1306 280 1332 6
297 1305 349 1332 ὑπὸ
371 1306 482 1332 Ἡσαΐου
498 1306 707 1341 κηρυττόμενος·
746 1301 853 1339 ἐλέγετο
865 1305 893 1332 δὲ
909 1303 948 1339 τῷ

159 1353 287 1389 προφήτῃ
302 1352 339 1384 ὡς
361 1351 411 1387 ἤδη
431 1352 612 1387 γεγενημένον
630 1351 661 1378 τὸ
676 1351 765 1387 ἔργον.
789 1350 947 1386 ’Δπαράδα-

158 1407 204 1430 τος
221 1398 275 1433 γὰρ
297 1396 331 1433 ἦν
349 1399 365 1433 ἠ
386 1397 453 1424 θεοῦ
469 1397 656 1433 μυσταγωγία.
675 1396 720 1429 Ἐξ
743 1397 826 1432 αὐτῆς
839 1396 867 1423 δὲ
881 1396 947 1422 ὑπο-

159 1444 268 1476 σαινων,
286 1443 376 1470 οὐκέτι
398 1443 436 1474 ὡς
454 1443 585 1478 γενόμενα
605 1442 708 1476 ἔλεγεν,
727 1442 771 1468 ἵνα
791 1441 829 1477 μὴ
844 1441 947 1476 πλάνην

159 1489 241 1516 πάλιν
256 1489 456 1524 ἀπεργάσηται.
479 1486 560 1514 Ἀλλά
591 1496 683 1522 φησιν,
703 1486 821 1520 Αἵρρται
839 1486 874 1513 ἐκ
892 1485 949 1520 τῆς

161 1534 218 1569 γῆς
237 1534 256 1567 ἠ
275 1533 330 1567 ζωὴ
351 1534 455 1561 αὐτοῦ.
477 1534 523 1560 Ἐκ
539 1533 566 1560 δὲ
579 1534 632 1559 τῶν
653 1533 699 1560 δύο
713 1532 875 1568 προφάσεων
895 1532 948 1559 δεί-

161 1588 241 1607 κνυσι
253 1580 303 1615 τὴν
314 1579 453 1615 ἀλήθειαν·
466 1579 507 1606 ὅτι
519 1579 559 1612 τὸ,
572 1579 661 1614 ἤχθη,
673 1579 722 1614 ἠδη
734 1577 891 1610 ἐτελειοῦτο,
901 1579 948 1605 καὶ¹

996 311 1022 334 et
1033 306 1120 341 spolia
1138 305 1270 333 Samariw
1289 306 1308 338 ',
1324 309 1376 332 etc.
1396 304 1461 337 Quae
1480 305 1572 332 omnia
1586 305 1706 332 nondum
1730 305 1781 332 im-

997 349 1067 384 pleta
1081 348 1203 380 fuerant,
1222 353 1304 383 alque
1319 348 1346 375 in
1356 347 1424 375 Filio
1433 347 1479 376 Dei
1496 352 1556 384 pust
1571 356 1658 377 annos
1672 349 1781 377 circiter

997 394 1070 422 mille
1083 401 1115 421 ac
1130 397 1273 423 sexcentos
1287 393 1379 428 perﬁci
1394 394 1537 421 debebant.
1551 394 1641 427 Quare
1651 401 1711 429 quae
1719 398 1781 429 post

996 443 1036 466 tot
1051 439 1241 474 generationes
1257 440 1388 466 eventura
1404 438 1467 466 olim
1481 444 1572 471 erant,
1588 439 1700 474 perinde
1715 447 1746 466 ac
1756 439 1779 467 si

997 483 1068 512 facta
1082 485 1138 519 jam
1162 487 1265 516 essent,
1290 484 1419 519 propheta
1440 485 1578 512 cernebat.
1602 485 1670 512 Num
1698 485 1781 520 igitur

996 530 1168 558 mendacium
1187 530 1251 557 illud
1264 530 1537 566 eratiNequaquam.
1552 530 1649 558 Verum
1661 531 1733 566 quod
1745 531 1782 557 di-

996 577 1066 603 vinae
1093 577 1269 613 providentia;
1295 576 1409 605 consilio
1432 575 1579 611 gerendum
1614 580 1641 604 et
1661 577 1780 604 admini-

997 622 1138 650 strandum
1156 627 1224 655 erat,
1242 622 1319 657 quasi
1341 621 1490 657 perfectum
1503 621 1560 656 jam
1584 626 1667 653 esset,
1682 622 1781 650 certis-

997 669 1066 695 sime
1082 668 1270 699 nuntiabatur,
1289 675 1323 695 ne
1338 675 1392 694 non
1416 667 1519 695 veritati
1536 667 1602 695 fides
1618 667 1780 701 haberetur,

996 721 1064 740 neve
1076 713 1109 740 ad
1128 717 1182 739 tam
1197 712 1360 747 stupendum
1379 716 1406 739 et
1436 712 1596 740 inusitatum
1611 713 1780 748 mysterium,

995 758 1069 794 quod
1094 758 1242 793 aliquando
1268 757 1389 785 futurum
1415 762 1484 789 erat,
1510 758 1648 794 prophctm
1672 759 1781 786 animus

998 805 1147 832 hmsitaret.
1177 803 1272 831 Nonne
1296 804 1453 831 vaticinium
1481 803 1548 831 illud
1576 804 1782 836 animadvertis,

997 851 1069 885 quod
1085 850 1213 884 deinceps
1230 849 1371 877 subtexuit
1396 848 1492 882 Isaias,
1509 857 1570 876 cum
1587 850 1624 876 ita
1645 849 1781 883 loquitur.

1000 898 1134 930 Tanquam
1151 894 1205 922 oris
1221 895 1255 921 ad
1268 895 1423 921 occisionem
1438 893 1532 920 ductus
1550 900 1600 929 cal;
1613 899 1636 921 et
1652 900 1680 921 ut
1700 903 1783 930 agnus

997 948 1086 967 coram
1110 940 1229 967 tondente
1253 940 1392 971 obmutuit,
1415 939 1453 966 sic
1474 947 1526 966 non
1544 940 1627 973 aperit
1652 948 1680 966 os
1695 947 1781 966 suum.

998 986 1195 1014 Generationem
1217 985 1274 1020 ejus
1294 994 1372 1021 porro
1396 986 1454 1021 quis
1478 985 1635 1013 enarrabit?
1652 986 1784 1019 Quoniam

998 1032 1101 1060 tollitur
1116 1041 1130 1059 e
1148 1037 1217 1058 terra
1233 1033 1286 1059 vita
1304 1032 1405 1066 ipsius;
1419 1036 1442 1058 ct
1455 1031 1523 1058 dabo
1543 1031 1662 1059 homines
1674 1039 1785 1066 nequam

997 1085 1043 1113 pro
1058 1078 1194 1112 sepultura
1210 1077 1266 1112 ejus
1283 1075 1312 1101 ’Υ
1321 1076 1404 1105 Vides
1417 1081 1446 1103 ut
1459 1077 1548 1112 priora
1561 1077 1713 1112 posteriore
1726 1078 1785 1104 loco
1811 1087 1814 1090 ·

999 1127 1101 1155 narret,
1117 1127 1144 1150 ct
1158 1123 1311 1158 posteriora
1329 1126 1458 1156 tanquam
1472 1123 1527 1157 jam
1544 1122 1613 1150 facta
1628 1123 1683 1150 sint
1699 1131 1784 1158 crpo—

998 1171 1062 1197 nat'!
1071 1168 1208 1203 Tanquam
1217 1169 1283 1200 ovis,
1296 1168 1396 1203 inquit,
1411 1168 1446 1194 ad
1455 1168 1609 1195 occisionem
1624 1168 1718 1195 ductus
1726 1172 1766 1195 est
1775 1176 1786 1196 .'

998 1213 1069 1249 quod
1079 1214 1152 1242 velut
1165 1213 1521 1249 praeteritumsignificatur.
1539 1213 1598 1241 Non
1614 1214 1686 1241 enim
1696 1214 1782 1242 dixit:

998 1259 1126 1286 Ducctur.
1146 1259 1226 1294 Atqui
1246 1259 1366 1286 nondum
1387 1259 1486 1287 ductus
1505 1259 1550 1287 ille
1567 1259 1665 1292 fuerat,
1682 1259 1716 1288 de
1731 1268 1786 1296 quo

998 1304 1198 1332 vaticinabatur
1220 1304 1306 1333 Isaias
1327 1315 1334 1332 :
1356 1309 1382 1332 et
1396 1309 1486 1332 tamen
1508 1313 1552 1332 res
1573 1305 1631 1340 ipsa
1655 1297 1785 1341 tanquam

998 1350 1117 1386 perfecta
1132 1357 1146 1377 a
1160 1350 1291 1385 propheta
1303 1351 1476 1386 proponitur.
1498 1349 1567 1377 Nam
1592 1351 1785 1386 mysteriorum

1000 1396 1045 1424 illa
1065 1396 1203 1431 prophetae
1219 1396 1309 1424 oblata
1326 1396 1459 1425 divinitus
1485 1397 1621 1425 institutio
1643 1398 1783 1432 przclerire

1000 1446 1047 1469 aut
1060 1442 1160 1469 infecta
1177 1450 1239 1471 esse
1255 1450 1309 1470 non
1328 1446 1443 1478 poterat.
1465 1442 1499 1469 At
1513 1443 1643 1478 deinceps
1661 1451 1787 1479 progres-

1000 1495 1046 1515 sus
1062 1492 1160 1515 caetera
1173 1495 1226 1514 non
1241 1487 1298 1522 jam
1315 1488 1388 1515 velut
1405 1487 1474 1515 facta
1488 1488 1658 1523 pronumial,
1672 1496 1706 1516 ne
1719 1488 1788 1516 frau-

999 1532 1043 1560 dis
1056 1537 1139 1568 atque
1152 1533 1255 1561 erroris
1273 1533 1439 1568 praeberetur
1459 1535 1579 1562 occasio.
1606 1534 1713 1570 1064
1735 1535 1787 1562 Ita-

1000 1585 1072 1613 que,
1088 1577 1213 1612 Tollitur,
1231 1578 1330 1614 inquit,
1347 1587 1360 1605 e
1377 1583 1447 1606 terra
1466 1580 1519 1606 vita
1540 1580 1633 1613 ipsius.
1651 1579 1788 1608 Cancrum

159 1625 200 1657 τι,
214 1625 338 1659 αἴρεται,
354 1625 502 1660 μετέπειτα
513 1623 671 1660 ἐπληροῦτο·
691 1623 733 1650 ἵνα
747 1623 800 1650 ἀπὸ
814 1623 862 1650 τοῦ
873 1631 946 1657 γεγο‹

1000 1623 1106 1650 duobus
1124 1623 1178 1651 illis
1194 1625 1375 1659 argumentis,
1394 1625 1498 1652 oraculi
1513 1625 1656 1653 veritatem
1673 1626 1786 1654 demon-

158 1670 232 1697 νέναι
246 1670 346 1705 νοήσῃς
359 1669 389 1696 τὸ
404 1668 503 1704 ἀληθὲς
529 1668 576 1695 καὶ
593 1668 623 1694 τὸ
645 1667 741 1702 πάγιον
755 1668 804 1702 τῆς
814 1667 862 1694 τοῦ
877 1667 946 1693 Θεοῦ

159 1716 337 1751 ἐπαγγελίας.
358 1715 424 1742 Ἀπὸ
437 1715 465 1742 δὲ
481 1715 527 1742 τοῦ
544 1714 686 1750 μέλλοντος
699 1713 809 1741 ἔσεσθαι
822 1714 867 1740 τὸν
882 1713 946 1749 χρό-

159 1769 205 1788 νον
219 1761 378 1792 ἀπεικάσεις
392 1759 446 1787 τῶν
459 1759 726 1794 ἀποκαλυπτομένων
743 1758 910 1794 μυστηρίων.

999 1673 1078 1696 strat.
1094 1668 1161 1696 Nam
1180 1669 1238 1697 haec
1258 1678 1321 1702 vox,
1337 1669 1432 1698 ductus
1448 1676 1497 1703 est,
1514 1679 1570 1699 rem
1584 1671 1638 1706 jam
1655 1675 1711 1699 tum
1725 1681 1788 1708 pcr-

1000 1715 1098 1741 fectam
1114 1713 1198 1741 fuisse
1222 1715 1376 1749 significat;
1393 1715 1458 1743 illud
1482 1725 1557 1749 vero,
1583 1718 1696 1752 tollitur,
1716 1726 1794 1754 post-

1000 1760 1109 1786 modum
1126 1765 1168 1787 est
1185 1760 1344 1795 impletum;
1364 1764 1391 1788 ut
1409 1769 1442 1788 ex
1457 1769 1490 1789 co
1506 1763 1578 1797 quod
1598 1763 1700 1791 factum
1720 1765 1787 1792 dici-

160 1812 216 1839 tur,
230 1806 329 1834 divinaa
341 1805 546 1841 pollicitationis
558 1805 698 1832 veritatem
715 1812 747 1832 ac
760 1805 935 1832 stabilitatem
956 1806 1102 1841 intelligas.
1137 1805 1175 1833 Ex
1191 1814 1223 1834 eo
1241 1815 1305 1834 vero
1321 1807 1392 1842 quod
1411 1807 1531 1836 futurum
1551 1809 1738 1844 denuntiatur,
1753 1812 1788 1840 de

161 1852 367 1888 mysteriorum,
394 1859 455 1887 quae
482 1855 541 1878 tum
564 1851 699 1885 explicata
724 1855 799 1882 sunt,
824 1855 946 1885 tempore
964 1851 1152 1886 conjecturam
1171 1852 1260 1880 facere
1278 1853 1377 1888 possis.

195 1898 232 1924 Z'.
249 1896 328 1924 Οὕτω
347 1897 394 1924 καὶ
413 1897 460 1923 ἐπὶ
475 1898 508 1932 τῇ
523 1896 617 1932 Μαρίᾳ
632 1897 647 1922 6
659 1896 774 1930 ἄγγελος
790 1896 946 1932 προέλεγεν,

161 1943 228 1978 Σπερ
242 1942 354 1978 ἔμελλεν
373 1941 563 1978 εῑσερχόμενος
577 1943 591 1968 6
606 1941 697 1977 πατὴρ
716 1941 818 1977 ταύτης
842 1943 881 1973 εἰς
902 1942 949 1968 τὸν

159 1987 234 2016 οἷκον
249 1988 295 2014 τὸν
314 1987 379 2015 ἴδιον
400 1987 475 2022 παρὰ
496 1986 563 2013 Θεοῦ
576 1986 749 2022 κομίζεσθαι,
768 1987 798 2013 το
813 1987 847 2014 δι’
865 1987 948 2022 εὐχῆς

159 2034 272 2070 αἰτηθὲν
284 2033 327 2061 διὰ
340 2034 389 2068 τῆς
404 2032 451 2060 τοῦ
463 2032 566 2068 πατρὸς
579 2032 625 2059 καὶ
639 2032 740 2068 μητρὸς
751 2033 895 2068 αἰτήσεως·
907 2033 948 2059 ὅτι

163 2090 172 2106 ι
196 2080 262 2107 Ἰδοὺ
276 2080 292 2114 ἡ
306 2079 374 2115 γυνή
391 2087 438 2106 σου
454 2078 631 2113 συνειληφυτα
648 2078 677 2104 ὲν
692 2078 800 2113 γαστρί·
819 2087 828 2104 ι
846 2078 889 2104 ἵνα
905 2077 948 2112 βε-

161 2125 245 2156 ϐαίως
257 2123 398 2160 περαιώσῃ
408 2123 457 2159 τὴν
472 2123 591 2150 διάνοιαν
601 2122 648 2149 τοῦ
663 2122 760 2149 πιστοῦ
776 2123 805 2148 ὲν
819 2123 852 2157 τῇ
865 2123 948 2156 ὲπαγ·

160 2169 248 2204 γελίᾳ.
269 2167 354 2194 Τοῦτο
372 2168 400 2194 δὲ
417 2168 512 2203 γέγονέ
525 2176 596 2194 τισιν
611 2167 652 2199 εἰς
666 2167 780 2202 πλάνην.
808 2167 948 2194 Ἀδύνατον

162 2215 215 2249 γάρ
228 2222 289 2241 τινα
304 2213 381 2249 παρὰ
395 2214 445 2248 τὴν
461 2213 515 2239 τῶν
527 2212 677 2248 ἀνθρώπων
689 2212 769 2247 φύσιν
780 2213 826 2238 ἐπὶ
837 2212 886 2247 τῆς
897 2213 949 2247 γῆς

160 2257 316 2294 γεννᾶσθαι.
336 2257 418 2293 Μόνῳ
440 2258 494 2294 γὰρ
517 2258 662 2293 διέπρεψεν
679 2256 764 2292 αὐτῷ’
784 2257 857 2292 μόνῳ
875 2264 948 2292 παρ-

160 2305 300 2341 εχώρησεν
316 2305 333 2339 ἡ
348 2304 438 2340 φύσις.
449 2303 554 2335 Οὕτως,
568 2304 606 2335 ὡς
619 2304 741 2339 πλάστης
759 2304 806 2330 καὶ
826 2303 948 2335 ὲξουσια-
966 2295 986 2322 ι)

161 2352 227 2386 στὴς
235 2351 283 2378 τοῦ
292 2351 464 2386 πράγματος,
475 2349 570 2376 ἑαυτὸν
578 2349 632 2376 ἀπὸ
639 2350 777 2386 Παρθένου
795 2349 889 2385 ὥσπερ
895 2349 949 2376 ἀπὸ

161 2397 210 2432 τῆς
226 2398 279 2433 γῆς
308 2397 489 2425 ἀνεπλάσατο,
501 2396 570 2428 Θεὸς
580 2396 626 2423 ἀπ’
640 2397 762 2431 οὐρανῶν
773 2395 867 2428 ἐλθὼν,
882 2396 948 2432 σάρ-

161 2451 198 2471 κα
214 2443 393 2478 ἐνδυσάμενος
408 2444 422 2470 6
436 2443 520 2476 Λόγος
535 2443 565 2474 ἐξ
585 2443 666 2477 ἁγίας
685 2443 833 2478 Παρθένου·
849 2443 879 2470 οὺ
896 2442 948 2479 μὴν

161 2489 189 2517 δὲ
202 2488 443 2525 προσκυνουμένης
457 2489 505 2523 τῆς
519 2488 668 2524 Παρθένου·
682 2488 741 2515 οὐδὲ
754 2489 797 2515 'lva
810 2488 876 2515 Θεὸν
886 2489 949 2515 ταύ-

162 2543 210 2570 την
227 2534 429 2570 ἀπεργάσηται·
460 2535 509 2569 οὐχ
530 2534 573 2561 ἵνα
592 2535 631 2566 εἰς
650 2534 737 2570 ὄνομα
760 2535 845 2569 αὐτῆς
866 2543 947 2570 προο-

162 2580 328 2615 ενὲγκωμεν·
343 2579 391 2614 οὐχ
404 2579 448 2606 ἴνα
462 2581 595 2613 γυναῖκας
610 2580 690 2607 πάλιν
701 2581 801 2616 ιερείας
809 2580 879 2616 μετὰ
892 2590 950 2608 τοσ-

162 2625 247 2657 αύτας
266 2626 364 2659 γενεὰς
378 2625 515 2661 ἀποδείξῃ.
532 2626 589 2652 Οὐκ
604 2626 749 2662 εὐδόκησεν
766 2627 780 2653 6
792 2627 858 2659 Θεδς
871 2627 950 2654 τοῦτο

162 2673 190 2698 ὲν
215 2671 334 2707 Σαλώμῃ
356 2671 493 2706 γενέσθαι,
516 2673 566 2698 οὐκ
580 2673 608 2698 ἐν
627 2673 697 2708 αὐτῇ
719 2675 751 2708 τῇ
773 2673 876 2709 Μαρίᾳ.
893 2674 950 2701 Οὐκ

162 2717 311 2752 ἐπέτρεψεν
327 2718 396 2752 αὐτῇ
411 2717 503 2744 δοῦναι
517 2717 669 2753 βάπτισμα,
683 2720 732 2746 οὐκ
744 2719 889 2756 εὐλογῆσαι
902 2729 951 2755 μα-

162 2762 256 2798 θητάς.
272 2763 310 2789 Οὐ
325 2763 355 2790 τὸ
370 2764 464 2799 ἄρχειν
483 2764 530 2790 ἐπὶ
543 2765 592 2800 τῆς
605 2765 656 2800 γῆς
671 2766 823 2799 ἐκέλευσεν,
839 2766 854 2802 ἢ
871 2768 950 2802 μόνον

161 2807 285 2843 ἀγίασμα
306 2807 390 2842 αὐτὴν
414 2806 493 2842 εἶναι,
515 2810 560 2836 καὶ
583 2810 783 2846 καταξιωθῆναι
806 2812 855 2848 τῆς
869 2813 950 2840 αὑτοῦ

196 2887 205 2903 ¹
221 2887 274 2914 lsa.
292 2895 348 2920 rm,
368 2888 388 2915 ὖ
408 2897 468 2924 sqq.
507 2890 516 2905 ¹
534 2888 582 2917 lsa.
601 2897 658 2921 LIII,
682 2890 696 2916 7
713 2898 773 2925 sqq.

1039 1897 1094 1925 ΥΠ.
1115 1897 1161 1926 Sie
1174 1899 1207 1927 de
1223 1899 1306 1927 Maria
1327 1900 1451 1935 prmdixit
1463 1902 1589 1938 angelus,
1603 1911 1690 1939 eaque
1701 1903 1789 1940 signi-

1000 1945 1106 1978 ficavit,
1125 1953 1184 1981 qua:
1217 1946 1291 1974 illius
1319 1951 1395 1982 pater
1415 1947 1526 1976 domum
1549 1957 1677 1978 reversus
1696 1958 1711 1977 a
1734 1951 1790 1979 Deo

999 1995 1201 2019 consecuturus
1217 1996 1306 2026 esset;
1321 2000 1384 2028 quae
1401 1993 1532 2021 nimirum
1553 1999 1668 2031 uterque
1687 2005 1788 2032 parcns

999 2037 1112 2064 summis
1125 2045 1140 2064 a
1155 2037 1209 2064 Deo
1219 2038 1346 2072 precibus
1361 2039 1522 2073 postularet.
1543 2050 1551 2066 α
1584 2041 1668 2075 Ecce,
1689 2041 1789 2077 inquit.

1005 2089 1075 2108 uxor
1091 2084 1137 2107 tua
1156 2079 1280 2115 concepit
1307 2082 1333 2109 in
1359 2089 1454 2118 utero;
1468 2095 1477 2111 ι
1498 2090 1527 2112 ιιι
1546 2086 1587 2114 his
1601 2088 1691 2114 verbis
1702 2088 1788 2116 fidelis

1002 2127 1121 2155 hominis
1137 2131 1253 2155 mentem
1270 2129 1296 2155 in
1315 2129 1397 2164 hujus
1414 2131 1541 2165 promissi
1558 2132 1574 2158 li
1587 2132 1610 2160 le
1622 2134 1787 2161 corrobora-

1002 2176 1044 2200 ret
1062 2172 1252 2208 :quodipsum
1270 2179 1360 2202 tamen
1370 2175 1458 2202 fraudi
1475 2178 1614 2206 nonnullis
1629 2178 1688 2206 fuit.
1705 2178 1789 2214 Atqui

1001 2218 1059 2246 ﬁeri
1080 2226 1134 2246 non
1151 2224 1250 2254 potest,
1273 2225 1302 2247 ut
1317 2222 1379 2256 quis
1396 2226 1494 2256 prmtcr
1509 2231 1682 2252 communem
1700 2225 1789 2253 homi-

1002 2272 1064 2290 num
1080 2268 1205 2292 naturam
1226 2270 1356 2293 nascatur
1379 2267 1406 2294 in
1429 2268 1520 2295 terris.
1541 2267 1591 2296 Uni
1615 2270 1666 2297 hoc
1688 2278 1787 2299 conre-

1003 2309 1096 2337 niehat
1116 2310 1173 2342 illi;
1189 2311 1234 2337 uni
1255 2316 1351 2339 natura
1370 2313 1464 2340 cessit.
1492 2313 1551 2346 llic,
1573 2314 1696 2351 inquam,
1713 2319 1789 2345 velut

1003 2355 1098 2383 artifex
1130 2364 1161 2383 ac
1181 2357 1320 2390 dominus,
1347 2358 1524 2394 semetipsum
1549 2369 1564 2388 e
1583 2360 1703 2396 Virgine.
1729 2368 1787 2391 tan«

1002 2410 1084 2436 quam
1101 2410 1116 2429 e
1130 2406 1214 2430 terra.
1231 2403 1375 2430 formavit:
1394 2404 1465 2433 Deus
1485 2414 1499 2434 ο
1514 2407 1583 2434 coelo
1600 2408 1788 2441 descendens.

1002 2446 1144 2475 Verbume
1155 2447 1262 2485 Virgine
1275 2455 1433 2487 susceptum
1448 2459 1548 2488 corpus
1564 2454 1696 2488 induens;
1734 2465 1788 2484 non

1004 2494 1065 2522 ideo
1083 2499 1184 2527 tamen,
1205 2501 1233 2522 ut
1245 2495 1301 2523 lucc
1317 2496 1423 2524 adorari
1437 2497 1544 2532 debeat,
1563 2505 1611 2527 aut
1630 2505 1659 2528 ut
1675 2510 1734 2529 eam
1749 2504 1789 2530 di-

1004 2540 1095 2568 vinam
1113 2541 1145 2568 ad
1170 2546 1295 2569 naturam
1311 2543 1553 2581 conditionemque
1572 2547 1732 2579 transferat,
1746 2557 1792 2576 ne—

1004 2594 1057 2621 que
1076 2591 1106 2613 ut
1120 2588 1285 2615 sacrificium
1308 2589 1382 2617 illitis
1398 2590 1424 2617 in
1439 2599 1538 2620 nomen
1555 2593 1794 2628 olferatur,neqne

1006 2637 1083 2660 tanto
1108 2633 1253 2661 intervallo
1275 2635 1402 2664 mulieros
1428 2638 1586 2666 sacerdotes
1601 2639 1792 2668 instituantur.

1005 2679 1062 2706 Hoc
1075 2687 1108 2707 ne
1124 2680 1150 2706 in
1175 2680 1282 2708 Salomc
1298 2682 1407 2715 quidem
1427 2683 1486 2710 ῆνιή
1501 2684 1586 2711 voluit
1600 2684 1682 2718 Deus,
1697 2693 1748 2713 nec
1765 2687 1792 2713 in

1005 2723 1100 2752 Maria.
1118 2724 1177 2752 Non
1192 2725 1216 2753 ei
1235 2725 1391 2760 baptizandi
1413 2733 1574 2763 potestatem
1591 2729 1664 2763 fecit,
1682 2738 1735 2758 non
1747 2731 1790 2758 di-

1005 2769 1119 2805 scipulis
1145 2771 1318 2804 benedicere,
1337 2781 1391 2800 non
1419 2774 1445 2802 in
1469 2775 1549 2802 terris
1571 2782 1687 2808 praeesse
1713 2785 1791 2805 man-

1006 2815 1096 2850 davit;
1112 2817 1160 2845 sed
1179 2817 1228 2846 hoc
1251 2826 1334 2846 uutun
1356 2821 1451 2853 voluit,
1474 2826 1502 2847 ut
1528 2827 1654 2850 sanctum
1680 2823 1745 2858 quid
1765 2828 1793 2852 et
