1945 3043
144 201 192 230 πὶιί

843 192 870 220 S.
892 189 1065 220 EPIPHANII

1721 178 1775 207 752

148 265 343 291 consecratum
362 263 447 292 esset,
463 266 495 286 ac
512 257 625 286 cmleste
639 261 753 291 regnum
770 252 937 288 adipiscere-
951 267 957 282 Α

1009 247 1137 280 ασιλείας.
1154 245 1192 273 Οὐ
1207 243 1257 280 τὴν
1273 241 1442 278 καλουμένην
1454 240 1509 276 (14)
1527 239 1632 275 μητέρα
1648 235 1776 292 Ῥούφρυ·

148 313 204 335 tur.
221 307 275 336 Sed
292 315 342 335 nec
362 306 412 338 illi,
433 312 493 340 qum
508 303 570 330 Ruli
591 306 678 330 mater
694 300 858 336 appellatur,
871 305 935 326 eum

144 354 265 382 honoris
287 352 401 388 gradum
426 349 523 377 detulit
542 357 548 375 :
565 355 654 383 neque
678 345 840 373 mulieribus
863 343 937 374 aliis,

149 406 210 434 qua:
227 406 242 426 e
256 386 364 424 Galilaea
382 399 483 424 secutae
497 393 605 421 fuerant
619 392 644 425 ¹;
659 397 745 425 neque
760 388 872 416 Marthae
887 386 939 414 La-

150 444 206 471 ιονί
221 450 254 470 ac
267 441 358 468 Μαι-ἰῶ
371 439 478 473 sorori;
493 446 548 465 non
564 437 613 464 ulli
632 436 750 470 denique
767 436 938 463 sanctarum,

150 494 211 521 quae
227 485 343 513 salutem
356 484 430 511 illius
446 483 564 510 adventu
585 482 806 516 promcrnerunt,
826 483 941 512 quaeque

151 531 203 566 ipsi
226 531 260 558 de
282 529 340 557 Suis
363 529 481 556 fortunis
501 526 657 555 necessaria
683 522 939 553 subministrabant.

151 577 244 612 Neque
253 583 337 611 porro
350 574 512 602 Chananaue
525 573 634 600 mulieri
646 573 668 605 ',
683 571 724 598 vel
735 570 772 603 ei,
786 576 868 605 quam
878 575 942 596 san-

150 621 242 656 guinis
256 619 391 656 profluvio
409 619 549 650 liberarat,
567 617 609 645 vel
625 616 706 644 alicui
722 615 835 643 omnino
847 614 874 641 in
888 617 941 641 ter-

151 668 190 695 ris
207 667 315 694 feminae
330 666 489 701 dignitatem
507 664 580 691 illam
595 662 728 690 attribuit.
744 660 810 694 Quae
825 667 887 687 cum
906 660 943 686 ita

151 714 218 744 sint,
236 712 308 740 unde
329 711 408 738 nobis
427 711 512 737 draco
529 709 580 736 istc
603 707 732 736 volubilis
746 706 878 734 emersit?
894 713 944 732 cur

151 758 261 793 obliqua
274 756 429 791 callideque
457 754 572 782 consilia
583 752 774 781 renovantur?
787 750 944 778 Honoretur

152 812 219 831 sane
237 803 339 830 Maria:
356 801 438 829 Pater
453 808 528 833 vero,
543 799 629 827 Filius
645 803 673 826 et
698 797 819 833 Spiritus
831 799 944 824 sanctus

153 851 316 882 adorentur;
328 848 442 875 Mariam
453 847 568 874 adorare
584 853 665 873 nemo
681 845 756 872 velit.
771 843 876 879 1065
885 842 945 870 Non

153 897 226 924 enim
247 895 367 927 mulieri,
383 901 415 921 ac
429 901 464 920 ne
478 893 538 920 viro
552 891 674 927 quidem,
692 891 739 919 sed
753 891 799 917 uni
816 889 871 917 Deo
884 897 944 925 my-

988 282 1019 322 οὐ
1031 294 1080 325 τὰς
1091 291 1310 327 ἀκολουθησάσας
1322 288 1376 316 άπὸ
1386 286 1541 317 Γαλιλαίας·
1557 285 1588 311 οὺ
1600 284 1651 319 τὴν
1660 282 1779 317 Μάρθαν

988 340 1038 375 τὴν
1053 337 1170 373 ἀδελφὴν
1183 334 1309 370 Λαζάρου
1321 334 1368 361 καὶ
1381 331 1500 368 Μαρίας·
1512 330 1543 357 οὗ
1557 338 1617 356 τινα
1627 327 1682 354 τῶν
1693 327 1780 361 ἁγίων

989 384 1126 420 γυναικῶν
1144 380 1363 415 καταξιωθεισῶν
1383 378 1436 406 ὑπὸ
1455 379 1504 413 τῆς
1526 375 1609 404 αὐτοῦ
1628 373 1782 409 παρουσίας

991 419 1119 466 σωθῆναι,
1150 426 1431 463 ὲξυπηρετησαμένων
1459 423 1533 458 αὐτῷ
1562 423 1595 449 ὲκ
1623 420 1678 447 τῶν
1708 419 1782 446 ιδίων

991 475 1178 511 ὑπαρχόντων·
1198 473 1228 500 ού
1244 473 1294 508 τὴν
1308 472 1426 506 γυναῖκα
1439 469 1488 505 τὴν
1505 469 1663 496 Χανανῖτιν·
1682 466 1713 493 ού
1731 465 1782 500 τὴν

991 519 1190 557 αἱμορῥοοῦσαν
1217 519 1264 545 καὶ
1281 517 1466 552 σεσωσμένην,
1482 514 1512 541 οὔ
1525 522 1585 542 τινα
1598 513 1653 540 τῶν
1667 513 1713 539 ἐπὶ
1731 511 1782 546 τῆς

991 566 1043 601 γῆς
1062 563 1199 599 γυναικῶν
1218 562 1298 589 τοῦτο
1323 562 1410 588 ποιεῖν
1434 559 1583 596 προσέταξε
1607 558 1637 585 τὸ
1661 557 1782 592 ἀξίωμα.

992 611 1079 638 Πόθεν
1095 610 1184 637 τοίνυν
1205 608 1286 635 πάλιν
1308 608 1374 643 ἡμῖν
1396 605 1602 641 κυκλοδράκωνς
1618 603 1700 630 πόθεν
1715 603 1782 630 ἀνα-

993 656 1144 688 καινίζεται
1165 653 1200 681 τὰ
1225 652 1320 680 σκολιὰ
1345 651 1530 687 βουλεύματας
1557 650 1602 676 Ἐν
1623 650 1691 684 τιμῇ
1713 648 1785 674 ἔστω

993 700 1096 738 Μαρία·
1108 700 1123 726 ὁ
1132 699 1160 726 δὲ
1171 698 1277 734 Πατὴρ,
1289 698 1337 724 καὶ
1346 697 1420 728 Υἱὸς,
1433 696 1567 729 καὶ”ἆγιον
1575 693 1688 728 Πνεῦμα
1700 701 1785 728 προσ-

993 745 1136 774 κυνείσθω·
1152 745 1202 779 τὴν
1216 743 1326 780 Μαρίαν
1342 742 1437 778 μηδεὶς
1450 739 1648 777 προσκυνείτω.
1662 739 1700 765 Οὐ
1712 738 1785 773 λέγω

994 793 1115 829 γυναικὶ,
1132 792 1189 819 ἀλλ’
1210 791 1270 817 οὐδὲ
1286 790 1373 826 ἀνδρὶ,
1393 788 1453 824 Θεῷ
1474 787 1672 824 προστέτακται
1688 785 1719 812 τὸ
1735 794 1787 820 μυ-

996 839 1116 874 στήριον.
1130 837 1200 864 Οὔτε
1212 835 1324 870 ἄγγελοι
1341 834 1460 870 χωροῦσι
1477 832 1631 866 δοξολογίαν
1646 830 1785 865 τοιαύτην.

1002 883 1202 918 Ἐξαλειφέσθω
1226 882 1260 909 τά
1283 881 1377 912 κακῶς
1400 879 1541 916 γραφέντα
1561 879 1590 904 ὲν
1612 876 1710 913 καρδίᾳ
1732 875 1788 902 τῶν

154 941 268 968 sterium
284 938 351 966 illud
362 921 519 972 'cultusquc
534 921 685 964 tribuitur:
703 936 772 963 adeo
788 939 818 962 ut
831 942 882 962 nec
895 921 944 962 an-

1009 928 1189 965 ιπατημένων·
1202 926 1387 963 άμαυρούσθω
1400 924 1430 958 ἐξ
1444 923 1590 959 ὀφθαλμῶν
1607 922 1638 948 τὸ
1656 921 1788 955 ὲγκὶσση-

155 986 206 1021 geli
224 984 276 1020 ipsi
287 988 366 1011 tanto
381 983 479 1010 honori
493 990 572 1018 pares
585 989 645 1009 esse
658 981 811 1009 videantur.
829 979 945 1008 Delean-

155 1035 201 1058 tur
220 1030 322 1064 itaque,
345 1036 406 1063 quae
423 1027 451 1054 in
472 1028 635 1054 miserorum
658 1026 799 1053 hominum
816 1024 945 1053 cordibus

157 1074 227 1101 inale
252 1077 317 1100 sunt
340 1072 483 1107 inscripta.
506 1071 703 1106 Exstinguatur
724 1069 833 1104 penitus
857 1068 947 1096 malus

157 1120 202 1148 ille
220 1120 292 1147 fetus
307 1119 342 1146 ad
355 1117 492 1146 infelicem
508 1117 633 1144 arborem
650 1119 813 1150 conceptus.
825 1114 948 1143 Conver-

155 1170 230 1193 tatnr
237 1173 308 1200 opus
317 1165 406 1200 ipsum
422 1163 455 1191 ad
464 1162 610 1190 Dominum
620 1161 846 1196 conditoremque
854 1168 946 1188 suum.

158 1210 241 1237 Evam
255 1217 317 1237 cum
333 1209 439 1235 Adamo
457 1206 576 1241 conjuge
597 1205 632 1232 ad
653 1204 737 1232 Deum
764 1205 853 1231 solum
867 1210 949 1230 vene-

158 1255 274 1283 randum
296 1254 385 1290 pudor
403 1253 511 1280 tandem
534 1249 684 1286 aliquando
704 1248 865 1284 compellat;
882 1255 949 1275 neve

159 1301 294 1336 serpentis
317 1306 368 1326 vox
392 1298 466 1325 illam
488 1295 625 1331 decipiat,
643 1294 690 1322 sed
707 1294 735 1321 in
756 1293 803 1321 Dei
821 1292 950 1320 mandato

159 1345 311 1380 pcrsistat:
326 1342 365 1369 De
377 1342 448 1377 tigno
464 1349 495 1368 na
510 1339 632 1367 comedas
649 1339 669 1365 ³.
686 1338 850 1374 Quanquam
861 1338 889 1365 in
904 1345 950 1364 ar-

160 1393 226 1419 hore
243 1391 302 1425 ipsa
319 1395 492 1423 nequaquam
508 1394 587 1414 error
602 1385 664 1418 fuit,
688 1384 736 1412 sed
758 1392 808 1420 per
825 1384 951 1412 arborem

998 983 1038 1011 μα
1052 974 1099 1001 τοῦ
1118 974 1206 1006 ξύλον
1222 971 1377 1008 ἐπιστρέψῃ
1396 970 1477 997 πάλιν
1487 969 1518 996 τὸ
1532 968 1646 1004 πλάσμα
1658 967 1727 1002 πρὸς
1742 966 1789 992 τὸν

997 1021 1144 1056 Δεσπότην.
1173 1017 1361 1055 Ἐντρεπέσθω
1375 1016 1434 1044 Elia
1462 1015 1531 1052 μετὰ
1551 1014 1598 1042 τοῦ
1620 1013 1705 1048 Ἀδὰμ
1722 1012 1790 1038 Θεὸν

997 1067 1080 1102 τιμᾷν
1102 1066 1192 1102 μόνον’
1217 1063 1255 1100 μὴ
1278 1062 1387 1098 ἀγέσθω
1409 1063 1443 1097 τῇ
1457 1060 1505 1088 τοῦ
1523 1060 1612 1095 ὄφεως
1629 1060 1715 1094 φωνῇ·
1731 1058 1790 1084 ἀλλ’

999 1114 1141 1150 ὲμμενέτω
1157 1114 1190 1148 τῇ
1207 1111 1254 1139 τοῦ
1268 1110 1337 1138 Θεοῦ
1354 1108 1514 1146 προστάξει·
1539 1107 1587 1142 Μὴ
1610 1107 1708 1142 φάγῃς
1731 1105 1792 1150 ἀπο

999 1149 1053 1188 τοῦ
1068 1160 1175 1192 ξύλου.
1192 1159 1247 1186 Kal
1257 1155 1291 1194 ἦν
1302 1157 1332 1184 τὸ
1343 1156 1420 1189 ξύλον
1445 1156 1476 1182 οὐ
1491 1154 1590 1189 πλάνη,
1603 1153 1673 1180 ἀλλὰ
1685 1151 1729 1178 διὰ
1744 1149 1792 1177 τοῦ

1001 1205 1080 1238 ξύλου
1097 1205 1208 1239 γέγονεν
1228 1205 1245 1239 ἡ
1267 1202 1394 1239 παρακοὴ
1414 1202 1464 1236 τῆς
1488 1200 1601 1235 πλάνης.
1621 1198 1668 1233 Μὴ
1683 1196 1794 1233 φαγέτω

1001 1260 1043 1283 τις
1055 1250 1108 1278 ἀπὸ
1129 1249 1180 1285 τῆς
1201 1249 1305 1284 πλάνης
1318 1248 1369 1282 τῆς
1385 1247 1429 1274 διὰ
1444 1246 1553 1282 Μαρίαν
1566 1245 1620 1280 τὴν,
1629 1244 1721 1278 ἁγίαν.
1738 1243 1795 1270 Καὶ

1002 1296 1069 1332 γὰρ,
1091 1297 1116 1322 εί
1135 1296 1183 1322 καὶ
1195 1295 1296 1330 ὡραῖον
1312 1293 1342 1320 τὸ
1360 1293 1450 1326 ξύλον,
1471 1291 1529 1319 ἀλλ’
1551 1290 1602 1318 οὐκ
1624 1291 1665 1321 είς
1685 1289 1792 1325 βρῶμα.

1004 1341 1060 1367 Kal
1074 1340 1099 1367 εί
1111 1339 1242 1374 καλλίστη
1256 1338 1273 1373 ἠ
1284 1337 1387 1374 Μαρία,
1403 1337 1452 1363 καὶ
1462 1335 1537 1370 ἁγία,
1553 1334 1601 1361 καὶ
1612 1333 1795 1369 τετιμημένη,

1005 1385 1062 1412 ἀλλ’
1078 1385 1129 1412 οὑκ
1143 1385 1183 1417 είς
1195 1385 1225 1410 τὸ
1237 1382 1459 1420 προσκυνεῖσθαι.

159 1435 342 1464 contumacia:
353 1442 431 1462 error
439 1432 578 1461 admissus
587 1435 638 1459 est.
649 1430 766 1458 Perinde
780 1430 862 1466 igitur
872 1438 954 1458 nemo
968 1438 1090 1459 errorem
1107 1431 1183 1458 illum
1199 1430 1335 1465 degustet,
1356 1429 1402 1464 qui
1420 1427 1513 1454 Mariae
1548 1425 1696 1454 occasione
1730 1432 1799 1456 con_-

161 1483 242 1510 tlatus
255 1485 308 1509 est.
327 1481 403 1508 Licet
417 1480 490 1507 enim
503 1477 688 1516 pulcherrima
702 1478 784 1505 arbos
798 1481 883 1508 esset,
892 1484 949 1505 non
976 1481 1068 1506 tamen
1088 1477 1122 1504 ad
1140 1477 1230 1505 cibum
1244 1475 1405 1504 constituta.
1423 1475 1463 1501 lta
1488 1472 1614 1509 quamvis
1635 1471 1720 1499 Maria
1755 1471 1797 1499 vel

161 1528 264 1564 optima
281 1527 374 1558 fuerit,
392 1533 425 1553 ac
436 1529 540 1556 sancta.
555 1530 582 1552 et
593 1525 698 1552 honore
712 1523 886 1559 dignissima,
899 1530 953 1551 non
973 1523 1078 1551 idcirco
1092 1527 1184 1550 tamen
1200 1521 1361 1549 adoratione
1376 1519 1577 1556 prosequenda.

199 1573 267 1601 VIII.
289 1571 472 1606 Quamobrem
490 1570 574 1605 hujus
585 1574 668 1598 sectae
682 1570 812 1597 mulieres
825 1569 891 1597 illud
905 1569 954 1597 de-

1043 1569 1085 1596 H'.
1102 1566 1186 1596 Δῦται
1199 1568 1229 1595 δὲ
1243 1567 1325 1595 πάλιν
1338 1566 1546 1598 άνακαινίζουσι
1564 1565 1598 1600 τῇ
1617 1563 1686 1599 τύχῃ
1700 1562 1732 1589 τὸ
1755 1563 1801 1589 κέ-

163 1628 219 1648 ιιιιο
236 1618 405 1646 οΠῖει-ρηιιιιηι
440 1617 557 1645 fortume
584 1616 712 1652 poculum
738 1615 905 1648 instaurant.
925 1623 958 1642 ac

163 1665 290 1698 daemoni,
303 1672 356 1692 non
372 1663 437 1696 Deo.
455 1671 578 1691 mensam
598 1663 754 1694 instruunt,
770 1662 809 1689 uti
827 1661 958 1696 scriptum

165 1717 206 1740 est
219 1721 226 1745 ;
245 1719 276 1738 ac
287 1710 357 1738 cibis
376 1709 467 1744 impiis
482 1711 630 1736 vescuntur
645 1717 651 1735 :
674 1707 700 1735 id
716 1708 789 1742 quod
802 1713 887 1735 sacrae
902 1706 960 1733 Lit-

166 1763 230 1785 teriu
244 1759 380 1783 testantur
400 1764 406 1781 :
425 1754 549 1782 Mulieres
566 1752 690 1788 subigunt
712 1751 827 1786 farinam
842 1771 850 1783 ,
864 1756 889 1778 et
910 1751 961 1786 [iiii

167 1803 295 1837 colligunt
319 1801 402 1836 ligna,
425 1805 452 1826 ut
470 1799 572 1834 faciant
589 1799 725 1834 placentas
748 1798 853 1824 militia:
870 1797 960 1824 caeli‘.

168 1846 311 1883 Ejusmodi
336 1845 506 1872 mulierculis
531 1843 665 1871 Jcremias
692 1851 724 1871 os
750 1843 894 1874 obstruat;
913 1849 963 1869 nec

172 1894 291 1929 amplius
304 1897 439 1919 terrarum
458 1889 551 1917 orbem
566 1888 747 1920 conturbent,
760 1896 829 1916 neve
841 1887 913 1915 istud
925 1887 965 1922 ja-

175 1941 273 1967 ctitent
291 1947 297 1964 :
312 1937 378 1965 (ΣωΙὶ
395 1936 512 1971 reginam
528 1935 688 1961 honoramus
702 1935 723 1960 '.
739 1933 820 1962 Novit
837 1933 965 1969 Taphnes

176 1982 406 2020 quemadmodum
440 1979 604 2008 ulciscendae
633 1979 686 2006 illa:
705 1979 770 2007 sint.
795 1978 875 2006 Novit
890 1978 966 2013 Mag-

172 2031 304 2056 dulornm
344 2026 419 2061 regio
444 2025 551 2059 alijccta
567 2024 674 2051 illarum
695 2024 828 2051 cadavera
855 2023 889 2051 ad
917 2031 967 2058 pu-

178 2072 378 2101 trefaciendum
390 2071 526 2106 excipere.
540 2069 612 2101 Noli,
627 2076 644 2096 ο
659 2068 752 2102 Israel,
765 2068 870 2096 mulieri
887 2068 966 2096 [idem

175 2121 314 2147 adhibere.
337 2119 444 2146 Revoca
456 2121 482 2144 te
496 2124 511 2143 a
539 2123 630 2152 prasz
644 2115 767 2143 mulieris
781 2115 906 2143 consilio.
925 2114 969 2142 Si-

174 2167 286 2202 quidem
317 2164 416 2192 mulicr
441 2163 578 2198 pretiosas
595 2162 716 2189 virorum
740 2161 846 2189 animas
866 2165 968 2196 captat.

176 2214 264 2248 llujus
288 2212 371 2247 pedes
398 2218 467 2242 eos,
508 2209 673 2244 quibuscum
713 2207 879 2239 consuescit,
907 2215 969 2234 cum

177 2264 264 2287 morte
309 2257 342 2285 ad
376 2255 479 2284 inferos
503 2255 641 2282 deducunt
669 2264 676 2281 :

178 2312 272 2332 aurem
289 2303 466 2337 animumque
488 2309 523 2328 ne
537 2301 660 2336 praebeas
679 2309 685 2327 :
706 2299 758 2327 Met
776 2299 846 2326 enim
860 2308 873 2326 e
890 2299 968 2326 labiis

178 2349 322 2377 meretricis
351 2346 512 2374 destillat“:
535 2345 608 2381 quod
642 2345 805 2373 brevissimo
847 2348 970 2380 tempore

179 2400 272 2432 guttur
287 2398 364 2422 tuum
381 2393 496 2424 leniens,
516 2396 608 2427 postea
626 2391 688 2419 felle
702 2392 822 2419 amarius
836 2390 969 2424 invenies,

179 2448 205 2469 et
219 2441 330 2475 ancipiti
345 2439 435 2475 gladio
453 2439 539 2472 magis
554 2442 711 2465 exacntum.
729 2438 801 2465 Cave
814 2438 897 2472 igitur
915 2445 973 2464 ma—

181 2488 212 2515 Ite
237 2487 300 2514 huic
329 2485 497 2513 muliercula:
516 2483 595 2511 [idem
618 2484 759 2511 adhibeas.
781 2482 877 2510 Omnis
899 2483 972 2510 enim

182 2533 296 2561 lucri-sis
307 2532 377 2559 mala
394 2531 493 2559 mulier
509 2535 569 2562 cst;
587 2529 634 2558 sed
653 2530 740 2558 multo
757 2529 904 2557 mulierum
921 2530 973 2556 hat-

218 2612 226 2628 ‘
248 2611 314 2639 Luc.
337 2617 414 2641 mn,
429 2609 473 2637 55.
512 2610 522 2625 ¹
538 2608 632 2636 Matth.
651 2616 694 2639 xv,
711 2607 775 2639 22.;
792 2607 857 2635 Luc.
874 2615 931 2642 vnt,
949 2607 994 2635 45.

182 2648 227 2676 25.
267 2648 278 2664 ⁸
295 2647 377 2674 Prov.
393 2654 419 2677 ν,
434 2645 451 2672 3
466 2652 526 2680 sqq.
569 2645 578 2659 ⁷
591 2643 655 2670 Cor.
674 2643 782 2676 συλλέγ.

221 2726 277 2761 (Η)
290 2727 334 2761 Ob
349 2724 407 2758 τὴν
420 2721 622 2761 καλουμένην.
638 2720 725 2761 Hujus
811 2719 907 2761 matris
922 2726 978 2761 me-

185 2753 388 2789 miititll’aulns
413 2759 447 2785 ad
476 2753 554 2785 “oin.
584 2753 638 2787 th,
666 2753 700 2782 13
715 2765 721 2782 :
739 2755 860 2782 Salutate
880 2753 978 2788 Rufum

186 2798 295 2824 electum
311 2797 338 2822 in
353 2795 476 2825 Domino,
491 2798 515 2820 et
530 2796 641 2818 matrem
655 2792 722 2825 ejus,
743 2795 767 2817 et
787 2798 881 2816 meam.

225 2831 280 2865 (15)
313 2830 437 2865 visatur
461 2830 487 2855 οὶ
505 2828 589 2865 warm
605 2825 800 2865 Itlaj~8qzi._t<ur.
827 2825 979 2852 Cornartus

190 2861 282 2899 Inepte
301 2874 307 2891 :
325 2864 460 2891 Noverunt
480 2864 530 2890 lati
552 2862 646 2888 lterum
659 2861 842 2899 _azdi/iciorunt
868 2867 979 2893 corpora

190 2896 319 2933 tast‘lpﬂ'e
349 2900 382 2925 ad
408 2899 633 2933 ptttrefatllonem.
658 2896 720 2924 Loci
745 2897 817 2924 enim
839 2898 978 2931 proprium

1011 1623 1123 1650 ρασμα,
1145 1614 1192 1640 καὶ
1209 1612 1383 1649 ἑτοιμάζουσι
1408 1612 1447 1647 τῷ
1470 1611 1597 1646 δαίμονι,
1613 1609 1660 1636 καὶ
1682 1609 1713 1635 ού
1729 1607 1800 1643 θεῷ,

1009 1661 1059 1697 τὴν
1077 1660 1216 1696 τράπεζαν
1230 1680 1238 1692 ,
1253 1659 1324 1686 κατὰ
1344 1658 1375 1685 τὺ
1390 1656 1599 1693 γεγραμμένον·
1622 1654 1669 1682 καὶ
1696 1654 1801 1681 σιτοῦν-

1010 1715 1055 1734 ται
1071 1707 1132 1733 σῖτα
1151 1705 1294 1738 ἀσεϐείας,
1321 1704 1359 1736 ὥς
1375 1712 1457 1739 φησιν
1478 1704 1493 1730 ὁ
1510 1702 1581 1734 θεῖος
1591 1702 1670 1736 λόγος
1682 1710 1689 1716 ·
1703 1700 1760 1727 Καὶ
1773 1700 1802 1726 al

1011 1752 1154 1788 γυναῖκες
1169 1752 1305 1786 τρίϐουσι
1322 1750 1425 1783 σταῖς,
1446 1749 1497 1777 καὶ
1515 1750 1541 1776 ol
1558 1748 1617 1776 υιοὶ
1637 1746 1804 1778 συλλέξου-

1013 1807 1046 1826 σι
1053 1799 1061 1813 ⁷
1074 1798 1152 1830 ξύλα
1165 1797 1289 1832 ποιῆσαι
1304 1796 1441 1831 χαι-ῶνα(-
1452 1795 1490 1830 τῇ
1501 1795 1642 1829 στρατείᾳ
1656 1793 1710 1821 τοῦ
1719 1793 1804 1826 οὐρα-

1013 1843 1079 1870 νοῦ.
1096 1842 1291 1878 Φιμούσθωσαν
1305 1841 1358 1868 ὑπὸ
1374 1841 1506 1877 Ἰερεμίου
1525 1841 1554 1867 αι
1567 1839 1690 1866 τοιαῦται
1708 1839 1803 1873 γυναῖ-

1014 1897 1081 1921 κες,
1105 1889 1154 1915 καὶ
1181 1888 1219 1924 μὴ
1249 1887 1449 1924 θορυῦείτωσαν
1466 1886 1516 1922 τὴν
1548 1886 1710 1921 οίκουμένην
1728 1894 1735 1901 ·
1767 1885 1804 1921 μὴ

1015 1934 1182 1969 λεγέτωσαν·
1201 1933 1331 1969 Τιμῶμεν
1348 1933 1406 1968 τὴν
1429 1933 1623 1965 ,βασίλισσαν
1639 1931 1692 1959 τοῦ
1715 1933 1804 1965 οὐρα-

1016 1981 1081 2008 νοῦ.
1101 1977 1163 2007 Οῖδε
1180 1980 1232 2016 γὰρ
1252 1979 1361 2014 Ταφνὰς
1373 1979 1476 2011 ταύτας
1489 1978 1680 2014 τιμωρεῖσθαι.
1698 1977 1805 2004 οἴδασιν

1017 2026 1042 2052 οί
1060 2026 1137 2052 τόποι
1149 2025 1315 2060 Μαγδούλων
1330 2025 1386 2060 (15)
1402 2024 1505 2051 τούτων
1528 2024 1562 2052 τὰ
1580 2024 1693 2059 σώματα
1710 2023 1806 2050 ὑποδέ-

1018 2070 1113 2106 χεσθαι
1124 2071 1164 2102 είς
1175 2070 1266 2106 σῆψιν.
1285 2069 1330 2105 Μὴ
1342 2069 1447 2101 πείθου,
1467 2068 1586 2105 Ἰσραὴλ,
1600 2067 1725 2103 γυναικί·
1744 2067 1806 2094 άνά-

1019 2125 1106 2144 κυπτε
1123 2116 1178 2143 άπὸ
1201 2116 1289 2151 κακῆς
1304 2115 1433 2150 γυναικὸς
1459 2114 1636 2150 συμϐουλίας.
1661 2113 1732 2148 Γυνὴ
1754 2113 1806 2148 γὰρ

1020 2163 1113 2198 τιμίας
1122 2161 1212 2197 ψυχὰς
1226 2160 1330 2196 ἀνδρῶν
1349 2160 1472 2196 άγρεύει.
1488 2159 1597 2194 Ταύτης
1610 2158 1664 2193 γὰρ
1681 2159 1706 2184 οι
1731 2158 1807 2189 πόδες

1021 2209 1084 2240 τοὺς
1103 2208 1261 2244 χρωμένους
1285 2206 1353 2242 μετὰ
1374 2205 1421 2233 τοῦ
1439 2205 1554 2232 θανάτου
1571 2205 1683 2238 ἄγουσιν
1702 2204 1741 2235 εἰς
1765 2203 1806 2231 τὸν

702 2254 778 2281 make
804 2253 957 2282 muliercula

1024 2254 1100 2290 ᾅδην.
1116 2253 1161 2289 Μὴ
1172 2253 1288 2289 πρόσεχε
1306 2252 1400 2289 φαύλῳ
1414 2252 1555 2287 γυναικίῳ.
1571 2251 1647 2278 Μέλι
1664 2251 1719 2285 γὰρ
1735 2250 1807 2276 ἀπο-

1023 2299 1120 2330 στάζει
1132 2300 1190 2327 ἀπὸ
1205 2299 1330 2334 χειλέων
1346 2299 1490 2334 γυναικὸς
1502 2298 1616 2332 πόρνης
1628 2306 1634 2313 ·
1649 2297 1663 2323 ὃ
1680 2296 1809 2332 πρόσκαι-

1025 2354 1070 2381 ρον
1086 2346 1205 2373 λιπαίνει
1223 2346 1269 2372 σὸν
1291 2346 1420 2382 φάρυγγα
1433 2365 1440 2377 ,
1458 2344 1571 2380 ὕστερον
1598 2343 1689 2379 μέντοι
1715 2341 1809 2377 πικρό-

1024 2400 1102 2428 τερον
1128 2391 1208 2427 χολῆς
1235 2391 1365 2427 εὑρήσει,
1387 2391 1435 2418 καὶ
1451 2389 1620 2425 ἠκονημένον
1644 2388 1744 2424 μᾶλλον
1761 2396 1810 2422 μα-

1025 2438 1123 2473 χαίρας
1143 2437 1281 2472 διστόμου.
1303 2436 1349 2472 Μὴ
1378 2436 1473 2463 πείθου
1496 2435 1583 2470 ταύτῃ
1598 2435 1632 2470 τῇ
1649 2434 1758 2469 γυναικὶ
1780 2435 1809 2468 τῇ

1026 2483 1125 2520 φαύλῃ.
1142 2484 1220 2510 Πᾶσα
1240 2483 1295 2519 γὰρ
1315 2483 1419 2519 αἵρεσις
1434 2481 1524 2517 φαύλη
1544 2481 1613 2516 γυνή
1627 2489 1634 2497 ·
1653 2480 1734 2507 πλέον
1755 2479 1810 2514 δὲὴ

1025 2530 1080 2557 τῶν
1094 2529 1231 2564 γυναικῶν
1258 2529 1364 2564 αἵρεσις
1379 2531 1466 2568 αὕτη,
1484 2529 1532 2555 καὶ
1548 2529 1565 2563 ἡ
1592 2526 1640 2553 τοῦ
1656 2526 1811 2560 ἀπατήσαν-

1048 2607 1058 2623 ³
1075 2607 1143 2635 Gen.
1160 2615 1189 2639 ιι.
1204 2606 1248 2635 17.
1303 2607 1314 2622 ⁸
1327 2607 1429 2635 Jerem.
1450 2614 1498 2638 vn,
1517 2608 1560 2634 t8.
1599 2606 1609 2622 '
1624 2609 1725 2633 Jerem.
1745 2613 1812 2636 xttv,

1030 2726 1128 2745 nomen
1147 2722 1187 2745 est
1211 2718 1366 2752 Μάγδουλα.
1391 2718 1478 2753 Atque
1498 2717 1548 2753 hoc
1571 2716 1739 2753 jampridem
1754 2716 1814 2753 L907

1030 2754 1131 2789 pardus
1151 2751 1346 2789 animadvertit
1371 2753 1417 2780 lih.
1435 2751 1490 2780 ἰιι
1511 2752 1711 2789 Entcndvcap.
1729 2752 1755 2780 Ξ.
1768 2751 1814 2789 Qui

1030 2787 1137 2824 quidem
1167 2790 1260 2816 nescio
1284 2788 1348 2823 quid
1374 2789 1497 2823 cogitans
1524 2796 1572 2823 pro
1600 2787 1815 2824 σῆψινηηιςινυιι

1032 2821 1118 2858 σέψιν,
1134 2824 1184 2851 hoc
1196 2829 1236 2850 est
1249 2821 1431 2850 addrationeiu
1450 2827 1475 2850 ct
1501 2821 1611 2850 cuinam.
1629 2821 1708 2855 Quod
1724 2822 1759 2848 ab
1771 2822 1814 2848 hu-

1028 2859 1074 2892 jus
1090 2859 1140 2920 lqci
1157 2867 1238 2887 St'nSll
1259 2863 1313 2885 tam
1331 2860 1449 2887 alienum
1463 2863 1515 2892 θεν,
1531 2858 1598 2885 nihil
1613 2863 1641 2885 ut
1663 2858 1747 2893 magis
1756 2863 1810 2884 csse

1031 2902 1104 2920 DOSS|
1121 2913 1128 2920 .

1031 2902 1128 2929 possit.
