1945 3043
169 206 222 232 753

489 207 672 236 ADVERSUS
686 207 856 236 ll/ERESES
874 203 938 236 LlB.
962 208 1005 236 Ill.
1025 207 1105 236 ΤΟΜ.
1127 208 1148 234 ll
1167 223 1201 228 —
1220 207 1357 235 H/ERES.
1378 205 1496 234 LXXIX.

1745 203 1799 230 7M

169 273 216 296 τος
236 264 286 301 τὴν
306 264 417 301 πρώτην
438 268 565 300 γυναῖκα.
583 267 716 303 Τιμάσθω
737 270 754 304 ἡ
776 268 866 304 μήτηρ
883 268 958 305 ήμῶν

1013 268 1081 296 resis
1096 268 1142 296 illa
1163 269 1260 303 magis,
1275 275 1335 302 quae
1348 267 1383 295 ab
1399 273 1442 299 eo,
1459 273 1474 292 a
1502 272 1557 300 quo
1573 263 1660 300 prima
1687 262 1798 298 decepta

171 309 228 337 Εὕα
241 330 247 342 ,
264 310 303 342 ὡς
321 312 353 338 ὲκ
374 311 441 338 Θεοῦ
469 312 649 349 πεπλασμένη
665 322 672 329 ·
691 314 728 349 μὴ
753 314 893 342 ὰκουέσθω
917 315 956 347 δὲ,

170 354 213 380 ἵνα
228 354 266 390 μὴ
285 355 366 392 πείσῃ
390 356 425 382 τὰ
444 357 525 384 τέκνα
544 359 641 393 φαγεῖν
658 359 712 386 ἀπὸ
726 355 773 386 τοῦ
795 360 892 393 ξύλου,
911 361 958 388 καὶ

169 399 278 435 ἐντολὴν
293 401 460 437 παραϐῆναι.
475 404 647 433 Μετανσείτω
660 406 688 433 δὲ
698 406 745 433 καὶ¹
760 405 830 442 αὕτη
843 405 899 433 ἀπὸ
913 415 959 434 κε-

169 446 312 479 νοφωνιας.
337 447 540 484 Ἑπιστρεφέτω
566 451 746 487 αἰσχυνομένη
759 471 766 484 ,
785 451 833 478 καὶ
867 454 955 490 φύλλα

170 492 256 527 συκῆς
272 492 431 529 ἐνδυομένη.
445 495 617 523 Κατανοείτω
629 497 658 523 δὲ
672 497 756 533 αὐτὴν
770 497 817 525 καὶ
828 498 842 524 ὸ
860 497 955 533 Ἀδὰμ,

170 536 217 562 καὶ
240 537 338 572 μηκέτι
361 538 429 574 αὐτῇ
448 540 592 568 πειθέσθω.
619 541 652 570 Ἠ
669 542 723 578 γὰρ
740 542 845 578 πλάνης
859 543 956 576 πειθὼ,

170 581 217 607 καὶ
232 582 360 616 γυναικὸς
375 584 415 614 εἰς
432 583 461 610 τὸ
473 585 593 612 ἐναντίον
613 586 773 621 συμϐουλία,
789 587 904 614 θάνατον
918 588 958 623 τῷ

171 626 229 661 ίδίῳ
242 626 351 663 συζύγῳ
365 628 511 664 ἐργάζεται
523 638 529 644 ·
544 630 575 656 οὐ
599 631 679 666 μόνον
694 631 735 664 δὲζ
753 632 821 659 ἀλλὰ
839 633 886 659 καὶ
901 633 957 664 τοῖς
972 642 978 646 ·

168 672 286 704 τέκνοις.
299 673 475 710 Κατέστρεψε
491 675 522 701 τὸ
539 675 651 712 πλάσμα.
666 676 721 704 Elia
745 677 789 704 διὰ
806 678 856 713 τῆς
869 687 958 713 παρα-

170 716 291 749 ϐάσεως,
307 717 478 752 ὲρεθισθεῖσα
493 718 537 745 διὰ
553 719 604 754 τῆς
618 719 665 746 τοῦ
682 720 771 756 ὄφεως
796 721 888 756 φωνῆς
910 722 958 748 καὶ

169 762 351 796 ἐπαγγελίας,
376 763 544 799 πλανηθεῖσα
560 765 614 791 ἀπὸ
633 765 680 792 τοῦ
706 767 897 803 κηρύγματος,
911 767 958 794 καὶ

169 808 212 842 ἐφ’
227 807 323 844 έτέραν
342 808 475 844 βαδίσασα
493 809 622 838 διάνοιαν.

1011 313 1109 341 mulier
1120 317 1174 346 est,
1188 313 1318 340 manavit.
1333 312 1396 340 Evae
1407 311 1489 347 igitur
1503 310 1584 337 matri
1600 312 1700 337 nostrae
1713 308 1800 336 honor

1011 357 1155 392 habeatur,
1182 362 1277 394 utpote
1299 366 1361 394 qua:
1377 366 1393 385 a
1420 357 1474 386 Deo
1490 356 1623 393 producta
1645 355 1697 388 sit;
1713 354 1760 383 sed
1775 355 1799 382 ei

1011 410 1183 438 nequaquam
1204 404 1418 439 obtemperetur,
1441 410 1476 430 ne
1495 401 1589 429 liberis
1611 400 1669 428 suis
1687 406 1800 435 persua-

1010 449 1083 482 deatI
1096 453 1126 477 ut
1136 457 1169 477 ex
1185 449 1283 478 arbore
1297 453 1442 478 vescantur
1457 456 1490 476 ac
1515 446 1674 475 mandatum
1686 445 1800 473 violent.

1010 494 1045 521 At
1067 494 1141 522 illam
1169 502 1278 530 quoque
1294 494 1451 522 vanissima:
1475 493 1550 521 illius
1565 491 1642 520 vocis
1658 490 1800 526 pt'eniteat.

1011 538 1115 567 Redeat
1128 539 1162 567 ad
1176 543 1295 567 mentem
1314 547 1371 575 prte
1383 537 1560 571 verecundia,
1577 541 1605 565 et
1621 537 1745 565 ﬁculneis
1758 536 1801 563 l'o~

1011 585 1054 614 liis
1072 585 1203 614 induatur
1218 587 1238 613 ‘.
1266 586 1337 620 Quin
1364 590 1391 614 et
1416 585 1538 613 Adamus
1564 584 1636 611 illam
1659 588 1800 618 agnoscat,

1013 630 1120 666 1066
1133 638 1183 658 nec
1202 631 1319 666 amplius
1334 638 1437 659 morem
1456 633 1542 666 gerat.
1557 629 1662 663 Quippe
1678 627 1800 660 frandes,

1010 674 1150 702 blanditia
1169 678 1197 702 et
1225 675 1395 702 contrarium
1421 673 1544 701 mulieris
1559 672 1706 700 consilium
1726 679 1801 700 mor-

1011 723 1065 746 tem
1092 719 1202 755 conjugi
1231 719 1332 755 pariter
1359 726 1392 746 ac
1417 719 1504 747 soboli
1526 717 1713 746 consciscunt.
1733 716 1800 744 Nam

1010 764 1066 792 Eva
1091 772 1140 800 per
1168 765 1370 792 contumaciam
1403 772 1480 793 suam
1512 764 1635 792 divinum
1662 763 1800 798 opiﬁcium

1010 810 1119 843 evertit,
1139 818 1201 838 cum
1221 810 1355 846 serpentis
1368 817 1434 838 voce
1446 817 1479 838 ac
1491 809 1636 845 promissis
1649 809 1751 843 illecta,
1767 809 1802 836 ab

1011 863 1079 883 sano
1101 855 1228 891 dogmate
1254 855 1411 889 deﬂectens,
1431 856 1512 884 aliam
1539 855 1574 883 ad
1600 859 1717 884 mentem
1741 862 1801 883 sese

1011 900 1162 927 transtulit.

204 941 241 968 8'.
258 941 307 968 Διὰ
324 941 402 969 τοῦτο
427 943 442 970 δ
466 943 574 971 πάντων
600 944 740 980 Δεσπότης
779 945 827 972 καὶ
845 945 958 980 Σωτὴρ,

1046 945 1094 973 IX.
1115 945 1261 981 Propterea
1277 945 1409 974 Dominus
1436 946 1559 974 omnium
1575 953 1607 974 ac
1623 944 1759 978 Salvator,
1771 949 1802 972 ut

169 986 329 1022 βουλόμενος
345 987 513 1023 θεραπεῦσαι
541 989 572 1016 τὸ
595 989 695 1024 ἄλγος,
714 992 761 1017 καὶ
783 991 958 1026 οἰκοδομῆσαι

167 1031 199 1058 τὸ
220 1033 464 1068 κατεστραμμένον
477 1053 484 1066 ,
501 1034 549 1061 καὶ
572 1034 769 1070 διορθώσασθαι
788 1035 819 1062 τὸ
837 1036 960 1070 ἠλαττω-

170 1076 249 1111 μένον
260 1097 267 1109 ,
287 1077 381 1113 ἐπειδὴ
407 1078 461 1105 ἀπὸ
483 1079 612 1113 γυναικὸς
627 1081 642 1107 ὁ
659 1080 773 1113 θάνατος
791 1082 832 1113 είς
849 1081 895 1108 τὸν
913 1081 959 1108 κό-

168 1130 236 1157 σμον
252 1123 404 1159 κατῆλθεν,
424 1124 456 1151 ὲκ
471 1125 600 1158 γυναικὸς
617 1127 754 1162 παρθένου
781 1127 862 1159 αὐτὸς
880 1127 958 1161 ἐγεν-

167 1168 253 1204 νήθη,
279 1169 322 1196 ῐνα
346 1169 391 1196 τὸν
417 1169 531 1197 Θάνατον
549 1171 679 1207 ἐκκλείσῃ
690 1191 698 1203 ,
727 1173 773 1199 καὶ
788 1172 819 1199 τδ
836 1172 958 1199 ἐλλεῖπον

168 1214 299 1251 πληρώσῃ
313 1235 321 1247 ,
337 1215 384 1242 καὶ
402 1215 433 1242 τὸ
447 1215 634 1251 ἠλαττωμένον
647 1217 789 1253 τελειώσῃ.
807 1218 958 1253 Στρέφεται

167 1260 196 1286 δὲ
212 1261 278 1296 ἡμῖν
305 1261 386 1288 πάλιν
403 1262 420 1296 ἢ
436 1261 519 1288 κακία
534 1282 542 1292 ,
568 1262 612 1289 ἵνα
632 1262 662 1289 τὸ
680 1263 825 1298 ἐλάττωμα
849 1265 889 1296 εἰς
912 1264 958 1292 τὸν

168 1305 269 1341 κόσμον
296 1307 453 1343 προαγάγῃ.
487 1307 556 1334 Ἀλλ’
586 1308 648 1335 οὔτε
671 1309 737 1341 νέοι,
751 1308 812 1336 οὔτε
831 1309 958 1345 γέροντες

170 1352 309 1379 πείθονται
334 1354 368 1388 τῇ
396 1354 507 1387 γυναικὶ
529 1353 573 1381 διὰ
588 1353 638 1388 τὴν
654 1353 756 1381 ἄνωθεν
770 1354 956 1390 σωφροσύνην.

169 1397 207 1423 Οὐ
222 1397 314 1429 παίζει
339 1398 356 1433 ἡ
373 1397 510 1432 Αἰγυπτία
535 1398 581 1425 τὸν
600 1397 727 1434 σώφρονα
750 1399 847 1434 Ἰωσὴφ
860 1419 868 1431 ,
896 1399 958 1426 οὔτε

168 1443 356 1478 παρεκτρέπει
366 1450 374 1458 ⁸
390 1443 478 1470 καίτοι
492 1452 525 1478 γε
547 1443 592 1471 διὰ
610 1444 711 1480 πολλῆς
727 1445 862 1481 μηχανίας
877 1446 959 1481 ἐργα-

170 1489 276 1524 σαμένη
290 1489 321 1515 τὸ
339 1489 424 1516 δεινον
441 1489 509 1524 πρὸς
532 1489 579 1516 τὸν
602 1490 685 1517 παῖδα
710 1491 759 1526 τῆς
782 1491 956 1526 συμϐουλίας.

175 1535 243 1560 Ἀλλ’
258 1535 289 1561 οὐ
307 1535 434 1567 παίζεται
447 1535 590 1570 ἄνθρωπος
604 1536 636 1562 ὲκ
649 1536 806 1571 Πνεῦματος
817 1537 894 1572 ἁγίου
911 1538 959 1564 λαη

168 1579 223 1607 εὼν
237 1581 286 1616 τὴν
311 1581 450 1617 φρόνησιν.
469 1582 507 1608 Οὐ
526 1582 557 1608 τὸ
572 1582 680 1618 σῶφρον
694 1583 820 1617 ἀφανίζει
834 1603 842 1615 ,
860 1583 904 1610 ἵνα
920 1583 957 1619 μὴ

168 1626 218 1661 τὴν
230 1627 369 1662 εὐγένειαν
383 1628 574 1664 κατευτελίσῃ·
587 1629 788 1664 καταλιμπάνει
802 1629 836 1656 τὰ
849 1629 957 1665 ἱμάτια,
971 1621 992 1649 c

169 1671 217 1697 καὶ
231 1671 262 1697 τὸ
278 1672 356 1707 σῶμα
378 1672 429 1699 οὐκ
448 1672 610 1699 ἀπόλλυσιν*
635 1674 827 1709 ἀποδιδράσκει
855 1674 900 1700 τὸν
914 1674 959 1701 τό·

169 1724 230 1748 πον,
244 1717 288 1744 ἵνα
304 1717 342 1753 μὴ
363 1718 433 1753 πέσῃ
449 1719 481 1753 τῇ
499 1718 591 1752 παγίδι
601 1726 608 1733 ·
626 1720 694 1754 πρὸς
719 1719 814 1755 καιρὸν
829 1721 959 1755 τιμωρεῖ-

169 1769 214 1787 ται
226 1781 232 1791 ,
246 1762 286 1792 εἰς
305 1762 351 1788 τὸν
375 1763 461 1789 αίῶνα
478 1762 614 1798 βασιλεύει
625 1771 631 1778 ·
648 1764 677 1790 έν
692 1763 871 1799 δεσμωτηρίῳ
894 1764 958 1799 βάλ-

168 1807 244 1834 λεται
258 1826 265 1837 ,
285 1807 342 1834 ἀλλ’
361 1808 469 1843 αἱρετὸν
483 1809 512 1835 έν
529 1808 637 1845 φυλακῇ
655 1809 819 1844 καταμένειν
834 1829 841 1840 ,
864 1810 911 1837 καὶ
930 1811 960 1837 έν

168 1853 255 1888 γωνίᾳ
282 1853 416 1887 ὑπαίθρου
431 1874 438 1885 ,
465 1854 482 1888 ἠ
512 1853 582 1889 μετὰ
610 1854 738 1888 γυναικὸς
766 1855 885 1890 μαχίμου
913 1855 960 1881 καὶ

169 1896 355 1931 γλωσσώδους.
380 1897 435 1924 Καὶ
455 1897 526 1924 πόσα
542 1897 600 1924 ἔστι
614 1897 722 1932 λέγεινῐ
751 1898 829 1924 Ἤτοι
849 1898 904 1933 γὰρ
922 1897 960 1929 ὡς

169 1941 254 1976 αὐτὴν
268 1940 485 1976 προσκυνοῦντες
497 1941 547 1977 τὴν
560 1942 680 1977 Μαρίαν,
691 1942 760 1978 αὐτῇ
776 1942 960 1978 προσφέρουσι

170 1986 219 2021 τὴν
236 1986 379 2022 κολλυρίδα
395 1987 424 2014 αἱ
448 1987 532 2022 ἀργαὶ
556 1985 636 2014 αὗται
655 1989 784 2021 γυναῖκες
794 1996 800 2003 ’
815 1988 874 2023 ήτοι
890 1988 960 2024 ὑπὲρ

170 2031 256 2066 αὐτῆς
285 2031 451 2066 προσφέρειν
476 2032 645 2068 ἐπιχειροῦσι
676 2032 725 2067 τὴν
758 2032 961 2068 προειρημένην

169 2075 272 2112 ταύτην
290 2076 394 2112 σαθρὰν
408 2077 551 2112 κάρπωσιν
562 2084 568 2091 ·
585 2078 616 2104 τὸ
634 2078 687 2104 πᾶν
704 2079 778 2104 ἐστιν
794 2077 897 2112 ὴλίοιον
914 2077 962 2105 καὶ

171 2121 310 2155 ἀλλότριον
320 2140 327 2152 ,
344 2121 391 2148 καὶ
405 2121 437 2148 ἐκ
452 2121 588 2157 δαιμόνων
601 2123 752 2158 κινήσεως,
773 2122 907 2158 φρύαγμὰ
931 2131 961 2149 τε

171 2165 219 2192 καὶ
241 2165 345 2201 ἀπάτη.

1009 990 1033 1018 ei
1043 990 1130 1018 dolori
1148 991 1315 1023 mederetur,
1330 995 1357 1019 et
1371 991 1443 1027 quod
1459 999 1586 1020 eversum
1597 994 1657 1018 erat
1669 991 1802 1019 instaura-

1010 1039 1061 1067 ret,
1076 1036 1149 1071 quod
1161 1035 1299 1064 defecerat
1311 1037 1476 1067 restitueret.
1489 1036 1710 1072 quandoquidem
1727 1043 1803 1064 mors

1009 1080 1184 1118 inmundum
1212 1088 1227 1108 a
1251 1081 1365 1109 muliere
1383 1081 1508 1109 derivata
1530 1081 1637 1112 fuerat,
1651 1088 1667 1108 e
1690 1081 1804 1109 muliere

1009 1125 1115 1160 virgine
1137 1130 1219 1153 natus
1245 1129 1298 1157 est,
1321 1134 1376 1161 quo
1393 1131 1420 1154 et
1448 1129 1564 1154 mortem
1585 1125 1753 1158 excluderet,
1775 1129 1802 1152 et

1010 1170 1084 1205 quod
1100 1178 1227 1198 mancum
1243 1175 1302 1198 erat
1315 1171 1463 1206 suppleret,
1479 1175 1506 1198 ct
1522 1170 1596 1206 quod
1627 1170 1801 1198 imminutum

1010 1215 1161 1250 perliceret.
1179 1215 1264 1242 Porro
1274 1215 1370 1243 eadem
1385 1216 1483 1242 iterum
1497 1215 1620 1249 nequitia
1634 1215 1800 1243 revolvitur:

1009 1266 1038 1288 ut
1053 1260 1149 1287 vitium
1180 1268 1212 1288 ac
1227 1260 1364 1288 defectum
1378 1261 1405 1288 in
1420 1261 1515 1289 orbem
1529 1265 1664 1289 terrarum
1678 1260 1800 1288 invehat.

1011 1305 1067 1333 Sed
1091 1305 1200 1333 mulieri
1219 1314 1308 1342 neque
1323 1306 1454 1340 juvenes,
1473 1314 1562 1341 neque
1580 1313 1677 1339 senes,
1691 1310 1802 1341 propter

1008 1360 1068 1380 eam
1083 1359 1136 1387 qua
1153 1352 1285 1380 divinitus
1303 1352 1411 1387 prauliti
1436 1356 1501 1379 sunt
1518 1351 1739 1387 temperantiam,
1753 1352 1803 1379 ob-

1009 1402 1172 1433 sequuntur.
1188 1397 1248 1425 Non
1267 1397 1357 1425 illudit
1379 1397 1508 1433 Egyptia
1524 1397 1622 1424 mulier
1645 1397 1803 1424 castissima

1009 1444 1171 1480 Josepho',
1196 1451 1246 1472 nec
1262 1451 1277 1471 a
1301 1448 1377 1472 recta
1403 1449 1495 1472 mente
1523 1444 1652 1477 deducit,
1676 1443 1803 1479 quamvis

1009 1497 1107 1518 omnes
1139 1489 1268 1518 adhibeat
1296 1490 1447 1523 machinas,
1476 1497 1532 1524 quo
1555 1489 1746 1517 detestandum
1773 1490 1802 1516 in

1009 1536 1212 1564 adolescentem
1235 1535 1382 1564 consilium
1402 1540 1577 1570 exsequatur.
1595 1534 1696 1563 Verum
1710 1528 1803 1562 ludiﬁ-

1009 1582 1067 1609 cari
1081 1589 1144 1609 eum
1157 1589 1240 1609 nemo
1253 1585 1354 1616 potest,
1369 1581 1416 1616 qui
1431 1589 1446 1607 a
1461 1580 1565 1615 Spiritu
1577 1584 1674 1607 sancto
1687 1580 1804 1614 pruden-

1010 1627 1075 1654 tiam
1091 1627 1237 1662 acceperit.
1262 1626 1381 1654 Proinde
1403 1634 1493 1660 neque
1509 1625 1700 1653 castimoniam
1723 1632 1801 1652 suam

1009 1672 1078 1707 eripi
1109 1672 1161 1699 sibi
1190 1672 1304 1706 patitur,
1333 1678 1366 1698 ne
1393 1670 1529 1698 nobilitati
1547 1677 1605 1697 suae
1623 1669 1801 1704 ignominiam

1010 1718 1146 1752 imponat;
1170 1716 1333 1744 vestimenta
1360 1716 1502 1750 relinquit,
1523 1719 1551 1742 et
1566 1715 1692 1750 corporis
1712 1715 1801 1750 jactu-

1011 1769 1067 1789 ram
1087 1769 1142 1789 non
1155 1761 1236 1794 facit;
1254 1761 1344 1788 locum
1359 1761 1433 1788 illum
1448 1760 1560 1793 deserit,
1578 1769 1612 1788 ne
1628 1761 1655 1787 in
1675 1760 1802 1795 laqueum

1010 1808 1130 1841 incidat;
1151 1815 1247 1842 ptenas
1270 1807 1321 1834 luit
1346 1807 1379 1834 ad
1396 1813 1504 1842 tempus
1518 1826 1525 1839 ,
1544 1807 1591 1834 sed
1615 1806 1642 1833 in
1668 1810 1801 1834 aeternum

1010 1856 1121 1887 regnat;
1136 1851 1164 1879 in
1189 1859 1328 1880 carcerem
1347 1852 1508 1887 conjicitur,
1531 1852 1577 1879 sed
1595 1852 1682 1879 multo
1696 1851 1802 1886 optabi-

1011 1896 1065 1923 lius
1094 1900 1137 1924 est
1159 1896 1186 1924 in
1217 1897 1343 1925 custodia
1366 1905 1493 1929 manere,
1516 1901 1544 1924 ct
1564 1897 1591 1924 in
1619 1896 1720 1932 angulo
1749 1896 1802 1924 sub

1011 1940 1068 1973 dio,
1088 1949 1170 1977 quam
1188 1949 1250 1969 cum
1273 1942 1388 1971 muliere
1416 1943 1589 1970 contentiosa
1613 1946 1640 1969 ct
1659 1942 1801 1977 loquaci‘.

1011 1986 1098 2020 Quam
1114 1987 1199 2015 multa
1214 1995 1296 2022 porro
1321 1987 1455 2016 adversus
1470 1988 1543 2015 illaut
1570 1989 1686 2016 ham-sin
1711 1988 1804 2023 dispu-

1013 2033 1063 2060 tari
1086 2034 1219 2068 possunt!
1242 2032 1310 2060 Nam
1340 2037 1388 2061 aut
1402 2033 1516 2061 Mariam
1543 2034 1629 2069 ipsam
1655 2034 1803 2062 adorantes

1013 2077 1172 2112 collyridem
1193 2078 1257 2105 huic
1277 2079 1373 2106 otiosa:
1389 2079 1518 2107 mulieres
1534 2079 1668 2112 oﬂeruut;
1687 2085 1734 2106 aut
1753 2087 1804 2114 pro

1014 2122 1071 2156 ipsa
1088 2122 1236 2150 absurdam
1257 2123 1331 2150 illam
1357 2127 1385 2150 ct
1404 2123 1546 2150 ridiculam
1575 2124 1744 2151 oblationem
1760 2125 1804 2151 in-

1013 2170 1140 2197 stituunt.
1155 2170 1306 2205 Utrumque
1322 2177 1386 2197 vero
1402 2171 1532 2198 stolidum
1550 2175 1637 2203 est,et
1652 2179 1667 2198 a
1677 2171 1801 2200 daemone

1015 2215 1166 2249 profectum
1192 2215 1260 2242 nihil
1279 2219 1376 2251 praeter
1390 2216 1602 2243 ostentationem
1623 2216 1802 2252 fraudemque

1014 2260 1142 2290 continet.

208 2297 266 2324 Ἵνα
281 2297 310 2323 δὲ
335 2297 371 2333 μὴ
390 2297 610 2332 παρεκτείνωμαι
627 2296 665 2331 τῷ
680 2297 750 2332 λόγῳ
764 2316 770 2327 .
791 2296 904 2332 ἀρκέσει
925 2297 958 2323 τὰ

1046 2304 1086 2332 Ne
1105 2305 1156 2332 sim
1183 2305 1300 2340 longior,
1322 2314 1383 2341 qua:
1405 2312 1468 2334 sunt
1484 2306 1617 2335 hactenus
1630 2307 1704 2335 dicta
1725 2308 1801 2336 Sllm-

170 2342 303 2377 εξρημένα
318 2342 393 2377 ἡμῖν.
415 2343 447 2368 Ἡ
461 2342 552 2377 Μαρία
566 2343 595 2368 ὲν
614 2343 679 2377 τιμῇ
693 2361 701 2374 ,
716 2343 731 2369 ὁ
751 2342 852 2378 Κύριος
874 2351 959 2378 προσ-

170 2387 313 2414 κυνείσθω.
339 2388 433 2414 Οὐδενὶ
456 2387 510 2423 γὰρ
537 2386 699 2423 ἐργάζονται
723 2389 747 2415 ot
772 2388 870 2415 δίκαιοι
889 2388 957 2415 πλά-

169 2441 228 2467 νην.
249 2433 438 2467 Ἀπείραστος
457 2433 511 2467 γάρ
526 2433 611 2460 ἐστιν
637 2435 653 2460 ὀ
670 2433 742 2466 Θεὸς
763 2434 879 2461 κακῶν·
898 2444 958 2461 πει-

171 2478 248 2513 ράζει
264 2478 291 2504 δὲ
308 2478 388 2510 αὐτὸς
408 2479 520 2511 οὐδένα,
535 2479 595 2505 οὐδὲ
622 2479 647 2505 ot
662 2480 744 2506 αὑτοῦ
764 2480 870 2512 δοῦλοι,
890 2482 956 2517 πρὸς

169 2524 285 2558 ἀπάτην.
312 2524 460 2556 Ἕκαστος
486 2524 520 2550 δὲ
547 2525 712 2559 πειράζεται
737 2526 771 2552 ἐκ
797 2526 853 2560 τῆς
879 2527 956 2560 ιδίας

167 2569 324 2604 ἐπιθυμίας
351 2570 549 2604 ἐξελκόμενος
570 2570 619 2596 καί
646 2570 867 2606 δελεαζόμενος.
887 2571 958 2600 Εἶτα

168 2615 187 2648 ἠ
216 2615 358 2650 ἐπιθυμία
389 2617 481 2643 τίκτει
510 2617 668 2652 ἁμαρτίαν.
703 2618 734 2645 Ἠ
768 2618 802 2645 δὲ
830 2619 958 2653 ἁμαρτία

167 2660 407 2688 ἀποτελεσθεῖσα
424 2661 554 2688 ἀποκυεῖ
570 2661 709 2690 θάνατον.
808 2665 812 2669 “

208 2706 320 2738 Ὶκανιῗις
335 2707 362 2733 δὲ
388 2707 459 2742 ἔχειν
483 2709 546 2743 περὶ
570 2710 678 2736 πάντων
707 2709 809 2736 τούτων
829 2709 957 2744 νομίσαν-

167 2760 223 2783 τες,
249 2753 397 2787 ἀγαπητοὶ,
428 2754 476 2780 καὶ
497 2755 608 2790 ταύτην,
630 2756 667 2788 ὡς
693 2758 790 2789 εἰπεῖν,
821 2756 870 2791 τὴν
891 2766 956 2783 καν-

169 2797 275 2833 θαρίδα,
305 2798 353 2833 τὴν
383 2799 421 2834 τῷ
454 2800 520 2826 εῖδει
551 2802 600 2836 μὲν
625 2802 815 2837 χρυσίζουσαν,
852 2811 957 2838 πτερω-

215 2876 222 2892 ¹
244 2876 309 2903 iicn.
326 2885 364 2908 Ill,
382 2878 405 2905 7.
454 2879 463 2894 ¹
479 2878 545 2906 Gcn.
562 2888 655 2914 xxux,
671 2881 686 2906 7
704 2889 762 2916 sqq.

803 2881 812 2896 ³
826 2881 904 2909 l‘tov.
924 2889 978 2913 un.
994 2883 1019 2910 9.
1059 2881 1068 2897 ⁸
1083 2880 1140 2909 Jac.
1157 2890 1175 2914 l,
1197 2882 1235 2909 l3.

1012 2351 1093 2378 cient.
1113 2350 1196 2378 Maria
1209 2352 1236 2379 in
1249 2351 1354 2379 honore
1369 2353 1414 2385 sit,
1431 2352 1563 2381 Dominus
1581 2353 1720 2383 adoretur.
1732 2354 1805 2383 Nam

1008 2397 1076 2431 justi
1105 2397 1207 2424 nemini
1235 2398 1338 2425 erroris
1363 2399 1537 2426 occasionem
1564 2399 1696 2434 praebent.
1728 2400 1809 2428 Deus

1010 2443 1079 2469 enim
1107 2451 1188 2478 neque
1214 2443 1293 2470 malis
1311 2448 1428 2470 tentatur
1442 2444 1462 2476 δ,
1480 2452 1530 2471 nec
1556 2444 1641 2472 ullum
1663 2445 1721 2480 ipse
1733 2465 1742 2478 ,
1760 2447 1800 2473 vcl

1010 2490 1069 2522 ejus
1093 2490 1164 2516 servi
1190 2490 1421 2518 circtmweniendi
1447 2497 1531 2518 causa
1555 2496 1684 2519 tentant:
1714 2491 1801 2518 Unus-

1010 2534 1117 2568 quisque
1134 2542 1191 2560 vero
1207 2543 1223 2561 a
1249 2535 1356 2570 propria
1373 2536 1586 2570 concupiscentia
1607 2541 1724 2564 tentatur
1738 2538 1800 2563 abs-

1011 2583 1109 2605 tractus
1133 2579 1238 2614 1067
1267 2585 1291 2606 et
1315 2579 1429 2607 illectus.
1455 2580 1553 2607 Deinde
1589 2581 1800 2615 concupiscentia

1009 2629 1143 2656 peccatum
1161 2625 1241 2656 parit.
1258 2623 1397 2651 Peccatum
1413 2633 1482 2657 vero,
1506 2633 1564 2651 cum
1589 2630 1799 2652 consummatum

1009 2668 1100 2701 fuerit,
1116 2673 1222 2702 generat
1236 2674 1346 2696 mortem
1362 2670 1372 2686 ⁸

1047 2714 1229 2746 Quamobrem
1247 2723 1308 2742 cum
1322 2715 1465 2751 hucusque
1478 2717 1546 2744 satis
1565 2716 1598 2743 de
1619 2716 1654 2743 iis
1670 2716 1798 2744 omnibus

1011 2758 1178 2793 disputatum
1196 2766 1211 2785 a
1237 2760 1315 2787 nobis
1339 2761 1513 2793 arbitremur,
1537 2766 1713 2797 posteaquam
1730 2769 1797 2788 cau-

1011 2803 1146 2831 tharitlem
1157 2824 1165 2837 ,
1183 2807 1212 2831 ut
1233 2805 1270 2831 ita
1287 2805 1392 2839 dicam,
1409 2806 1501 2839 istam,
1525 2807 1618 2834 colore
1644 2806 1733 2839 fulvo,
1748 2807 1799 2835 aii':

1277 2883 1285 2898 '
1303 2882 1368 2910 ibid.
1390 2883 1432 2914 ll,
1452 2883 1493 2910 15.
