1945 3043
207 123 258 151 τῖἱο

918 136 946 165 S.
969 137 1139 168 ΕΡΙΡΗΛΝΙΙ

1790 145 1844 172 τσο

207 181 298 216 gregis
319 182 436 212 studiosi
459 186 570 220 quidam
590 189 774 225 Scripserunt,
792 200 823 220 ac
838 193 884 221 Dei
903 195 984 223 laude

1051 199 1142 234 δαίων,
1157 202 1202 228 καὶ
1217 201 1354 237 εὐφημίας
1367 201 1444 234 τινὰς
1460 202 1541 239 δῆθεν
1551 203 1591 236 είς
1604 203 1649 230 τὸν
1663 203 1730 231 Θεδν
1747 206 1842 232 ποιού-

205 234 257 252 ιόιι
278 227 373 254 inunt:
402 229 504 264 quibus
533 240 632 268 magno
655 243 722 264 sane
742 245 836 266 errore
858 239 943 268 Deum
969 249 997 269 se

210 271 318 304 placare
338 280 369 300 ac
395 276 544 305 conciliare
557 279 610 307 sibi
628 284 738 316 putant.
756 282 856 311 Verum
874 286 996 319 inscitia,

207 325 269 351 quae
282 319 417 347 obcaecala
431 329 539 358 semper
552 329 605 357 est,
622 327 680 355 haec
693 329 785 356 omnia
802 331 913 360 miseris
928 333 994 366 illis,

205 370 259 396 pra:
278 365 361 392 animi
382 366 452 394 fastu
469 373 496 395 et
508 369 669 406 insolentia,
688 373 777 403 facere
787 378 941 412 persuadet.
956 379 996 407 Ac

204 410 274 436 forte
293 416 356 439 ante
371 413 483 448 aliquod
506 420 614 452 tempus
634 427 718 446 unum
740 429 773 448 ex
787 410 849 451 illis
872 424 996 452 aediﬁciis

203 454 236 482 de
256 457 326 483 cmlo
341 462 443 486 tactum
455 466 516 489 est:
535 463 647 492 ubinam
663 473 727 493 vero
737 468 871 501 gentium,
888 470 994 506 liquido

204 500 323 528 nondum
339 509 467 537 coastat;
484 510 568 542 atque
584 509 658 538 haud
675 500 783 540 scioian
805 514 831 540 in
852 500 994 544 [illm-nicia

202 546 351 581 contigisse
366 548 439 577 istud
448 552 594 581 audierim.
611 555 683 588 Quin
698 558 780 585 etiam
793 561 919 588 nonnulli
939 569 996 588 ma-

201 593 335 627 gistratus
356 596 498 632 religionis
519 600 618 629 ardore
635 601 783 638 ﬂagrantes
801 613 884 640 quam
903 608 989 642 pluri-

201 646 259 667 mos
275 647 308 668 ex
327 641 381 670 illis
399 644 579 679 occiderunt,
601 655 634 675 eo
655 649 727 683 quod
750 651 893 679 veritatem
903 641 993 680 iadul-

200 686 316 714 tcrando
335 695 555 725 corrumperent,
573 697 600 720 et
617 694 746 724 Ecclesia:
766 704 869 725 morem
885 706 992 736 praepo-

199 735 274 758 stera
287 733 405 767 quadam
429 736 583 767 imitatione
597 740 730 769 auderent
747 733 910 778 exprimere.
931 733 992 774 eum

199 785 287 812 neque
303 779 454 809 Christiani
470 782 580 812 interim
603 791 706 819 essent,
729 796 817 824 neque
835 789 992 819 Iudaeorum

198 828 300 851 sectam
317 825 521 860 proﬁterentur.
533 829 712 866 Lupicianus,
728 834 837 869 opinor,
849 835 904 864 dux
921 846 992 866 unus

1050 256 1125 283 μενοι
1140 249 1187 283 (ὡς
1198 249 1423 284 καταλεγματίων
1435 249 1482 276 καὶ
1494 249 1659 285 εὐφημιῶν).
1672 250 1767 286 ὥσπερ
1776 251 1843 278 Θεὸν

1047 292 1240 328 ὲξιλεούμενοι,
1263 294 1377 325 ἑαυτοὺς
1392 295 1544 322 ἀπατῶσιν.
1568 295 1601 321 Ἦ
1617 295 1645 322 δὲ
1658 296 1783 330 ἀγνωσία
1794 306 1841 324 τυ-

1048 337 1100 373 φλή
1118 347 1160 370 τις
1171 336 1248 371 οὖσα,
1265 339 1354 366 πάντα
1369 338 1454 366 ταῦτα
1469 339 1580 374 δοκήσει
1595 340 1710 376 οἰήσεως
1720 343 1776 374 τοῖς
1790 351 1838 369 πε-

1048 384 1228 419 πλανημένοις
1244 384 1461 420 παρασκευάζει.
1480 385 1730 422 Ἑκεραυνοόολήθη
1743 387 1771 414 δὲ
1787 388 1841 423 πρὸ

1046 430 1143 466 χρόνον
1160 430 1190 457 ἓν
1200 430 1255 457 τῶν
1269 430 1399 458 τοιούτων
1415 433 1699 468 κατασκευασμάτων·
1719 433 1771 460 οὐκ
1786 434 1840 469 ἔχω

1045 472 1074 498 δὲ
1093 473 1181 506 λέγειν
1194 474 1224 500 ὲν
1237 474 1307 510 ποίῳ
1323 474 1408 510 τόπῳ’
1423 475 1493 510 τάχα
1508 475 1537 502 δὲ
1548 477 1578 503 ὲν
1589 478 1620 512 τῇ
1637 477 1749 515 Φοινίκῃ
1761 479 1839 506 τοῦτο

1045 518 1213 555 ἠκούσαμεν.
1235 519 1315 546 Ἀλλὰ
1334 521 1382 547 καί
1401 529 1473 553 τινες
1490 521 1544 548 τῶν
1564 523 1702 558 ἀρχόντων
1719 524 1839 559 ζηλωταὶ

1045 564 1160 596 πολλοὺς
1171 567 1203 592 ὲκ
1216 565 1320 592 τούτων
1330 566 1506 598 ἀπέκτειναν,
1520 567 1565 594 διὰ
1576 568 1606 594 τὸ
1617 569 1838 604 παραχαράττειν

1043 610 1093 644 τὴν
1107 610 1247 645 ἀλήθειαν,
1265 611 1312 638 καὶ
1323 611 1530 647 ἁντιμιμεῖσθαι
1548 613 1711 649 Ἑκκλησὶας
1726 615 1837 650 τρόπον,

1046 655 1084 691 μὴ
1100 655 1180 687 ὄντας
1197 656 1391 690 Χριστιανοὺς,
1415 658 1484 693 μήτε
1501 657 1532 690 ἐξ
1555 659 1692 686 Ἰουδαίων
1707 660 1838 696 ὁρμωμέ-

1044 709 1116 733 νους.
1128 700 1209 737 Οἶμαι
1217 701 1244 729 δὲ
1266 702 1450 736 Λουπικιανὸς
1463 704 1477 730 ὁ
1489 704 1676 741 στρατηλάτης
1688 702 1728 737 εἷς
1741 704 1776 742 ἦν
1784 706 1838 733 τῶν

1043 747 1106 779 τοὺς
1118 747 1217 779 αὐτοὺς
1237 748 1400 784 Εὑφημίτας
1413 749 1468 776 τῶν
1489 750 1624 786 Ἐλλήνων
1638 755 1836 787 τιμωρησαμέ-

1043 791 1143 824 νων-ἐξ
1163 789 1198 828 ἦς
1218 792 1384 828 προφάσεως
1402 793 1473 829 ἐφύη
1497 793 1579 821 πάλιν
1604 794 1697 826 αὐτοῖς
1722 795 1837 831 δευτέρα

1043 836 1140 873 πλάνη.
1157 837 1294 870 Λαϐόντες
1305 839 1360 875 γάρ
1375 848 1448 871 τινες
1458 839 1493 866 τὰ
1508 839 1564 867 τῶν
1576 839 1637 866 τότε
1652 840 1837 867 ἀποκτανθὲθ-

197 876 230 895 ex
246 869 289 897 his
310 870 372 903 fuit,
385 873 434 907 qui
452 873 479 901 in
498 874 675 910 Euphemitas
698 879 853 908 istiusmodi
871 883 987 916 gentiles

1041 890 1095 909 των
1113 869 1226 918 σώματα
1247 869 1291 911 δια
1381 869 1512 920 τοιαύτην
1533 885 1693 921 Ἑλληνικὴν
1709 886 1836 922 ἀνομίαν,

198 914 475 946 animadverterunt:
491 928 543 955 qua
560 929 592 948 ex
610 923 756 952 oecasione
772 933 844 953 nova
861 914 931 954 facta
948 932 990 956 est

197 960 302 988 erroris
315 964 447 991 accessio.
462 965 581 998 Quidam
601 968 675 995 enim
694 977 790 998 eorum
809 972 856 1007 qui
872 973 908 1000 ob
922 982 989 1008 gen-

198 1004 276 1032 tih-m
294 1007 374 1034 istam
391 1008 559 1044 impietatem
578 1012 717 1042 interfecti
730 1004 850 1050 fuerant,
869 1004 987 1054 corpora

199 1051 284 1079 certis
297 1052 324 1080 in
338 1053 405 1082 locis
418 1056 591 1091 sepelientes,
606 1059 661 1086 illic
674 1061 784 1089 easdem
801 1063 864 1091 illas
895 1051 989 1093 laudes

196 1098 367 1135 hymnosque
395 1102 544 1131 decantant
560 1109 587 1133 et
608 1105 790 1144 Martyrianos
827 1111 958 1146 appellari
994 1120 1024 1140 se

195 1145 299 1172 cultum
316 1148 478 1184 martyrium
496 1149 628 1179 fecerant.

233 1191 341 1227 1069
366 1192 408 1221 lll.
434 1194 487 1222 Sed
504 1203 599 1224 eorum
622 1206 719 1228 rursus
740 1201 786 1228 alii
804 1202 887 1231 altius
905 1203 986 1238 quid-

195 1234 257 1262 dam
286 1245 337 1271 pro
359 1239 482 1268 stultitia:
504 1249 561 1269 suae
581 1248 662 1278 captu
681 1247 869 1282 concipientes
884 1234 986 1280 animo,

195 1289 227 1308 ac
248 1282 315 1309 nihil
334 1289 432 1318 pra-ter
453 1291 572 1315 mentem
598 1297 676 1317 suam
699 1291 726 1319 in
742 1294 887 1321 consilium
911 1295 988 1322 adhi-

197 1327 302 1361 bentes,
320 1330 429 1364 jactare
444 1332 516 1361 istud
531 1335 591 1363 ausi
613 1341 691 1364 sunt:
705 1338 832 1371 Satanas,
849 1340 985 1376 inquiunt,

196 1381 311 1409 magnus
332 1377 442 1410 quidam
459 1383 511 1412 cst,
523 1387 555 1407 ac
574 1381 654 1417 longe
680 1384 859 1418 fortissimus,
879 1391 906 1414 et
917 1388 986 1415 mala

195 1427 276 1453 quam
287 1422 405 1456 plurima
418 1424 575 1454 hominibus
593 1427 698 1464 inﬂigit.
714 1430 770 1458 Cur
784 1431 866 1466 igitur
881 1440 936 1460 non
953 1434 985 1460 ad

195 1465 268 1493 hunc
289 1469 381 1502 potius
394 1470 583 1506 confugimus,
609 1478 635 1501 et
650 1483 712 1502 eum
728 1465 886 1511 adoramus,
904 1483 986 1514 atque

195 1511 299 1540 honore
319 1515 569 1553 praedicationeque
589 1527 762 1554 veneramur,
785 1527 816 1550 ut
833 1523 985 1552 adulatoria

1043 928 1089 955 καὶ
1103 928 1238 963 θάψαντες
1249 929 1278 956 ἐν
1295 938 1350 956 τισι
1365 930 1468 963 τόποις,
1487 931 1545 957 ἐκεῖ
1562 931 1643 959 πάλιν
1658 932 1692 959 τὰ.
1709 931 1779 959 αὐτὰ
1791 931 1836 959 εὕ-

1042 975 1121 1010 φημά
1137 984 1168 1002 τε
1185 976 1349 1010 ἐπιτελοῦσι,
1367 977 1415 1004 καὶ
1428 977 1640 1013 Μαρτυριανοῦς
1659 978 1774 1010 ἑαυτοὺς
1787 979 1836 1005 ἑπ-

1041 1022 1195 1057 ωνόμασαν,
1212 1021 1292 1057 δῆθεν
1310 1022 1355 1050 δια
1370 1024 1434 1055 τοὺς
1455 1023 1526 1059 ὑπὲρ
1550 1023 1606 1050 τῶν
1622 1024 1740 1051 είδώλων
1758 1033 1833 1060 μαρ-

1040 1067 1223 1103 τυρήσαντας.

1045 1113 1151 1146 volunt,
1172 1118 1285 1150 propter
1312 1113 1374 1142 illos
1391 1114 1536 1149 videlicet,
1555 1115 1602 1151 qui
1633 1115 1668 1143 ob
1698 1115 1834 1144 idolorum

1075 1203 1111 1229 I".
1127 1202 1217 1230 Ἀλλοι
1240 1203 1269 1230 δὲ
1294 1203 1375 1230 πάλιν
1397 1204 1430 1231 ἐκ
1449 1204 1552 1231 τούτων
1573 1203 1614 1231 ἔτι
1637 1204 1786 1240 βαθύτερόν
1807 1213 1835 1233 τι

1038 1249 1233 1284 διανοούμενοι,
1250 1249 1288 1281 ὼς
1313 1249 1384 1276 κατὰ
1405 1250 1455 1285 τὴν
1480 1249 1569 1277 αὐτῶν
1599 1250 1735 1286 εὐήθειαν,
1764 1259 1834 1286 συμ-

1039 1296 1128 1332 ϐούλῳ
1145 1297 1179 1332 τῇ
1203 1296 1308 1332 διανοίᾳ
1329 1296 1477 1332 χρώμενοι,
1503 1295 1595 1324 εἷπον·
1622 1306 1632 1323 ι
1656 1297 1685 1323 '0
1709 1297 1834 1328 Σατανᾶς

1041 1341 1127 1377 μέγας
1138 1342 1208 1373 ἐστὶ,
1219 1342 1266 1369 καὶ
1279 1342 1460 1377 ἰσχυρότερος,
1472 1342 1520 1368 καὶ
1532 1342 1618 1368 πολλὰ
1629 1341 1748 1368 ἐπιτελεῖ
1759 1342 1834 1369 κακὰ

1039 1389 1096 1420 τοῖς
1109 1387 1273 1423 ἀνθρώποις.
1292 1388 1340 1414 Διὰ
1354 1387 1380 1414 τί
1393 1387 1424 1413 οὗ
1441 1387 1541 1422 μᾶλλον
1556 1387 1624 1422 πρὸς
1639 1386 1733 1413 τοῦτον
1749 1395 1834 1414 κατα-

1041 1433 1187 1468 φεύγομεν,
1211 1433 1258 1459 καὶ
1274 1432 1348 1468 αὐτῷ
1367 1432 1586 1467 προσκυνοῦμεν,
1606 1433 1687 1459 αὐτόν
1703 1441 1732 1459 τε
1747 1432 1832 1468 τιμῶ-

1041 1487 1103 1513 μεν,
1119 1479 1166 1505 καὶ
1183 1478 1263 1505 αὑτὸν
1282 1477 1470 1514 εὐφημοῦμεν.
1485 1478 1529 1505 ἵνα
1548 1478 1592 1505 διὰ
1607 1478 1656 1513 τῆς
1672 1477 1833 1505 κολακευτι-

1039 1525 1091 1560 κῆς
1111 1524 1258 1560 θεραπείας
1281 1525 1318 1560 μὴ
1342 1525 1478 1561 ὲνεργήσῃ
1495 1525 1561 1560 ἡμῖν
1577 1523 1612 1551 τὰ
1634 1525 1750 1560 πονηρὰ,
1774 1524 1832 1551 ἀλλ’

195 1558 242 1586 illo
253 1559 329 1586 cultu
347 1561 512 1591 conciliatus
529 1572 628 1593 nocere
640 1566 761 1599 desinat,
790 1569 846 1597 imo
858 1577 922 1598 vero
937 1579 985 1598 no-

1040 1558 1075 1601 se
1089 1558 1191 1596 δούλων
1210 1558 1291 1597 αὐτού
1313 1558 1395 1605 ημῶν
1413 1558 1575 1605 γεγονότων,
1593 1570 1670 1605 φασὶ,
1687 1558 1811 1605 (psi/"istm.
1823 1571 1832 1586 ¹

194 1608 300 1637 strum,
329 1605 474 1642 inquiunt,
498 1612 576 1645 quasi
604 1620 745 1640 servorum
759 1622 883 1649 suorum,
902 1617 987 1644 ratio-

193 1657 255 1678 nem
283 1650 380 1679 habeat
417 1657 444 1680 et
471 1654 615 1690 ignoscat?
648 1657 720 1693 Ergo
751 1659 789 1686 illi
822 1659 986 1688 Satanianos

192 1697 358 1733 semetipsos
374 1700 521 1734 appellant.
539 1702 661 1736 Quorum
683 1704 799 1733 hanresin
825 1713 887 1733 cum
903 1714 985 1741 supe-

193 1743 313 1772 rioribus
335 1745 401 1778 illis,
427 1746 461 1774 de
488 1748 590 1783 quibus
608 1749 737 1785 deinceps
762 1751 851 1778 acturi
877 1760 984 1784 sumus,

192 1789 412 1825 conjungendam
431 1794 598 1827 putavimus.
617 1795 752 1828 Quoniam
766 1798 875 1832 utrique
887 1805 902 1824 a
915 1799 988 1826 veri-

192 1838 248 1861 tate
262 1834 449 1865 desciscentes
465 1838 536 1865 idern
554 1839 628 1868 foras
643 1841 796 1875 prodeundi
820 1847 847 1870 ct
873 1844 924 1870 sub
939 1843 985 1871 dio

193 1880 323 1912 precandi
349 1888 381 1908 ac
403 1883 520 1910 canendi
545 1884 702 1913 institutum
725 1890 828 1914 tenent.
850 1887 983 1916 Caeterum

193 1922 250 1950 haec
279 1925 371 1951 omnia
397 1925 506 1954 ludibrii
528 1931 556 1954 ct
586 1929 748 1964 ineptiarum
771 1931 861 1965 plena,
890 1931 984 1959 damni

192 1967 260 1994 nihil
275 1967 422 1996 admodum
440 1970 588 2004 habebant,
605 1980 694 2008 neque
706 1982 720 2001 a
737 1975 851 2002 veritate
865 1980 983 2003 mentem

193 2013 330 2041 abducere
342 2019 469 2049 poterant
488 2026 494 2043 :
516 2024 570 2044 non
586 2018 660 2045 enim
677 2019 838 2052 Christiani,
853 2021 901 2048 sed
917 2022 984 2049 meri

192 2059 319 2094 gentiles,
345 2059 525 2089 habebantur.
537 2063 571 2089 At
588 2064 634 2098 qui
655 2065 734 2092 hodie
758 2065 914 2094 Massaliani
935 2075 982 2094 vo-

192 2109 308 2136 cantur,
326 2105 422 2134 iisdem
448 2108 570 2136 moribus
593 2116 625 2136 ac
640 2109 739 2138 ritibus
756 2110 876 2142 addicti,
896 2119 984 2148 neque

192 2150 313 2184 initium,
342 2159 431 2187 neque
449 2152 541 2186 linem,
566 2161 654 2190 neque
674 2159 766 2191 caput,
791 2160 838 2183 aut
863 2157 982 2185 radicem

192 2195 293 2223 habent
307 2197 405 2231 ullam;
431 2198 479 2226 sed
508 2199 568 2226 sine
585 2199 763 2228 fundamento
795 2208 827 2228 ac
847 2202 983 2237 principio

1038 1615 1136 1650 ἡμῶνς
1167 1615 1222 1642 Καὶ
1251 1615 1323 1642 οὕτω
1348 1615 1395 1642 καὶ
1418 1613 1490 1643 οὗτοι
1509 1616 1692 1647 Σατανιανοὺς
1718 1615 1834 1647 ἑαυτοὺς

1036 1660 1228 1696 ἐπωνόμασαν.
1249 1659 1333 1696 Ὁμοῦ
1347 1660 1376 1687 δὲ
1391 1660 1494 1687 τούτων
1507 1661 1557 1696 τὴν
1572 1661 1679 1696 αἵρεσιν
1697 1661 1726 1687 ἐν
1741 1661 1832 1696 τούτῳ

1038 1704 1227 1740 συνεθήκαμεν
1241 1705 1288 1732 καὶ
1301 1706 1364 1737 τοὺς
1379 1706 1608 1742 προειρημένους,
1625 1706 1773 1741 μέλλοντας
1787 1707 1832 1741 ὑφ’

1037 1749 1115 1785 ἡμῶν
1129 1750 1188 1776 νυνὶ
1201 1750 1339 1785 λέγεσθαι.
1358 1751 1468 1786 Ἐπειδὴ
1485 1750 1539 1786 γὰρ
1553 1752 1589 1778 τὰ
1601 1751 1645 1778 ἴσα
1658 1753 1687 1778 ὲν
1705 1751 1832 1787 ὑπαίθρῳ

1036 1795 1206 1830 ἐξαγόμενοι,
1222 1795 1275 1829 ἔξω
1297 1796 1444 1832 βεϐηκότες
1459 1796 1509 1831 τῆς
1525 1797 1665 1832 ἀληθείας,
1681 1798 1727 1824 ἐπὶ
1743 1798 1773 1824 τ»)
1785 1797 1831 1824 εὓ-

1035 1841 1142 1876 χεσθαι,
1169 1842 1217 1869 καὶ
1242 1843 1337 1878 ὑμνεῖν
1361 1843 1558 1878 ὲσχολάκασιν·
1579 1843 1647 1870 ἀλλὰ
1666 1844 1755 1871 πάντα
1781 1844 1831 1879 μὲν

1035 1886 1121 1912 ταῦτα
1135 1886 1320 1922 περιγὲλαστα
1338 1886 1403 1913 ὄντα
1420 1887 1525 1923 ἁὸλαὸῆ
1541 1887 1682 1923 ἐτύγχανε,
1700 1888 1737 1924 μὴ
1750 1889 1830 1916 δυνα-

1038 1940 1106 1966 μενα
1126 1932 1319 1968 παρεκκλίνειν
1339 1933 1384 1960 τὸν
1407 1932 1469 1960 νοῦν
1492 1934 1547 1960 ἀπὸ
1563 1934 1613 1970 τῆς
1634 1934 1761 1970 ἀληθείας
1774 1944 1781 1951 ·
1799 1935 1829 1962 οὗ

1036 1977 1089 2013 γὰρ
1100 1978 1140 2009 εις
1151 1978 1236 2014 ὄνομα
1249 1978 1368 2015 Χριστοῦ
1381 1979 1506 2013 ἐλέγοντο
1521 1977 1602 2012 εἶναι,
1616 1980 1685 2007 ἀλλὰ
1698 1981 1829 2016 ’Έλληνες

1035 2023 1067 2048 τὺ
1082 2025 1154 2050 πᾶνθ
1170 2023 1218 2051 νῦν
1234 2024 1262 2051 δὲ
1287 2025 1335 2052 ἀπ’
1355 2025 1467 2052 ἐκείνων
1488 2025 1542 2052 τῶν
1561 2026 1670 2061 τρόπων
1692 2023 1765 2054 οὗτοι
1781 2027 1829 2054 νῦν

1035 2069 1197 2104 καλούμενοι
1220 2070 1417 2102 Μασσαλιανοὶ,
1437 2067 1475 2097 ὧν
1489 2071 1552 2098 οὗτε
1571 2072 1653 2107 ἀρχὴ,
1666 2072 1727 2099 οὔτε
1741 2073 1827 2105 τέλος,

1035 2114 1096 2141 οὕτε
1110 2116 1227 2150 κεφαλὴ,
1245 2116 1308 2143 οὔτε
1332 2117 1409 2153 ῥίζα·
1425 2117 1493 2144 ἀλλὰ
1509 2117 1543 2144 τὰ
1558 2118 1646 2145 πάντα
1662 2119 1730 2145 εἰσὶν
1745 2120 1827 2155 ἀστή·

1037 2170 1134 2197 ρικτοι,
1149 2162 1197 2189 καὶ
1210 2163 1386 2198 ἄναρχοι,καὶ
1399 2164 1581 2199 ἠπατημένοι,
1595 2164 1632 2199 μὴ
1642 2164 1749 2200 ἔχοντες
1760 2165 1829 2197 ὅλως

1036 2207 1188 2243 στηριγμὺν
1210 2208 1352 2242 ὀνόματος,
1369 2208 1385 2244 ἢ
1409 2208 1520 2244 θεσμοῦ,
1543 2209 1560 2244 ἢ
1580 2208 1694 2242 θέσεως,
1712 2209 1727 2244 ἥ
1748 2218 1829 2245 νομοι

191 2249 306 2275 prorsus
327 2242 459 2270 inconditi
470 2248 544 2276 sunt,
560 2248 587 2272 et
597 2245 759 2280 gravissimo
773 2246 800 2273 in
813 2254 907 2275 errore
920 2255 981 2275 ver-

1040 2242 1144 2283 Ξεσίαςξ
1163 2252 1276 2279 Δοκοῦσι
1299 2253 1389 2280 τοίνυν
1413 2250 1487 2281 οὗτοι
1511 2255 1656 2282 ὲπιτοαυτδ
1678 2255 1775 2292 ἄνδρες
1799 2265 1828 2283 τε

192 2291 312 2315 santur:
335 2292 430 2324 utpote
454 2289 501 2324 qui
519 2290 594 2317 nullo
615 2298 704 2326 neque
725 2292 864 2325 nominis,
893 2300 981 2328 neque

192 2333 355 2367 sanctionis,
387 2342 477 2369 neque
504 2335 641 2371 regionis,
667 2345 756 2372 neque
778 2338 867 2372 legum
890 2337 982 2366 ﬁrma-

190 2382 283 2405 mento
302 2379 487 2407 continentur.
505 2379 545 2407 llli
558 2381 641 2416 igitur
657 2381 684 2409 in
708 2390 793 2409 unum
813 2383 899 2410 coacti
926 2388 980 2410 tant

190 2423 337 2459 viri,quam
350 2425 490 2458 mulieres,
498 2426 610 2455 credere
622 2428 648 2455 iu
658 2428 798 2456 Christum
807 2429 943 2462 videntur,
953 2438 984 2457 ac

192 2477 222 2496 se
234 2469 336 2498 mundo
359 2472 570 2500 renuntiasse'et
584 2481 633 2501 sua
649 2475 740 2502 omnia
749 2474 906 2503 deseruisse
920 2484 984 2511 pro-

192 2520 313 2541 ﬁtemur.
327 2514 396 2542 Tum
413 2523 478 2544 vero
494 2518 652 2551 promiscue
668 2526 750 2547 sexus
765 2519 907 2555 utriusque
921 2521 985 2548 dor-

192 2559 309 2588 mientes
324 2568 420 2589 omnes
436 2561 463 2589 in
480 2564 691 2598 spatiosissimis
707 2565 774 2592 vicis
795 2574 843 2600 per
860 2571 981 2594 aestatem

189 2605 298 2640 iacent;
311 2606 383 2642 quod
395 2614 424 2635 se
435 2608 584 2644 quidquam
597 2610 623 2637 in
638 2613 710 2637 terra
723 2612 864 2646 possidere
875 2620 983 2648 negent.

193 2650 281 2680 Soluti
305 2661 387 2689 porro
413 2663 445 2682 ac
464 2656 524 2690 vagi
545 2660 621 2689 sunt,
647 2661 675 2684 et
703 2665 802 2685 manus
825 2658 859 2685 ad
885 2659 983 2694 stipem
1005 2688 1008 2695 ι

193 2699 345 2734 porrigunt,
363 2701 475 2735 perinde
490 2709 522 2728 ac
536 2702 607 2729 victu
621 2706 646 2729 ct
661 2703 835 2737 possessione
849 2710 982 2733 carentes.

193 2742 246 2770 Sed
262 2751 356 2772 eorum
371 2754 513 2775 sermones
529 2748 706 2775 stoliditatem
720 2756 828 2777 omnem
841 2756 982 2785 superant.

226 2821 235 2838 ‘
252 2821 281 2849 F.
295 2824 427 2858 φείδηται.

1036 2299 1083 2324 καὶ
1102 2299 1230 2333 γυναῖκες
1245 2299 1325 2335 δῆθεν
1347 2300 1387 2332 εἰς
1404 2301 1521 2336 Χριστὸν
1537 2302 1759 2335 πεπιστευκέναι,
1781 2303 1827 2330 λέι

1036 2352 1139 2377 γοντες,
1159 2344 1198 2376 ὡς
1218 2345 1420 2381 ἀποταξάμενοι
1438 2346 1476 2381 τῷ
1492 2347 1598 2383 κόσμῳ,
1615 2347 1731 2374 καὶτῶν
1756 2349 1828 2375 ίδίων

1035 2389 1277 2425 ἀνακεχωρηκοτες
1288 2401 1294 2406 ·
1306 2391 1374 2426 ὁμοῦ
1382 2392 1410 2419 δὲ
1420 2393 1521 2428 ἀναμὶξ
1533 2393 1629 2429 ἄνδρες
1642 2394 1699 2429 ἅμα
1707 2394 1826 2428 γυναιξὶ,

1034 2435 1081 2461 καὶ
1093 2437 1222 2469 γυναῖκες
1234 2437 1293 2472 ἅμα
1299 2438 1429 2474 ἀνδράσιν
1440 2439 1584 2466 ἐπιτοαυτὸ
1598 2439 1785 2473 καθεύδοντες,
1799 2442 1828 2468 ἐν

1035 2480 1136 2515 ῥύμαις
1156 2482 1205 2517 μὲν
1226 2483 1380 2516 πλατείαις,
1394 2484 1513 2519 ὁπηνίκα
1527 2485 1623 2521 θέρους
1637 2485 1697 2521 ὥρα
1708 2486 1763 2521 εἴη,
1784 2486 1828 2513 διὰ

1033 2525 1063 2551 τὸ
1078 2525 1115 2561 μὴ
1131 2525 1213 2561 ἔχειν,
1232 2528 1309 2562 φησὶ,
1325 2529 1419 2563 κτῆμα
1433 2530 1479 2556 ἐπὶ
1492 2530 1542 2565 τῆς
1554 2531 1617 2565 γῆς.
1637 2530 1788 2559 Ἀκὼλυτοι
1799 2531 1825 2558 δέ

1033 2571 1096 2603 εἰσι,
1114 2572 1161 2599 καὶ
1176 2573 1328 2601 ὲκτείνουσι
1341 2576 1437 2611 χεῖρας
1451 2578 1587 2611 μεταιτεῖν
1602 2577 1640 2608 ὡς
1655 2576 1768 2605 ἀξίω-τοι
1781 2579 1826 2604 καὶ

1034 2617 1103 2653 ἀκτή
1109 2626 1197 2652 μονες.
1211 2619 1243 2645 Οἱ
1253 2619 1281 2645 δὲ
1292 2619 1365 2654 λόγοι
1377 2621 1466 2647 αὐτῶν
1480 2621 1607 2656 ἀφρόνων
1620 2622 1763 2652 ὲπέκεινι-
1779 2623 1826 2649 ’ον

1033 2663 1055 2689 δ’
1071 2663 1103 2690 ἄν
1116 2673 1177 2691 τινα
1191 2659 1368 2702 ἐπερωτήσῃς
1382 2666 1412 2698 ἐξ
1428 2665 1518 2693 αὐτῶν
1536 2665 1707 2702 ὁρμώμενον,
1722 2667 1826 2693 ἐκεῖνον

1033 2709 1127 2736 ἑαυτὸν
1141 2711 1251 2745 φάσκει,
1269 2710 1324 2739 οἷον
1340 2713 1362 2739 δ’
1378 2713 1410 2739 ἂν
1429 2712 1541 2744 ὲθέλοις.
1562 2713 1640 2739 Ἤτοι
1652 2711 1708 2747 γὰρ
1721 2712 1824 2747 προφήυ

1033 2763 1082 2790 την
1114 2754 1211 2788 εἴποις,
1246 2756 1378 2791 λέξουσιν,
1414 2758 1454 2784 ὅτι
1484 2757 1632 2792 Προφήτης
1661 2756 1737 2792 εἰμί’
1766 2756 1827 2792 ἦτοι
