1945 3043
92 159 141 188 761

93 217 146 253 Χρι

92 263 153 298 ἢτοι
171 264 354 301 πατριάρχην,
370 267 400 293 τὸ
415 268 482 295 αὐτὸ
495 270 591 298 ἑαυτὸν
608 271 737 307 ὀνομάζει
752 263 868 307 ἀναιδῶς
880 285 886 292 ·

94 308 156 356 ἦτοι
176 309 304 356 ἀγγελον,
322 312 370 338 καὶ
393 313 488 341 ἑαυτὸν
505 315 588 350 λέγει.
610 318 664 344 Καὶ
690 319 782 351 ἁπλῶς
804 321 826 346 ὣ
839 322 889 356 τῆς

91 352 147 379 τῶν
169 354 323 389 ἀνθρώπων
348 360 602 396 ματαιοφροσὺνηςὶ
622 362 758 398 Νηστείαν
781 365 809 392 δὲ
834 352 888 393 00-5"

91 398 162 430 ὅλως
177 400 297 427 οἴδασιν·
312 402 380 429 ἀλλά
394 403 473 439 δῆθεν
489 407 529 437 είς
543 408 592 442 τὴν
604 409 686 445 εὐχὴν
698 411 886 445 ὲσχολακότες,

90 445 139 493 καὶ
152 446 207 493 ἀπὸ
220 446 294 483 ὥρας
313 449 452 486 δευτέρας,
470 452 486 487 ἦ
505 453 640 491 τρίτης,ἢ
661 457 708 482 καὶ
727 457 777 493 τὴν
791 458 886 491 νύκτα,

90 490 140 538 ἐὰν
165 492 288 526 φθάσωσι
313 497 457 529 πεινᾶσαι,
483 499 572 526 πάντα
598 490 684 533 ἀδεῶς
707 490 886 538 ἐργάζονται,

89 537 229 587 ἐσθίοντες
257 542 305 568 καὶ
324 542 457 576 πίνοντες.
475 546 542 582 Περὶ
563 547 591 573 δὲ
612 537 790 586 αἰσχρότητος
807 551 823 587 ἢ
841 552 888 578 λα-

88 585 185 632 γνείας
199 587 229 612 οὐ
245 588 316 615 πάνυ
333 598 358 616 τι
374 591 491 627 δύναμαι
505 593 617 621 ειδέναι.
633 595 707 632 Πλὴν
721 597 781 624 οὐδὲ
792 585 886 628 τούτου

89 631 160 678 εἰσιν
174 632 343 667 ἀποδέοντες,
361 636 478 671 μάλιστα
493 640 638 666 ὲπιτοαυτὺ
652 643 727 678 κοινῇ
745 643 775 669 τὸ
793 645 886 672 κοιτά-

89 676 148 708 ζειν
172 678 320 714 ἐσχηκότες
341 682 399 717 ἅμα
413 684 522 718 γυναιξὶ
541 686 588 712 καὶ
607 676 745 722 ἀνδράσιν.
763 686 842 716 Οὗτοι
857 690 884 717 δὲ

89 725 137 772 καὶ
151 725 181 772 εν
204 725 354 763 Ἀντιοχείᾳ
369 729 437 756 εἰσιν
448 730 502 757 ἀπὸ
516 731 565 767 τῆς
578 732 673 768 Μέσης
688 733 742 761 τῶν
754 737 885 772 ποταμῶν

89 768 258 804 ὁρμώμενοι.

426 164 611 195 ADVERSUS
631 167 801 197 HERESES
819 170 883 198 LIB.

934 172 949 200 Ι.
969 172 1050 201 ΤΟΜ.
1069 173 1100 202 ΙΙ.
1120 190 1154 195 -
1175 174 1311 204 ΙὶλΕΒΕδ.
1331 176 1436 205 LXXX.

149 216 211 243 στὸν
243 217 276 244 ἂν
297 218 443 257 ὀνομάσῃς,
472 223 582 257 φάσκει,
607 226 648 252 ὅτι
674 228 791 262 Χριστός
817 230 875 265 ειμι

946 231 1142 268 Quemcunque
1155 234 1228 261 enim
1243 242 1276 262 ex
1293 234 1348 262 illis
1367 235 1589 272 interrogaveris,
1607 237 1687 266 talem
1703 247 1732 266 se

1680 179 1733 211 πε

938 279 1046 312 qualem
1070 280 1201 312 volueris,
1232 287 1294 308 esse
1323 280 1462 308 fatebitur.
1491 282 1555 310 Sive
1570 283 1731 318 prophetam

937 323 1051 358 dixeris,
1073 325 1220 360 prophetas
1244 334 1274 353 se
1296 334 1358 354 esse
1375 327 1486 361 dicent;
1515 330 1574 356 sive
1592 329 1731 357 Christum

938 371 1075 402 nomines,
1097 371 1237 400 Christum
1261 381 1290 400 se
1314 381 1376 401 csse
1389 375 1505 409 quilibet
1533 376 1730 410 respondebit;

938 415 996 443 sive
1007 417 1204 451 patriarcham,
1222 418 1274 446 hoc
1291 420 1381 455 ipsum
1401 420 1454 448 sibi
1470 429 1570 448 nomen
1587 422 1730 456 impuden-

938 466 979 490 ter
999 463 1150 497 attribuet;
1168 464 1225 492 sive
1241 466 1369 500 angelum
1384 465 1514 501 denique,
1532 467 1612 494 talem
1628 475 1658 494 se
1675 475 1729 495 non

937 508 1072 536 dubitabit
1091 517 1227 537 asserere.
1248 510 1270 538 0
1293 511 1459 546 singularem
1481 513 1621 540 hominum
1637 521 1731 541 vecor-

936 554 1027 581 diam!
1048 554 1126 588 Quod
1156 557 1189 583 ad
1210 556 1346 591 jejunium
1365 565 1430 584 vero
1446 562 1562 593 spectat,
1594 559 1645 586 hoc
1658 560 1729 595 apud

936 598 998 625 illos
1018 599 1124 627 nullutn
1148 604 1190 627 cst
1209 601 1332 628 omnino.
1350 600 1451 629 Verum
1479 603 1529 630 toti
1552 602 1681 630 videlicet
1701 604 1728 631 in

935 645 1073 672 orationes
1085 645 1192 678 intenti,
1205 654 1220 673 a
1237 647 1357 674 secunda
1371 649 1485 675 tertiave
1500 648 1577 680 hora,
1590 650 1632 676 vel
1645 650 1728 677 etiam

937 693 1032 722 noctu,
1053 691 1075 718 si
1094 692 1228 723 esuriant,
1251 692 1358 728 1070
1376 693 1444 720 nihil
1464 701 1518 721 non
1534 702 1583 729 pro
1599 702 1647 722 sua
1667 695 1730 722 libi-

936 736 1000 764 dine
1025 735 1138 770 faciunt,
1167 745 1199 764 ac
1216 737 1278 765 cibo
1302 742 1422 774 potuque
1446 747 1476 767 se
1495 740 1673 776 ingurgitant.
1693 740 1729 768 De

937 782 1045 810 illorum
1059 783 1230 818 turpitudine
1246 791 1278 812 ac
1294 785 1403 820 flagitiis
1419 785 1489 812 nihil
1504 789 1581 813 certo
1595 787 1727 821 comperi.

89 816 143 868 sed
164 819 199 845 ab
222 819 257 848 iis
282 829 455 858 nequaquam
476 824 627 855 abhorrere
640 827 682 855 vel
701 836 796 856 eorum
821 831 992 859 consuetudo
1008 832 1164 867 persuadet,
1191 840 1246 868 qua
1273 834 1428 868 promiscue
1457 834 1510 861 viri
1540 842 1602 861 cum
1630 835 1728 862 mulie-

89 865 168 894 ribus
186 868 301 914 rcubant.
328 868 462 899 Caeterum
492 873 646 903 Antiochiae
673 883 783 912 quoque
809 877 890 906 sedes
907 865 1019 911 habent,
1039 887 1094 914 quo
1108 887 1123 907 e
1141 865 1336 914 Mesopotamia
1353 887 1414 908 sese
1424 880 1609 908 contulerunt.

125 914 162 939 Δ’.
179 913 278 963 ῗΕσχον
294 914 322 942 δὲ
339 916 368 943 τὸ
385 917 517 954 βλαόερον
530 920 609 947 τοῦτο
625 922 752 958 φρόνημα.
770 924 824 951 ἀπὸ
836 924 883 960 τῆς

973 925 1018 953 IV.
1036 925 1094 953 Hoc
1109 934 1174 954 vero
1198 926 1278 961 iouge
1300 927 1565 962 perniciosissimum
1580 927 1678 963 dogma
1693 935 1726 955 ex

89 957 224 1006 ἀμετρίας
249 961 298 996 τῆς
320 971 400 990 τινων
426 964 548 1000 ἀδελφῶν
571 957 711 1002 ἀφελείας,
729 970 807 1002 Τινὲς
829 957 884 1006 γάπρ

88 1004 144 1030 τῶν
158 1006 302 1041 ἡμετέρωι
316 1008 439 1043 ἀδελφῶν
453 1011 500 1037 καὶ
516 1011 673 1047 ὀρθοδόξων,
689 1014 727 1050 μὴ
740 1004 885 1049 γινώσκον·

87 1057 134 1081 τίς
149 1050 181 1076 τὸ
198 1052 298 1087 μέτρον
319 1054 368 1090 τῆς
387 1056 416 1081 ἐν
431 1056 543 1092 Χριστῷ
568 1059 715 1093 πολιτείας,
728 1061 760 1087 τὸ
774 1061 884 1089 κελεῦον

87 1094 293 1141 ἀποτάσσεσοαι
303 1098 342 1133 τῷ
357 1099 463 1136 κόσμῳ,
475 1102 624 1137 κτημάτων
632 1112 663 1130 τε
679 1104 750 1132 ιδίων
764 1106 809 1132 καὶ
821 1115 885 1141 χρη-

88 1139 183 1187 μάτων
200 1142 408 1178 ἀποξενοῦσθαι,
423 1147 523 1174 πωλεῖν
535 1156 566 1174 τε
580 1150 614 1177 τά
630 1150 695 1182 ἴδια,
711 1151 756 1178 καὶ
774 1139 884 1187 με·έάδᾷ

86 1185 163 1212 δόναι
182 1190 310 1223 πτωχοῖς,
332 1190 481 1226 λαμϐάνειν
496 1193 524 1220 δὲ
543 1195 589 1222 τὸν
608 1195 734 1231 σταυρὸν,
759 1185 805 1225 καὶ
820 1199 882 1226 ἀκο-

87 1231 194 1260 λουθεῖν
206 1234 234 1261 ὲν
247 1234 371 1272 ἀληθείᾳ,
389 1238 426 1273 μὴ
440 1239 534 1274 ἀργὸν,
554 1240 623 1276 μήτε
638 1241 737 1276 ἀεργὸν
748 1244 793 1270 καὶ
805 1244 883 1271 ἀκαι-

88 1279 218 1324 ροφάγον,
246 1282 314 1318 μηδὲ
330 1283 337 1298 ¹
353 1283 390 1318 τῷ
407 1285 509 1320 κηφῆνι
527 1286 582 1312 τῶν
605 1287 752 1322 μελισσῶν,
770 1289 880 1324 ἐργάζει

88 1323 151 1351 σθαι
169 1325 197 1352 δὲ
211 1328 271 1359 ταῖς
289 1328 368 1360 ἰδίαις
392 1331 486 1365 χερσίν
499 1339 506 1346 ·
522 1331 617 1368 ῶσπερ
630 1334 677 1360 καὶ
693 1335 707 1361 ὁ
724 1323 801 1369 ἅγιος
814 1337 883 1362 ἀπό-

88 1371 182 1417 στολος
206 1372 313 1406 Παῦλος
336 1375 544 1412 ἀποταξάμενος
566 1379 606 1414 τῷ
624 1380 728 1416 κόσμῳ,
743 1382 830 1417 κήρυξ
855 1382 883 1409 δὲ

86 1416 123 1442 ὢν
139 1418 190 1453 τῆς
202 1418 340 1454 ἀληθείας,
356 1417 386 1447 οὖ
402 1422 430 1448 αἱ
443 1424 533 1458 χεῖρες
547 1425 578 1450 οὺ
596 1425 677 1460 μόνον
693 1426 783 1462 ἑαυτῷ
796 1428 884 1463 ἐπήρ-

86 1471 162 1494 κουν,
177 1463 244 1490 ἀλλά
260 1465 307 1492 καὶ
319 1467 375 1498 τοῖς
389 1467 514 1495 συνοῦσιν
526 1469 600 1504 αὐτῷ
610 1479 617 1485 -
633 1471 683 1498 οὐκ
696 1469 756 1498 οὖσι
771 1472 799 1498 δὲ
813 1473 883 1499 ὲκεί-

86 1517 144 1540 νοις
167 1509 273 1545 ἀργοῖς,
291 1512 348 1538 ἀλλ’
364 1513 422 1548 ἃμα
438 1515 628 1551 συμπαροῦσιν
648 1517 722 1552 αὐτῷ
742 1519 771 1545 ἐν
785 1520 817 1554 τῇ
835 1519 881 1554 ἐρ-

87 1554 180 1590 γασίᾳ·
192 1556 221 1588 ὃς
229 1565 279 1584 που
293 1559 425 1593 καυχᾶται
435 1559 532 1594 λέγων,
543 1561 662 1588 διδάσκει
673 1562 701 1589 δὲ
713 1563 879 1598 σαφέστατα·

936 972 1020 999 nimia
1037 971 1219 1007 quorumdam
1238 971 1352 999 fratrum
1371 973 1506 1007 imperitia
1523 974 1654 1000 manavit.
1675 973 1727 1006 Qui

935 1025 998 1045 cum
1014 1022 1088 1045 recte
1104 1018 1205 1053 aiioqui
1222 1018 1256 1046 de
1272 1018 1324 1046 ﬁde
1339 1020 1483 1051 sentirent,
1500 1019 1563 1046 vita:
1575 1027 1608 1047 ex
1623 1019 1727 1047 Christi

936 1063 1044 1091 Domini
1061 1064 1221 1099 pra-scripto
1239 1063 1414 1091 instituenda:
1426 1064 1537 1091 modum
1554 1072 1727 1100 nequaquam

936 1109 1128 1137 intellexerunt
1144 1119 1150 1136 :
1172 1114 1309 1144 quatenus
1327 1110 1485 1137 renuntiare
1512 1110 1660 1146 mundo,ac
1677 1111 1727 1138 bo-

935 1155 979 1182 nis
995 1162 1024 1182 se
1037 1163 1095 1182 suis
1108 1159 1135 1182 et
1154 1154 1333 1182 facultatibus
1354 1155 1492 1187 abdicare,
1516 1155 1641 1183 fortunas
1661 1164 1726 1183 suas

935 1200 1053 1227 vetuli-re
1073 1207 1105 1227 ac
1134 1200 1299 1234 pauperibus
1315 1200 1452 1235 dilargiri,
1481 1208 1591 1228 crucem
1607 1200 1726 1233 fert-eme

935 1246 1007 1273 serio
1027 1245 1103 1280 sequi
1118 1253 1148 1273 se
1168 1245 1307 1272 mandarit
1322 1255 1328 1272 :
1352 1253 1407 1272 non
1423 1251 1451 1273 ut
1471 1246 1561 1279 iners,
1579 1250 1608 1273 et
1620 1246 1727 1274 otiosus

935 1291 1070 1326 quispiam
1109 1295 1198 1321 esset,
1220 1295 1267 1317 aut
1292 1291 1483 1326 intempestive
1507 1292 1684 1326 ltelluaretur,
1694 1300 1727 1319 ac

935 1337 1139 1364 lucoruminter
1153 1344 1218 1372 apes
1236 1336 1334 1364 similis
1355 1336 1443 1364 foret:
1460 1337 1526 1372 quin
1543 1337 1597 1365 imo
1619 1337 1678 1365 suis
1698 1341 1726 1364 nt

935 1383 1061 1410 mamlius
1075 1390 1143 1416 opus
1163 1382 1274 1414 faceret,
1292 1389 1324 1408 ac
1344 1382 1454 1409 beatum
1471 1383 1625 1410 imitaretur
1635 1383 1726 1416 Apos-

934 1429 1029 1460 tolum,
1050 1428 1109 1464 qui,
1125 1428 1255 1456 mundum
1276 1429 1365 1456 valere
1375 1428 1488 1464 jubcns,
1499 1436 1588 1464 preco
1603 1430 1727 1457 veritatis

932 1473 1141 1508 cxstitit,cujus
1158 1481 1256 1501 tnanus
1279 1481 1334 1500 non
1359 1474 1411 1508 ipsi
1435 1475 1535 1506 solutn,
1562 1474 1610 1502 sed
1630 1479 1657 1501 ct
1681 1475 1726 1508 iis,

933 1519 978 1554 qui
999 1527 1061 1546 cutn
1084 1519 1129 1546 illo
1151 1523 1245 1551 erant,
1272 1520 1428 1548 necessaria
1458 1520 1673 1555 suppeditabant.
1689 1522 1699 1536 ¹
1717 1530 1725 1549 :

933 1572 996 1591 eum
1017 1568 1045 1592 et
1071 1565 1123 1600 ipsi
1138 1565 1246 1592 interim
1263 1565 1375 1593 minime
1390 1571 1549 1598 cessarent,
1575 1567 1622 1594 sed
1637 1575 1728 1602 operae

92 1599 124 1627 '0
143 1600 188 1636 μὴ
211 1603 414 1639 ἐργαζόμενος.
432 1606 511 1640 μηδὲ
533 1607 666 1634 ἐσθιέτω.
687 1609 764 1641 Τινὲς
777 1609 805 1636 δὲ
826 1610 880 1637 τῶν

934 1599 1194 1646 participcsresseut,
1205 1615 1235 1638 ut
1252 1611 1371 1646 quodam
1386 1613 1445 1647 ipse
1461 1612 1524 1639 loco
1535 1612 1670 1647 gioriatur
1693 1621 1727 1640 ac

88 1649 297 1684 προειρημένων
317 1651 452 1686 ἀδελφῶν,
467 1652 503 1685 ὡς
517 1653 570 1680 ἀπὸ
585 1653 632 1680 τοῦ
653 1655 733 1690 Μάνη
753 1656 878 1691 μεμαθη-

88 1694 167 1726 κότες
179 1695 260 1730 τάχα,
278 1696 312 1722 ἵν’
327 1696 414 1730 οὕτως
434 1698 515 1731 εἴπω,
531 1699 578 1726 τοῦ
595 1700 649 1727 ἀπὸ
668 1701 799 1737 Περσίδος
815 1702 881 1729 ἀνα-

88 1739 245 1775 ϐεϐηκότος,
263 1742 341 1770 ἅτινα
360 1743 409 1770 οὐκ
424 1745 507 1780 ἐχρῆν
521 1745 608 1778 οὕτως
624 1745 703 1774 εἶναι.
721 1747 836 1775 Σκοπεϊν
852 1748 880 1775 δὲ

91 1785 189 1820 μᾶλλον
200 1787 262 1819 τοὺς
274 1788 412 1820 τοιούτους
423 1790 607 1825 παραγγέλλει
619 1792 633 1817 ό
647 1791 718 1823 θεῖος
729 1792 806 1826 λόγος
817 1793 881 1825 τοὺς

90 1831 173 1866 μηδὲν
189 1832 400 1869 ἐργαζομένους.
422 1836 584 1873 Πεπλάνηκε
601 1837 656 1874 γάρ
673 1847 753 1865 τινων
764 1839 814 1875 τὴν
824 1839 882 1874 οἴη-

90 1885 130 1904 σιν
144 1878 158 1904 ὁ
170 1877 248 1912 λόγος
263 1880 278 1906 ὸ
293 1880 369 1916 παρά
383 1881 422 1917 τῷ
434 1882 540 1918 Σωτῆρι
553 1883 746 1919 γεγραμμένος
755 1892 762 1899 ·
785 1884 882 1919 Ἐργά-

89 1921 174 1952 ζεσθε
192 1923 235 1958 μὴ
260 1924 318 1958 τὴν
334 1925 453 1959 ,βρῶσιν
471 1926 529 1960 τὴν
551 1928 778 1963 ἀπολλυμένην,
801 1930 882 1956 ἀλλὰ

88 1969 244 2003 μένουσαν
256 1972 299 2004 εἰς
312 1971 389 2006 ζωὴν
397 1972 526 2000 αἰώνιον.
541 1974 690 2009 Νομίζουσι
702 1975 730 2002 δὲ
744 1975 792 2012 τὴν
802 1976 883 2003 ἀπολ-

89 2016 207 2051 λυμένην
231 2015 301 2044 εἶναι
318 2017 366 2053 τὴν
380 2019 465 2056 καλὴν
487 2020 628 2056 ἐργασίαν,
645 2019 680 2058 ἦς
695 2023 735 2054 εἰς
747 2022 882 2050 δικαιοσύ-

89 2071 137 2097 νην
153 2062 251 2099 ἔχομεν
263 2064 309 2091 τὸν
324 2065 460 2101 κάματον·
475 2067 535 2102 ἥτις
548 2067 699 2103 ἐπληροῦτο
714 2069 743 2094 ἐν
757 2069 883 2105 ’Δΰραάμ

89 2107 133 2134 διὰ
147 2108 193 2135 τοῦ
217 2109 328 2145 μόσχου,
344 2112 390 2138 καὶ
408 2113 441 2147 τῇ
459 2113 651 2148 καματουργίᾳ
666 2113 715 2148 τῆς
739 2115 826 2150 χήρας
839 2115 883 2142 διὰ

89 2153 135 2180 τοῦ
157 2154 257 2188 Ἡλίου,
273 2156 320 2183 καὶ
333 2157 361 2183 ὲν
376 2159 408 2192 τῇ
425 2159 542 2194 ἐργασία
555 2159 602 2185 τοῦ
622 2158 682 2185 ’1ὼὸ
703 2160 746 2186 διὰ
764 2159 818 2186 τῶν
834 2160 883 2187 αὺ-

88 2201 135 2227 τοῦ
155 2202 267 2233 παίδων,
294 2204 341 2229 καὶ
366 2204 524 2240 κτημάτων,
547 2205 595 2231 καὶ
620 2205 728 2232 πάντων
756 2205 810 2233 τῶν
834 2208 883 2235 τοῦ

89 2246 158 2273 Θεοῦ
182 2247 282 2275 δούλων
305 2248 359 2275 τῶν
383 2250 423 2281 είς
444 2250 618 2285 δικαιοσύνην
642 2251 799 2286 καμνόντων
823 2253 882 2284 ταῖς

91 2293 171 2324 ἰδίαις
185 2295 289 2330 χερσὶν,
310 2296 350 2326 εἰς
369 2296 400 2322 τὸ
414 2297 545 2331 ἐπαρκεῖν
564 2296 611 2323 καὶ
625 2298 681 2328 τοῖς
697 2297 864 2332 ἐνδεομένοις
874 2305 881 2311 ·

88 2338 181 2370 καθὼς
198 2340 244 2366 καὶ
265 2341 293 2366 ἑν
308 2341 415 2376 ἑκάστῳ
431 2342 604 2378 μοναστηρίῳ
621 2342 648 2369 ἐν
667 2351 697 2369 τε
711 2344 744 2378 τῇ
762 2343 815 2370 τῶν
835 2344 882 2370 Αί-

88 2384 212 2419 γυπτίων
227 2384 304 2421 χώρᾳ
324 2386 370 2412 καὶ
387 2387 416 2413 ἐν
437 2388 537 2420 πάσαις
552 2387 655 2424 χώραις
674 2388 745 2415 οὕτω
765 2389 882 2424 κάμνου-

89 2438 133 2456 σιν
148 2431 188 2461 είς
202 2430 373 2467 δικαιοσύνην
385 2441 392 2447 ·
406 2432 444 2463 ὡς
458 2434 474 2468 ἡ
492 2433 612 2468 μέλιττα,
628 2434 706 2469 χερσὶ
720 2435 770 2469 μὲν
783 2434 883 2470 ἔχουσα

88 2475 134 2502 τὸν
150 2475 236 2510 κηρὸν
254 2476 304 2511 τῆς
320 2478 461 2513 ἐργασίας,
480 2478 529 2514 τὴν
548 2479 577 2505 δὲ
589 2479 694 2514 ψεκάδα
711 2480 758 2507 τοῦ
776 2480 883 2515 μέλιτος

89 2520 118 2546 ὲν
134 2519 173 2554 τῷ
189 2520 312 2555 στόματι,
328 2521 397 2556 μετά
413 2522 461 2558 τῆς
479 2522 545 2554 ἰδίας
558 2523 713 2560 ὑμνηγόρου
731 2524 823 2559 φωνῆς
838 2525 882 2552 τὸν

88 2565 144 2592 τῶν
179 2566 288 2593 πάντων
309 2567 447 2603 Δεσπότην
473 2569 544 2596 κατὰ
578 2568 625 2605 τὴν
662 2570 730 2597 ἰδίαν
757 2570 882 2606 αἴσθησιν

90 2611 224 2647 ὑμνοῦσα,
233 2612 270 2644 ὡς
285 2613 332 2640 καὶ
343 2614 471 2650 Σαλομὼν
485 2616 631 2651 μαρτυρεῖ-
644 2616 685 2642 ὄτι
695 2615 757 2650 Τὴν
770 2617 883 2651 σοφίαν

90 2657 246 2693 τιμήσασα
264 2659 410 2695 προήχθη.
428 2660 507 2688 Οὕτω
530 2662 577 2688 καὶ
601 2662 626 2688 οί
643 2662 690 2689 τοῦ
706 2662 773 2689 Θεοῦ
793 2663 882 2690 δοῦλοι

90 2704 115 2731 oi
127 2704 235 2740 ἀληθῶς
249 2706 295 2732 ἐπὶ
311 2706 361 2741 τῆς
375 2708 488 2743 στερεᾶς
503 2708 604 2744 πέτρας
625 2709 674 2744 τῆς
693 2709 821 2745 ἀληθείας
837 2718 882 2736 τε-

92 2749 298 2785 θεμελιωμένοι,
318 2752 364 2778 καὶ
378 2751 424 2779 τὸν
445 2750 519 2780 οἷκον
534 2753 623 2780 αὐτῶν
636 2754 764 2789 ἀσφαλῶς
779 2755 880 2782 οἰκοδο-

129 2830 136 2844 ¹
154 2829 234 2856 Deest
248 2831 271 2856 ἐν
278 2829 375 2856 ικέναι.

432 2830 511 2858 ‘Aet.
530 2839 575 2864 xx,
592 2831 636 2859 5i.

93 2872 158 2900 xru,
180 2865 223 2892 15.
263 2865 273 2881 ⁷
289 2864 341 2893 Job
358 2873 378 2898 ι,
394 2865 420 2892 4.

694 2832 703 2848 ³
717 2831 737 2859 ΙΙ
751 2832 848 2861 Thess.
867 2840 906 2866 Ill,
925 2833 956 2860 10

931 1656 1043 1684 disertis
1068 1656 1135 1684 illud
1160 1657 1251 1685 verbis
1273 1657 1394 1692 prtecipit
1412 1666 1419 1684 :
1446 1658 1500 1691 Qui
1516 1666 1567 1685 mm
1589 1663 1724 1693 operatur,

931 1711 984 1729 non
999 1702 1138 1729 manducet
1151 1703 1170 1730 ³.
1192 1703 1246 1730 Sed
1262 1703 1312 1736 illi,
1330 1710 1402 1738 quos
1420 1703 1487 1735 dixi,
1510 1703 1611 1732 fratres
1637 1705 1726 1732 nostri

932 1748 1006 1776 haud
1020 1750 1078 1777 scio
1103 1756 1138 1775 an
1153 1757 1168 1776 ιι
1181 1748 1269 1781 Mane,
1288 1749 1334 1784 qui
1354 1749 1418 1776 illuc
1431 1757 1446 1777 e
1461 1749 1570 1777 Perside
1587 1749 1726 1784 profectus

931 1798 991 1828 est,
1012 1794 1063 1822 ista
1084 1794 1241 1827 didicerint,
1259 1802 1320 1830 qua:
1336 1795 1371 1822 ab
1391 1795 1465 1822 omni
1486 1794 1593 1823 ratione
1610 1803 1725 1831 prorsus

935 1841 1023 1868 aliena
1039 1845 1113 1868 sunt.
1138 1840 1207 1868 Cum
1229 1848 1245 1868 e
1268 1841 1408 1868 contrario
1424 1841 1642 1869 animadvertere
1662 1842 1726 1871 illos

932 1885 1024 1913 divina
1048 1884 1190 1920 Scriptura
1211 1884 1328 1920 jubeat,
1343 1886 1389 1920 qui
1407 1886 1474 1912 nihil
1496 1886 1587 1921 operis
1608 1886 1723 1914 faciunt.

933 1931 1035 1959 Verum
1054 1932 1251 1959 nonnullorum
1270 1932 1410 1959 mentibus
1422 1933 1524 1959 dictum
1542 1932 1608 1960 illud
1626 1933 1726 1961 Serva-

932 1978 1001 2005 toris
1011 1977 1141 2013 imposuit
1151 1986 1157 2004 :
1169 1977 1323 2011 Operamint'
1333 1987 1384 2005 non
1393 1979 1478 2005 cibum
1487 1979 1532 2014 qui
1541 1980 1619 2014 parit,
1629 1979 1674 2006 sed
1680 1981 1726 2015 qui

932 2029 1067 2058 permanet
1081 2023 1197 2051 invitam
1211 2028 1337 2051 a-teruam
1353 2024 1373 2051 ⁸.
1383 2024 1417 2050 Αι
1427 2024 1465 2052 illi
1475 2029 1632 2059 pereuntem
1647 2025 1724 2052 illum

932 2069 1024 2096 cibum
1066 2069 1100 2096 ad
1127 2069 1286 2104 praeclaram
1308 2070 1381 2097 illam
1404 2077 1514 2104 operam
1550 2070 1726 2105 laboremque

933 2114 1066 2146 referunt,
1082 2123 1162 2149 quem
1178 2115 1206 2142 in
1220 2115 1405 2142 consectanda
1421 2115 1526 2149 justitia
1543 2115 1724 2143 sustinemus.

933 2163 998 2193 una:
1015 2159 1126 2194 quidem
1150 2167 1232 2195 opera
1253 2160 1279 2187 in
1300 2160 1454 2187 Abt-altamo
1470 2163 1527 2186 tum
1543 2160 1647 2192 eluxit,
1662 2168 1725 2188 cum

933 2206 957 2234 is
987 2206 1103 2233 vitulum
1126 2207 1304 2241 appararet';
1328 2213 1435 2233 necnon
1457 2211 1485 2234 et
1507 2206 1533 2233 in
1549 2206 1642 2239 vidua,
1666 2214 1726 2242 quae

933 2253 998 2280 Elite
1012 2260 1094 2280 causa
1111 2253 1245 2280 laboravit
1256 2253 1284 2285 °;
1300 2256 1326 2280 et
1347 2252 1374 2279 in
1391 2252 1461 2279 Jobo
1481 2253 1609 2288 denique,
1631 2253 1678 2287 qui
1693 2254 1722 2280 in

934 2299 1027 2326 liberis
1047 2299 1117 2326 idem
1140 2298 1197 2326 suis
1220 2299 1392 2334 fortunisque
1415 2298 1540 2333 praestitit
1553 2299 1573 2326 ".
1591 2298 1725 2327 Praeterea

934 2345 1025 2373 nullus
1051 2349 1094 2373 est
1118 2344 1166 2373 Dei
1192 2345 1328 2375 famulus.
1351 2345 1399 2380 qui
1422 2352 1477 2372 non
1500 2345 1533 2372 ad
1548 2345 1725 2374 obtinendam

931 2391 1065 2426 justitiam
1080 2391 1208 2419 manibus
1216 2391 1274 2419 suis
1283 2398 1351 2426 opns
1361 2395 1498 2424 exerceat,
1510 2399 1565 2426 quo
1576 2391 1602 2418 in
1615 2396 1725 2427 egentes

933 2437 1073 2465 beneficus
1095 2445 1157 2465 esse
1179 2437 1278 2472 possit.
1293 2436 1372 2470 Quod
1389 2437 1416 2464 in
1439 2445 1604 2473 unoquoque
1630 2445 1726 2465 mona-

935 2482 1029 2513 sterio,
1045 2486 1100 2510 tam
1117 2483 1144 2508 in
1158 2482 1286 2518 (Egypto,
1301 2490 1383 2517 quam
1394 2482 1419 2509 in
1431 2482 1492 2510 aliis
1507 2482 1655 2518 previnciis
1667 2482 1726 2510 fieri

936 2527 1084 2558 cernimus,
1101 2527 1145 2554 ubi
1158 2527 1272 2562 justitiae
1286 2527 1373 2562 gratia
1384 2528 1425 2555 sic
1432 2528 1465 2555 ad
1477 2535 1546 2563 opus
1561 2528 1725 2556 incumbunt

936 2579 1041 2603 omnes.
1057 2578 1195 2608 tamquam
1207 2581 1272 2609 apes
1283 2574 1418 2608 quaedam,
1429 2582 1490 2609 quae
1498 2581 1589 2602 ceram
1598 2574 1724 2609 pedibus.

936 2618 1024 2645 stillas
1039 2619 1127 2646 mellis
1142 2627 1190 2647 ore
1202 2624 1418 2654 comportantes,
1431 2627 1604 2648 communem
1618 2620 1726 2646 univer-

936 2671 1029 2691 sorum
1042 2665 1145 2700 1071
1159 2665 1303 2693 Dominum
1314 2674 1364 2701 pro
1377 2674 1460 2694 sensu
1479 2674 1528 2694 suo
1537 2671 1618 2700 atque
1631 2669 1724 2700 captu,

936 2710 1054 2745 quodam
1064 2711 1137 2739 velut
1145 2712 1219 2740 vocis
1227 2717 1309 2740 cantu
1321 2720 1353 2740 ac
1371 2713 1564 2748 praedicatione
1574 2712 1724 2744 celebrant,

936 2760 1015 2791 prout
1032 2760 1148 2784 testatur
1165 2757 1294 2786 Salomon
1309 2768 1315 2786 :
1341 2758 1514 2794 Sapientiam,
1532 2757 1629 2793 inquit,
1643 2757 1726 2784 [totto-

1016 2835 1025 2850 ³
1038 2832 1116 2861 Joan.
1131 2843 1168 2867 Vl,
1188 2836 1233 2864 27.
1287 2836 1297 2851 '
1312 2836 1379 2863 Ceu.
1407 2843 1483 2867 “In,
1501 2834 1525 2862 7.
1583 2834 1593 2849 '
1607 2833 1642 2861 Ill
1657 2833 1723 2868 lien.
