1945 3043
196 157 249 186 765
904 157 932 184 S.
953 155 1126 183 El‘ll‘llANll
1770 157 1824 184 764

195 225 258 243 rans
275 221 398 251 provecta
413 221 451 244 est
465 217 486 243 ‘.
502 215 556 243 Nec
570 215 649 242 aiiter
662 223 703 244 sel
715 215 734 242 .-i
746 215 783 243 illi
799 215 845 243 Dei
861 216 888 243 in
899 216 985 244 solida

1046 215 1162 247 ιοῦντες,
1180 215 1260 246 ἰδίαις
1280 215 1358 250 χερσί
1381 215 1429 247 τὰς
1453 215 1554 247 λεπτὰς
1579 215 1668 242 αὐτῶν
1691 216 1823 252 ἐργασίας

197 261 320 288 veritatis
339 266 425 296 petra,
442 261 514 287 velut
536 259 721 292 fundamento,
740 259 864 292 stabiliti,
886 267 919 286 ac
937 259 985 286 do-

1046 260 1197 297 ιργάζονται
1210 260 1281 287 κατὰ
1296 260 1344 296 τὴν
1359 260 1473 287 ἑκάστου
1485 260 1592 295 τέχνην.
1613 260 1658 288 Ἐν
1670 260 1782 296 στόματι
1795 261 1823 288 δι

195 315 270 334 mum
284 315 362 335 suam
384 307 487 333 lirmam
506 311 588 340 atque
598 305 789 333 inconcussam
801 309 983 337 exstruentes,

1046 306 1129 342 ιχεδδν
1139 307 1229 333 πᾶσαν
1239 306 1314 332 θείαν
1322 305 1432 342 Γραφὴν
1443 305 1670 340 ἀπαγγέλλουσιν,
1682 306 1786 342 ἀκμητί
1793 315 1824 333 τε

195 361 246 388 pro
271 361 302 380 ea
319 360 399 387 quam
415 352 578 387 prolitcntur
596 356 666 383 arte,
687 351 886 378 minutissimas
901 357 985 385 quas-

1046 353 1083 380 καὶ
1091 352 1195 384 ἀόκνως
1206 352 1305 388 συχνὰς
1318 351 1512 383 ποιοῦνταιτὰς
1518 352 1680 387 ἀγρυπνίας,
1689 351 1767 378 τοῦτο
1775 352 1825 387 μὲν

195 406 251 433 que
273 405 372 433 operas
397 398 496 432 singuli
515 398 641 424 manibus
661 397 720 424 suis
742 399 879 423 exercent.
903 395 984 422 Iidem

1046 409 1064 425 ,ν
1073 399 1175 434 εὐχαῖς,
1182 398 1259 425 τοῦτο
1266 398 1295 424 δὲ
1303 398 1331 425 ὲν
1338 397 1517 433 ψαλμῳδίαις·
1525 398 1668 434 ἐνδελεχῶς
1677 398 1706 425 δὲ
1713 397 1761 429 τὰς
1769 406 1826 424 συν-

196 451 261 472 yero
281 444 434 470 universam
455 451 523 478 pene
543 442 714 477 Scripturam
731 450 779 469 ore
796 441 985 476 pronuntiant,

195 489 311 523 impigre
330 495 362 515 ac
387 492 498 516 strenue
518 492 565 515 aut
584 488 689 515 orando
709 492 756 515 aut
773 487 892 522 psalmos
912 494 987 514 emo-

197 534 315 561 dulando
330 534 501 569 pervigilant.
518 535 655 561 solemnes
677 534 710 561 de
739 541 815 560 more
830 537 983 560 conventus

197 588 229 606 ac
243 578 390 614 quotannis
412 579 577 606 constitutos
598 579 719 612 obeunt;
742 582 828 606 statas
849 577 940 610 horas,
960 581 988 605 et

197 625 311 652 alternis
339 625 435 660 spatiis
459 625 590 651 continuo
611 624 764 659 descriptas
787 623 926 659 perpetuis
955 623 988 649 ad

199 670 282 696 Deum
301 669 446 696 l‘undendis
466 669 612 704 precibus,
633 676 739 696 summa
758 676 820 695 cum
837 667 989 702 abjeetionc

198 716 281 742 animi
302 723 334 742 ac
351 715 497 743 laboriosis
517 715 663 750 gemitibus
689 715 854 750 transigunt,
874 722 935 741 cum
948 714 990 742 in-

198 766 274 789 terea
290 761 421 796 propriis,
439 762 478 788 uti
494 761 560 794 dixi,
577 761 716 793 manibus,
731 761 859 796 adjuncta
873 761 990 795 spiritali

166 813 168 818 '
198 807 406 840 exercitatione,
429 815 499 842 opus
511 807 673 840 instituant,
694 814 729 834 ne
743 810 790 833 aut
807 807 898 841 inopia
916 806 991 833 labo-

199 857 269 884 rent,
287 858 335 880 aut
351 853 378 879 in
398 853 532 880 humanas
550 852 740 879 simulationes
755 851 888 883 incidant,
904 851 943 879 sic
963 855 991 878 ut

1037 444 1157 475 ελεύσεις
1166 444 1214 475 τὰς
1241 444 1270 476 ἐξ
1289 443 1364 475 ἔθους
1382 443 1520 478 ὲνθέσμως
1540 443 1718 478 τεταγμένας’
1736 442 1826 478 διημε-

1038 489 1145 525 ρεύουσί
1164 497 1194 516 τε
1205 489 1319 516 πάντοτε
1341 488 1390 520 τὰς
1413 488 1593 523 ἀδιαλήπτους
1603 488 1674 515 κατὰ
1690 488 1826 523 διάστημα

1038 533 1178 569 (Bonna;
1192 532 1273 568 εὐχὰς
1282 532 1340 567 Θεῷ
1348 531 1562 566 ἀκαπγνὼστως
1574 532 1643 567 μετὰ
1654 541 1829 567 ταπεινοφρο-

1040 578 1122 613 σύνης
1135 577 1236 612 πολλῆς
1247 577 1293 604 καὶ
1303 577 1423 612 οἰμωγῆς
1432 576 1642 612 ἐπιπόνουίθεῷ)
1651 577 1828 612 ἀναπέμπον-

1039 631 1094 654 τες,
1103 624 1163 653 ταῖς
1174 630 1203 648 τε
1217 622 1295 653 ἰδίαις
1309 622 1411 657 χερσὶν,
1427 621 1464 654 ὠς
1477 622 1554 658 ἔφην,
1570 622 1745 658 ἐργαζόμενοι
1758 623 1828 658 μετὰ

1041 668 1088 694 καὶ
1099 667 1148 702 τῆς
1159 667 1344 702 πνευματικῆς
1352 668 1481 702 ἐργασίας
1488 676 1495 682 θ
1508 668 1551 694 ἵνα
1561 668 1598 703 μὴ
1606 667 1718 699 ἐπιδεεῖς
1726 667 1827 701 γένων-

1040 722 1094 744 ται,
1118 714 1165 739 καὶ
1179 714 1220 744 εἰς
1241 712 1399 749 ὑποκρίσεις
1421 712 1595 748 ἀνθρωπίνας
1617 713 1766 748 ἐμπέσωσι,
1781 713 1829 739 καὶ

1041 758 1132 785 οὐκέτι
1142 758 1180 793 τῷ
1194 757 1337 784 ἀσεϐοῦντι
1350 757 1492 792 δυνάμενοι
1505 757 1539 784 τὰ
1551 757 1640 793 ἀληθῆ
1655 758 1753 792 λέγειν,
1766 757 1829 785 οὕτε

1042 802 1120 834 ἐκτὸς
1137 803 1223 838 ῥύπου
1241 800 1311 829 εἶναι
1325 802 1378 829 τῶν
1391 803 1445 829 ἀπὺ
1459 802 1565 833 ἀδικίας
1582 802 1733 838 ἀνθρώπων
1747 802 1829 829 πλου-

1044 849 1109 875 σίων
1131 849 1178 875 καὶ
1193 848 1425 875 πλεονεκτούντων
1445 849 1508 880 τοὺς
1531 848 1662 883 πένητας,
1675 848 1736 875 οὔτε
1752 848 1830 880 ἐκτὸς

200 898 290 932 impiis
306 897 390 924 libere
402 897 543 924 veritatem
559 897 650 931 eloqui
671 904 726 922 non
743 896 877 928 audeant;
899 904 988 931 neque

1046 895 1133 921 σιτίων
1150 894 1250 921 τούτων
1266 894 1398 928 γίνεσθαι,
1415 894 1452 930 μὴ
1463 894 1620 928 δυναμένοις
1632 895 1651 909 ¹¹
1669 895 1702 921 ὲκ
1718 895 1831 921 δικαίων

200 944 234 970 ah
250 950 343 970 eorum
358 942 510 974 hominum,
523 941 569 977 qui
581 949 630 976 per
653 940 729 968 nefas
742 949 773 968 ac
785 948 933 976 pauperum
945 941 988 967 in-

197 987 297 1021 juriam
315 985 470 1020 locupletati
487 990 551 1012 sunt
567 985 728 1020 contagione
745 992 776 1012 ac
794 985 908 1012 maculis
931 985 988 1012 vin-

200 1033 292 1060 dicare
314 1039 374 1058 sese
396 1032 519 1066 possint:
541 1039 591 1059 nec
611 1032 718 1058 illorum
738 1031 856 1066 denique
875 1031 988 1059 cibariis

1042 940 1130 966 πόνων
1136 942 1184 976 τὴν
1195 942 1332 976 ἐφήμερον
1340 940 1411 976 ἔχειν
1422 940 1534 976 τροφὴν,
1549 940 1606 967 ἀλλ’
1615 941 1830 976 ἀναγκαζόμενοι

1041 987 1084 1014 διὰ
1101 987 1132 1014 τὸ
1151 988 1239 1020 ἐνδεὲς
1262 988 1311 1023 τῆς
1328 987 1441 1023 ἀεργίας
1455 987 1593 1022 τραπέζης
1620 987 1752 1014 πλουσίων
1767 995 1831 1022 μετ-

1042 1033 1124 1068 ἐχειν.

201 1087 305 1111 carere,
321 1079 393 1114 quod
409 1079 492 1114 justis
507 1079 647 1106 laboribus
667 1079 857 1113 quotidianum
873 1079 924 1106 sibi
945 1079 1046 1106 victum
1076 1087 1235 1114 comparare
1265 1083 1420 1115 nequeant,
1442 1080 1490 1107 sed
1513 1079 1550 1107 ob
1578 1079 1710 1114 inopiam,
1726 1087 1757 1107 ex
1774 1078 1832 1106 otio

201 1129 227 1151 et
242 1124 339 1151 inertia
355 1124 517 1157 derivatam,
535 1124 568 1151 ad
585 1123 725 1150 beatorum
742 1131 851 1151 mensas
862 1123 1008 1159 confugere
1024 1129 1168 1160 cogantur.

238 1171 270 1200 V.
293 1172 476 1205 Quamobrem
505 1171 627 1198 divinum
649 1179 699 1198 nos
724 1171 864 1198 oraculum
885 1171 964 1199 docet
983 1180 989 1198 ι

203 1216 244 1243 Ne
261 1217 430 1248 concupiscas
443 1217 512 1243 cibos
527 1217 649 1243 divitum.
666 1217 701 1243 Hi
715 1217 782 1242 enim
796 1224 856 1243 cum
872 1217 992 1244 mendaci

201 1264 255 1290 vita
279 1263 412 1298 conjuncti
434 1268 495 1290 sunt
511 1263 531 1289 ‘.
557 1262 627 1289 Tum
642 1263 696 1289 alio
716 1263 816 1290 inloco
838 1263 986 1298 ejusmodi,

202 1310 296 1345 quales
320 1309 437 1344 appositi
463 1309 574 1340 fuerint,
591 1308 712 1337 vicissim
733 1310 925 1344 praeparandos
941 1310 990 1336 ad-

205 1359 297 1382 monet
314 1364 321 1382 :
337 1355 413 1388 Quod
430 1355 452 1381 si
468 1354 630 1382 insatiabilis
644 1364 682 1388 es,
705 1356 779 1382 illius
801 1356 871 1382 cibos
887 1365 918 1383 uc
933 1365 995 1383 con-

203 1401 323 1434 cupiscas
341 1401 361 1426 '.
377 1399 435 1432 Qua
453 1400 479 1427 in
495 1408 526 1428 re
541 1401 699 1436 pneclaram
717 1401 794 1435 pueri
804 1401 843 1428 illi
859 1401 995 1437 Babylone

204 1446 316 1481 gloriam
343 1446 434 1480 adepti
463 1449 538 1477 sunt,
556 1447 602 1481 qui
626 1447 768 1481 repudiata
793 1447 864 1481 regis
889 1454 994 1480 mensa,

202 1492 348 1526 exquisitis
374 1491 456 1526 hujus
476 1491 566 1526 epulis
597 1491 733 1527 legumina
763 1492 942 1526 prmtulerunt
963 1500 996 1520 ac

1086 1173 1123 1198 E’.
1142 1171 1189 1198 Διδ
1204 1163 1385 1208 παραγγέλλει
1407 1172 1421 1198 ὁ
1444 1172 1514 1204 θεῖος
1536 1172 1624 1207 λόγος,
1639 1172 1766 1206 φάσκων·
1783 1172 1833 1207 Μὴ

1044 1217 1177 1252 ἐπιθύμει
1198 1216 1363 1252 βρωμάτων
1383 1217 1442 1244 τῶν
1464 1218 1630 1244 πλουσίων.
1658 1217 1753 1244 Ταῦτα
1779 1217 1834 1252 γὰρ

1043 1262 1142 1296 ἔχεται
1156 1261 1230 1291 ζωῆς
1243 1261 1385 1294 ψευδοῦς.
1398 1261 1453 1288 Καὶ
1467 1261 1548 1288 πάλιν
1567 1263 1596 1288 ὲν
1614 1262 1685 1299 ἄλλῳ
1693 1262 1777 1297 τόπῳ,
1791 1263 1833 1288 ὅτι

1043 1307 1171 1340 τοιαύτας
1188 1309 1241 1336 ἔδει
1261 1308 1489 1343 παρασκευάζειν·
1497 1305 1797 1340 Είδὲὰπληστότερος
1802 1304 1838 1340 εἷ,

1051 1354 1299 1390 μὴέπιθύμειτῶν
1314 1353 1406 1380 αὑτοῦ
1420 1350 1594 1387 βρωμάτων·
1610 1353 1639 1379 ὲν
1661 1352 1766 1384 τούτοις
1779 1357 1835 1389 γὰρ

1045 1396 1228 1432 ὲδοξάσθησαν
1239 1401 1263 1423 ot
1277 1397 1371 1428 παῖδες
1385 1397 1408 1423 οἰ
1424 1398 1451 1423 ὲν
1463 1398 1496 1432 τῇ
1511 1396 1661 1430 Βαΰυλῶνι,
1677 1397 1836 1432 ἀρνησάμε-

1045 1451 1085 1470 νοι
1101 1443 1240 1479 τράπεζαν
1258 1443 1398 1478 βασιλέως,
1417 1443 1464 1470 καὶ
1484 1443 1662 1479 αἰρησάμενοι
1679 1443 1835 1478 σπέρμασιν

1044 1488 1198 1523 ἀρκεῖσθαι,
1223 1488 1239 1523 ἢ
1255 1488 1389 1524 τραπέζῃ,
1405 1488 1452 1515 καὶ
1470 1487 1607 1524 βρώμασι,
1631 1488 1766 1523 χρήμασι,
1787 1487 1836 1514 καὶ

203 1537 314 1565 divitias
329 1537 556 1572 splendoremque
572 1541 800 1572 contempserunt
810 1537 831 1564 ⁸.
847 1537 902 1565 Nec
916 1539 992 1565 aliter

1046 1534 1109 1570 δόξῃ
1124 1534 1333 1569 ἀποταξάμενοι,
1344 1534 1381 1565 ὼς
1392 1533 1513 1569 Μωῦσῆς
1526 1533 1625 1569 μᾶλλον
1640 1532 1726 1559 εἵλετο
1738 1542 1837 1567 συγκα-

204 1582 321 1618 Moyses,
335 1582 382 1617 qui
394 1582 485 1609 vexari
501 1582 637 1617 aﬂligique
652 1590 714 1609 cum
729 1583 830 1617 populo
845 1582 902 1614 Dei,
914 1590 995 1618 quam

204 1628 373 1663 [Egyptiaeis
391 1628 527 1656 thesauris
544 1627 645 1662 perfrui
658 1627 753 1654 maluit
768 1628 788 1655 ⁸.
800 1627 851 1661 Qui
869 1628 993 1663 quidem,

204 1674 268 1700 dum
298 1673 355 1700 suis
383 1672 441 1707 ipse
468 1672 596 1700 manibus
622 1680 691 1707 opus
717 1677 837 1705 exercet,
864 1673 995 1708 propheta

205 1719 292 1745 lactus
306 1723 357 1746 est.
387 1718 433 1745 Ille
455 1718 529 1745 enim
559 1718 618 1753 ipse
636 1718 737 1745 nobilis
753 1722 780 1745 et
800 1725 815 1745 a
842 1718 896 1745 lilia
924 1719 996 1750 regis

205 1765 360 1800 adoptatus,
386 1769 416 1791 ut
445 1771 480 1791 ne
503 1764 607 1791 otiosus
631 1771 700 1799 pane
723 1769 889 1796 vesceretnr,
911 1764 995 1799 opilio

205 1811 371 1838 constitutus
394 1813 447 1837 est.
477 1809 548 1837 idem
578 1814 607 1837 et
629 1814 706 1845 pater
729 1815 821 1838 noster
841 1809 926 1838 Jacob
946 1819 996 1838 nos

205 1857 308 1889 docuit,
326 1863 387 1883 cum
404 1855 545 1882 Labanum
561 1855 715 1890 alloquens.
750 1855 787 1882 Da
802 1856 878 1888 mihi,
896 1857 995 1891 inquit,

205 1903 296 1938 operis
313 1901 427 1937 aliquid,
438 1902 576 1936 proprium
594 1906 623 1928 ut
639 1903 740 1929 victum
761 1903 905 1930 meream“.
920 1902 996 1930 Unde

205 1952 232 1975 et
250 1955 264 1974 a
281 1954 376 1975 socero
387 1946 478 1973 ovium
498 1946 590 1974 itidem
604 1946 731 1981 gregibus
753 1947 909 1981 praeﬁcitur.
931 1946 997 1980 Quae

207 1993 310 2020 idcirco
329 1993 435 2027 1072
458 1991 528 2018 facta
552 1995 616 2019 sunt
634 1991 736 2024 onmia,
755 2000 788 2018 ne
805 1992 893 2019 sancti
909 1993 996 2020 homi-

207 2047 256 2066 nes
283 2046 379 2073 panem
408 2037 488 2064 otiosi
519 2036 701 2064 eomederent.
730 2037 867 2072 Apostolis
893 2046 955 2065 vero
980 2046 995 2065 a

206 2081 322 2108 Domino
342 2085 507 2116 przecrptum
528 2081 598 2108 istud
613 2085 672 2108 est:
691 2085 720 2108 ut
735 2082 821 2109 divini
838 2083 911 2110 verbi
928 2091 996 2118 pra:-

207 2128 342 2155 dicatione
354 2127 474 2154 contenti
489 2131 591 2159 essent,
604 2135 637 2154 ne
653 2135 684 2154 ex
702 2127 761 2154 aliis
774 2128 841 2156 alias
856 2128 883 2156 in
913 2129 995 2157 urhes

205 2182 238 2202 ac
258 2175 317 2201 loca
341 2173 505 2209 praedicandi
528 2181 611 2201 causa
637 2174 794 2209 migrantes,
812 2174 895 2202 variis
913 2175 994 2203 rebus

206 2219 425 2247 dislraherentur
440 2238 448 2245 .
466 2217 567 2253 Dignus
585 2223 622 2245 eu
639 2220 707 2245 enim
725 2219 861 2253 operarius
881 2219 996 2247 mercede

205 2272 255 2291 sua
267 2264 293 2296 ';
308 2267 335 2291 et
348 2272 355 2290 :
374 2263 473 2293 Sufﬁcit
487 2263 607 2297 operario
620 2263 774 2289 alimentum
785 2271 861 2290 sttunt
874 2263 895 2290 ⁸.
908 2263 995 2297 Quam

204 2310 328 2338 eamdem
343 2310 378 2337 ob
390 2317 501 2337 causam
511 2309 667 2344 pastoribus
681 2317 730 2344 pro
746 2309 902 2337 incredibili
919 2310 995 2345 ipso-

206 2364 268 2384 rum
296 2356 323 2383 in
355 2355 541 2390 gubernandis
570 2355 677 2390 populis
704 2356 893 2390 occupatione,
915 2361 996 2391 atque

204 2402 392 2430 ecclesiastica
405 2401 608 2436 procuratione.
629 2401 892 2436 adntinistrandique
903 2401 995 2429 labore

206 2451 338 2483 perpetuo
349 2447 470 2474 divinum
487 2447 538 2473 hoc
548 2447 688 2474 oraculum
704 2446 803 2474 edicit:
818 2447 884 2480 Quis
891 2455 993 2482 gregem

206 2493 303 2528 pascit,
329 2498 353 2519 et
369 2493 441 2519 illius
462 2492 530 2519 lacte
548 2501 598 2519 non
619 2493 720 2519 alitur?
739 2493 805 2525 Quis
828 2493 933 2527 plantat
958 2495 995 2520 vi-

206 2547 293 2570 neam,
302 2544 326 2565 et
335 2538 390 2573 ejus
399 2539 486 2573 fructu
499 2547 550 2565 non
565 2539 676 2565 vescitur
686 2539 696 2554 ’
711 2536 846 2574 ?Deinde,
866 2538 994 2575 Operam,

208 2585 314 2620 inquit,
335 2590 480 2612 navautem
507 2585 653 2620 agricolam
674 2588 738 2612 ante
761 2591 856 2612 omnes
883 2593 931 2620 par
955 2589 997 2613 est

207 2630 313 2658 fructus
329 2631 410 2658 edere
423 2631 445 2646 "
457 2640 462 2657 :
475 2634 504 2657 ut
519 2638 552 2657 ne
567 2631 764 2666 presbyterum,
780 2631 821 2658 vel
836 2631 995 2666 episcopum

207 2676 366 2710 quotidiana
377 2676 438 2704 cibo
453 2675 618 2710 indigentem
628 2676 783 2703 constituat.
793 2675 834 2703 0b
845 2676 870 2702 id
881 2676 995 2711 populos

208 2722 379 2754 adhortatur,
392 2725 421 2748 ut
430 2728 491 2756 qua:
503 2721 535 2748 ad
548 2720 660 2748 alcndos
669 2721 826 2749 sacerdotes
838 2721 993 2749 necessaria

250 2779 257 2793 '
274 2777 355 2804 Prov.
371 2785 408 2807 Vl,
423 2777 448 2803 8.
487 2777 497 2792 ¹
513 2775 592 2803 Prov.
607 2784 686 2805 mu.
699 2775 727 2803 3.
766 2776 775 2792 ³
791 2776 856 2803 ibid.
874 2776 900 2803 4.

209 2821 286 2843 xxtx,
320 2812 362 2839 15.

207 2847 231 2863 “
254 2845 284 2874 ιθ.
302 2847 388 2880 λόγον.

1047 1580 1204 1614 κουχεῖσθαι
1219 1579 1258 1615 τῷ
1273 1579 1330 1615 λαῷ
1345 1579 1391 1606 τοῦ
1406 1579 1472 1606 Θεοῦ
1493 1580 1566 1615 ἥπερ
1579 1579 1725 1605 ἀπολαύειν
1741 1578 1796 1605 τῶν
1807 1579 1837 1605 ὲν

1046 1626 1176 1661 Αἰγύπτῳ
1202 1625 1357 1661 θησαυρῶν,
1372 1625 1554 1661 ἐργαζόμενος
1580 1625 1608 1651 δὲ
1636 1624 1714 1656 ἰδίαις
1742 1625 1837 1661 χερσὶν

1046 1673 1125 1707 ἔτυχε
1136 1672 1314 1708 προφητείας.
1328 1671 1477 1707 Προόἀτων
1491 1670 1545 1706 γὰρ
1563 1667 1641 1701 οὗτος
1653 1669 1755 1706 ποιμὴν
1770 1679 1838 1696 κατ-

1047 1718 1122 1753 έστη,
1134 1719 1148 1744 ὁ
1165 1717 1277 1752 εὐγενὴς
1293 1717 1339 1744 καὶ
1357 1717 1416 1749 υἰὺς
1430 1717 1565 1752 θυγατρὸς
1581 1716 1724 1751 βασιλέως,
1741 1716 1784 1743 ἰνα
1798 1716 1837 1751 μὴ

1046 1764 1130 1798 ἀργὸν
1153 1763 1231 1800 ἐσθίῃ
1246 1763 1328 1798 ἄρτον
1338 1772 1344 1778 ·
1359 1763 1397 1794 ὡς
1412 1763 1458 1789 καὶ
1479 1763 1598 1790 διδάσκει
1617 1763 1631 1789 ὁ
1653 1762 1744 1798 πατὴρ
1759 1761 1838 1797 ἡμῶν

1052 1809 1161 1841 Ἰακὼϐ,
1181 1809 1268 1844 λέγων
1285 1809 1393 1836 Λάϐανθ
1407 1809 1456 1840 Δός
1473 1817 1517 1844 μοι
1536 1809 1677 1845 ἐργασίαν,
1693 1809 1736 1835 ἴνα
1755 1809 1838 1844 ἐργά-

1047 1855 1137 1891 ζωμαι
1164 1854 1210 1882 τοῦ
1231 1855 1296 1881 ἰδίου
1312 1855 1406 1890 ἄρτου.
1425 1856 1480 1881 Καὶ
1493 1854 1573 1887 αὐτὸς
1589 1855 1669 1882 πάλιν
1686 1854 1838 1890 ποιμαίνειν

1047 1901 1246 1936 προστέτακται
1266 1901 1342 1936 παρὰ
1366 1901 1413 1927 τοῦ
1429 1901 1492 1928 ἰδίου
1517 1901 1658 1936 πενθεροῦ,
1676 1902 1719 1928 ἴνα
1737 1901 1775 1937 μὴ
1789 1902 1838 1937 ἁρ-

1046 1947 1090 1980 γοὶ
1111 1951 1195 1983 ἄρτον
1221 1947 1347 1974 ἐσθίωσιν
1371 1948 1395 1974 οἰ
1420 1947 1529 1974 δίκαιοι.
1550 1948 1612 1979 Τοῖς
1630 1947 1659 1975 δὲ
1679 1947 1838 1979 ἀποστόλοις

1046 1992 1152 2027 εἴρηται
1182 1992 1324 2028 ἀρκεῖσθαι
1347 1993 1386 2028 τῷ
1409 1992 1481 2027 λόγῳ
1497 1993 1517 2009 ¹¹
1540 1993 1693 2028 κηρύττειν,
1726 1993 1768 2019 ἵνα
1800 1993 1837 2028 μὴ

1045 2038 1213 2073 ἀσχολῶνται
1228 2039 1282 2066 ἀπὸ
1297 2039 1399 2071 πόλεως
1412 2040 1452 2071 εἰς
1466 2039 1552 2071 πόλιν,
1569 2040 1615 2066 καὶ
1627 2039 1681 2066 ἀπὸ
1699 2039 1781 2066 τόπου
1798 2040 1838 2070 εἰς

1045 2085 1136 2117 τόπον,
1161 2085 1208 2111 ἐπὶ
1231 2086 1262 2112 τὸ
1291 2086 1422 2121 κήρυγμα
1450 2085 1500 2121 τὴν
1527 2085 1639 2121 πορείαν
1671 2085 1836 2121 ποιούμενοι.

1047 2131 1148 2164 Ἀξιος
1174 2130 1229 2166 γὰρ
1259 2133 1276 2158 ὁ
1300 2131 1427 2167 ἐργάτης
1450 2131 1502 2158 τοῦ
1525 2131 1637 2166 μισθοῦ
1647 2131 1758 2159 αὑτοῦ·
1779 2131 1836 2162 καὶ,

1054 2177 1192 2211 Ἀρκετὸν
1217 2177 1257 2210 τῷ
1282 2177 1464 2213 ἐργαζομένῳ
1487 2178 1506 2211 ἠ
1531 2178 1625 2213 τροφὴ
1654 2177 1756 2205 αὐτοῦ.
1783 2177 1838 2204 Καὶ

1048 2223 1104 2253 τοῖς
1116 2231 1145 2248 τε
1164 2223 1290 2258 ποιμέσιν
1307 2223 1438 2254 ὡσαύτως
1454 2223 1497 2249 διὰ
1512 2224 1561 2259 τὴν
1581 2223 1634 2250 τῶν
1649 2223 1720 2250 λαῶν
1739 2223 1838 2259 συχνὴν

1048 2267 1187 2302 ἀσχολίαν,
1217 2267 1264 2294 καὶ
1294 2267 1343 2300 τὴν
1371 2267 1601 2303 ὲκκλησιαστικὴν
1626 2267 1769 2303 διοίκησιν.
1792 2268 1839 2295 καὶ

1048 2312 1172 2347 ἐνδελεχῆ
1188 2312 1368 2349 λειτουργίαν,
1385 2313 1467 2349 φησὶν
1483 2314 1497 2340 ὁ
1514 2313 1584 2346 θεῖος
1601 2314 1693 2348 λόγος·
1711 2315 1757 2348 Τίς
1775 2323 1838 2341 πρι-

1045 2358 1144 2392 μαίνει
1160 2358 1302 2393 ποίμνην,
1320 2358 1367 2385 καὶ
1381 2359 1415 2385 ἐκ
1432 2359 1485 2386 τοῦ
1502 2359 1652 2393 γάλακτος
1670 2360 1766 2394 αὐτῆς
1781 2361 1837 2388 οὐκ

1048 2403 1159 2435 tivo/st;
1175 2405 1213 2431 *Η
1223 2404 1267 2436 τίς
1282 2404 1401 2438 φυτεύει
1411 2404 1583 2438 ἀμπελῶνα,
1596 2406 1645 2433 καί
1659 2407 1693 2433 ἐκ
1704 2405 1758 2433 τοῦ
1771 2415 1837 2441 acap-

1046 2448 1104 2475 ποῦ
1118 2449 1212 2476 αὐτοῦ
1232 2450 1267 2476 οὺ
1284 2450 1522 2484 μεταλαμϐάνει;
1542 2451 1596 2478 Καί
1620 2461 1702 2487 (pqa-
1720 2452 1772 2480 Τὸν
1793 2461 1838 2480 κο-

1046 2494 1150 2521 πιῶντα
1165 2495 1285 2530 γεωργὸν
1301 2496 1341 2522 δεῖ
1363 2496 1472 2532 πρῶτον
1494 2497 1548 2524 τῶν
1565 2498 1679 2534 καρπῶν
1698 2499 1838 2534 μεταλαμ-

1047 2540 1155 2566 ϐάνειν·
1171 2540 1214 2568 ινα
1236 2540 1281 2568 τὸν
1304 2541 1500 2578 πρεσϐύτερον,
1519 2542 1535 2578 ἢ
1557 2543 1603 2570 τὸν
1627 2544 1776 2570 ἐπίσκοπον
1800 2543 1838 2579 μὴ

1048 2585 1242 2622 ἐλαττούμενον
1269 2587 1319 2623 τῆς
1343 2587 1482 2624 ἐφημέρου
1509 2589 1612 2624 τροφῆς
1641 2590 1835 2624 καταστήσειε·

1049 2633 1268 2668 προτρεπόμενος
1293 2633 1374 2665 λαοὺς
1399 2635 1431 2661 ἐκ
1444 2634 1554 2662 δικαίων
1574 2636 1663 2662 πόνων
1686 2635 1779 2670 νέμειν
1805 2635 1838 2662 τὰ

1050 2678 1118 2714 πρὸς
1137 2680 1239 2715 τροφὴν
1256 2681 1311 2711 τοῖς
1327 2679 1428 2715 ἱερεῦσι
1439 2680 1481 2707 διὰ
1497 2681 1628 2716 ἀπαρχῶν
1650 2690 1678 2707 τε
1693 2681 1740 2708 καὶ
1754 2690 1838 2716 προσ-

1049 2723 1149 2759 φορῶν,
1175 2724 1288 2751 καὶτῶν
1309 2724 1410 2751 ἄλλων
1431 2721 1469 2752 ὧν
1488 2725 1611 2757 ἐξουσίαν
1626 2726 1732 2761 ἔχοντες
1753 2727 1779 2752 οἱ
1805 2725 1837 2752 ἐκ

951 2775 992 2802 δί

1046 2796 1047 2802 η
1065 2786 1083 2810 ι,
1100 2778 1116 2805 8
1138 2786 1202 2813 sqq.
1240 2779 1250 2794 '
1268 2777 1355 2805 Exod.
1375 2786 1406 2809 ιι,
1428 2779 1479 2811 15;
1497 2778 1578 2806 Hebr.
1601 2787 1641 2811 xl,
1660 2780 1702 2806 Μ.
1741 2780 1752 2795 ⁶
1767 2780 1835 2808 Gen.

407 2812 416 2827 "
433 2811 527 2838 Matth.
545 2819 570 2844 ιι,
596 2810 723 2844 l0;Luc.
742 2819 768 2843 ιι,
785 2811 810 2838 7.
853 2811 883 2838 ⁸1
901 2811 971 2840 Tim.
989 2820 992 2831 ν

1046 2812 1068 2840 Β.
1109 2812 1143 2839 Ἰ
1163 2810 1226 2841 Cor.
1241 2821 1278 2846 ix,
1299 2814 1325 2840 7.
1366 2810 1530 2842 "ibid.'15.
1569 2815 1588 2831 ”
1604 2810 1666 2842 cor.
1682 2815 1833 2851 δυνάμενοι.
