1945 3043
37 181 87 208 735

341 178 526 207 ADVERSUS
548 179 720 208 HAERESES
740 179 828 210 [ΔΒΑ

887 177 966 209 ΪΟΜ.
984 180 1015 208 ΙΙ.
1026 196 1060 202 -
1077 181 1214 209 ιιιΕιιιῑδ.
1236 181 1340 209 LXXX.

1623 183 1678 212 766

33 239 104 267 Θεοῦ
122 240 186 272 τοὺς
209 239 291 272 λαοὺς
309 240 416 276 ὁδηγεῖν
440 241 681 276 προστεταγμένοι,
693 242 752 268 οὐδὲ
768 241 829 268 τού-

887 242 1123 277 sunt,justissimis
1137 243 1196 271 suis
1209 243 1349 271 laboribus
1362 242 1476 278 quaesita
1486 243 1673 279 suppeditent,

33 295 92 317 τοις
117 286 265 322 κέχρηνται
290 287 462 323 κατακόρως,
479 288 503 314 οι
523 287 582 322 Θεῷ
604 287 714 319 τελείως
736 288 831 324 εὐαρε-

35 333 110 358 στεῖν
124 332 365 367 ἐπαγγελλόμενοι.

884 288 1032 316 oll‘crendis
1058 288 1201 323 primitiis,
1228 289 1413 316 oblationibus
1448 296 1480 315 ac
1506 289 1621 324 reliquis
1647 288 1673 316 id

883 341 978 368 genus.
1000 332 1066 366 Quae
1079 341 1141 361 cum
1167 333 1194 361 in
1219 337 1352 368 potestate
1366 340 1415 360 sua
1432 333 1560 365 habeant,
1574 333 1675 368 quibus

35 379 219 413 regendorum
243 387 258 406 a
285 379 339 407 Deo
356 379 518 415 populorum
542 384 584 408 est
609 380 756 408 commissa
791 380 943 416 provincia,
973 381 1071 408 horum
1102 385 1193 409 tamen
1216 381 1278 409 usui
1301 381 1378 416 plene
1418 380 1580 415 penitusque
1619 388 1674 407 non

35 425 193 460 indulgent.
217 426 264 459 qui
285 425 341 453 Deo
364 426 484 461 perfecte
507 427 614 461 placere
637 435 667 455 se
687 428 756 455 velle
772 426 947 462 profitentur.

72 473 121 505 ς’.
143 471 198 498 Καὶ
213 471 268 506 γὰρ
285 471 315 505 ἐξ
324 472 412 499 αὐτῶν
426 472 473 498 τοῦ
490 472 558 499 Θεοῦ
576 473 681 509 ἱερέων,
696 474 742 500 καὶ
755 473 832 500 αὐτοὶ

36 517 109 551 μετὰ
134 517 182 543 τοῦ
207 517 387 552 κηρύγματος
410 518 458 544 τοῦ
484 518 565 553 λόγου
597 519 760 555 μιμούμενοι
787 519 832 546 τὸν

35 563 116 596 ἅγιον
127 563 216 589 αὑτῶν
235 563 304 598 μετὰ
318 563 363 590 τδν
374 563 440 590 Θεὸν
457 565 485 590 ἐν
499 565 610 601 Χριστῷ
625 566 742 601 πατέρα,
759 565 831 600 φημὶ

35 608 64 634 δὲ
81 608 190 635 Παῦλον
211 609 256 635 τὸν
276 610 353 644 ἆγιον
367 610 528 642 ἀπόστολον,
551 611 598 637 καὶ
615 611 701 643 αὐτοὶ,
719 611 789 638 κατὰ
801 611 832 638 τὸ

35 653 161 686 δυνατὸν,
188 655 212 681 εἰ
234 656 281 681 καὶ
307 655 345 690 μὴ
371 656 481 688 πάντες,
511 657 568 683 ἀλλ’
585 658 610 684 οἱ
633 657 744 688 πλείους
770 658 831 688 ταῖς

37 699 120 731 ἰδίαις
137 701 231 736 χερσὶν
245 701 434 737 ἐργαζόμενοι,
448 703 507 730 οἴαν
520 703 542 729 δ’
558 703 696 737 ἀναλόγως
708 703 830 738 συμπρέ-

35 754 142 772 πουσαν
160 746 199 781 τῷ
213 746 360 782 ἀξιώματι,
374 748 481 783 καὶτῆς
499 749 731 784 ἐκκλησιαπικῆς
749 757 830 784 φρον-

35 791 108 823 τίδος
125 792 278 827 ὲνδελεχείᾳ
299 793 404 829 εὕροιεν
416 793 525 829 τέχνην,
543 795 618 827 ὅπως
641 795 710 830 μετά
722 795 770 821 τοῦ
785 795 829 821 λό-

35 845 86 870 γου
101 837 150 863 καὶ
164 837 211 864 τοῦ
229 838 404 873 κηρύγματος
420 840 436 874 ἡ
451 840 601 875 συνείδησις
613 841 705 877 χαίρῃ.
724 841 770 868 καὶ
785 841 829 868 διὰ

921 472 966 500 Vl.
987 471 1025 499 illi
1043 473 1117 500 enim
1134 473 1241 500 tametsi
1258 479 1273 499 e
1289 472 1462 500 sacerdotum
1479 478 1594 498 numero
1608 470 1673 503 sint,

884 519 917 546 ad
948 518 1116 546 sanctissimi
1148 519 1191 545 sui
1221 517 1373 545 secundum
1402 517 1486 544 Deum
1514 517 1541 543 in
1565 516 1676 544 Christo

884 565 970 600 patris
996 565 1174 591 imitationem
1199 563 1325 599 (Paulum
1357 562 1510 598 apostolum
1543 562 1675 598 intelligo)

883 619 938 640 non
952 619 1048 640 omnes
1063 612 1185 646 quidem,
1205 610 1253 638 sed
1268 610 1392 645 plerique
1418 613 1509 636 tamen
1530 608 1562 635 ad
1585 615 1676 635 susce-

883 663 957 694 ptam
969 658 1054 686 divini
1066 656 1141 685 verbi
1157 656 1378 692 pra'dicationem
1387 659 1528 682 externam
1546 660 1675 680 manuum

883 711 994 740 cperant
1017 703 1188 738 adjungunt;
1221 708 1417 737 quamcunque
1445 700 1555 727 demum
1588 701 1693 725 artent‘

882 750 972 786 adepti
991 750 1055 782 sint,
1067 756 1127 783 quae
1137 755 1209 776 nece
1217 748 1350 782 dignitate
1359 753 1420 779 sua,
1439 753 1491 773 nec
1502 745 1536 772 ab
1548 744 1677 772 Ecclesia

882 805 948 824 cura
955 804 1035 832 quam
1044 799 1202 831 perpetuam
1216 797 1324 828 gerunt,
1334 793 1495 822 abhorreat,
1508 794 1538 817 ut
1552 790 1674 824 ipsorum

882 842 1063 874 conscientia,
1083 844 1181 875 praeter
1206 840 1282 866 illum
1306 837 1391 865 divini
1414 836 1489 864 verbi
1508 835 1675 870 prtetlicandi

35 882 138 918 χειρῶν
150 882 223 909 ἰδίων
235 884 456 919 καρποφοροῦσα,
468 885 515 911 καὶ
527 885 610 922 ἑαυτῇ
623 887 827 922 ὲπαρκουμένη,

890 887 1010 916 aborem,
1035 885 1207 920 propriarum
1228 891 1358 911 manuum
1380 881 1500 909 fructum
1522 880 1623 911 ferens,
1643 887 1676 907 ac

36 929 93 959 τοῖς
118 936 148 954 τε
174 928 297 962 ἀδελφοῖς
321 929 369 955 καὶ
388 929 555 965 ἐνδεομένοις
574 931 624 966 τὴν
649 931 718 966 μετὰ
737 933 831 966 χεῖρας

36 973 210 1008 οἰκονομίαν·
226 974 358 1010 ἀπαρχῶν
373 975 412 1007 δὲ,
431 975 512 1011 φημὶ,
535 977 582 1002 καὶ
596 976 770 1012 προσφορῶν,
785 977 832 1003 καὶ¹

38 1018 68 1050 ἐξ
82 1019 174 1046 αὐτῶν
193 1019 249 1056 (25)
265 1020 319 1047 τῶν
329 1021 372 1047 διὰ
386 1021 486 1057 χειρῶν
502 1022 690 1058 εἰργασμένων
701 1024 734 1050 δι’
748 1024 832 1060 ὑπερ-

38 1063 120 1098 ϐολὴν
135 1064 282 1097 διαθέσεως
301 1065 370 1101 πρὸς
378 1066 455 1099 Θεὸν,
470 1067 518 1093 καὶ
532 1068 588 1099 τοῖς
601 1067 687 1099 πέλας
699 1069 831 1101 ἑκουσίως

39 1110 236 1144 μεταδιδοῦσα·
251 1112 340 1138 καίτοι
362 1120 394 1146 γε
420 1112 457 1147 μὴ
480 1113 710 1148 ἀναγκαζομένων
728 1114 829 1147 αὐτῶν,

40 1155 109 1189 μήτε
127 1156 378 1192 κατακρινομένων,
391 1157 460 1184 ἀλλὰ
472 1158 645 1194 δικαιοσύνης
660 1159 757 1191 πόνους
784 1161 830 1187 καὶ

39 1200 169 1235 ἐργασίαν
187 1202 416 1238 ὲκκλησιαστικὴν
433 1204 559 1238 ἐχόντων,
579 1205 625 1232 καὶ
641 1205 711 1232 κατὰ
729 1205 831 1232 δικαιο-

41 1245 122 1280 σύνην
132 1247 306 1281 σιτουμένων,
316 1247 349 1274 δι’
362 1248 514 1284 ὑπερϐολὴν
521 1249 549 1275 δὲ
557 1250 744 1285 προαιρέσεως
752 1249 830 1277 τοῦτο

39 1291 128 1318 αὐτῶν
157 1291 315 1320 ποιούντων.
339 1293 482 1319 Ἐπιποθεῖ
504 1294 558 1330 γὰρ
585 1294 675 1322 αὑτῶν
697 1296 713 1330 ἡ
739 1295 829 1327 ἔνθεος

39 1335 122 1370 ψυχὴ,
138 1336 184 1362 καὶ
200 1336 229 1362 ὲν
245 1336 319 1372 φόϐῳ
334 1336 401 1363 Θεοῦ
418 1338 616 1375 ὲστηριγμένη,
632 1340 679 1366 καὶ
693 1340 725 1366 ὲκ
743 1339 830 1366 Ilvati-

40 1389 124 1414 ματος
136 1381 215 1416 ἁγίου
226 1382 274 1417 τὴν
289 1382 390 1416 γνῶσιν
403 1384 570 1420 κεκτημένη,
583 1384 698 1412 πλούτου
711 1386 830 1421 ἐπουρα-

39 1426 94 1453 νίου
110 1426 156 1453 τοῦ
173 1427 243 1454 κατὰ
258 1427 432 1465 δικαιοσύνην
446 1429 516 1464 μετὰ
529 1431 650 1461 ἐπαίνου,
663 1431 710 1458 καὶ
723 1431 828 1464 κλέους,

40 1472 86 1498 καὶ
105 1472 257 1507 ἀριστείας,
283 1474 330 1500 τοῦ
354 1474 398 1501 διὰ
418 1474 497 1502 θείων
515 1476 668 1511 δογμάτων,
690 1478 736 1504 καὶ
755 1477 829 1509 θείας

42 1516 156 1551 μελέτης
173 1517 254 1551 ἁγίας
269 1518 390 1554 Γραφῆς,
405 1519 452 1546 καὶ
466 1519 565 1554 λογίων
576 1521 654 1554 Θεοῦ,
665 1521 829 1557 ψαλμῳδιῶν

40 1571 68 1589 τε
85 1564 134 1591 καὶ
162 1564 308 1598 συνάξεων.
328 1565 412 1600 ἁγίων
432 1566 563 1602 νηστειῶν
591 1575 621 1593 τε
636 1568 683 1594 καὶ
707 1568 829 1603 ἁγνείας,
845 1558 866 1586 C

41 1608 86 1634 καὶ
101 1608 249 1641 πολιτείας,
267 1610 314 1637 καὶ
329 1610 378 1645 τῆς
393 1609 437 1636 διὰ
456 1610 565 1646 χειρῶν,
581 1611 673 1639 ἕνεκεν
692 1612 831 1640 δικαιοσύ-

40 1661 98 1688 νης,
123 1654 195 1689 μετὰ
216 1654 401 1690 προαιρέσεως
423 1657 566 1691 ἐργασίας.
586 1657 665 1685 Ἀλλὰ
691 1658 738 1684 καὶ
761 1658 833 1694 ἄλλῳ

39 1699 400 1736 τύπιυβὸἻπροελήφθησαν
409 1701 434 1727 oi
446 1701 523 1728 αὐτοὶ
530 1702 615 1737 τίμιοι
625 1702 704 1738 ἡμῶν
712 1703 832 1737 ἀδελφοὶ,

40 1748 63 1774 οἱ
76 1747 147 1774 κατὰ
161 1746 375 1782 Μεσοποταμίαν
389 1747 418 1774 ἐν
434 1747 626 1783 μοναστηρίοις
654 1747 832 1784 ὑπάρχοντες,

41 1792 127 1819 εἴτουν
141 1791 294 1825 Μάνδραις
308 1791 500 1828 καλουμέναις,
517 1792 625 1828 κώμαις
639 1793 646 1808 ¹
659 1795 833 1827 γυναικικαῐς

40 1837 268 1874 προῆαλλόμενοι,
289 1838 336 1864 καὶ
353 1838 448 1874 σάκκῳ
463 1840 598 1874 προφανεῖ
620 1840 831 1875 ὲπερειδόμενοι.

42 1886 114 1912 Ἔδει
130 1884 161 1911 δὲ
184 1884 218 1911 τὰ
232 1884 282 1919 τῆς
308 1884 388 1919 ἁγίας
404 1885 543 1921 Παρθένου
563 1886 666 1922 μητρὸς
687 1887 765 1922 ἡμῶν
783 1887 834 1922 τῆς

49 1930 215 1966 Ἐκκλησίας
239 1929 371 1965 ὑπάρχειν
399 1930 482 1957 τέκνα
507 1930 602 1966 σεμνὰ,
630 1932 752 1968 οίκουρὰ,
773 1932 834 1967 Θεῷ

41 1975 207 2012 λατρεύοντα
229 1976 352 2012 κρυφίως
371 1976 410 2011 τῷ
423 1976 505 2002 εἰδότι
518 1976 552 2002 τὰ
570 1977 685 2012 κρύφια,
702 1978 750 2005 καὶ
764 1978 832 2005 ἀπο-

41 2021 138 2048 διδόντι
152 2022 182 2047 ὲν
197 2022 253 2053 τοῖς
273 2022 410 2056 φανεροῖς,
429 2020 500 2048 κατὰ
516 2021 547 2047 τὸ
569 2021 772 2057 γεγραμμένον,
786 2023 833 2049 καὶ

42 2067 219 2103 εὐσχημόνως
237 2067 282 2094 διὰ
299 2067 363 2098 τοὺς
383 2066 445 2099 ἔξω,
461 2066 509 2094 καὶ
527 2066 564 2102 μὴ
584 2067 725 2102 βούλεσθαι
741 2067 833 2095 λαϐεῖν

42 2113 93 2139 ἀπὸ
110 2112 167 2140 τῶν
189 2112 315 2148 ὁρώντων
328 2113 374 2139 τὸν
395 2112 489 2148 μισθὸν
503 2114 551 2140 καὶ
566 2113 615 2148 τὴν
634 2113 724 2148 χάριν.
743 2113 834 2140 ’Λλλό-

43 2167 116 2193 τριον
139 2158 195 2193 γάρ
224 2158 283 2185 ἐστι
298 2159 348 2194 τῆς
375 2158 523 2192 καθολικῆς
547 2158 709 2194 Ἐκκλησίας
734 2159 834 2192 σάκκος

43 2204 196 2238 προφανὴς,
211 2204 257 2231 καὶ
272 2205 343 2240 κόμη
368 2204 554 2240 ὲκτεμνομένη
567 2205 577 2220 ²
592 2204 646 2231 ἀπὸ
667 2204 713 2232 τοῦ
730 2205 835 2241 κηρύγ-

45 2258 129 2283 ματος
143 2249 189 2276 ’.οὔ
204 2245 372 2279 ’Λποστόὶουο
401 2250 485 2284 Ἀνὴρ
497 2250 563 2285 γὰρ,
577 2251 670 2286 φησὶν,
685 2251 741 2278 οὐκ
754 2251 833 2286 ὀφεί-

42 2297 86 2322 λει
103 2294 212 2330 κομᾶν,
231 2295 320 2323 εἰκὼν
329 2296 379 2322 καὶ
392 2296 469 2328 δόξα
485 2296 559 2323 Θεοῦ
573 2295 726 2330 ὑπάρχων.

883 941 945 961 cum
961 933 1013 960 sibi
1045 931 1108 967 ipsi,
1133 935 1190 958 tum
1215 929 1347 956 fratribus
1370 931 1396 955 et
1413 926 1559 962 egentibus
1583 925 1676 960 operis

882 979 924 1006 sui
933 981 1068 1013 quaestum
1082 976 1252 1011 impertiens,
1265 975 1404 1009 voluptate
1419 972 1612 1008 perfundatur,
1625 972 1676 998 hoc

881 1028 923 1052 est
934 1028 987 1051 tam
1000 1024 1134 1059 primitias
1145 1027 1172 1049 et
1195 1022 1357 1051 oblationes.
1371 1027 1452 1055 quam
1462 1018 1534 1054 quod
1545 1024 1675 1044 manutnn

882 1077 993 1098 suarum
1011 1076 1093 1102 opera
1112 1067 1203 1095 lucelli
1222 1065 1374 1102 qumsicrit,
1394 1072 1455 1092 cum
1465 1063 1597 1099 proximis
1617 1061 1676 1088 suis

882 1115 954 1142 ultro
978 1122 1027 1149 pro
1050 1113 1156 1140 ardenti
1180 1113 1206 1139 in
1237 1111 1322 1139 Deum
1349 1117 1442 1137 amore
1479 1104 1674 1135 communicet;

880 1160 963 1195 Atqui
994 1159 1068 1186 nulla
1104 1159 1136 1185 ad
1172 1158 1198 1185 id
1231 1156 1367 1192 agendum
1395 1154 1557 1182 necessitate
1587 1153 1674 1180 coacti

881 1205 1056 1239 damnatique
1080 1207 1153 1231 sunt.
1169 1203 1223 1230 Sed
1252 1209 1315 1229 cum
1342 1200 1513 1236 justissimos
1539 1199 1608 1226 alios
1636 1199 1676 1224 la-

880 1252 961 1279 bores
991 1255 1018 1278 et
1038 1249 1241 1277 ecclesiasticas
1261 1249 1455 1283 occupationes
1486 1246 1625 1276 habeant,
1646 1247 1675 1271 et

880 1304 930 1332 pro
965 1303 998 1323 eo
1022 1299 1103 1330 atque
1126 1302 1233 1329 aequum
1255 1297 1307 1325 cst,
1329 1293 1365 1320 ali
1387 1291 1508 1319 indidem
1537 1290 1674 1321 debeant,

880 1341 1048 1370 abundantia
1064 1340 1182 1375 quadam
1213 1339 1324 1366 virtutis
1348 1342 1376 1365 et
1390 1337 1503 1373 prolixa:
1524 1334 1676 1363 voluntatis

880 1388 907 1415 id
919 1387 971 1415 sibi
986 1386 1077 1415 oneris
1087 1386 1240 1420 imponunt.
1256 1384 1363 1411 Etenim
1374 1383 1484 1411 divinus
1496 1382 1602 1409 illorum
1616 1381 1678 1408 ani-

881 1441 953 1464 mus,
965 1437 992 1459 et
1004 1433 1031 1459 in
1046 1431 1093 1458 Dei
1113 1431 1211 1457 timore
1226 1429 1375 1461 stabilitns,
1392 1428 1535 1462 infusaque
1548 1434 1563 1453 a
1573 1425 1677 1460 Spiritu

882 1477 987 1514 1073
1006 1479 1100 1504 sancto
1124 1475 1237 1503 scientia
1252 1474 1392 1510 praeditus,
1417 1473 1568 1500 cmiestium
1582 1479 1676 1506 opum,

881 1531 941 1559 quae
954 1523 980 1549 in
993 1521 1099 1557 justitia
1115 1520 1211 1556 positae
1223 1523 1297 1550 sunt,
1313 1518 1449 1546 desiderio
1466 1522 1572 1545 tenetur
1587 1526 1593 1543 :
1606 1523 1676 1551 quas

886 1577 948 1597 cum
968 1567 1049 1595 laude
1075 1570 1103 1594 et
1119 1565 1218 1601 gloria,
1238 1564 1411 1599 egregiisque
1433 1563 1513 1590 factis
1535 1571 1550 1590 e
1576 1561 1678 1589 divinis

884 1613 1057 1649 dogmatibus
1074 1619 1106 1639 ae
1120 1618 1260 1638 sacrarum
1272 1609 1436 1636 Litterarum
1450 1613 1478 1635 et
1502 1607 1676 1634 oraculorum

885 1660 931 1688 Dei
944 1658 1132 1689 meditatione,
1141 1662 1222 1691 atque
1231 1663 1246 1683 e
1254 1656 1422 1690 psalmorum
1434 1653 1676 1684 concentionibus,

883 1710 911 1733 et
935 1703 1129 1732 ecclesiasticis
1161 1700 1352 1730 conventibus,
1379 1705 1488 1726 necnon
1518 1701 1546 1725 et
1575 1697 1678 1724 sanctis

882 1749 1006 1786 jejuniis,
1029 1749 1167 1780 castitate,
1184 1745 1391 1781 religiosissime
1408 1742 1515 1772 vivendi
1534 1741 1669 1773 instituto,

885 1804 917 1824 ae
933 1799 1030 1831 sponte
1046 1794 1098 1822 sibi
1114 1793 1217 1820 indicta
1229 1791 1265 1819 ob
1280 1797 1401 1818 amorem
1416 1788 1532 1824 iustitiae
1547 1793 1676 1814 manuum

884 1848 967 1876 opera
993 1841 1209 1874 consequuntur.
1228 1837 1276 1864 Est
1297 1841 1324 1863 et
1348 1836 1400 1863 alia
1421 1834 1544 1869 quaedam
1569 1831 1678 1860 vivendi

885 1885 972 1913 forma
1004 1892 1036 1912 ac
1062 1883 1223 1918 disciplina,
1253 1888 1307 1916 qua
1340 1879 1494 1908 istiusmodi
1524 1876 1674 1905 venerandi

885 1931 972 1959 nostri
989 1930 1088 1958 fratres
1103 1933 1235 1959 utuntur,
1258 1927 1305 1961 qui
1323 1926 1351 1953 in
1369 1923 1563 1959 Mempotamia
1576 1923 1604 1950 in
1620 1929 1680 1950 mo-

885 1976 1023 2006 nasteriis,
1037 1983 1104 2011 quas
1123 1973 1248 2001 Mandras
1262 1972 1411 2008 appellant,
1433 1970 1601 1998 domicilium
1617 1968 1680 1996 [ile-

885 2026 959 2050 runt.
972 2021 1024 2055 Qui
1033 2025 1061 2050 et
1072 2027 1164 2048 comas
1178 2018 1338 2046 muliebrem
1348 2017 1375 2044 in
1385 2016 1496 2044 modum
1505 2016 1679 2050 promittttnt,

885 2071 911 2094 et
928 2065 1047 2093 cilicium
1064 2063 1204 2100 propalam
1229 2062 1367 2090 affectant.
1387 2059 1440 2088 Sed
1456 2060 1585 2087 nimirum
1599 2065 1681 2093 opor-

886 2112 960 2141 tebat
974 2114 1076 2139 sancite
1097 2109 1217 2144 Virginis
1245 2116 1278 2135 ac
1309 2111 1411 2135 nostra:
1436 2105 1532 2133 matris
1550 2104 1679 2132 Ecclesia:

886 2158 988 2186 liberos
1013 2163 1076 2184 esse
1096 2155 1286 2190 pcrhonestos,
1307 2153 1418 2181 domum
1435 2154 1589 2182 servantes,
1615 2149 1679 2177 Deo.

886 2212 949 2240 que,
969 2203 1016 2239 qui
1030 2201 1123 2230 abdita
1143 2201 1306 2235 occultaque
1318 2198 1394 2226 novit
1421 2205 1453 2224 ac
1466 2196 1555 2231 palam
1568 2195 1678 2230 praemia

888 2250 1026 2286 persolvit,
1045 2248 1083 2275 ttti
1107 2247 1239 2282 scriptum
1253 2249 1305 2278 est,
1325 2244 1354 2272 in
1377 2243 1469 2270 abdito
1484 2242 1496 2258 ⁸
1513 2241 1674 2270 servientes,

888 2297 969 2332 idque
983 2295 1091 2326 decore,
1107 2296 1217 2328 propter
1231 2295 1351 2324 exteros,
1367 2293 1394 2318 et
1413 2289 1543 2316 honeste:
1559 2287 1628 2314 adeo
1643 2291 1674 2313 ut

44 2342 147 2368 nullam
163 2342 197 2369 ab
210 2342 380 2370 intuentibus
395 2343 561 2374 mercedem,
587 2347 634 2370 aut
655 2343 769 2378 gratiam
785 2347 984 2378 exspectarent.
1007 2341 1055 2369 Est
1074 2341 1145 2368 enim
1168 2338 1203 2366 ab
1221 2337 1350 2364 Ecclesiae
1369 2333 1511 2363 catholicae
1526 2336 1553 2359 et
1568 2333 1676 2366 aposto-

43 2385 131 2412 lorum
144 2387 269 2415 doctrina
287 2396 400 2423 prorsus
414 2388 545 2419 alienum,
564 2377 684 2416 cilicium
707 2388 795 2424 palam
816 2377 871 2424 pra:
891 2396 921 2416 se
942 2388 1024 2418 ferre,
1040 2393 1072 2413 ac
1085 2392 1190 2414 comam
1205 2382 1378 2412 Submittere.
1410 2379 1457 2407 Vir
1478 2378 1560 2410 enim,
1587 2377 1677 2412 inquit

44 2434 204 2469 Apostolus.
222 2442 324 2461 comam
340 2435 441 2462 nutrire
460 2442 512 2462 non
524 2434 610 2467 debet,
634 2443 694 2462 cum
709 2435 796 2470 imago
811 2435 858 2462 Dei
878 2435 912 2462 sit
927 2439 952 2462 et
968 2434 1055 2469 gloria
1067 2434 1087 2460 ⁸.

78 2479 116 2507 Ζ’.
135 2479 169 2506 τὶ
182 2479 209 2505 δὲ
229 2479 320 2514 χεῖρον
336 2479 346 2494 ³
364 2479 409 2505 κα¹ι
424 2479 552 2506 ἐναντίον.
567 2480 598 2506 Ol
621 2479 670 2514 μὲν
684 2479 715 2506 τὸ
733 2479 837 2513 γένειον

44 2525 91 2561 τὴν
105 2525 213 2561 μορφὴν
242 2524 289 2550 τοῦ
310 2525 406 2559 ἀνδρὸς
420 2524 612 2559 ἀποτέμνουσι,
629 2525 726 2560 τρίχας
741 2524 770 2550 δὲ
788 2524 837 2559 τῆς

44 2570 167 2605 κεφαλῆς
196 2569 325 2601 πολλάκις
352 2570 467 2605 κομῶσι,
496 2570 551 2597 Καὶ
571 2570 636 2605 περὶ
660 2570 709 2604 μὲν
725 2567 772 2595 οὖν
787 2566 835 2595 τοῦ

926 2478 983 2505 VII.
1013 2477 1066 2504 Sed
1089 2476 1210 2504 deterius
1233 2473 1360 2509 quiddam
1385 2480 1417 2499 ac
1446 2469 1612 2498 contrarium
1643 2469 1678 2496 ab

890 2523 943 2550 illis
963 2521 1067 2557 geritur
1085 2520 1242 2558 :siquidem.
1263 2519 1305 2546 isti
1329 2517 1453 2547 barbam,
1471 2516 1523 2542 hoc
1545 2517 1588 2542 cst
1613 2521 1679 2548 pro-

893 2568 983 2604 priam
1001 2567 1051 2594 viri
1069 2567 1197 2596 formam.
1211 2569 1335 2592 resecant
1347 2572 1355 2597 ;
1368 2562 1483 2598 capillos
1499 2568 1565 2589 vero
1580 2564 1611 2587 ιιι
1621 2559 1679 2596 plu-

43 2616 149 2650 γενείου
164 2615 219 2651 (24)
233 2616 262 2642 ὲν
276 2616 335 2647 ταῖς
344 2615 486 2648 Διατάξεσι
500 2615 555 2642 τῶν
576 2615 732 2642 ἀποστόλων
741 2615 828 2650 φάσκε

894 2615 992 2642 rimum
1008 2613 1171 2648 prolixiores
1187 2611 1299 2643 habent.
1320 2609 1403 2644 Atqui
1419 2608 1493 2644 quod
1515 2607 1548 2635 ad
1564 2606 1682 2635 barbam

79 2675 87 2690 ¹
106 2673 138 2701 F.
159 2674 257 2710 κόμας.
295 2676 305 2691 ²
321 2673 351 2701 F.
366 2674 552 2710 ἐκτεινομένη.
590 2674 600 2690 ³
616 2673 645 2701 F.
664 2673 678 2700 ὅ
690 2674 719 2701 δὲ
733 2674 831 2709 χεῖρον,

887 2673 901 2705 l,
919 2672 958 2700 ἔτι
973 2672 1012 2699 δέ.
1050 2670 1061 2686 ⁸
1076 2670 1170 2697 Matth.
1183 2677 1221 2702 vt,
1235 2669 1261 2696 6.
1301 2668 1312 2684 ⁸
1331 2667 1419 2694 ICor.
1434 2674 1473 2698 ιι,
1491 2665 1518 2692 7.

80 2741 138 2775 (‘15)
156 2741 210 2769 Kal
249 2742 283 2774 ἐξ
302 2741 410 2768 αὐτῶν.
437 2740 493 2767 lino
521 2747 716 2774 nonnunquam
736 2738 762 2765 id
778 2739 836 2766 cle-

45 2777 112 2804 riris
129 2782 250 2804 veterum
277 2776 455 2804 conciliorum
470 2776 622 2804 canonibns
634 2775 833 2810 prmscriptutu,

46 2817 75 2838 ut
100 2812 228 2847 Carlltag.
257 2820 294 2841 ιιι.
327 2819 388 2839 can.
411 2811 461 2847 75l.
496 2810 614 2847 Clericus
636 2808 834 2847 'qttantniulibet

47 2848 121 2874 mbo
147 2844 571 2882 Deicruditasrarti/icioyiclttm
585 2850 696 2882 qum-ul.
711 2844 753 2882 _lle
780 2851 835 2882 luo-

47 2883 143 2909 nachis
153 2883 307 2914 verumnlto
320 2881 345 2908 id
363 2878 451 2915 ipsum
464 2878 560 2915 'tnagis
576 2880 688 2908 allirtnat
703 2878 832 2913 Augusti-

890 2745 942 2764 nus
957 2737 1027 2763 libro
1042 2734 1224 2771 singularirde
1236 2742 1266 2762 ea
1280 2742 1308 2771 re
1319 2734 1431 2771 scripto.

925 2773 992 2805 (25‘)
1002 2772 1059 2798 'A.1.
1065 2764 1154 2798 ίιῖκαὶ
1166 2770 1250 2805 ἄλλῳ
1264 2770 1356 2805 τύπῳ.
1369 2764 1487 2805 Meminit
1495 2765 1521 2792 in
1531 2764 1674 2805 Αηιοζςτω.

924 2798 978 2842 (Ἃ)
986 2798 1048 2833 ’Καὶ
1058 2806 1122 2840 περὶ
1129 2805 1188 2840 μὲν
1197 2798 1544 2842 οὔκ-τοῦγενείουλῑιοςιιιε
1558 2798 1676 2842 estliber

888 2835 999 2869 Constit.
1013 2835 1111 2876 (ιροειῗ,
1124 2835 1184 2875 cap.
1202 2840 1227 2867 5.
1251 2835 1568 2876 Νοιιιᾷεοηοδϐίιτιειιιε.
1586 2839 1675 2876 canon

886 2878 931 2910 Η,
1087 2866 1135 2903 ubi
1152 2866 1253 2903 domum
1271 2873 1379 2906 nutriat,
1392 2866 1437 2900 ηοξ
1456 2866 1565 2898 (turbant
1583 2866 1674 2895 radat.
