1935 3044
263 169 315 197 767

978 172 1008 200 S.
1030 172 1203 200 EPIPIIANII

1853 175 1906 203 ’168

263 228 371 261 attinet,
389 229 416 256 in
431 230 618 263 apostolorum
630 230 882 258 Constitutionlbus
898 230 991 258 divino
1004 238 1047 258 ser

1111 231 1125 257 ὁ
1144 231 1214 262 θεῖος
1230 230 1309 265 λόγος
1324 231 1371 257 καὶ
1383 232 1400 266 ἡ
1411 230 1570 259 διδασκαλία
1579 231 1617 267 μὴ
1634 232 1765 268 φθείρειν,
1781 235 1906 261 τουτέστι

263 281 344 301 mone
366 282 398 302 ac
416 275 544 310 dogmate
565 276 767 310 praescribitur,
790 284 824 304 ne
841 285 872 304 ea
897 285 1058 312 corrumpa-

263 323 309 346 tur
325 330 332 348 :
351 321 402 348 hoc
425 326 467 348 est
493 329 526 348 ne
544 321 627 348 barba
642 327 773 356 ponatur,
798 330 866 350 neve
884 323 1056 350 meretricius

263 366 354 392 cultus
367 369 394 393 et
405 370 520 394 ornatus
535 371 695 401 usurpctur,
706 375 737 394 ac
753 375 787 395 ne
813 375 860 402 per
871 367 1055 402 arrogantiam

262 415 290 437 et
303 410 404 438 fastum
420 412 546 439 aliectata
560 413 684 447 qua-dam
697 413 812 447 justitizc
826 414 932 450 species
951 414 977 440 in
993 421 1057 441 con-

263 464 358 491 gressu
387 465 419 484 ac
444 459 645 486 consuetudine
679 459 854 493 praeferatur.
886 459 955 487 illud
980 460 1054 488 enim

263 500 400 531 Nazaraeis
418 503 552 531 duntaxat
572 505 608 531 ob
625 505 738 539 figuram
755 504 932 539 congruebat.
948 504 1055 540 Quippe

264 551 368 574 veteres
391 556 440 583 per
460 548 615 576 futurarum
637 557 728 577 rerum
752 550 930 578 adumbratas
957 550 1054 586 imagi-

263 591 312 620 nes
329 593 448 620 traducti
472 599 546 627 sunt,
563 595 636 622 velut
655 602 717 622 cum
732 602 839 622 comam
858 603 890 622 ex
913 599 976 623 voto
991 603 1053 630 pro-

262 638 418 666 missiorem
436 639 601 671 habuerunt,
629 641 716 668 donec
743 641 835 668 mundi
855 646 948 669 votum
972 642 1054 670 adve-

256 683 314 716 'nit,
340 688 368 711 et
392 685 533 720 impletum
558 689 610 718 est,
636 686 687 713 hoc
713 691 755 714 est
778 688 905 722 apparuit
926 687 1053 716 Christus

263 730 397 758 Dominus
412 731 511 758 unicus
525 730 571 758 Dei
592 730 696 764 Filius;
715 736 742 758 et
758 732 930 760 innotescere
950 734 1053 761 mundo

262 775 345 809 ccepit
366 775 411 802 ille
435 775 494 810 ipse
516 776 701 810 sempiternus
713 776 834 812 quidem.
851 777 899 805 sed
921 778 956 806 ab
977 779 1051 806 omni

261 827 361 853 genere
389 820 529 847 hominum
560 828 734 856 nequaquam
760 823 887 858 agnitus;
910 831 1005 851 verum
1036 831 1052 850 a

260 865 424 900 quibusdam
438 866 582 899 duntaxat,
597 868 643 902 qui
661 869 688 894 in
705 867 795 902 ipsum
819 868 1002 900 crediderant,
1023 874 1052 896 ut

1109 277 1148 312 μὴ
1162 277 1271 311 τέμνειν
1282 277 1378 313 τρίχας
1399 277 1520 311 γενείου,
1551 277 1618 313 μηδὲ
1635 279 1787 314 ἑταιρισμῷ
1816 288 1905 306 κατα-

1108 322 1251 357 κομεῖσθαι
1260 322 1281 355 ³,
1290 324 1358 358 μήτε
1369 323 1558 358 ὑπερηφανίας
1571 324 1724 360 ὑπόδειγμα
1731 325 1905 361 δικαιοσύνης

1107 368 1156 403 τὴν
1189 368 1368 405 προσέλευσιν
1396 368 1478 403 ἔχειν.
1504 369 1631 404 ’Ἑπρεπε
1656 369 1710 405 γὰρ
1729 370 1905 406 Ναζωραίως

1106 413 1186 440 τοῦτο
1203 414 1283 448 μόνον
1308 413 1352 440 διὰ
1373 413 1420 440 τὸν
1442 413 1537 441 τύπον.
1556 414 1641 450 Τύπῳ
1653 415 1707 451 γὰρ
1721 417 1835 452 ἡγοῦντο
1851 418 1862 433 ⁸
1876 419 1903 444 οἱ

1107 459 1219 485 παλαιοὶ
1238 458 1286 485 τοῦ
1317 458 1460 494 μέλλοντος
1482 459 1602 492 ἔσεσθαι,
1618 460 1725 496 ἔχοντες
1746 463 1835 498 κόμην
1854 464 1903 490 ἐπὶ

1105 504 1156 538 τῆς
1179 504 1301 540 κεφαλῆς
1320 504 1364 531 διὰ
1374 505 1422 540 τὴν
1448 505 1539 541 εὐχὴν,
1555 506 1608 538 ἕως
1628 507 1689 534 ὅτου
1703 505 1784 543 ἦλθεν
1797 510 1814 544 ὴ
1833 510 1902 545 εὐχὴ

1106 549 1152 576 τοῦ
1179 550 1294 585 κόσμου,
1324 550 1372 576 καὶ
1396 550 1540 587 ἐτελειώθη
1553 559 1559 565 ·
1580 552 1684 589 κεφαλὴ
1701 553 1730 580 δὲ
1750 554 1870 589 πέφηνεν
1886 556 1903 581 ό

1105 595 1222 630 Χριστὸς
1252 596 1266 622 ὁ
1293 595 1440 630 μονογενὴς
1456 596 1519 627 Υίὸς
1539 596 1585 623 τοῦ
1609 597 1692 629 Θεοῦ,
1714 598 1761 625 καὶ
1776 599 1900 635 ἐγνώσθη

1105 640 1143 676 τῷ
1158 642 1252 676 κόσμῳ
1268 642 1283 668 ὁ
1302 641 1340 667 ὢν
1360 642 1404 668 ἀεὶ
1427 641 1474 668 καὶ
1491 641 1528 677 μὴ
1553 644 1753 679 γινωσκόμενος
1768 645 1844 681 παρὰ
1864 647 1900 681 τῇ

1106 686 1181 722 πάσῃ
1205 685 1438 722 ἁνθρωπότητι,ἣ
1465 687 1545 722 μόνον
1570 687 1652 720 ὲνίοις
1672 689 1726 720 τοῖς
1751 690 1792 721 εἰς
1817 689 1900 716 αὑτὸν

1105 731 1332 758 πεπιστευκόσιν
1356 731 1401 763 ἵν’,
1422 732 1487 759 ὃταν
1508 732 1617 768 γνῶμεν
1646 733 1694 769 τὴν
1711 734 1842 769 κεφαλὴν,
1861 735 1901 771 μὴ

1105 775 1329 811 καταισχύνωμεν
1358 776 1407 811 τὴν
1438 776 1570 812 κεφαλήν.
1606 777 1644 804 Οὐ
1666 778 1719 813 γὰρ
1735 778 1827 805 ἕνεκεν
1850 780 1901 814 τῆς

1106 821 1174 853 ίδίας
1189 822 1309 857 κεφαλῆς
1329 822 1413 856 λέγει,
1426 822 1484 849 ἀλλ’
1507 822 1561 850 ἀπὸ
1576 823 1627 858 τῆς
1644 823 1710 855 ἰδίας
1724 825 1764 856 είς
1781 826 1901 861 Χριστὸν

1104 867 1252 902 ἐνσκήπτει
1268 867 1298 894 τδ
1320 867 1369 902 τῆς
1382 866 1481 902 χλεύης
1498 867 1578 903 ἔργον
1647 870 1750 903 φησινό
1770 870 1901 897 Ἀπόστο-

260 911 371 945 cognito
398 911 490 946 capite
511 899 613 938 nullam
638 912 703 939 huic
729 913 904 947 ignominiam
927 914 1048 948 impona-

1105 913 1150 945 λος
1162 921 1169 927 ·
1181 899 1270 948 Ἀὐτὴ
1294 913 1313 946 ἡ
1338 899 1432 948 eadem
1449 899 1485 940 όὺ
1511 899 1744 949 διόὰσιίειίήλιᾶς,
1758 914 1802 942 ὅτι
1821 915 1901 950 ἀνὴρ

261 964 332 982 mus.
350 955 418 982 Nam
433 964 488 983 non
504 960 559 982 tam
575 957 608 984 de
621 958 731 992 proprio
745 957 852 993 ιο74
865 958 999 993 cujusque
1010 967 1052 986 ca-

261 997 315 1030 pite
335 997 457 1031 loquitur
474 997 632 1033 Apostolus,
651 1007 736 1033 quam
763 999 797 1027 ab
815 1008 847 1027 eo
864 1000 891 1026 in
913 1000 1050 1028 Christum

261 1041 350 1076 ipsum
375 1042 522 1070 ludibrium
543 1045 794 1080 contumeliamque
812 1045 937 1074 derivat:
956 1046 1052 1075 Nonne

260 1087 358 1123 inquit,
382 1093 479 1116 natura
501 1090 560 1124 ipsa
580 1098 627 1117 nos
643 1090 737 1123 docet,
753 1092 824 1126 quod
847 1093 886 1119 vir
905 1101 1007 1120 comam
1027 1095 1051 1121 si

260 1133 373 1165 nutriat,
390 1134 536 1168 ignominia
554 1140 592 1162 est
605 1136 645 1163 illi
659 1136 680 1163 ’Ἰ
703 1136 782 1169 Quod
805 1138 915 1172 quidem
941 1139 1052 1174 ignomi-

260 1178 313 1206 nia:
335 1187 422 1214 genus
441 1180 579 1208 laudabile
605 1190 660 1209 non
687 1187 740 1214 cst,
763 1186 793 1209 ut
817 1178 867 1210 illa
885 1191 945 1218 qua:
963 1184 1049 1212 dicit:

261 1225 441 1259 Ignominiam
455 1228 660 1262 contempsisti.
676 1227 768 1262 Neque
782 1229 856 1256 enim
875 1229 952 1264 quasi
968 1231 1052 1264 quod-

259 1271 321 1297 dam
343 1271 454 1300 virtntis
479 1272 608 1306 ofﬁcium,
626 1273 671 1300 Dei
694 1274 761 1300 illud
781 1282 864 1302 causa
887 1275 1049 1310 suscipitur,

260 1317 369 1344 tametsi
383 1317 418 1344 ad
433 1317 516 1345 Deum
530 1319 669 1353 pertinere
687 1319 821 1347 videatur.
839 1320 892 1348 Sed
908 1328 922 1348 a
938 1326 1050 1350 conten-

260 1362 334 1389 tione
354 1369 386 1389 ae
409 1363 558 1398 pertinacia
580 1365 732 1399 profectum
762 1371 815 1400 est,
845 1374 907 1394 cum
923 1367 980 1402 jam
993 1368 1051 1403 pri-

259 1406 320 1434 dem
340 1408 408 1443 legis
430 1409 526 1436 umbra
560 1409 699 1446 ﬁguraque
724 1417 927 1447 prarlergressa,
950 1414 1051 1441 veritas

260 1453 318 1486 ipsa
339 1454 510 1482 successerit.
528 1455 617 1488 Quare
635 1457 675 1484 sic
695 1457 842 1492 Apostolus
856 1458 978 1486 decernit
996 1468 1003 1486 :
1019 1458 1050 1486 Si

258 1499 316 1532 quis
337 1499 439 1526 videtur
455 1502 631 1529 contentiosa:
657 1510 724 1533 esse,
741 1511 788 1530 nos
809 1503 887 1530 talem
909 1512 1051 1531 consuetu-

258 1544 347 1571 dinem
364 1553 416 1572 non
427 1545 562 1578 habemus,
581 1555 627 1574 nec
640 1547 767 1575 Ecclesia:
783 1547 830 1575 Dei
840 1549 861 1575 '.
872 1548 977 1582 Quibus
989 1559 1050 1578 vcr-

259 1589 302 1617 bis
318 1597 375 1622 eos,
391 1591 438 1626 qui
451 1591 503 1619 tale
517 1592 621 1628 aliquid
638 1592 754 1627 faciunt,
771 1598 799 1621 ct
816 1595 989 1624 contentiose
1006 1604 1050 1624 re-

260 1633 411 1669 fragantur,
427 1635 460 1663 ab
475 1637 664 1671 apostolorum
687 1638 780 1673 regula
801 1646 833 1666 ac
861 1640 910 1668 Dei
926 1639 1048 1669 Ecclesia

1102 960 1162 995 μὲν
1176 960 1230 987 ἐὰν
1246 959 1333 994 κομᾷ,
1345 960 1447 994 ἀτιμία
1462 959 1541 992 αὐτῷ
1552 960 1655 992 ἐστιν-ς
1671 960 1744 996 Αὕτη
1758 961 1785 988 δὲ
1799 962 1817 997 ή
1839 963 1899 989 ἀτι-

1107 1007 1157 1041 μία
1170 1006 1220 1032 οὐκ
1234 1006 1373 1041 ἐπαινετὴ,
1389 1006 1427 1038 ὡς
1442 1006 1544 1041 εκείνη,
1559 1006 1687 1040 λέγουσα,
1701 1007 1742 1034 ὅτι
1761 1009 1898 1044 Αἰσχύνης

1106 1052 1319 1087 κατεφρόνησας.
1341 1052 1378 1078 Οὐ
1390 1052 1445 1087 γὰρ
1461 1051 1505 1078 διὰ
1519 1052 1586 1079 Θεδν
1606 1054 1622 1088 ὴ
1638 1054 1732 1088 ἀρετὴ,
1746 1054 1796 1080 κᾶν
1808 1063 1838 1081 τε
1854 1055 1898 1082 διὰ

1105 1097 1171 1124 Θεὸν
1196 1097 1384 1132 ὑποληφθείη·
1418 1097 1486 1124 ἀλλὰ
1515 1097 1561 1124 διὰ.
1578 1098 1743 1132 φιλονεικίαν
1766 1099 1781 1124 ὁ
1798 1100 1899 1135 τρόπος

1105 1143 1287 1178 παρελθόντος
1302 1143 1349 1170 τοῦ
1361 1143 1432 1170 κατὰ.
1447 1143 1528 1179 νόμον
1545 1144 1642 1176 τύπου,
1652 1145 1699 1172 καὶ
1709 1145 1841 1181 ἐλθούσης
1849 1147 1899 1182 τῆς

1104 1188 1243 1223 ἀληθείας.
1262 1189 1344 1223 Λέγει
1358 1189 1387 1215 δέ
1396 1197 1402 1204 ·
1423 1189 1458 1216 Εἴ
1470 1198 1515 1222 τις
1528 1189 1612 1217 δοκεῖ
1624 1191 1797 1225 φιλόνεικος
1808 1190 1896 1225 εἶναι,

1104 1234 1189 1268 ἡμεῖς
1215 1235 1356 1268 τοιαύτην
1375 1234 1542 1268 συνήθειαν
1566 1236 1621 1262 οὐκ
1643 1235 1762 1270 ἐχομευν,
1777 1237 1847 1264 οὔτε
1867 1238 1899 1264 αι

1111 1280 1289 1313 Ἐκκλιισίαι
1301 1280 1354 1307 τοῦ
1375 1280 1459 1307 Θεοῦ.
1488 1280 1675 1316 Παρεξέὸαλεν
1699 1281 1745 1308 οὖν
1770 1283 1835 1314 τοὺς
1860 1283 1899 1310 τὰ

1104 1324 1215 1352 τοιαῦτα
1243 1325 1455 1361 ἐργαζομένους,
1476 1327 1523 1353 καὶ
1540 1327 1694 1359 ποιοῦντας,
1709 1328 1737 1354 ἐν
1746 1327 1899 1364 φιλονεικίᾳ

1103 1379 1133 1397 τε
1147 1370 1236 1402 ὂντας,
1255 1371 1310 1398 ἀπό
1322 1380 1352 1398 τε
1365 1372 1411 1398 τοῦ
1426 1372 1527 1407 θεσμοῦ
1545 1373 1598 1399 τῶν
1616 1374 1771 1400 ἀποστόλων
1783 1375 1831 1401 καὶ
1843 1375 1898 1402 ἀπὸ

1103 1416 1153 1451 τῆς
1175 1416 1222 1443 τοῦ
1239 1417 1305 1444 Θεοῦ
1329 1418 1501 1454 Ἐκκλησίας.
1524 1419 1604 1446 Ἀλλὰ
1618 1420 1704 1449 ταῦτα
1720 1424 1899 1461 ἠναγκάσθη-

1106 1469 1155 1496 μεν
1182 1461 1271 1496 λέγειν
1287 1462 1332 1489 διὰ
1359 1463 1407 1498 τὴν
1438 1463 1574 1499 πρόφασιν
1603 1466 1658 1493 τῶν
1690 1471 1898 1506 προειρημένων

1103 1506 1315 1539 Μασσαλιανῶν,
1339 1508 1380 1533 ὅτι
1395 1509 1442 1534 καὶ
1465 1509 1551 1541 αὐτοὶ,
1577 1510 1704 1544 λαὸόντες
1727 1514 1833 1542 ἐκεῖθεν
1848 1517 1897 1543 τοῦ

1104 1553 1279 1587 φρονήματος
1305 1553 1355 1588 τὴν
1384 1553 1472 1584 νόσον.
1496 1556 1544 1581 καὶ
1571 1557 1754 1592 ἐκτραπέντες
1769 1561 1820 1596 τὴν
1837 1561 1897 1588 διά-

1102 1605 1187 1628 νοιαν,
1204 1596 1350 1631 ἐξώκειλαν
1366 1599 1398 1634 τῇ
1411 1599 1524 1635 ἀληθείᾳ
1534 1609 1543 1618 ο
1554 1601 1601 1628 καὶ
1615 1604 1732 1640 κατέστη
1748 1605 1856 1640 αἵρεσις
1867 1609 1898 1635 ὲν

1102 1642 1235 1678 δεινότητι
1246 1644 1344 1679 ἀργίας
1358 1645 1404 1672 καὶ
1420 1646 1473 1672 τῶν
1490 1646 1577 1674 ἄλλων
1591 1649 1693 1677 κακῶν.

258 1683 472 1711 summovendos
498 1688 583 1719 putat.
607 1685 670 1712 Haec
692 1686 775 1720 igitur
798 1688 900 1720 omnia,
914 1694 1026 1724 accepta
1049 1697 1064 1717 a
1097 1690 1268 1719 Massalianis
1294 1693 1452 1727 occasione,
1468 1694 1561 1723 dicere
1590 1699 1774 1726 necessarium
1798 1700 1896 1729 habui-

258 1734 331 1760 mus,
348 1729 420 1762 quod
435 1734 462 1757 et
477 1731 528 1765 ipsi
552 1731 673 1759 indidem
698 1737 840 1761 contracto
862 1735 1002 1770 opinionis
1024 1737 1098 1765 illius
1126 1739 1224 1766 morbo
1253 1740 1401 1776 animoque
1427 1741 1581 1777 depravati,
1603 1752 1618 1771 a
1651 1747 1767 1775 veritate
1783 1748 1897 1778 decide.

257 1778 322 1801 runt
337 1783 344 1800 :
361 1776 433 1804 unde
457 1784 525 1804 nova
548 1782 591 1805 est
616 1779 729 1807 haeresis
745 1788 778 1808 ex
794 1781 849 1808 otio
863 1787 890 1809 et
907 1782 1014 1817 ignavia
1026 1785 1188 1820 ceterisque
1205 1786 1330 1820 pestibus
1343 1776 1469 1815 conﬂata;

294 1821 361 1850 Vill.
385 1822 445 1851 Hice
460 1828 524 1852 sunt
535 1833 595 1860 quae
609 1825 642 1854 de
659 1826 813 1856 istiusmodi
828 1829 986 1858 hominibus
1001 1839 1047 1858 ac-

257 1867 391 1901 cepimus,
409 1869 455 1904 qui
474 1870 576 1898 mundo
598 1871 632 1898 ad
649 1872 798 1901 ludibrium
813 1875 932 1910 expositi
953 1876 1046 1905 viden-

258 1916 313 1943 tur,
327 1913 429 1948 quique
444 1914 550 1948 plebeia
585 1916 687 1951 ingenii
704 1919 746 1946 sui
766 1927 848 1948 sensa
864 1925 892 1949 et
904 1929 1046 1952 sermones

257 1964 397 1993 evomunt,
412 1968 445 1987 ac
468 1969 518 1989 nec
540 1963 595 1990 ulla
619 1964 747 1993 ﬁrmitate
769 1967 916 2000 cohaerent,
940 1973 967 1996 et
986 1977 1045 1996 om-

257 2004 323 2030 nino
336 2005 474 2039 desperati
490 2011 566 2039 sunt,
580 2013 662 2044 alque
678 2015 756 2040 extra
772 2011 819 2039 Dei
835 2013 1043 2042 aediﬁcationem

256 2050 408 2077 constituti.
427 2050 517 2084 Quare
537 2055 632 2088 paucis
654 2055 710 2083 illis
725 2056 857 2085 adversus
878 2066 926 2086 eos
947 2059 1042 2095 dispu-

256 2095 331 2128 tatis,
349 2096 382 2122 ad
399 2098 506 2125 eosdem
521 2100 704 2129 confulandos
720 2104 917 2138 aggrediemur.
934 2104 1042 2133 Princi-

1136 1832 1178 1860 θ’.
1195 1833 1288 1861 Ταῦτά
1303 1834 1378 1862 ἐστιν
1405 1835 1424 1862 ἃ
1443 1836 1508 1872 περὶ
1530 1837 1632 1864 τούτων
1654 1839 1700 1866 καὶ
1720 1839 1810 1867 αὐτῶν
1827 1842 1897 1877 ἀκη-

1100 1879 1212 1914 κόαμεν,
1228 1879 1283 1906 τῶν
1297 1881 1337 1912 είς
1350 1881 1450 1917 χλεύην
1464 1882 1503 1918 τῷ
1517 1883 1613 1918 κόσμῳ
1626 1885 1834 1919 καταστάντων,
1848 1887 1895 1914 καὶ

1100 1924 1256 1960 συρφετώδη
1285 1925 1348 1952 νοῦν
1367 1927 1413 1953 καὶ
1431 1927 1526 1961 λόγους
1541 1928 1719 1964 ἐξεμούντων,
1732 1931 1895 1959 ἀσυστάτων

1097 1970 1126 1996 δὲ
1149 1970 1243 2003 όντων,
1259 1971 1306 1998 καὶ
1321 1972 1500 2005 ἀνελπίστων,
1515 1975 1562 2001 καὶ
1584 1977 1633 2010 τῆς
1648 1976 1696 2002 τοῦ
1709 1976 1776 2003 Θεοῦ
1789 1979 1894 2005 οἰκοδο-

1098 2015 1151 2050 μῆς
1175 2015 1227 2047 ἔξω
1242 2016 1408 2052 βεϐηκότων.
1427 2018 1508 2046 Ὅθεν
1536 2020 1582 2046 καὶ
1609 2022 1671 2056 περὶ
1692 2022 1795 2048 τούτων
1813 2023 1896 2058 ὀλίγα

1096 2061 1277 2094 διαλαϐόντες,
1292 2061 1416 2096 αὖθιςείς
1432 2065 1587 2101 ἀνατροπὴν
1601 2066 1691 2094 αὐτῶν
1704 2068 1894 2104 ἐργασόμεθα.

1096 2105 1149 2132 Καὶ
1170 2107 1278 2142 πρῶτον
1305 2107 1364 2142 μὲν,
1383 2109 1425 2135 ὅτι
1442 2111 1570 2143 γυναῖκες
1586 2111 1596 2126 ⁵
1614 2111 1684 2146 μετὰ
1702 2112 1807 2147 ἀνδρῶν
1830 2115 1894 2141 ἐπι-

257 2139 300 2173 pio
321 2142 450 2170 mulieres
469 2151 531 2171 cum
562 2145 629 2173 viris
646 2148 804 2181 promiscue
827 2151 945 2184 versari,
970 2152 1045 2179 nulla

1102 2139 1198 2178 τοαυτδ
1210 2150 1278 2179 εἶναι
1295 2139 1357 2180 οὔτε
1372 2154 1425 2180 ἀπὺ
1441 2139 1567 2187 παλαιᾶς.
1585 2139 1729 2192 συνηθείας
1742 2139 1798 2185 τῶν
1811 2159 1894 2193 φύσει

254 2193 288 2212 ex
313 2187 396 2214 veteri
427 2196 521 2216 eorum
550 2193 760 2226 consuetudine,
791 2195 838 2230 qui
861 2196 889 2223 in
917 2197 1046 2232 coniugio

254 2235 390 2266 vixerunt,
415 2235 575 2270 deprompta
609 2237 723 2271 justitiae
749 2245 775 2267 et
797 2241 950 2270 honestatis
973 2245 1044 2272 ratio

254 2279 366 2313 patitur.
383 2280 434 2307 Sed
449 2289 520 2308 unus
534 2283 669 2311 duntaxat
685 2293 747 2312 cum
762 2294 816 2313 una
829 2289 987 2316 consociari
999 2290 1044 2318 de-

254 2324 310 2357 bet,
328 2329 357 2352 ut
378 2325 499 2355 Adamus
518 2335 580 2355 cum
598 2328 663 2362 Eva,
692 2330 759 2357 Sara
788 2339 849 2359 cum
875 2333 1042 2367 Abrahamo,

254 2367 376 2397 Rebecca
403 2379 465 2398 cum
490 2372 584 2401 lsaaco
609 2375 735 2410 copulata
765 2376 873 2412 legitur.
898 2378 966 2406 Nam
991 2381 1043 2409 etsi

252 2415 362 2449 quidam
380 2423 396 2443 e
413 2416 540 2446 Patribus
563 2419 632 2448 duas
648 2425 740 2449 tresve
763 2430 863 2451 uxores
885 2424 1040 2459 habuerint,

252 2466 307 2486 non
320 2459 347 2486 in
369 2460 464 2487 eadem
479 2462 532 2489 illa).
543 2463 625 2491 domo
642 2465 763 2494 fuerunt.
781 2467 848 2494 Nam
866 2468 923 2496 haec
938 2471 1041 2506 alioqui

252 2504 338 2532 lorma
354 2507 566 2544 eonjunctioque
586 2512 677 2545 porcis
697 2520 729 2540 ac
762 2514 912 2549 pecudibus
939 2504 1041 2546 conve-

252 2550 302 2577 nit.
318 2550 351 2578 At
364 2552 482 2581 lueretici
499 2556 585 2582 nostri
601 2557 732 2592 majorem
749 2559 829 2587 nobis
842 2564 983 2596 stuporem
998 2563 1040 2590 af-

251 2595 352 2630 t'erunt,
376 2600 422 2634 qui
445 2608 507 2627 eum
525 2602 593 2629 nihil
618 2612 649 2631 sc
673 2611 735 2631 cum
755 2595 916 2635 mulieribus
937 2608 1039 2637 habere

249 2649 394 2672 commune
418 2647 613 2682 proﬁteantur,
641 2658 657 2677 e
679 2652 817 2679 contrario
836 2655 926 2679 tamen
948 2654 1038 2689 turpia

249 2696 364 2724 qumque
375 2698 407 2718 ac
427 2692 541 2720 ridicula
559 2694 709 2731 impensius
721 2703 877 2733 perpetrant
896 2702 924 2725 ct
947 2705 1038 2728 extre-

264 2813 294 2856 "
308 2814 390 2856 IC_nr.
405 2825 446 2856 Δχι,
463 2818 505 2856 υ.

249 2850 288 2880 εἷς
304 2850 371 2884 πρὸς
385 2851 433 2887 τὴν
446 2853 520 2888 pluvi

1099 2197 1234 2233 συζυγιῶν
1260 2200 1437 2235 κεκτημένων
1462 2202 1476 2227 ὸ
1494 2201 1596 2233 δίκαιος
1613 2202 1698 2236 ὁρίζει
1718 2202 1807 2238 λόγος,
1824 2205 1895 2232 ἀλλὰ

1096 2242 1166 2278 ἀνὴρ
1180 2243 1267 2279 γυνὴθ
1276 2245 1421 2272 ἐπιτηαυτδ
1433 2245 1482 2273 ἕνα
1495 2247 1563 2282 πρὸς
1578 2247 1627 2283 τὴν
1649 2248 1714 2282 μίαν
1727 2258 1733 2264 ν
1747 2249 1786 2280 ὡς
1804 2251 1895 2286 Ἀδὰμ

1096 2289 1164 2324 πρὸς
1179 2289 1226 2325 τὴν
1241 2290 1324 2322 Εὓαν,
1338 2291 1376 2323 ὡς
1397 2292 1490 2327 Eappa
1506 2293 1574 2327 πρὸς
1596 2294 1640 2320 τὸν
1667 2295 1793 2330 Ἀϐραὰμ
1806 2295 1893 2331 εῖχεν,

1095 2334 1132 2365 ὡς
1153 2335 1284 2362 Ῥεϐέκκα
1296 2336 1336 2371 τῷ
1350 2337 1442 2364 Ἰσαὰκ
1452 2338 1581 2373 συνῆπτο.
1594 2339 1624 2366 Et
1636 2340 1690 2376 γὰρ
1699 2341 1746 2367 καί
1754 2350 1828 2373 τινες
1838 2343 1896 2369 τῶν

1095 2379 1225 2415 Πατέρων
1252 2381 1299 2408 δύο
1315 2382 1362 2408 καὶ
1376 2384 1449 2418 τρεῖς
1466 2385 1596 2418 γυναῖκας
1612 2386 1771 2421 ἐσχήκασιν,
1789 2388 1842 2414 οὐκ
1863 2389 1893 2414 ὲν

1094 2426 1144 2460 μιᾷ
1155 2425 1229 2461 οίκίᾳ
1242 2427 1269 2453 αί
1286 2429 1414 2461 γυναῖκες
1431 2426 1511 2464 ἦσαν.
1525 2430 1632 2465 Χοίρων
1651 2432 1705 2466 γὰρ
1721 2432 1752 2458 τὸ
1766 2434 1893 2461 τοιοῦτον

1091 2469 1171 2504 εἶδος,
1184 2472 1230 2498 καὶ
1243 2473 1349 2502 κτηνῶν
1364 2474 1380 2508 ή
1398 2474 1509 2509 τοιαύτη
1526 2476 1668 2511 συνάφεια.
1683 2473 1764 2504 Οὗτοι
1775 2478 1804 2505 δὲ
1818 2479 1891 2514 μᾶλ-

1090 2516 1134 2543 λον
1148 2518 1188 2549 εἰς
1207 2517 1336 2553 ἔκπληξιν
1348 2520 1421 2554 ἡμᾶς
1438 2521 1621 2555 ἀναγκάζουσι
1631 2523 1735 2558 φέρειν,
1751 2525 1891 2559 ἐπαγγελ-

1093 2563 1213 2598 λομένων
1229 2564 1318 2591 αὐτῶν
1341 2566 1408 2600 πρὸς
1429 2568 1562 2600 γυναῖκας
1586 2569 1733 2603 συνάφειαν
1752 2570 1790 2605 μὴ
1802 2571 1890 2606 ἔχειν,

1093 2610 1245 2636 τούναντίον
1273 2611 1374 2646 μᾶλλον
1403 2613 1452 2647 τὴν
1469 2612 1567 2648 χλεύην
1593 2614 1825 2650 ἀπεργαζόμενοι,
1841 2618 1890 2644 καὶ

1091 2655 1140 2690 τὴν
1160 2655 1265 2683 τελείαν
1294 2657 1385 2685 αὐτῶν
1410 2658 1608 2694 ἐνδεικνύμενοι
1629 2661 1769 2696 αίσχύνην.
1786 2663 1818 2688 Εί
1831 2664 1890 2697 γὰο

1093 2702 1139 2728 καὶ
1155 2702 1278 2738 γαμετὰς
1291 2701 1364 2742 εἶχον
1377 2705 1401 2731 ot
1415 2705 1541 2738 τοιοῦτοι,
1554 2707 1702 2746 σποραδην,
1715 2707 1765 2734 οὐκ
1782 2709 1889 2745 ἀναμὶξ

539 2821 549 2836 ⁸
569 2821 634 2850 ibid.
647 2822 688 2851 l9.
722 2823 731 2839 ³
746 2823 776 2852 F.
791 2828 1034 2862 κατακοσμεῖσεῗαι.

1102 2828 1122 2855 ἶ.
1140 2829 1245 2865 ἡγοντο.
1275 2831 1286 2847 ⁸
1303 2830 1332 2859 F.
1350 2832 1487 2866 γυναῖκας.
1523 2832 1532 2847 ε
1555 2831 1585 2860 1³.
1609 2833 1656 2860 καὶ
1676 2834 1753 2870 γυνή.
1769 2833 1802 2862 Et
1819 2844 1883 2863 mm
