1935 3044
246 153 289 182 7ῖ1
943 148 973 177 S.
994 148 1035 176 ΕΡ

1088 148 1165 177 ΙΛΝΙΙ

1832 150 1898 178 ’ΠΞ

279 213 312 240 X.
332 213 382 240 llic
406 220 457 247 ego
485 215 625 247 postremo
641 210 691 238 toti
716 217 731 236 a
750 217 793 237 me
810 209 885 245 operi
903 214 1033 244 suscepto

1121 211 1149 238 l'.
1164 211 1219 237 Καὶ
1237 211 1288 243 ἕως
1305 208 1355 238 ὧδε
1379 211 1464 246 ἐχέτω
1480 210 1510 238 τὸ
1527 212 1676 247 σφραγτσαι
1692 211 1740 238 καὶ
1769 211 1896 239 tells:qu-

244 260 324 286 lluem
339 259 477 292 imponam
494 266 501 284 :
520 257 547 284 in
564 263 619 291 quo
634 256 799 290 singularem
811 263 875 290 erga
888 263 939 282 nos
949 255 1033 283 divini

243 304 364 331 numinis
378 310 457 338 opem
483 309 515 329 ac
532 302 705 337 przesentiam
722 309 818 328 sumus
830 301 944 336 experti,
962 301 1035 336 quod

241 357 275 377 ex
300 352 357 375 toto
377 348 470 375 animo
497 354 530 374 ac
552 351 643 374 mente
665 346 802 378 confiteri,
819 347 964 381 eidemque
984 346 1035 373 Do-

243 395 318 422 mino
331 394 433 429 gratias
459 401 541 428 agere
566 393 717 425 debemus;
739 391 960 427 quandoquidem
988 393 1034 419 illo

241 439 352 474 juvante
363 438 496 473 quidquid
522 441 662 472 receptum
684 444 699 463 a
716 437 796 464 nobis
813 437 1035 471 promissumque

245 484 306 516 fuit,
325 483 440 510 feliciter
455 482 489 509 ad
512 482 614 509 exitum
636 481 813 516 perduximus
829 490 836 507 :
853 489 886 508 ac
902 489 963 508 cum
978 481 1035 508 bte-

244 537 320 558 rescs
354 536 449 556 omnes
487 528 666 563 exposuimus
702 527 947 562 refutavimusque,
976 531 1034 554 tum

244 575 308 610 quid
327 574 362 602 ab
378 581 542 608 unaquaque
557 576 667 608 geratur
683 579 733 607 pro
755 572 854 599 virium
879 575 1034 599 nastrarum

246 620 432 648 imbecillitate
445 618 633 653 patefecimus.
652 617 785 644 Caeterum
811 625 873 645 cum
897 617 1035 652 octoginta

246 667 395 698 hzereseon,
417 672 486 699 quas
501 665 528 691 in
543 663 635 691 orbem
661 668 796 690 terrarum
820 662 992 690 introductas
1002 661 1036 689 ad

246 711 316 738 hanc
324 711 395 738 diem
408 709 572 740 audivimus,
579 715 750 743 quarumque
761 715 903 735 numerum
912 711 939 735 et
945 707 1037 743 appel-

246 756 371 786 lationes,
387 753 578 781 nonnullarum
592 752 675 779 etiam
690 752 810 785 decreta,
826 756 853 780 et
875 755 1036 786 argumenta

245 800 458 834 aﬂectionesque
477 798 674 834 cognovimus;
699 805 772 830 eum,
790 798 911 832 inquam,
929 797 1034 824 illarum

246 846 366 881 origines
377 852 530 879 causasque
541 844 614 871 nulla
628 851 667 875 re,
679 843 768 878 quoad
780 842 838 870 ﬁeri
853 843 951 878 potuit,
967 849 1037 876 pra:—

246 892 371 920 Iermissa
378 890 561 920 docuerimus,
569 889 741 916 vehementer
748 887 813 915 illud
821 887 949 914 admirari
956 886 1039 922 subit,

246 936 318 970 quod
327 936 354 962 in
363 935 450 962 sacris
460 934 569 961 Litteris
579 932 750 960 continetur:
761 931 906 967 Sexaginta
920 936 981 958 sunt
990 939 1039 958 re-

245 982 328 1018 gina',
336 980 523 1015 etocruaginta
535 979 686 1005 concubina
696 986 706 1010 ;
717 982 741 1005 et
753 977 964 1008 adolescentulw,
972 985 1039 1012 qua-

247 1035 305 1054 rum
317 1026 405 1054 nullus
413 1030 452 1052 est
464 1032 666 1051 numeruamna
678 1028 716 1050 est
724 1022 917 1055 columbamea,
924 1023 1038 1057 perfecta

250 1081 310 1100 mea
324 1072 344 1099 ⁸.
360 1071 398 1098 De
425 1071 467 1098 his
490 1070 574 1105 igitur
592 1069 730 1104 octoginta
745 1068 888 1104 pellicibus
906 1069 1038 1097 hactenus

245 1119 370 1154 egimus;
387 1116 574 1147 Barbarismo,
608 1114 789 1146 Hellenismo,
808 1114 974 1150 Scythismo,
990 1114 1039 1142 Ju-

246 1162 352 1190 daismo
368 1165 396 1189 et
421 1160 621 1192 Samaritismo,
643 1167 704 1194 quas
734 1167 850 1186 uxorum
872 1159 983 1187 minime
997 1160 1038 1186 le-

245 1207 403 1242 gitimarum
418 1205 529 1232 nomina
544 1209 609 1232 sunt
629 1213 637 1232 :
652 1204 806 1239 eujusmodi
822 1211 910 1238 neque
925 1204 960 1231 ab
975 1211 1038 1238 rege

246 1252 336 1278 dotem
349 1254 525 1284 acceperunt,
541 1256 630 1284 neque
643 1249 670 1275 in
689 1249 844 1276 testamenti
860 1250 961 1277 tabulis
975 1256 1037 1276 cum

247 1297 310 1324 filiis
326 1296 446 1324 haeredcs
462 1296 572 1330 scripta:
586 1299 660 1323 sunt.
676 1295 783 1322 Etenim
797 1296 820 1323 si
837 1296 948 1330 proprie
964 1296 1037 1330 loqui

247 1342 377 1375 velimus,
392 1349 462 1368 Lxxv
476 1345 541 1368 sunt
556 1341 686 1374 haereses,
703 1348 817 1376 quarum
834 1345 937 1368 matres
957 1341 1037 1375 quin-

246 1396 300 1424 que
310 1391 375 1415 sunt
390 1395 397 1413 :
415 1390 480 1422 puta
500 1385 694 1418 llellenismus,
710 1386 768 1414 sive
787 1385 929 1421 gentilium
950 1389 1036 1417 secta.

246 1443 262 1461 a
278 1443 330 1469 qua
342 1434 457 1469 gentiles
471 1433 580 1461 oriundi
605 1436 685 1465 sunt;
706 1431 874 1464 Judaismus,
896 1431 967 1458 unde
995 1430 1038 1458 lu-

246 1480 309 1512 dai,
331 1484 359 1507 et
376 1479 511 1512 hazreses;
526 1485 558 1505 ac
576 1477 738 1504 Samaritica
756 1481 843 1510 secta,
857 1475 929 1503 unde
941 1475 1038 1503 Sama-

248 1525 372 1552 ritismus
387 1531 415 1552 et
429 1523 667 1551 Christianismus.
690 1522 732 1550 Ab
748 1522 792 1550 his
804 1522 879 1549 velut
893 1521 962 1549 rami
974 1521 1037 1556 qui-

245 1571 309 1598 dam
323 1574 455 1605 separatae
468 1570 586 1597 haereses
598 1568 700 1596 avulsae
711 1570 786 1595 sunt.
800 1567 866 1600 Quae
879 1567 944 1595 licet
957 1566 1037 1594 Chri—
1050 1563 1070 1590 C

246 1617 282 1645 sti
297 1623 395 1643 nomen
411 1622 466 1650 prie
481 1622 511 1642 se
531 1614 632 1644 ferant,
653 1613 720 1640 nihil
734 1616 824 1640 tamen
842 1613 875 1639 ad
888 1613 962 1639 illum
975 1620 1036 1647 per-

247 1664 334 1689 tint-nt
347 1669 353 1687 :
368 1661 416 1689 sed
431 1660 529 1696 partim
557 1658 664 1693 longius
684 1658 719 1685 ab
735 1657 782 1685 illo
801 1657 922 1691 distant;
939 1658 1037 1693 partim

249 1707 354 1742 1077
377 1706 517 1733 minimam
539 1704 573 1731 ob
587 1710 701 1731 causam
717 1703 750 1730 ab
765 1703 840 1731 omni
859 1704 932 1732 illius
952 1703 1037 1732 haere-

247 1752 332 1780 ditate
356 1751 459 1779 alienas
479 1757 511 1776 ac
535 1749 694 1784 peregrinas
717 1756 747 1776 se
767 1748 880 1782 faciunt,
898 1757 952 1776 una
975 1756 1036 1776 cum

249 1799 370 1832 ipsarum
387 1796 493 1828 liberis,
512 1802 576 1822 cum
587 1794 714 1822 videlicet
731 1802 904 1829 nequaquam
918 1795 1038 1830 legitime

248 1844 314 1874 sint,
329 1841 377 1869 sed
395 1841 467 1868 inter
485 1845 615 1868 externas
639 1840 803 1873 habeantur,
824 1847 856 1868 ac
873 1839 962 1867 solum
982 1839 1036 1868 sibi

249 1888 436 1916 Christianum
463 1893 562 1913 nomen
585 1885 731 1913 vindicent.
750 1885 817 1918 Qua:
835 1892 897 1912 cum
920 1884 957 1912 ita
970 1885 1036 1917 sint,

247 1934 351 1961 veritas
363 1932 441 1959 nobis
456 1932 513 1967 ipsa
528 1930 692 1959 declaranda
709 1934 845 1965 superest,
859 1935 941 1964 atque
957 1930 1038 1957 unica

248 1979 378 2006 nimirum
400 1977 445 2004 illa
469 1976 606 2008 columba,
623 1984 683 2011 quae
699 1983 713 2003 a
732 1983 834 2010 sponso
857 1975 1036 2002 collaudatur.

284 2023 330 2050 ΧΙ.
345 2023 479 2056 Quocirca
510 2030 571 2049 cum
588 2022 674 2049 otium
692 2021 765 2048 nacti
782 2021 880 2053 simus,
898 2025 959 2055 post
978 2020 1038 2048 eni-

249 2078 298 2097 xas
311 2069 344 2096 ad
363 2069 446 2096 Deum
467 2076 572 2103 preces,
589 2072 617 2094 ut
644 2066 829 2101 disputatione
853 2067 973 2098 brevem,
996 2066 1037 2094 sic

249 2116 382 2150 majorum
409 2114 554 2141 traditione
577 2116 681 2140 certam
705 2111 829 2139 veritatis
849 2111 1035 2139 defensionem

249 2162 379 2195 deinceps
404 2159 592 2187 instituemus.
613 2157 679 2190 Quae
701 2156 813 2191 quidem
838 2163 893 2183 non
915 2160 1038 2191 tempore

249 2207 398 2242 posterior,
415 2205 469 2231 imo
484 2211 549 2231 vero
568 2203 643 2238 prior
653 2202 781 2229 omnibus
795 2202 916 2233 exstitit,
932 2209 1037 2236 nosque

248 2253 282 2280 de
294 2261 326 2279 ea
341 2256 403 2278 ante
416 2251 533 2277 hmreses
542 2255 649 2280 omnes,
665 2255 726 2274 cum
743 2247 776 2274 de
790 2247 892 2275 Christi
907 2247 1035 2274 incarna-

237 2297 322 2332 Itione
343 2296 553 2327 dissereremus,
570 2293 736 2320 mentionem
753 2292 832 2320 initio
845 2292 971 2319 fecimus.
986 2291 1035 2320 Ea-

249 2342 309 2369 dem
319 2349 401 2376 porro
414 2348 487 2368 nunc
501 2347 564 2367 cum
583 2347 679 2367 onmes
691 2338 837 2371 antecedit,
852 2341 909 2365 tum
925 2338 1034 2366 Christo

251 2387 365 2414 Domino
378 2390 440 2421 post
455 2386 514 2421 ejus
525 2386 754 2416 incarnationem,
766 2384 840 2412 velut
851 2391 952 2418 sponsa
965 2392 1036 2419 quie-

249 2433 311 2459 dam
327 2431 512 2462 sanctissima,
528 2430 674 2464 conjuncta
689 2434 730 2457 est
745 2436 826 2463 :qua:
843 2432 870 2455 et
886 2429 951 2456 olim
970 2437 1032 2456 cum

250 2477 354 2504 Adamo
378 2476 507 2507 formata,
525 2480 552 2503 et
566 2476 594 2502 in
610 2475 675 2508 illis,
690 2476 736 2510 qui
758 2475 943 2502 Abrahamum
967 2482 1034 2509 prae-

249 2525 401 2554 cesserunt,
418 2521 561 2556 pnedicata
576 2521 705 2557 patribus,
713 2525 739 2548 et
766 2525 829 2555 post
849 2520 1033 2548 Abrahamum

251 2568 329 2595 fidem
360 2567 466 2601 merita,
479 2572 507 2595 et
530 2575 578 2602 per
603 2567 722 2602 Moysem
746 2566 879 2601 patefacta
909 2571 936 2594 et
958 2567 1031 2602 apud

250 2613 346 2640 Isaiam
362 2613 534 2649 praedicta,“
554 2613 580 2639 in
605 2611 715 2640 Christo
740 2613 947 2646 demonstrata,
971 2620 1033 2640 cum

249 2665 336 2693 eoque
350 2658 431 2686 simul
440 2657 591 2689 'exsistens,
607 2658 758 2692 posteriore
770 2666 785 2686 a
798 2659 877 2687 nobis
887 2659 946 2686 loco
958 2666 1034 2686 com-

250 2704 432 2732 mendabitur.
453 2703 520 2731 Nam
547 2704 673 2731 athletam
697 2708 804 2739 oportet
829 2705 946 2739 primum
973 2712 1033 2732 om-

250 2750 325 2777 nium
343 2750 370 2777 in
382 2750 531 2778 certamine
554 2758 586 2777 ac
607 2750 701 2777 labore
720 2751 880 2786 cantet-isque
889 2752 1034 2787 generibus

288 2829 296 2844 ⁸
313 2829 391 2857 Cant.
407 2838 444 2863 vi,
460 2830 486 2857 7.
525 2831 535 2847 ¹
551 2830 615 2858 llzec
631 2831 776 2869 depravata
800 2832 904 2860 leviter.

1089 265 1134 284 σαι
1147 254 1196 292 τὴν
1211 258 1301 284 πᾶσαν
1312 257 1472 293 ήμῶν-περὶ
1486 257 1589 284 τούτων
1606 257 1799 292 πραγματείαν
1810 267 1817 273 ·
1841 257 1899 284 τοῦ

1087 302 1154 328 Θεοῦ
1172 303 1238 337 ἡμῖν
1261 302 1438 337 ἐπιφανέντος
1453 302 1499 328 καὶ
1526 302 1718 338 βοηθήσαντος,
1732 303 1769 333 ὡς
1783 302 1897 338 ὁμολο-

1086 348 1145 382 γεῖν
1159 347 1233 374 ἔστιν
1247 348 1279 374 ὲκ
1291 347 1381 382 πάσης
1388 347 1487 382 ψυχῆς,
1505 347 1551 373 καὶ
1564 347 1692 379 διανοίας,
1710 347 1898 383 εὐχαριστεῖν

1086 392 1161 428 αὐτῷ
1174 393 1213 428 τῷ
1227 393 1331 429 Κυρίῳ,
1344 393 1384 420 ὅτι
1396 393 1426 419 τὸ
1437 392 1609 428 ἐπάγγελμα,
1621 393 1635 418 ὃ
1644 392 1893 428 ἐπήγγειλάμεθα,

1087 440 1115 465 ὲν
1135 438 1208 474 αὐτῷ
1231 439 1270 474 τῷ
1288 433 1381 474 Κῦρίῳ
1405 438 1616 474 καττιξιώθημεν
1634 438 1794 465 τελειῶσαι·
1813 438 1895 465 κατὰ

1073 478 1218 519 ἀἱρέσεων
1247 484 1285 515 δὲ,
1304 484 1385 519 φημὶ,
1414 485 1464 519 τὴν
1497 484 1627 523 διήγησινὶ
1650 484 1697 510 καὶ
1724 483 1893 519 ἀνατροπὴν

1087 529 1277 565 ποιησάμενοι,
1292 527 1392 565 ἆμα’τε
1407 530 1454 556 καὶ
1463 529 1688 563 ἀποκαλύψαντες
1699 530 1764 563 παρ’
1776 529 1892 564 ἑκάστῃ

1086 576 1112 602 τί
1125 575 1338 611 πράττεταιίώς
1360 575 1430 602 κατὰ
1450 575 1499 610 τὴν
1517 575 1655 611 ἡμετέραν
1669 574 1819 601 ὑπόστασιν
1833 573 1893 608 τῆς

1086 621 1216 653 ἀσθενοῦς
1238 621 1461 657 ἀνθρωπότητος.”
1477 621 1548 652 Ἕως
1570 621 1623 655 γὰρ
1640 619 1756 647 ἐνταῦθα
1781 619 1902 654 ὀγδοήδ

1087 675 1170 694 κοντα
1198 666 1350 703 αἱρέσεων,
1380 662 1417 692 ὧν
1443 665 1616 701 ὲνηχήθημεν
1645 665 1684 700 τῷ
1711 664 1819 699 κόσμῳ,
1837 664 1892 691 καὶ

1087 712 1210 747 ἔγνωμεν
1235 712 1280 738 τὸν
1302 710 1420 747 ἂριθμὺν
1436 711 1482 738 καὶ
1494 711 1545 743 τὰς
1567 710 1712 746 ὀνομασίας
1729 710 1776 736 καί
1799 718 1890 736 τινων

1087 758 1136 790 τὰς
1151 759 1255 793 ῥήσεις,
1268 757 1418 793 προφάσεις
1429 766 1457 783 τε
1470 757 1517 784 καὶ
1528 757 1644 791 σχέσεις,
1656 756 1704 788 τὰς
1719 755 1810 791 ὁρμὰς
1836 755 1888 782 καὶ

1087 803 1121 837 τᾲ
1142 802 1218 829 αἴτια
1247 802 1460 838 ἀπαραλείπτως
1489 801 1695 837 ὑποδείξαντες,
1723 799 1897 835 θαυμασμῷ

1089 849 1232 888 φερόμενοι
1246 847 1461 882 ἐκπεπλήγμεθα
1476 846 1504 873 τὺ
1522 847 1550 872 ὲν
1566 847 1599 881 τῇ
1612 845 1672 881 Θείᾳ
1687 846 1784 881 Γραφῇ
1803 845 1888 880 εἰρη-

1057 889 1076 916 Β
1094 894 1183 930 μένον,
1205 894 1245 920 ὅτι
1260 891 1422 926 Ἐξήκοντά
1434 893 1492 919 εἰσι
1506 891 1697 923 βασίλισσαι,
1712 890 1760 917 καὶ
1775 889 1889 925 ὀγδοή-

1089 948 1181 967 κοντα
1203 939 1357 966 παιὶακαι
1368 946 1374 954 ·
1401 937 1450 965 καὶ
1478 937 1623 970 νεάνιδες,
1652 934 1696 963 ὧν
1718 937 1774 964 οὐκ
1795 935 1889 963 ἔστιν

1088 985 1220 1020 ἀριθμός·
1238 985 1293 1019 μία
1317 983 1383 1010 ἐστὶ
1415 983 1574 1017 περιστερά
1588 991 1659 1017 μου,
1688 981 1789 1009 τελεία
1808 991 1884 1017 μου.

1092 1031 1139 1062 Ὠς
1158 1028 1204 1057 οὖν
1221 1029 1285 1065 περὶ
1301 1029 1353 1056 τῶν
1370 1029 1517 1056 παλλακῶν
1531 1029 1633 1056 τούτων
1648 1028 1700 1055 τῶν
1713 1028 1884 1063 ὀγδοήκοντα

1089 1077 1229 1113 εἰρηκότες
1250 1076 1388 1111 ἀπαρχῆς,
1401 1074 1603 1110 βαρὸαρισμοῦ,
1623 1074 1670 1101 καὶ
1690 1073 1881 1109 Ἑλληνισμοῦ,

1088 1123 1135 1149 καὶ
1149 1121 1314 1156 Σκυθισμοῦ,
1331 1121 1378 1147 καὶ
1391 1119 1570 1155 ⁸1ουδαῖσμοῦ,
1587 1119 1634 1146 καὶ
1645 1119 1881 1155 Σαμαρειτισμοῦ,

1088 1166 1234 1202 ὀνομασίας
1251 1166 1305 1193 τῶν
1325 1166 1375 1193 οὐκ
1397 1166 1486 1192 οὐσῶν
1501 1165 1641 1201 ὲνθέσμων
1654 1164 1802 1200 γυναικῶν,
1820 1165 1882 1192 οὐδὲ

1088 1213 1140 1240 ἀπὸ
1149 1213 1195 1239 τοῦ
1212 1212 1342 1247 βασιλέως
1355 1212 1602 1247 πεπροικισμένων,
1620 1211 1681 1238 οὐδὲ
1693 1211 1721 1237 ὲν
1736 1211 1883 1247 διαθήκαις

1087 1258 1141 1284 τῶν
1160 1257 1263 1284 τέκνων
1284 1257 1374 1284 αὐτῶν
1402 1256 1583 1292 κληρονομεῖν
1606 1257 1779 1291 δυναμένων
1799 1256 1880 1290 φύσει

1089 1304 1138 1339 μὲν
1153 1304 1206 1339 γάρ
1220 1304 1288 1329 εἰσιν
1299 1303 1483 1338 ἐϐδομήκοντα
1496 1302 1588 1333 πέντε,
1605 1302 1652 1328 καὶ
1664 1294 1766 1328 τούτών
1784 1301 1813 1327 αἱ
1828 1310 1881 1336 μη-

1087 1349 1165 1384 τέρες
1190 1349 1271 1375 πέντε
1296 1348 1390 1384 ῶσπερ
1409 1347 1598 1383 Ἑλληνισμὸς,
1624 1347 1670 1381 ἀφ’
1687 1344 1717 1373 οὗ
1735 1345 1877 1382 Ἕλληνες,

1088 1394 1135 1420 καὶ
1154 1393 1330 1428 Ἰουδαῖσμὸς,
1348 1393 1394 1426 ἀφ’
1411 1390 1441 1420 οὗ
1466 1392 1597 1423 Ἰουδαῖοι,
1621 1391 1669 1418 καὶ
1683 1390 1816 1426 αἱρέσεις,
1832 1390 1879 1416 καὶ

1088 1439 1284 1475 Σαμαρειτικὴ,
1303 1439 1350 1473 ἀφ’
1372 1434 1403 1465 οὗ
1428 1437 1659 1474 Σαμαρειτισμὸς.
1685 1437 1732 1463 καὶ
1748 1436 1879 1472 Χριστια-

1087 1485 1192 1520 νισμὺς,
1203 1485 1250 1519 ἀφ’
1267 1481 1298 1511 οὗ
1320 1484 1533 1519 ἐξεκλάσθησαν,
1551 1484 1646 1518 ὥσπερ
1659 1482 1759 1515 κλάδοι,
1772 1482 1798 1508 αἱ
1812 1482 1883 1516 ἀφοι

1089 1530 1221 1565 ρισϐεῖσαι
1239 1530 1369 1566 αἱρέσεις,
1383 1531 1422 1562 εἰς
1439 1529 1524 1564 ὄνομα
1539 1528 1657 1566 Χριστοῦ
1675 1527 1827 1563 κληθεῖσαι,
1841 1527 1877 1562 μὴ

1087 1573 1165 1601 οὖσαι
1181 1574 1210 1602 δὲ
1223 1575 1317 1606 αὐτοῦ,
1329 1575 1386 1602 ἀλλ’
1399 1575 1428 1601 αἱ
1446 1575 1495 1610 μὲν
1508 1574 1562 1601 ἀπὸ
1575 1573 1692 1609 μήκοοεν
1713 1572 1797 1599 αὑτοῦ
1811 1571 1877 1599 πολὺ

1087 1620 1240 1651 διεστῶσαι,
1255 1620 1320 1647 αἰδὲ
1334 1620 1377 1646 διά
1387 1629 1412 1646 τι
1428 1620 1567 1654 ἐλάχιστον
1578 1617 1818 1654 ἀποκληρονόμους
1832 1617 1879 1643 καὶ

1088 1664 1167 1696 ξένας
1193 1663 1275 1691 αὑτοῦ
1305 1664 1406 1696 ἑαυτὰς
1431 1664 1647 1698 καταστήσασαι,
1671 1661 1768 1690 καὶτὰ
1788 1661 1876 1689 αὐτῶν

1087 1710 1170 1737 τέκνα
1185 1710 1240 1736 τῶν
1253 1710 1304 1737 οὐκ
1321 1710 1409 1737 οὐσῶν
1434 1709 1585 1743 ὲνθέσμων,
1601 1707 1653 1740 ἔξω
1669 1708 1697 1735 δὲ
1713 1707 1873 1742 βεϐηκυιῶν,

1089 1756 1170 1791 μόνον
1185 1756 1214 1782 δὲ
1241 1756 1272 1782 τὸ
1292 1755 1377 1791 ὄνομα
1405 1755 1630 1790 ὲπικεκλημένων
1650 1752 1786 1789 Χριστοῦ·
1800 1761 1875 1788 περι-

1087 1802 1262 1838 λειφθήσεται
1277 1803 1342 1837 ήμτν
1354 1802 1371 1837 ἡ
1389 1802 1453 1837 περὶ
1476 1801 1605 1836 ἀληθείας
1629 1799 1776 1832 ἀπόδειξις,
1791 1798 1875 1833 αὐτῆς

1087 1856 1118 1873 τε
1138 1849 1188 1883 τῆς
1211 1848 1374 1883 περιστερᾶς
1394 1847 1444 1882 τῆς
1459 1847 1617 1882 μονωτάτης
1626 1845 1678 1872 ὑπὸ
1691 1843 1739 1871 τοῦ
1759 1845 1874 1879 νυμφίου

1088 1892 1295 1928 ἐπαινουμένης.

1123 2025 1174 2052 IA’.
1191 2024 1246 2050 Καὶ
1260 2025 1289 2050 ὲν
1313 2024 1394 2058 σχολῇ
1411 2023 1489 2058 ήμῶν
1511 2022 1682 2058 γενομένων,
1703 2021 1751 2048 καὶ
1773 2021 1873 2056 σφόδρα

1090 2069 1286 2096 ἱκετευσάντων
1301 2068 1378 2099 Θεὸν,
1390 2069 1521 2104 σύντομον
1531 2069 1580 2103 μὲν
1590 2069 1622 2103 τῇ
1634 2067 1755 2102 διαλογῇ,
1767 2066 1872 2101 ἀσφαλῆ

1087 2115 1115 2142 δὲ
1127 2116 1161 2150 τῇ
1178 2114 1323 2150 παραδόσει
1339 2113 1386 2141 καὶ
1402 2113 1472 2149 ὑπὲρ
1489 2113 1615 2148 ἀληθείας
1629 2112 1776 2146 ἀπολογίαν
1790 2113 1819 2138 ὲν
1835 2111 1872 2147 τῷ

1087 2161 1151 2196 ἑξῆς
1179 2159 1359 2195 ποιησόμεθα,
1381 2159 1432 2186 οὐκ
1458 2159 1542 2193 αὐτῆς
1567 2159 1682 2194 ὑστέρας
1695 2157 1787 2193 οὔσης,
1807 2157 1872 2184 ἀλλὰ

1089 2205 1210 2242 πρώτης.
1237 2206 1292 2232 Καὶ
1314 2206 1365 2241 ήδη
1381 2205 1411 2232 δὲ
1423 2204 1472 2240 τῆς
1489 2205 1542 2241 πρὸ
1561 2205 1616 2232 τῶν
1634 2204 1768 2240 αἱρέσεων
1789 2205 1817 2230 ὲν
1839 2205 1870 2239 τῇ

1087 2250 1201 2286 ἐπιδημίᾳ
1215 2251 1333 2286 Χριστοῦ
1348 2250 1478 2278 ἀνωτάτω
1489 2251 1554 2286 ἡμῖν
1565 2249 1796 2285 ὐπομνησθείσης,
1809 2249 1818 2264 ¹
1827 2249 1871 2275 νῦν

1086 2297 1114 2323 δὲ
1146 2296 1258 2332 πρώτην
1278 2294 1371 2328 οὖσαν,
1397 2296 1444 2323 καὶ
1466 2296 1576 2332 Χριστῷ
1601 2297 1777 2332 συνημμένην
1793 2297 1870 2331 ἁγίαν

1087 2342 1196 2377 νύμφην
1225 2342 1280 2369 ἀπὸ
1305 2344 1355 2378 τῆς
1381 2343 1514 2378 ὲνσάρκου
1541 2342 1622 2369 αὑτοῦ
1636 2342 1799 2377 παρουσίας,
1816 2342 1871 2378 [καὶ

1087 2387 1117 2414 τὸ
1140 2388 1188 2423 τῆς
1210 2388 1292 2415 αὑτοῦ
1316 2388 1488 2424 παρουσίας.]
1514 2389 1575 2424 ἥτις
1590 2389 1648 2415 ἐστὶ
1668 2388 1716 2414 σὺν
1730 2387 1770 2423 τῷ
1790 2387 1870 2422 ’Δδὰμ

1089 2433 1278 2469 πεπλασμένη,
1292 2434 1339 2460 καὶ
1355 2435 1384 2460 ὲν
1400 2436 1457 2466 τοῖς
1472 2435 1525 2469 πρὺ
1539 2433 1586 2460 τοῦ
1599 2433 1723 2468 Ἀϐραὰμ
1739 2433 1869 2468 πατριάρ-

1088 2487 1148 2512 χαις
1164 2479 1370 2515 κεκηρυγμένη,
1381 2480 1428 2506 καὶ
1444 2480 1512 2515 μετὰ
1525 2479 1573 2506 τοῦ
1593 2479 1717 2515 Ἀϐραὰμ
1728 2487 1870 2506 πεπιστευ-

1090 2524 1168 2559 μένη,
1191 2524 1239 2550 καὶ
1268 2524 1313 2551 διὰ
1339 2525 1478 2556 Μωῡσέως
1509 2524 1744 2559 ἀποκαλυφθεὴι,
1769 2525 1814 2551 καὶ
1842 2524 1869 2549 ἐν

1094 2569 1193 2605 Ἡσαΐᾳ
1208 2571 1444 2606 προφήτευομένη,
1464 2573 1493 2598 ὲν
1510 2570 1620 2606 Χριστῷ
1635 2571 1664 2597 δὲ
1677 2569 1867 2605 ἀναδειχθεκα,

1089 2615 1136 2642 καὶ
1148 2616 1196 2642 σὺν
1220 2616 1331 2652 Χριστῷ
1348 2618 1518 2654 ὑπάρχουσα,
1532 2620 1561 2645 ὲν
1576 2619 1681 2654 ὑστέρῳ
1695 2618 1724 2644 δὲ
1739 2617 1784 2652 ὑφ’
1797 2617 1869 2652 ήμῶν

1088 2660 1324 2697 ὲγκωμιαζομένή.
1353 2664 1399 2689 Δεῖ
1412 2664 1466 2698 γὰρ
1488 2664 1533 2690 τὸν
1548 2663 1748 2698 ἀγωνιζόμενον
1766 2662 1868 2698 πρῶτον

1087 2706 1240 2734 ἐνίστασθαι
1253 2707 1292 2742 τῷ
1305 2708 1399 2742 ἀγῶνι,
1416 2709 1454 2744 τῷ
1468 2718 1498 2736 τε
1514 2710 1629 2745 καμάτῳ
1644 2710 1690 2736 καὶ
1708 2709 1764 2740 τοῖς
1786 2707 1869 2739 ἄλλοις

1086 2752 1133 2779 τοῦ
1159 2752 1264 2787 ἀγῶνος
1281 2754 1476 2791 παλαίσμασιν,
1500 2756 1543 2784 ἵνα
1561 2756 1671 2792 ὕστερον
1685 2756 1730 2784 τὸν
1743 2755 1865 2792 στέφανον
