1935 3044
106 173 162 203 773

411 173 597 204 ADVERSUS
613 175 785 205 HERESES
799 177 865 206 LIB.
886 178 931 206 Ill.
948 178 1030 207 TOM.
1052 179 1084 208 ll.
1105 195 1138 202 —-
1161 181 1342 210 EXPOSITIO
1362 183 1462 213 FIDEI.

1688 187 1742 215 774

104 233 293 270 κομισάμενος
315 233 384 269 μετὰ
398 234 446 261 τοῦ
464 235 597 270 στεφάνου
621 236 650 263 ἐν
671 236 832 272 ἀγαλλιάσει
845 238 885 266 δια

953 240 1086 273 exerceri,
1102 244 1132 267 ut
1151 245 1246 276 postea
1262 248 1393 268 coronam
1410 243 1540 271 auferens
1550 243 1578 271 in
1594 243 1686 273 laetitia
1708 254 1740 274 ac

102 280 195 315 τελοίη
207 288 213 295 ·
242 280 274 306 οὺ
292 280 341 307 τοῦ
354 281 487 316 στεφάνου
507 281 624 309 ὑπάτου
646 283 733 316 ΰντος,
750 284 817 311 ἀλλὰ
832 293 898 321 προ-

103 325 232 360 κειμένου
250 325 299 360 μὲν
319 326 369 361 τῆς
393 326 493 363 πάλης,
506 328 618 365 ὕστερον
638 330 667 357 δὲ
691 330 830 367 διδομένου
857 334 897 365 εις

102 370 192 405 χαρὰν
219 370 266 397 καὶ
276 371 317 403 εἰς
333 372 496 406 ὰγαλλίασιν
515 373 554 413 τῷ
572 376 732 415 κεκμηκότι.
751 377 844 405 Ταῦτα
867 379 896 405 δὲ

102 416 168 452 περὶ
184 415 286 443 τούτων
299 417 450 453 εἰρηκότες,
466 419 512 446 ἐπὶ
522 421 584 452 τοὺς
598 422 812 458 προειρημένους
826 433 896 460 παρ-

102 461 225 497 έλθωμεν
252 462 359 496 λόγους,
381 463 467 497 δεῖξαι
492 465 551 497 πῶς
578 466 742 502 ὁγδοήκοντα
769 469 819 504 μὲν
835 471 888 497 εἰσὶ

101 507 251 539 παλλακαὶ,
263 508 284 540 ξ’
298 509 326 535 δὲ
340 508 508 543 βασίλισσαι,
516 511 574 544 πῶς
592 512 641 547 μία
654 514 670 549 ἡ
683 514 828 550 παρθένος,
846 517 894 543 καὶ

99 552 182 588 ἁγνὴ,
212 553 259 579 καὶ
274 552 366 589 νύμφη
391 554 469 589 ὁμοιῖ1
493 555 541 582 καὶ
555 559 714 594 περιστερὰ,
728 560 774 586 καὶ
793 561 892 596 ἀμνὰς,

101 597 180 630 πόλις
193 598 222 624 δὲ
248 599 313 633 άγία
336 599 416 631 Θεοῦ,
431 601 479 627 καὶ
493 602 595 635 πίστις,
613 603 662 630 κᾶὶ
677 604 825 641 ἑδραίωμα
837 606 892 641 τῆς

98 644 254 677 ἀληθείας,
270 645 320 671 καὶ
334 645 427 680 πέτρα
447 648 570 681 στερεά·
582 647 675 686 ἐφ’ἧς
701 652 794 678 πύλαι
816 652 891 686 ᾷδου

98 689 155 715 οὐκ
169 689 423 724 ἀντισχύσουσιν.
447 691 530 727 Ὀμοῦ
552 693 606 729 γὰρ
622 695 650 720 ἐν
670 695 736 722 πᾶσι
749 695 815 723 Θεὸν
832 698 891 724 ὲπιι-

99 732 277 769 καλούμενοι,Δ
290 736 336 762 καὶ
347 737 586 773 ἐπικαλεσάμενοι,
603 740 732 776 ἐτύχομεν
746 742 795 777 τῆς
804 732 890 778 ἐπαγ-

97 779 193 813 γελίας
216 780 360 816 πληρῶσαι
373 782 422 818 τὴν
435 783 591 818 ὑπόσχεσιν,
604 785 657 821 τὴν
670 787 740 814 κατὰ
756 788 889 823 αίρέσεων

97 823 207 873 πασῶνῖ
228 826 318 860 φημί·
340 823 412 863 ᾗτινι
435 828 587 866 ἐπαγγελίᾳ
612 831 659 858 καὶ
682 832 745 868 ἄχρι
768 834 817 873 τῆς
834 835 888 862 τῶν

97 870 297 897 Μασσαλιανῶν
321 872 480 908 ἐφθάσαμεν
506 876 647 911 αἱρέσεως.
674 878 729 905 Καὶ
754 870 838 916 αὐτὴν
860 880 888 907 δὲ

949 288 1090 322 voluptate
1118 288 1208 323 degat.
1237 287 1266 314 In
1282 295 1336 322 quo
1361 287 1470 322 quidem
1491 297 1594 317 corona
1612 290 1670 326 ipsa
1685 300 1739 320 non

948 338 1084 369 postrema
1099 334 1222 362 omnium
1235 338 1287 366 est,
1304 334 1352 362 scd
1368 335 1448 362 lucta:
1472 343 1504 362 ac
1516 337 1658 364 certamini
1676 345 1740 373 pro-

947 379 1047 414 posita,
1066 384 1204 415 postremo
1216 381 1241 407 ei
1254 380 1300 415 qui
1320 380 1347 407 in
1366 387 1476 408 arenam
1500 381 1683 414 descenderit.
1705 383 1739 410 ad

946 424 1114 459 voluptatem
1138 424 1401 460 delectationemque
1429 426 1568 453 tribuitur.
1588 427 1654 460 Quae
1674 436 1737 455 cum

946 469 983 496 ita
996 477 1026 497 se
1041 470 1170 504 habeant,
1191 470 1226 497 ad
1245 470 1399 498 institutum
1409 479 1563 499 sermonem
1573 473 1735 508 redeamus;

945 515 1026 551 idque
1054 516 1274 544 demonstremus
1295 517 1394 552 ipsum,
1416 518 1554 552 quomodo
1576 526 1640 546 cum
1656 525 1734 548 octo-

943 562 1018 598 ginta
1033 563 1143 598 pollices
1159 563 1214 591 sint
1227 571 1258 590 ac
1281 564 1423 599 sexaginta
1438 564 1548 599 reginae,
1565 565 1645 593 unica
1659 566 1736 602 virgo

943 608 979 636 sit
998 612 1025 636 et
1054 613 1130 636 casta
1157 609 1306 644 eademque
1332 617 1445 644 sponsa,
1468 610 1592 637 columba
1609 631 1616 643 ,
1652 619 1733 647 agna,

942 656 1037 679 sancta
1053 651 1098 679 Dei
1109 653 1216 686 civitas,
1236 653 1559 688 ﬁdes,acﬁrmamenlum
1579 656 1696 684 ueritatis
1710 657 1732 688 ',

941 697 1020 732 firma
1036 702 1120 731 petra,
1135 703 1227 725 contra
1249 707 1327 733 quam
1354 704 1438 734 porta:
1463 701 1542 735 inferi
1559 710 1610 728 non
1627 709 1733 736 prtem—

941 742 1062 770 lelmnt’.
1086 743 1153 770 Nam
1177 744 1229 771 huc
1251 753 1337 779 usuue
1355 745 1457 778 divina,
1481 754 1562 782 quam
1579 747 1735 783 imploravi-

940 795 1013 822 mus,
1030 796 1080 823 ope
1094 797 1126 816 ac
1141 790 1271 825 praesidio
1287 790 1358 823 freti,
1373 791 1424 818 hoc
1442 794 1559 820 assecuti
1577 801 1685 824 sumus.
1703 799 1734 822 ut

940 840 1095 870 susceptam
1110 843 1124 862 ο
1140 836 1218 864 nobis
1244 837 1277 864 de
1296 837 1424 864 omnibus
1437 838 1591 865 haeresibus
1603 837 1730 873 disputa-

939 880 1039 907 tionem
1077 881 1280 910 absolveremus
1300 893 1306 910 :
1326 891 1408 918 quam
1436 883 1471 910 ad
1500 883 1727 912 Massalianorum

97 915 360 950 καταπεπατηκότες
387 918 425 953 τῷ
450 919 603 956 ὑποδήματι
626 921 674 948 τοῦ
699 923 865 957 Εὐαγγελίου
878 944 885 957 ,

940 926 1055 965 Ιμοιοθείη
1070 934 1156 962 usque
1171 928 1357 963 perduximus.
1379 929 1436 956 Hac
1454 929 1545 964 itaque
1565 931 1637 957 velut
1657 938 1729 965 quo-

96 959 194 1004 ωσπερ
204 960 387 995 χαμαιλέοντα
409 963 555 991 πολύπουν·
569 966 656 1001 ἀειδῆ,
668 967 801 1004 ἄμορφον,
821 969 887 996 δυσ-

83 1003 193 1049 ὀδμιαν
215 1004 360 1037 πνέουσαν,
386 1007 416 1033 ὲν
450 1009 517 1035 πᾶσι
544 1009 604 1046 Θεῷ
626 1003 885 1049 εὐχαριστήσωμεν,

97 1048 208 1083 Πατέρα
220 1049 249 1075 ἐν
268 1049 335 1085 Υίῴ,
349 1051 412 1078 Υίόν
430 1053 459 1079 ὲν
483 1054 579 1090 Πατρὶ,
605 1056 653 1083 σὺν
664 1057 735 1094 ἁγίῳ
748 1048 887 1095 Πνεύματι

95 1093 137 1125 εἰς
150 1094 212 1126 τοὺς
227 1094 329 1128 αἰῶνας
345 1096 398 1124 τῶν
409 1097 525 1126 αἰώνων.
550 1101 645 1137 Ἀμήν.

137 1214 148 1230 ¹
166 1213 175 1242 Ι
193 1215 264 1244 Tim.
278 1224 319 1250 Ill,
335 1218 379 1246 l5.
417 1220 427 1235 ²
443 1218 538 1248 Matth.
557 1228 613 1253 xu,
632 1221 674 1248 l8.

941 969 1003 996 dam
1030 969 1167 1007 Evangelii
1191 973 1284 1001 calceo
1299 974 1468 1009 proculcata,
1484 974 1597 1009 perinde
1615 982 1647 1002 ac
1667 975 1730 1002 cha-

941 1016 1084 1045 mzeleoute
1098 1018 1256 1053 multipede,
1270 1020 1343 1055 turpi
1371 1027 1403 1047 ac
1425 1020 1552 1053 deformi,
1569 1024 1596 1048 et
1614 1022 1731 1056 graviter

941 1061 1042 1094 olente,
1063 1063 1098 1090 ob
1119 1064 1177 1092 haec
1193 1066 1285 1092 omnia
1304 1065 1358 1093 Deo
1372 1065 1475 1100 gratias
1489 1073 1614 1101 agamus,
1634 1074 1666 1093 ac
1681 1065 1730 1093 Pa-

942 1111 1010 1133 trem
1029 1108 1056 1135 in
1075 1108 1153 1141 Filio,
1171 1109 1268 1137 Filium
1293 1111 1319 1137 in
1335 1110 1415 1138 Patre
1432 1118 1495 1138 cum
1509 1116 1604 1139 sancto
1625 1111 1729 1147 Spiritu

942 1151 1111 1180 celebremus
1129 1154 1155 1181 iu
1168 1156 1269 1182 saecula
1286 1156 1458 1183 saeculorum.
1473 1155 1569 1183 Amen.

109 1314 1722 1345 Ἦ

588 1398 702 1442 ΤΟΥ
727 1399 896 1442 ΑΓΙΟΥ
922 1401 1131 1445 ΕΠΙΦΑΝ
1142 1403 1237 1446 ΙΟΥ

680 1488 824 1516 ΣΥΝΤΟΜ
827 1491 868 1518 ΟΣ
885 1490 1025 1519 ΛΛΗΘΗΣ
1041 1492 1153 1520 ΛΟΓΟΣ

358 1564 449 1590 ΠΕΡΙ
462 1563 620 1591 ΠΙΣΤΕΩΣ
637 1565 853 1593 ΚΑΘΟΛΙΚΗΣ
867 1567 932 1594 ΚΑΙ
952 1567 1212 1598 ΑΙΙΟΣΤΟΛΙᾹΉΣ
1236 1573 1462 1601 ΕΚΚΛΠΣῙΛΣ.

614 1683 825 1729 SANCTI
865 1687 1186 1731 EPIPHANII

98 1780 246 1812 BBEVIS
272 1781 322 1811 AC
349 1781 458 1812 VERA
487 1783 707 1814 EXPOSITIO
732 1783 840 1814 FlDEI
873 1784 1116 1814 CATHOLICIE
1139 1785 1190 1815 ET
1222 1785 1483 1820 APOSTOLICJE
1506 1786 1719 1820 ECCLESLE.

121 1873 169 1904 (Ex
181 1873 292 1899 editione
304 1874 371 1911 card:
384 1874 518 1911 Tliomasii,
534 1874 695 1911 institutione}
706 1876 856 1911 ιριεοζοῃῑιθαιἶ
863 1880 921 1911 part
930 1885 959 1911 in,
971 1878 1107 1911 VOppttom.
1121 1878 1162 1911 IX,
1177 1886 1200 1909 ῃ,
1213 1880 1268 1904 258.
1283 1881 1418 1905 Reccnsuit
1429 1879 1544 1911 notisque
1557 1883 1626 1906 auxit
1639 1881 1692 1906 An-

322 1905 403 1930 tonius
414 1906 555 1931 l’rauciscus
566 1907 662 1932 Vezzosi
673 1907 698 1932 C.
712 1908 741 1932 R.
754 1905 836 1932 tum
850 1905 917 1939 I769,
929 1910 954 1934 in
965 1910 987 1933 4.
995 1905 1029 1928 '-'—
1038 1909 1114 1935 Notas
1123 1905 1198 1935 etiam
1211 1910 1306 1936 Petavii
1315 1911 1486 1942 subiecimus.)

125 2026 163 2053 L’.
177 2024 217 2052 Τὰ
236 2024 285 2060 μὲν
301 2025 424 2060 πολυειδῆ
436 2026 483 2052 καὶ
498 2025 654 2062 πολύτροποι
669 2027 715 2054 καὶ
729 2027 880 2064 πολυσχεδῆ

970 2030 1107 2066 10781.
1128 2030 1309 2066 Posteaquam
1329 2030 1404 2058 varia
1416 2038 1447 2058 ac
1458 2031 1619 2066 multiplicia
1631 2039 1646 2059 e
1659 2040 1724 2067 pra-

91 2071 143 2097 τῶν
158 2070 274 2098 σκολιῶν
288 2070 479 2107 βουλευμάτων
497 2071 506 2087 ¹
527 2072 581 2098 τῶν
597 2072 724 2100 ἐναντίων
737 2073 881 2100 διαλαϐόν-

90 2126 135 2149 τες
153 2117 279 2153 προπετῆ
298 2117 450 2152 διδάγματα
463 2137 470 2149 ,
486 2118 533 2144 καὶ
558 2117 626 2153 πρὸς
649 2116 718 2150 εἶδος
742 2119 789 2145 καὶ
804 2119 882 2153 γένος

91 2162 222 2194 διελόντες
232 2184 239 2195 ,
257 2162 362 2198 φροῦδα
378 2163 426 2189 καὶ
442 2163 513 2189 ἕωλα
528 2162 642 2198 δυνάμει
659 2162 726 2189 Θεοῦ
741 2163 883 2199 διηλέγξα-

93 2218 141 2244 μεν
157 2209 212 2244 (25)
223 2228 231 2241 ,
256 2209 302 2235 τόν
314 2217 343 2235 τε
360 2210 470 2244 ἄπειρον
483 2209 528 2235 τὸν
541 2208 596 2235 ἀπὸ
616 2209 734 2244 ἑκάστης
748 2209 881 2244 αἱρέσεως

92 2254 270 2290 βλασφημιῶν
297 2254 345 2281 καὶ
366 2254 562 2290 αἰσχρολογιῶν
579 2255 625 2280 καὶ
640 2254 813 2289 ἀηδεστάτων
827 2255 878 2281 αὺ-

91 2300 143 2327 τῶν
164 2299 323 2336 μυστηρίων
345 2300 468 2327 κλύδωνα
482 2299 692 2336 διανηξάμενοι,
709 2299 780 2335 μάλα
804 2300 879 2335 μόλις

91 2344 144 2372 τῶν
160 2343 328 2380 ζητημάτων
350 2345 437 2381 πάντη
454 2345 647 2380 ὲπιλυσάμενοι
658 2364 665 2376 ,
686 2345 733 2371 καὶ
751 2345 800 2380 τὴν
816 2346 879 2372 τού-

91 2399 144 2417 των
171 2390 322 2426 μοχθηρίαν
339 2390 559 2426 ὕπερὸεὸηκότες
573 2410 581 2422 ,
601 2391 657 2421 τοῖς
682 2390 732 2425 τῆς
751 2390 879 2426 ἀληθείας

91 2435 229 2470 γαληνίοις
247 2435 451 2470 ὲπλησιάσαμεν
477 2435 588 2471 χωρίοις
599 2455 606 2467 ,
624 2435 712 2463 πάντα
728 2437 778 2471 μὲν
797 2437 879 2463 τόπον

91 2481 270 2509 δυσθᾶλαττον
293 2481 509 2516 διαπεράσαντες
522 2502 529 2512 ,
554 2481 600 2508 καὶ
617 2482 707 2508 πᾶσαν
729 2482 813 2517 ζάλην
831 2483 879 2509 καὶ

91 2527 228 2562 ἀφρισμὸν
245 2527 291 2553 καὶ
312 2527 442 2562 κυμάτων
455 2527 591 2561 κὺρτωσιν
605 2528 615 2543 ¹
629 2528 877 2563 ὑπομεμενηκότες,

93 2574 171 2601 σάλον
184 2574 223 2605 δὲ,
240 2573 277 2605 ὡς
292 2574 388 2605 εἰπεῖν,
404 2575 451 2601 καὶ
467 2574 585 2608 ῐλιγγας,
595 2573 682 2610 βράχη
697 2584 727 2601 τε
743 2575 774 2601 οὐ
785 2576 818 2601 τά
832 2584 879 2601 τυ-

930 2076 972 2103 vis
994 2080 1089 2103 exorta
1113 2076 1236 2103 consiliis
1262 2084 1294 2103 ac
1318 2077 1461 2104 temeraria
1486 2077 1658 2104 inimicorum
1677 2078 1723 2105 do-

930 2125 1021 2156 gmata
1039 2121 1224 2156 disputatione
1241 2126 1334 2150 nostra
1351 2123 1486 2157 complexi
1502 2127 1609 2156 sumus,
1633 2128 1659 2150 et
1674 2131 1722 2158 per

931 2167 1033 2195 formas
1045 2175 1200 2202 generoque
1213 2168 1419 2200 distribuentes.
1435 2176 1517 2203 quam
1533 2176 1611 2196 cassa
1623 2173 1649 2195 ct
1663 2170 1722 2196 ina-

931 2213 975 2239 nia
991 2212 1081 2239 forent
1096 2212 1143 2240 Dei
1157 2213 1256 2240 virtute
1269 2212 1459 2248 patefecimus,
1474 2218 1530 2240 tum
1545 2222 1610 2241 vero
1620 2221 1653 2241 ex
1670 2214 1720 2240 im-

933 2258 1037 2286 mensis
1052 2258 1106 2286 illis
1122 2259 1338 2294 uniuscujusque
1351 2264 1433 2286 secus
1447 2259 1674 2286 contumeliarum
1691 2259 1720 2287 in

934 2303 1018 2331 Deum
1041 2311 1072 2331 ac
1097 2311 1195 2331 vocum
1226 2304 1445 2339 turpissimarum
1469 2304 1721 2331 acerbissimorum-

933 2358 987 2386 que
1011 2351 1203 2386 mysteriorum
1228 2349 1356 2377 fluctibus
1377 2350 1567 2383 enatavimus;
1590 2357 1720 2384 cumque,

933 2395 1061 2423 erunibus
1075 2396 1254 2430 quaestionum
1274 2395 1353 2423 nodis
1369 2403 1441 2431 mare
1461 2394 1603 2423 dissolutis
1617 2398 1644 2422 et
1661 2395 1722 2421 illo-

934 2449 994 2468 rum
1011 2442 1186 2476 improbitate
1203 2445 1341 2476 superata,
1354 2441 1387 2469 ad
1405 2441 1581 2476 tranquillam
1596 2440 1721 2469 veritatis

933 2487 1078 2513 stationem
1108 2487 1311 2522 appulerimus,
1347 2486 1448 2514 difﬁcili
1476 2493 1508 2513 ac
1533 2489 1720 2521 tenlpestuoso

933 2532 1006 2558 omni
1021 2532 1081 2558 loco
1098 2533 1273 2565 transmisso,
1286 2536 1313 2559 ct
1329 2532 1455 2567 procellis
1476 2539 1507 2558 ac
1521 2532 1659 2567 spumosis
1671 2540 1720 2558 un-

931 2577 1026 2604 darum
1045 2578 1196 2605 vorticilius
1209 2578 1342 2610 defuncti,
1362 2578 1407 2605 ubi
1419 2578 1597 2612 jactationem
1614 2585 1646 2605 ac
1657 2585 1719 2604 ver-

92 2619 171 2654 χόντα
186 2619 233 2646 καὶ
247 2619 421 2655 θηριοδόλους
435 2620 533 2652 τόπους
547 2620 707 2656 θεασάμενοι
720 2641 728 2654 ,
751 2621 780 2647 ἑν
796 2622 878 2657 πείρα

938 2623 1042 2659 ,igincm
1067 2624 1171 2657 experti
1192 2624 1302 2658 smpius,
1329 2627 1385 2651 tum
1405 2623 1498 2652 brevia
1520 2623 1676 2658 vadosaquc
1693 2627 1720 2649 et

91 2674 120 2693 τε
134 2666 237 2692 τούτων
250 2665 294 2692 διὰ
306 2665 359 2693 τῶν
371 2666 459 2702 λόγων
471 2667 659 2703 γεγενημένοι,
676 2667 722 2694 τὸν
738 2667 789 2703 τῆς
801 2668 876 2704 εἰρή-

125 2741 180 2775 ¹πλ
200 2737 381 2778 βουλεύματα.
429 2744 440 2759 ²
452 2753 496 2778 γρ.
515 2744 656 2781 κύρτασιν.

125 2831 180 2866 (‘25)
201 2831 366 2871 Befemntur
386 2833 431 2860 illa
446 2838 554 2871 oportet
576 2835 800 2871 advsuperiorum
816 2835 871 2862 lue-

931 2669 1030 2697 infesta
1043 2668 1141 2698 belluis
1151 2670 1210 2697 loca
1224 2677 1305 2705 quam
1318 2670 1434 2705 plurima
1447 2670 1646 2707 prospeximus.
1658 2675 1720 2703 qua)

927 2835 1080 2869 subiunxit,
1112 2835 1151 2861 uti
1177 2838 1299 2865 constat,
1328 2837 1489 2869 przesentcm
1521 2830 1595 2859 Fidei
1627 2828 1716 2864 Expo-

94 2873 186 2895 rescou
207 2867 233 2894 in
257 2867 373 2895 Panario
390 2867 602 2897 confutationem
615 2867 700 2898 'cui‘S.
714 2870 880 2905 Epiphanius
934 2867 1071 2900 sitionem.
