1935 3044
188 171 241 199 775

895 165 925 193 S.
946 163 1119 193 EPIPHANII

1772 163 1828 191 776

189 229 299 264 quidem
319 227 353 255 iis
369 227 396 254 in
412 225 649 262 disputationibus
663 223 925 259 contmcntariisque
937 230 983 258 pc-

1047 232 1084 258 ιης
1098 223 1194 258 λιμένι
1210 223 1269 250 νυνὶ
1286 221 1419 258 οεὼμενοι
1434 243 1442 254 ,
1458 223 1498 254 είς
1517 222 1546 249 ὃν
1563 222 1682 258 κατᾶραι
1698 221 1832 249 σπεύδον-

191 274 305 302 riclitati
323 280 442 300 sumus:
460 280 522 299 cum
539 275 681 306 postremo
698 270 773 305 pacis
792 273 899 304 portum
916 269 983 296 emi-

190 326 243 346 nus
263 318 431 348 intueamur,
455 317 488 343 ad
505 324 567 344 eum
594 323 690 342 navem
717 314 856 350 applicare
875 314 985 349 cupien-

190 366 242 393 tes,
259 362 345 389 divini
364 361 486 388 numinis
501 368 579 396 opem
598 368 696 388 rursus
711 359 932 394 implorabimus.
946 360 985 386 Ae

192 413 264 435 metu
282 408 392 442 quidem
411 407 485 434 omni
506 410 533 434 et
551 406 734 441 trepidatione
755 413 914 440 nauseaque
927 412 986 431 ces-

192 458 281 486 sante,
298 453 402 488 optimo
420 453 447 479 in
471 456 544 479 statu
562 452 642 487 pesiti
659 451 916 486 jucundissimoque
931 457 987 477 cer-

192 499 270 525 tioris
291 505 366 525 aura:
383 505 414 524 ac
430 497 589 525 securitatis
605 497 694 523 amato
712 497 896 531 perfruentes,
914 499 987 522 tran-

192 544 306 578 quillum
318 544 375 578 jam
392 543 419 570 in
437 547 546 578 portum
564 543 704 573 subducti,
721 542 820 577 spiritu
839 542 988 576 animoque

193 589 336 624 gestimus.
355 589 461 616 Etenim
484 588 518 615 iis
537 589 563 615 in
585 588 725 619 omnibus,
751 588 773 615 si
794 595 888 614 verum
908 585 988 613 fateri

194 636 331 667 volumus,
348 635 473 669 pluribus
490 634 673 661 incommodis
691 637 719 661 et
736 633 863 660 maximis
879 632 989 667 injuriis

194 681 356 714 conﬂictati,
372 688 415 711 ac,
431 680 556 707 terrestri
574 679 768 713 maritimoque
782 678 880 705 itinere
896 677 990 704 confe-

195 730 251 757 cto,
266 733 383 760 quorum
408 725 434 752 in
453 725 499 752 illo
513 724 658 760 impeditas
675 731 708 751 ac
726 723 849 751 didiciles
866 723 990 751 salebras

195 775 223 799 ct
238 771 396 799 solitudinis
409 771 585 806 asperitates,
600 771 626 798 in
643 771 695 798 hoc
712 771 787 798 varia
803 770 923 806 pericula
939 770 991 797 tui-

197 825 258 844 mus
279 817 393 850 emensi,
412 825 473 844 cum
487 817 544 850 jam
562 817 701 844 civitatem
722 816 935 852 prospicianius,
957 815 991 842 ad

197 865 285 899 ipsam
313 870 495 898 propr-remus
527 868 652 890 sonclam
677 862 859 894 Hierusalem,
889 861 991 889 Christi

1036 277 1082 300 τες
1092 290 1099 301 ,
1114 268 1148 295 δι’
1160 261 1244 303 εὐχῆς
1260 268 1341 295 πάλιν
1356 269 1401 294 τὸν
1417 268 1516 304 Κύριον
1531 267 1672 302 ἀξιοῦμεν.
1689 268 1758 302 Ἤδη
1778 266 1832 302 μὲν

1038 314 1137 345 παντὸς
1155 313 1236 348 φόϐου
1263 313 1310 340 καὶ
1335 312 1451 348 θορύϐου
1467 313 1514 339 καὶ
1539 313 1707 344 ναυτιάσεως
1724 311 1833 339 ὑπολω-

1038 359 1160 394 φῶντες,
1186 358 1242 391 ἓξει
1260 358 1288 385 δὲ
1317 358 1450 394 καλλίστῃ
1468 357 1556 392 (τὰς)
1578 358 1631 393 πρὸ
1652 358 1702 393 τῆς
1717 359 1833 394 στερεᾶς

1039 405 1153 441 ἄϐρας¹⁰
1166 404 1345 440 ὲμπνεόμενοι
1356 404 1402 430 καὶ
1415 403 1565 438 ἀσφαλείας
1579 403 1627 430 καὶ
1638 403 1685 430 τοῦ
1697 412 1727 430 τε
1742 403 1832 430 εὐδίου

1039 452 1147 486 λιμένος
1161 471 1167 482 ,
1185 450 1370 488 ὲνισχυόμενοι
1385 450 1424 485 τῷ
1442 449 1578 485 πνεύματι
1599 449 1648 485 ἤδη
1663 449 1830 485 γεγήθαμεν.

1040 498 1130 524 Πολλὰ
1148 497 1197 533 μὲν
1219 497 1260 531 (εἰ
1277 497 1319 523 δεῖ
1342 496 1366 523 τ’
1390 496 1478 532 ἀληθῆ
1504 495 1614 531 λέγειν)
1639 495 1763 531 μοχθηρὰ
1785 495 1833 522 ἐπὶ

1040 544 1166 576 τούτοις,
1184 543 1231 570 καὶ
1255 542 1348 577 ὖὸρεις
1367 543 1396 569 οὐ
1421 542 1471 574 τὰς
1492 541 1628 577 τυχούσας
1653 541 1832 574 ὑποστάντες,

1041 590 1089 617 καὶ
1105 590 1157 624 γῆν
1175 589 1222 616 καὶ
1244 588 1379 615 θάλατταν
1389 608 1396 620 ,
1418 589 1456 619 ὡς
1481 589 1569 614 εἰπεῖν
1581 608 1588 619 ,
1604 587 1787 620 πεζεύσαντές
1801 595 1833 614 τε

1042 636 1090 662 καὶ
1104 635 1372 671 ποντοπορήσαντες,
1399 634 1447 669 τῆς
1469 634 1517 669 μὲν
1533 635 1585 669 γῆς
1609 633 1642 660 τὰ
1664 633 1768 669 spari},
1786 633 1834 660 καὶ

1043 682 1092 716 τῆς
1107 680 1212 716 ἐρήμου
1228 679 1277 710 τὰς
1301 679 1453 714 δυσχωρίας
1463 699 1470 711 ,
1487 680 1535 704 και.
1559 677 1613 705 τῶν
1627 677 1834 713 προειρημένων

1044 727 1169 761 πελαγῶν
1183 727 1246 758 τοὺς
1260 725 1399 756 κινδύνους
1411 745 1418 756 ,
1433 724 1500 759 ὁμοῦ
1512 732 1542 750 τε
1559 723 1636 750 πόλιν
1647 723 1774 758 ὁρῶντες.
1790 723 1834 749 ἐπ’

1044 773 1128 808 αὐτὴν
1146 772 1309 807 σπεύσωμεν
1321 791 1328 804 ,
1349 770 1398 806 τὴν
1415 770 1495 804 ἁγίαν
1513 768 1691 806 Ἰερουσαλὴμ
1703 788 1711 800 ,
1725 769 1773 795 καὶ
1783 769 1835 804 τὴν

1045 819 1180 855 παρθένον
1197 817 1315 854 Χριστοῦ
1326 837 1334 851 ,
1360 817 1407 844 καὶ
1425 816 1534 852 νύμφην
1545 835 1552 847 ,
1568 815 1676 850 ἀσφαλῆ
1697 823 1728 841 τε
1754 815 1836 849 βάσιν

1046 865 1094 892 καὶ
1105 864 1218 899 πέτραν,
1243 864 1344 898 σεμνὴν
1361 871 1391 889 τε
1406 862 1512 897 μητέρα
1525 861 1614 897 ἡμῶν.
1632 860 1750 897 Χριστοῦ
1770 861 1837 896 νύμρ

196 909 330 943 virginem
356 916 388 935 ac
414 916 555 943 sponsam.
573 908 651 936 basin
677 912 704 935 et
732 913 836 943 petram
860 907 992 935 solidissi-

1047 919 1106 946 p-qv.
1121 909 1311 945 Εὑκαιρότατα
1328 909 1374 935 καὶ
1393 908 1471 935 αὐτοὶ
1490 908 1632 942 λέγοντες·
1651 907 1750 937 Δεῦτε.
1762 906 1836 934 dra-

197 961 269 981 mam
283 953 521 988 venerandamque
542 958 655 980 matrem
681 957 816 985 nostram,
830 957 857 980 et
868 952 991 980 eamdem

198 1000 300 1027 Christi
316 1006 458 1034 sponsam.
476 998 504 1025 In
523 1006 578 1034 quo
593 1003 747 1034 opportune
769 999 842 1026 istud
859 1006 993 1032 usurpare

198 1050 347 1079 possumus
360 1042 464 1070 :Vem'te
476 1062 482 1074 ,
501 1043 677 1070 ascendanms
695 1043 729 1070 ad
756 1047 870 1070 montem
887 1043 993 1070 Domini

198 1093 223 1116 et
238 1088 272 1114 ad
289 1088 397 1115 domum
416 1087 573 1121 DeiJacob,
592 1093 616 1115 ct
638 1088 808 1115 annuntiabit
829 1088 903 1116 nobis
925 1089 994 1115 viam

199 1141 276 1160 suam
294 1134 314 1166 ',
328 1137 381 1161 etc.

238 1178 389 1214 1079".
409 1179 490 1214 Agite
507 1179 611 1214 itaque,
636 1177 741 1206 Christi
769 1178 816 1206 filii
841 1186 873 1206 ac
893 1182 996 1206 sancite

201 1223 249 1251 Dei
268 1224 398 1252 Ecclesia:
413 1225 506 1258 liberi,
524 1224 571 1259 qui
593 1224 645 1251 hoc
665 1228 790 1251 nostrum
804 1223 837 1251 de
857 1231 928 1250 Lux
940 1223 996 1250 hae-

201 1270 317 1297 resibus.
333 1278 403 1305 opus
418 1271 536 1306 benigne
558 1269 745 1304 percurristis,
769 1269 871 1304 quique
888 1276 994 1296 mecum

203 1315 368 1343 altissimum
381 1316 456 1342 illum
472 1323 617 1351 pravorum
632 1315 801 1351 dogmatum,
815 1323 876 1351 quae
894 1315 997 1343 hucus-

203 1369 256 1396 que
280 1362 498 1396 percensuimus,
523 1362 658 1397 gurgitem
675 1362 818 1393 tranaslis,
839 1369 871 1389 ac
891 1365 995 1390 vastam

203 1411 230 1432 et
253 1405 454 1433 formidabilem
482 1407 709 1441 siticulosamque
734 1406 911 1435 solitudinem
936 1414 998 1442 per-

206 1452 334 1486 agrastis,
364 1459 455 1479 rerum
483 1452 606 1479 omnium
631 1452 776 1480 Dominum
808 1452 995 1487 implorenms.

204 1499 282 1531 Quod
309 1498 418 1533 quidem
436 1498 597 1533 jamdudum
615 1499 645 1526 in
665 1500 736 1526 votis
753 1499 910 1532 habuimus,
934 1506 996 1525 cum

205 1544 232 1570 in
253 1544 374 1579 quolibet
387 1549 523 1572 set-tarum
540 1543 697 1571 istiusmodi
720 1544 790 1576 loco,
812 1543 852 1571 sic
867 1548 996 1579 tanquam

204 1591 232 1618 in
250 1590 368 1623 Merrha,
382 1593 409 1617 et
427 1590 453 1617 in
475 1589 654 1617 formidolosa
681 1597 712 1617 ac
740 1589 864 1624 squalida
881 1594 906 1617 et
927 1589 999 1616 inac-

205 1643 284 1664 cessa
300 1635 449 1663 solitudine
460 1635 480 1668 ¹,
499 1636 526 1662 in
542 1635 669 1670 obliquos
686 1643 719 1662 ac
733 1640 873 1663 tortuosos
889 1635 999 1662 illorum

206 1689 346 1709 sermones
359 1681 573 1709 incurrercmus.
584 1680 664 1708 Nunc
677 1681 744 1709 illud
753 1681 815 1716 jure
826 1684 922 1708 nostro
936 1688 1000 1716 pro-

206 1728 364 1755 nuntiemus
395 1737 400 1754 :
424 1726 653 1760 Quemadmodum
687 1726 821 1754 desiderat
849 1735 938 1754 cervus
965 1726 1000 1753 ad

206 1773 291 1806 [antes
315 1780 460 1806 aquarum,
493 1773 530 1799 ita
556 1772 689 1800 desiderat
716 1773 806 1799 anima
833 1781 891 1799 mea
913 1771 947 1799 ad
964 1777 999 1804 te,

207 1817 277 1845 Deus
290 1818 312 1844 ’.
335 1819 401 1846 Item
418 1828 425 1845 :
446 1818 558 1851 Quando
574 1819 686 1851 veniam,
700 1824 725 1846 et
742 1820 871 1853 apparebo
883 1824 944 1845 ante
955 1818 1000 1853 fa-

207 1865 272 1890 ciem
286 1864 335 1891 Dei
347 1864 376 1890 |*?
389 1864 461 1897 Quin
483 1868 509 1891 et
526 1871 582 1899 .nos
597 1863 719 1898 ejusdem
738 1864 887 1900 Scriptura;
909 1865 1001 1892 verbis

208 1916 337 1943 sponsam
364 1916 504 1939 vocemus,
529 1916 584 1936 non
609 1913 638 1936 ut
660 1908 706 1936 ille
725 1909 811 1944 ipsius
827 1909 950 1945 Sponsus
968 1917 1000 1936 ac

209 1953 340 1981 Dominus
351 1958 378 1982 et
404 1962 454 1981 rex
468 1958 495 1981 et
512 1954 583 1981 Deus
606 1959 633 1981 et
654 1958 803 1989 protector,
822 1955 869 1982 sed
895 1959 923 1981 ut
940 1955 1000 1989 ejus

213 2000 284 2026 servi
303 1998 399 2026 iisdem
415 1999 516 2034 quibus
531 2000 589 2034 ipse
606 2001 697 2028 verbis
713 2001 787 2028 illam
804 2002 975 2037 appellemus
990 2011 997 2029 :

215 2043 278 2071 Veni
289 2048 322 2071 de
334 2044 447 2077 Libano,
465 2053 573 2079 sponsa,
585 2047 710 2082 quoniam
731 2052 787 2074 tota
803 2047 915 2082 pulchra
926 2056 963 2081 es,
975 2052 1001 2075 et

210 2089 316 2116 "tacula
341 2097 393 2116 non
414 2095 452 2117 est
482 2091 509 2118 in
532 2095 556 2118 te
565 2091 587 2118 '.
603 2091 734 2120 Paradise
755 2093 854 2120 sumini
875 2092 1000 2127 artiﬁcis,

210 2136 299 2163 sancti
317 2137 390 2172 regis
405 2137 513 2168 civitas,
529 2137 590 2173 puri
603 2137 755 2173 illibatique
769 2138 872 2166 Christi
886 2147 999 2174 sponsa,

211 2181 366 2210 castissima
380 2183 469 2219 virgo,
485 2183 532 2210 uni
545 2190 577 2210 ac
590 2183 722 2218 singulari
734 2185 794 2211 viro
805 2184 939 2220 desponsa
952 2193 1001 2220 per

1011 1572 1033 1602 C

1039 956 1142 990 ,βῶμεν
1163 956 1206 988 εις
1225 954 1257 981 τὸ
1273 954 1343 989 ὅρος
1366 954 1479 988 Κυρίου
1494 953 1543 980 καί
1558 953 1602 985 εις
1616 952 1669 979 τὸν
1683 952 1767 980 οἶκον
1780 952 1834 980 τοῦ

1043 1000 1117 1027 Θεοῦ
1140 999 1244 1027 Ἰακὼϐ
1252 1019 1259 1031 ,
1276 999 1325 1026 καὶ
1340 998 1499 1034 ἀναγγελεῖ
1523 997 1596 1033 ἡμῖν
1613 997 1671 1032 τὴν
1694 997 1766 1024 ὁδὸν
1779 999 1835 1025 αὺ-

1043 1045 1097 1072 τοῦ
1107 1065 1115 1078 ,
1129 1044 1177 1072 καὶ
1192 1044 1226 1071 τὰ
1241 1043 1314 1080 ἑξῆς.

1081 1175 1119 1201 Β’.
1130 1175 1197 1209 Ἀγε
1210 1173 1310 1206 τοίνυν,
1327 1174 1350 1200 οἱ
1368 1171 1486 1209 Χριστοῦ
1499 1172 1603 1203 παῖδες.
1619 1171 1673 1198 υίοὶ
1687 1171 1738 1207 τῆς
1753 1171 1837 1209 ’ἁγίας

1046 1220 1114 1248 Θεοῦ
1137 1220 1310 1256 Ἐκκλησίας,
1328 1220 1353 1246 οἱ
1371 1219 1429 1245 τόδε
1455 1218 1485 1244 τὸ
1508 1217 1649 1253 σύνταγμα
1662 1217 1715 1243 τῶν
1738 1217 1836 1252 ὀγδοή-

1046 1275 1128 1294 κοντα
1163 1266 1295 1301 αἱρέσεων
1313 1265 1425 1300 ἡμέρως
1448 1264 1515 1290 αὐτὸ
1528 1263 1704 1300 διερχόμενοι,
1723 1262 1769 1290 καὶ
1788 1273 1838 1288 συν

1047 1313 1109 1348 ἐμοὶ
1121 1312 1166 1338 τδν
1179 1312 1300 1339 τοιοῦτον
1310 1311 1392 1346 ὄγκον
1403 1310 1458 1338 τῶν
1469 1309 1676 1346 προειρημένων
1692 1308 1838 1345 μοχθηρων

1045 1358 1226 1385 διδασκαλιῶν
1248 1358 1452 1393 διανηξάμενοι,
1478 1356 1706 1388 διαπεζεύσαντές
1731 1364 1762 1382 τε
1788 1355 1839 1391 τὴν

1047 1404 1181 1439 τοσαύτην
1198 1403 1312 1440 ἔρημον,
1330 1403 1449 1439 φοϐεράν
1475 1412 1504 1430 τε
1527 1404 1574 1430 καὶ
1589 1404 1617 1430 ὲν
1633 1402 1705 1437 δίψει
1721 1411 1838 1429 κατατε-

1047 1458 1198 1486 ταγμενην,
1226 1449 1455 1485 ὲπικαλεσὼμεθα
1481 1449 1528 1476 τὸν
1554 1449 1607 1476 τῶν
1632 1448 1700 1475 ὅλων
1725 1448 1837 1484 Κύριον.

1049 1497 1136 1524 Πάλαι
1150 1497 1198 1532 μὲν
1208 1497 1237 1523 ὲν
1253 1495 1386 1532 ἐπιθυμίᾳ
1402 1495 1497 1522 τούτου
1511 1495 1598 1526 ὅντες,
1610 1495 1657 1521 καὶ
1670 1493 1839 1521 καθέκαστον

1048 1543 1130 1570 τόπον
1144 1542 1200 1570 τῶν
1217 1542 1348 1579 αἱρέσεων
1361 1539 1473 1573 τούτων’,
1489 1540 1583 1576 ὥσπερ
1597 1541 1626 1568 ὲν
1641 1541 1738 1575 Mem};
1752 1539 1839 1575 τόπῳ.

1050 1590 1097 1617 καὶ
1111 1590 1140 1616 ἐν
1155 1589 1225 1624 δίψει
1240 1589 1288 1624 τῆς
1304 1588 1423 1624 φοϐερᾶς
1434 1587 1534 1614 ἀϐάτου
1552 1587 1667 1622 ἐρήμου,
1684 1587 1728 1613 ἀεὶ
1744 1595 1841 1613 συναν-

1049 1636 1150 1668 τόιντες
1163 1636 1220 1667 τοῖς
1240 1635 1355 1666 σκολιοῖς
1371 1634 1460 1661 αὐτῶν
1478 1634 1574 1668 λόγοις.
1607 1634 1840 1669 Ἐπιφωνήσωμεν

1050 1682 1097 1709 καὶ
1121 1682 1214 1710 αὐτοί·
1241 1683 1296 1707 Ὃν
1319 1682 1433 1714 τρόπον
1455 1679 1589 1707 ἐπιποθεῖ
1613 1679 1632 1712 ἠ
1656 1679 1768 1714 ἔλαφος
1790 1679 1841 1706 ἐπὶ

1049 1728 1103 1761 τὰς
1117 1727 1214 1762 πηγὰς
1230 1727 1290 1753 τῶν
1301 1726 1429 1758 ὑδάτων,
1446 1725 1542 1758 οὕτως
1557 1724 1694 1752 ἐπιποθεῖ
1712 1726 1731 1758 ἠ
1754 1725 1839 1759 ψυχή

1046 1781 1107 1807 μου
1119 1772 1195 1806 πρὸς
1211 1771 1259 1804 σὲ,
1280 1773 1297 1799 ό
1313 1771 1394 1804 Θεός.
1412 1771 1468 1797 Kal.
1481 1770 1577 1797 πάλιν·
1594 1771 1669 1797 Πότε
1688 1770 1775 1802 ἔλθω,
1792 1771 1841 1797 καί

1050 1818 1220 1853 ὀφθήσομαι
1236 1817 1276 1850 τῷ
1292 1816 1440 1851 προσώπῳ
1453 1816 1506 1844 τοῦ
1521 1816 1614 1849 Θειοῦς
1631 1816 1680 1843 Διὰ
1700 1817 1779 1843 τοῦτο
1795 1817 1841 1844 τί·

1049 1873 1106 1900 χιον
1124 1864 1171 1891 καὶ¹
1185 1863 1262 1890 αὐτοὶ
1278 1862 1516 1898 ἐπικαλεσὼμεθα,
1531 1862 1580 1898 οὐχ
1595 1863 1633 1894 ὡς
1653 1862 1756 1894 ἐκεῖνος
1777 1863 1842 1889 ὲκά-

1049 1910 1091 1936 λει
1111 1909 1160 1945 τὴν
1174 1909 1295 1945 νύμφην,
1317 1908 1537 1944 νυμφίος”αὑτῆς
1550 1908 1704 1943 τυγχάνων,
1721 1908 1768 1934 καὶ
1785 1908 1842 1934 Κύ-

1051 1964 1118 1991 ριος,
1147 1955 1195 1982 καὶ
1217 1954 1368 1990 Δεσπότης,
1397 1954 1446 1981 καὶ
1471 1953 1608 1988 βασιλεὺς,
1630 1953 1677 1980 καὶ
1694 1953 1770 1985 Θεὸς,
1795 1953 1842 1980 καὶ

1051 2001 1225 2036 ὑπέρμαχος·
1243 2000 1301 2027 ἀλλ’
1317 1999 1355 2031 ὡς
1370 1999 1458 2026 δοῦλοι
1473 1998 1554 2026 αὐτοῦ
1573 2000 1653 2034 ἡμεῖς
1669 1999 1841 2026 ὲπικαλεσώ-

1051 2045 1131 2081 μεθα,
1148 2045 1253 2081 συνῳδὰ
1267 2045 1305 2081 τῷ
1330 2045 1405 2080 αὑτῷ
1429 2045 1477 2072 καὶ
1498 2044 1575 2072 αὐτοὶ
1589 2044 1729 2080 λέγοντες⁹
1748 2044 1842 2078 Δεῦρο

1049 2092 1109 2120 ἀπὸ
1129 2092 1269 2124 Λιϐάνου,
1291 2092 1403 2126 νύμφη,
1422 2091 1467 2118 ὅτι
1491 2091 1548 2125 ὅλη
1563 2090 1641 2125 καλὴ
1662 2090 1698 2123 εἴ,
1720 2090 1768 2117 καὶ
1781 2090 1843 2126 μῶο

1046 2147 1105 2172 μσς
1119 2139 1174 2164 οὐκ
1191 2137 1277 2164 ἔστιν
1290 2137 1325 2163 ὲν
1339 2137 1399 2163 σοι.
1426 2135 1455 2162 ’0
1476 2135 1640 2172 παράδεισος
1656 2135 1703 2162 τοῦ
1722 2137 1842 2171 μεγάλου

1050 2183 1182 2219 τεχνίτου,
1199 2184 1216 2219 ἡ
1231 2183 1307 2215 πόλις
1323 2182 1370 2209 τοῦ
1393 2182 1471 2217 ἁγίου
1488 2182 1628 2217 βασιλέως,
1644 2183 1661 2218 ἡ
1681 2183 1774 2218 νύμφη
1793 2182 1841 2210 τοῦ

211 2227 302 2260 tidem.
323 2229 463 2264 splendida
480 2229 507 2256 et
531 2228 644 2256 diluculi
662 2230 750 2258 instar
762 2238 921 2265 emergens;
941 2232 995 2266 pul-

1052 2229 1166 2256 ἀσπίλου
1179 2229 1308 2265 Χριστοῦ,
1328 2229 1345 2265 ἡ
1361 2228 1493 2265 παρθένος
1509 2229 1526 2264 ὴ
1551 2229 1631 2264 ἁγνὴ,
1651 2229 1723 2264 μόνῳ
1738 2230 1777 2256 ἑνὶ
1793 2231 1842 2256 ἀν-

211 2273 277 2300 cbra
294 2279 323 2301 ut
338 2275 413 2308 luna,
427 2275 512 2302 electa
538 2279 567 2302 ut
586 2275 637 2307 sol,
664 2275 793 2303 terribilis
806 2280 835 2304 ut
845 2279 997 2304 castrorum

211 2319 284 2346 acies
305 2320 430 2346 ordinata
444 2321 472 2347 ':
487 2327 569 2355 quam
589 2321 689 2357 reginae
709 2321 816 2349 beatam
835 2321 996 2356 pradicant,

210 2367 238 2390 et
247 2365 408 2392 concubinae
416 2366 569 2399 'eelebrant,
581 2370 608 2393 et
621 2367 717 2402 puellae
727 2366 886 2394 collaudant
894 2368 904 2383 '
917 2376 925 2401 ;
938 2375 998 2403 qua:

210 2409 338 2437 ascendis
358 2417 373 2437 e
397 2411 517 2444 deserto,
537 2412 760 2447 splendidissimo
775 2413 895 2441 candore
916 2414 1000 2441 collu-

210 2461 277 2482 cens
309 2459 336 2482 ει
361 2456 456 2484 innixa
479 2459 692 2494 patruelizquae
715 2463 917 2495 unguentorum
942 2459 998 2487 fra-

211 2501 344 2536 grantiam
361 2503 466 2531 redules
481 2513 488 2530 :
503 2512 563 2539 qua:
576 2505 703 2533 ascendis
718 2513 733 2532 e
745 2505 854 2533 deserto
867 2510 998 2541 tanquam

214 2546 316 2581 virgula
330 2546 397 2573 fumi
409 2555 442 2574 ex
458 2549 575 2583 myrrhae
590 2549 734 2585 thurisque
749 2549 852 2582 suﬂitu.
868 2554 950 2585 atque
966 2558 999 2578 ex

211 2591 366 2618 aromatarii
394 2592 556 2628 pulvisculo,
585 2595 631 2630 qui
663 2595 857 2622 suavissimum
886 2594 998 2623 odorem

211 2639 348 2664 exhalavit
360 2638 382 2666 '.
397 2639 483 2672 Quem
500 2640 544 2667 illa
564 2641 718 2675 praevidens
733 2641 841 2669 dicebat
856 2651 862 2669 :
880 2641 1001 2677 Unguen-

211 2685 267 2709 tum
287 2683 399 2717 emtam
418 2693 510 2712 nomen
529 2692 603 2713 tuum
618 2695 627 2713 :
641 2692 778 2722 propterea
796 2687 999 2715 adolescentula:

210 2727 359 2756 dilexerunt
373 2735 396 2756 te
413 2730 435 2756 '.
463 2731 529 2763 Quae
555 2731 589 2758 ad
609 2731 749 2759 dexteram
779 2733 852 2768 regis
878 2732 999 2768 assistis,

247 2818 379 2865 ξῃίηιιηιι,
451 2821 468 2865 μ’
481 2819 569 2865 Exod.
582 2829 625 2865 xv:
639 2821 743 2865 233m.

209 2849 220 2865 ⁸
238 2822 328 2865 l:nts‘a.
349 2822 419 2865 ιι,
451 2822 468 2865 μ’
481 2822 569 2865 Exod.
582 2829 625 2865 xv:
639 2822 743 2865 2331f].
782 2822 794 2865 ξ
809 2822 882 2850 Psal.
900 2831 956 2858 XLI,
974 2823 1001 2850 ‘2.

237 2852 317 2881 Cant.
336 2862 376 2888 In,
392 2854 418 2881 ti.
451 2861 462 2877 ν
480 2857 558 2885 Cant.
577 2864 595 2889 I,
608 2856 636 2883 2.
675 2857 697 2873 ¹⁰

714 2856 744 2884 F.
761 2856 858 2894 αὕρας.

1051 2275 1095 2311 δρὶ
1115 2276 1144 2302 ὲν
1170 2275 1260 2302 πίστει
1281 2274 1520 2311 μεμνηστευμένη,
1542 2276 1558 2310 ὴ
1583 2275 1715 2311 διαφανὴς
1731 2275 1779 2302 καὶ
1794 2277 1841 2302 ὲκ-

1052 2321 1191 2348 κύπτουσα
1215 2321 1281 2347 ὡσεὶ
1301 2321 1408 2357 ὄρθρος,
1433 2320 1502 2355 καλὴ
1520 2320 1558 2352 ὥς
1579 2320 1689 2356 σελήνη,
1711 2321 1748 2352 ὡς
1766 2321 1843 2356 ἣλιος

1051 2367 1184 2403 ὲκλεκτὴ,
1211 2366 1314 2402 θάμϐος
1336 2366 1373 2398 ὡς
1400 2365 1566 2402 τεταγμένη,
1589 2367 1605 2401 ἡ
1635 2367 1842 2404 μακαριζομένη

1050 2412 1105 2439 ἀπὸ
1120 2412 1173 2438 τῶν
1194 2412 1346 2447 βασιλίδων.
1365 2412 1411 2439 καὶ
1426 2412 1612 2448 ἐξυμνουμένη
1628 2413 1680 2439 ὑπὸ
1699 2412 1753 2438 τῶν
1771 2412 1843 2440 παλ-

1050 2458 1177 2491 λακίδων,
1206 2460 1222 2494 ἡ
1250 2458 1302 2485 ὑπὸ
1319 2458 1372 2484 τῶν
1395 2458 1553 2494 θυγατέρων
1574 2458 1770 2493 ἐπαινουμένη.
1796 2458 1844 2485 καὶ

1051 2503 1106 2530 ἀπὸ
1120 2504 1170 2539 τῆς
1194 2504 1298 2539 ἐρήμου
1312 2503 1491 2539 ἀνερχομένη,
1514 2503 1561 2530 καὶ
1580 2503 1842 2539 λελευκανθισμένη,

1051 2549 1099 2576 καὶ
1122 2549 1168 2575 ἐπὶ
1192 2549 1236 2576 τὸν
1258 2548 1416 2583 ἀδελφιδοῦν
1442 2549 1527 2584 αὐτῆς
1552 2549 1795 2585 ὲπιστηριζομένη,
1826 2550 1844 2586 ἡ

1053 2595 1146 2632 μύρων
1163 2594 1291 2626 πνέουσα,
1305 2595 1322 2630 ὴ
1351 2594 1405 2621 ἀπὺ
1419 2594 1470 2630 τῆς
1488 2596 1592 2631 ἐρήμου
1616 2595 1785 2631 ἀνερχομένη
1805 2596 1844 2628 ὡς

1053 2641 1166 2676 στελέχη
1183 2640 1287 2668 καπνοῦ
1313 2641 1500 2676 τεθυμιαμένη
1526 2641 1648 2676 σμύρναν
1670 2641 1716 2668 καὶ
1733 2641 1844 2669 λίϐανον

1053 2687 1107 2714 ἀπὸ
1125 2687 1270 2721 κονιορτών
1295 2686 1427 2723 μυρεψοῦ.
1452 2686 1498 2713 τοῦ
1520 2686 1665 2718 δεδωκότος
1680 2687 1778 2713 ἑαυτοῦ
1794 2687 1844 2723 τὴν

1054 2733 1191 2768 εύοδμίαν.
1212 2733 1260 2760 Ὃν
1284 2732 1428 2769 προορῶσα
1450 2732 1543 2767 ἔλεγε·
1561 2733 1662 2767 Μύρον
1674 2732 1845 2760 ἑκκενωθὲν

1041 2809 1187 2851 ⁸ὶῠίι1.5.’
1209 2822 1220 2838 ι
1235 2821 1315 2850 Cant.
1333 2821 1412 2855 ms.
1451 2822 1555 2850 “Cant.
1572 2829 1611 2857 νι,
1626 2821 1653 2850 9.
1690 2821 1700 2837 ν
1717 2821 1787 2850 ibid.
1812 2823 1841 2850 ε.
