1935 3044
90 179 142 208 ΤΠ

360 175 545 204 ADVERSUS
560 174 731 203 IIERESES
751 174 814 202 LIB.
828 173 871 201 lll.

928 173 1025 202 )M.'ll.
1045 190 1081 197 -υ
1100 174 1283 203 EXPOSITIO
1302 175 1401 204 FlDEl.

1659 180 1710 208 778

89 235 183 270 ὄνομά
207 241 273 266 σοι,
297 233 347 260 διὰ
370 233 459 260 τοῦτο
480 232 617 265 ’νεάνιδες
639 231 802 266 ἠγάπησάν
829 238 876 257 σε.

931 228 1076 258 ﬁmbriatis
1100 231 1194 259 induta
1212 232 1335 260 vestibus
1347 233 1367 265 ',
1390 237 1418 260 et
1436 232 1548 260 intextis
1569 238 1648 263 auro.
1665 240 1713 259 va-

92 281 126 308 Ἦ
151 281 282 316 ἑστηκυῖα
306 281 338 306 ὲκ
368 279 462 313 δεξιῶν
485 280 532 306 τοῦ
560 278 699 314 βασιλέως,
716 277 876 312 ἐνδεδυμένη

88 327 242 364 κῳσσωτά,
261 325 418 361 διαχρύσοις
441 325 683 360 πεποικιλμένη,ἡ
710 323 792 358 μηδὲν
814 331 877 349 σκο-

89 372 175 399 τεινὸν
192 371 301 406 ἔχουσα.
318 370 387 397 Ποτὲ
404 371 431 397 δὲ
449 369 673 405 μεμελανωμένη,
693 369 750 395 νυνὶ
765 368 792 394 δὲ
807 367 876 402 καλὴ

89 418 136 444 καὶ
150 416 409 452 λελευκανθισμένη·
427 417 470 443 ἴνα
484 418 513 442 ὲν
535 417 575 442 σοὶ
589 415 727 450 γενόμενοι
744 415 877 450 λωφήσω-

90 472 140 498 μεν
163 463 217 489 τῶν
234 462 445 499 προδιελθόντων
467 462 540 497 ἡμᾶς
565 461 702 495 στυγερῶν
725 460 780 486 τῶν
804 459 878 494 αἱρέ-

90 518 158 535 σεων
180 509 362 544 πραγμάτων,
386 508 432 535 καὶ
448 508 629 542 ἡσυχάσωμεν
651 505 704 532 ἀπὸ
722 505 810 532 σάλων
829 505 878 539 τῆς

88 554 142 579 τῶν
159 553 248 579 αὐτῶν
262 553 421 588 τρικυμίας,
436 553 484 579 καὶ
499 551 679 586 ἀναψύξωμεν
696 551 725 577 ὲν
746 550 797 581 σοὶ,
812 549 878 583 ἁγία

91 602 183 636 μήτηρ
204 599 281 635 ἡμῶν
301 599 459 634 Ἐκκλησία,
476 598 523 625 καὶ
537 598 566 624 ὲν
589 598 622 632 τῇ
641 596 707 631 ἁγίᾳ
721 597 750 622 ἐν
775 595 817 622 σοὶ
841 595 875 621 δι-

89 645 234 681 δασκαλίᾳ,
253 645 299 672 καὶ
314 644 380 680 ἁγίᾳ
404 644 451 671 καὶ
475 643 543 679 μόνῃ
565 643 655 669 πίστει
675 641 743 668 θεοῦ
764 642 791 667 ἐν
813 640 879 675 ἀλη-

90 693 159 728 θείᾳ.
185 691 264 718 Ἀλλὰ
277 690 394 726 ἄρξομαι
413 689 478 725 περὶ
491 688 592 723 ταύτης
612 688 660 723 τῆς
680 687 761 720 ἁγίας
775 686 878 717 πόλεως

87 737 154 763 Θεοῦ
168 736 203 762 τὰ
224 735 368 770 θαυμαστὰ
382 733 553 771 διηγεῖσθαι·
573 733 607 759 τὰ
629 732 683 767 γὰρ
698 731 878 766 δεδοξασμένα

87 781 204 817 ἐλαλήθη
229 781 292 816 περὶ
314 780 411 814 αὐτῆς,
437 780 475 811 ὡς
494 779 576 814 φησὶν
599 779 613 804 ὁ
637 778 798 814 Προφήτης·
826 779 874 804 Δε-

929 275 1032 312 riisque
1054 277 1185 312 perpolita
1202 286 1207 304 :
1226 285 1286 312 quae
1305 277 1505 305 tenebricosum
1524 277 1592 305 nihil
1617 276 1712 308 habes,

929 326 976 349 aut
1006 323 1164 350 obscurum.
1193 323 1258 356 Quae
1284 323 1394 358 nigrore
1417 322 1554 358 quondam
1586 323 1714 356 inl'ecta‘,

929 369 1041 403 pulchra
1065 377 1138 397 nunc
1161 377 1191 397 es
1213 373 1241 396 et
1257 369 1384 402 candida,
1402 373 1431 396 ut
1446 377 1507 397 cum
1521 370 1554 397 ad
1577 373 1604 398 te
1617 377 1715 405 perve-

929 414 1081 453 ncrimus,a
1097 415 1264 442 tristissimis
1281 415 1335 442 illis
1349 415 1488 443 hatrcseon
1502 415 1636 443 molestiis
1646 423 1715 451 quas

929 460 1063 488 hactenus
1078 460 1227 494 obivimus,
1247 460 1394 496 aliquando
1410 468 1566 494 cessemus;
1581 465 1607 488 et
1624 469 1639 488 a
1651 466 1716 489 tern-

929 511 1066 542 pestatum
1084 506 1355 541 decumanorumquc
1370 506 1417 542 qui
1431 506 1486 534 illic
1503 511 1567 534 sunt
1582 506 1714 534 ﬂuctuum

927 550 1077 586 jactatioue
1096 551 1333 586 conquiescentes.
1353 551 1380 578 in
1394 555 1430 582 te.
1454 555 1549 578 sancta
1565 556 1652 578 mater
1665 551 1716 578 Ec-

929 597 1023 630 clesia,
1040 601 1067 624 et
1081 598 1108 625 in
1126 602 1220 625 sancta
1237 597 1362 625 doctrina
1378 602 1433 631 tua,
1452 605 1484 625 ac
1500 598 1607 633 1080
1621 601 1716 626 sancta

929 642 1032 677 pariter
1047 643 1160 678 solaque
1172 643 1218 670 Dei
1235 643 1287 671 ﬁde
1302 647 1329 670 et
1343 643 1458 671 veritate
1472 644 1647 678 respiremus.
1662 641 1715 669 Sed

929 696 989 722 quae
1005 688 1032 716 in
1055 689 1108 716 hac
1124 689 1182 724 ipsa
1201 689 1375 717 sanctissima
1396 688 1443 716 Dei
1464 689 1575 716 civitate
1594 688 1714 715 admira-

929 734 1004 761 tione
1022 734 1104 770 digna
1127 738 1191 761 sunt
1207 741 1321 761 narrare
1340 734 1396 768 jam
1419 734 1579 769 aggrediar:
1597 734 1716 769 gloriosa

925 780 997 807 enim
1013 779 1046 807 de
1061 780 1107 807 illa
1122 780 1195 807 dicta
1210 784 1285 813 sunt,
1302 785 1332 808 ut
1345 779 1481 815 Propheta
1497 780 1618 815 |0quitur
1630 789 1637 807 :
1650 779 1711 807 Glo-

86 827 259 862 δοξασμένιι
286 827 420 860 ἐλαλήθη
452 826 517 859 περὶ
547 824 623 855 σοῦ,
652 825 671 858 ἡ
707 824 795 856 πόλις
821 822 874 849 τοῦ

928 825 996 851 riosa
1027 824 1099 851 dicta
1123 829 1184 851 sunt
1209 825 1241 852 de
1261 830 1300 856 te,
1326 825 1418 852 civitas
1441 824 1501 852 Dei.
1522 825 1533 841 ³
1555 825 1621 858 Quae
1649 830 1714 853 sunt

88 874 173 902 Θεοῦ.
204 872 370 908 ’Λνθρὼποις
387 873 435 908 μὲν
449 872 532 898 πᾶσιν
548 871 690 904 ἀνέφικτα,
705 869 828 900 ἀπίστοις
845 867 874 894 δὲ

924 870 1071 905 ejusmodi,
1090 874 1120 898 ut
1135 878 1198 898 cum
1219 878 1299 899 nemo
1314 879 1346 898 ea
1367 871 1524 898 mortalium
1542 872 1652 906 penitus
1668 879 1712 899 as.

87 921 225 956 ἀλλότρια,
254 920 358 951 πιστοῖς
380 919 409 946 δὲ
438 917 591 953 ἀνθρώποις
617 917 664 944 καὶ
688 915 823 951 ἀληθινοῖς
846 915 875 941 ἐν

928 917 1004 952 sequi
1024 917 1122 952 possit,
1139 922 1196 944 tum
1212 918 1246 945 ab
1261 917 1416 946 inﬁdelibus
1431 918 1528 950 aliena,
1541 918 1667 946 ﬁdelibus
1682 925 1715 945 ac

88 967 177 1002 μέρει,
194 968 223 993 ὲν
247 966 392 1001 ὑποσχέσει
409 965 437 991 δὲ
461 963 626 995 τελειώσεως
643 962 702 998 (ὼς)
729 961 804 997 παρὰ
827 960 874 988 τοῦ

86 1013 177 1040 αὐτῶν
199 1013 334 1039 Δεσπότου
359 1010 623 1047 παρασχεθησόμενα
649 1010 678 1035 ὲν
694 1010 727 1044 τῇ
752 1007 876 1043 βασιλείᾳ

86 1059 140 1086 τῶν
156 1058 290 1094 οὐρανῶν,
304 1058 371 1084 ὅπου
387 1056 456 1092 αὐτὴ
472 1057 488 1092 ἡ
503 1056 568 1090 ἁγία
591 1055 726 1091 παρθένος
747 1055 794 1081 καὶ
811 1054 876 1089 κλη-

89 1103 202 1138 ρονόμος
223 1103 272 1129 σὺν
294 1102 334 1137 τῷ
359 1102 415 1137 ἰδίῳ
434 1101 551 1136 Νυμφέῳ
572 1101 600 1127 ἐν
623 1099 731 1135 οὐρανῷ
747 1099 809 1134 ἔσχε
831 1099 876 1125 τὸν

86 1148 187 1183 κλῆρον
204 1148 251 1175 καὶ
265 1147 314 1183 τὴν
329 1147 520 1182 κληρονομίαν.

122 1194 160 1221 Γ¹.
182 1194 237 1221 Καὶ
255 1193 362 1229 πρῶτον
388 1193 447 1228 μὲν,
469 1193 510 1219 ὅτι
533 1192 548 1218 ὁ
562 1191 637 1223 ⁵Θεὸς
657 1191 671 1217 ὁ
698 1191 744 1217 ἐπὶ
768 1190 876 1217 πάντων

86 1240 153 1276 ἡμῖν
168 1239 234 1271 Θεὸς
251 1239 368 1275 ὑπάρχει
391 1240 447 1270 τοῖς
470 1239 502 1264 ὲκ
525 1238 575 1273 τῆς
596 1237 676 1271 ἁγίας
691 1236 791 1271 ταύτης
816 1236 877 1262 Ἐκ-

87 1285 204 1321 κλησίας
217 1285 396 1320 γεννηθεῖσιν.
439 1283 587 1316 Ἀπόδειξις
609 1282 663 1318 γὰρ
689 1281 758 1317 αὑτὴ
780 1280 875 1317 πρώτη

86 1332 152 1367 περὶ
175 1330 314 1366 ἀλήθειαν,
340 1330 385 1357 καὶ
411 1329 551 1366 ἑδραίωμα
574 1328 690 1359 πίστεως
717 1327 767 1362 τῆς
793 1326 877 1362 μόνης

86 1377 190 1412 ταύτης
206 1376 340 1412 παρθένου
357 1376 404 1403 καὶ¹
425 1375 505 1409 ἁγίας
521 1374 684 1409 περιστερᾶς
699 1373 746 1399 καὶ
760 1372 875 1404 ἀκάκου,

87 1422 152 1458 περὶ
168 1420 202 1458 ἧς
226 1423 239 1448 ὁ
257 1421 358 1456 Κύριος
379 1421 408 1446 ὲν
429 1419 567 1455 Πνεύματι
589 1418 628 1453 τῷ
646 1417 803 1453 Σαλομῶντι
825 1417 877 1443 ἀπ-

85 1469 240 1495 εκάλυπτεν
258 1469 287 1494 ὲν
314 1467 434 1503 ’ᾼσματι
458 1465 512 1492 τῶν
529 1464 670 1500 ᾀσμάτων,
696 1464 742 1490 καὶ
765 1463 875 1497 ἔλεγεν

91 1513 261 1549 ’ἑξήκοντά
285 1514 344 1540 εἱσι
376 1512 578 1545 βασίλισσαι.
614 1510 664 1537 καὶ
694 1509 877 1545 ὀγδοήκοντα

86 1560 253 1591 παλλακαὶ,
278 1559 328 1586 καί
344 1558 479 1591 νεάνιδες
497 1555 540 1584 ὧν
554 1558 610 1585 οὐκ
633 1557 718 1584 ἔστιν
738 1557 875 1591 ἀριθμός·

84 1606 139 1640 μία
155 1605 221 1632 ἐστὶ
235 1603 395 1638 περιστερά
407 1612 477 1637 μου,
493 1602 592 1629 τελεία
612 1611 682 1636 μου.
701 1602 778 1628 Μετὰ
794 1609 877 1636 προσ-

85 1654 174 1689 θήκης
187 1652 229 1686 τὺ,
239 1651 309 1687 μιιῦ,
324 1652 381 1684 καὶ,
392 1651 463 1686 μοῦ.
480 1650 567 1677 Αὐτοῦ
584 1650 638 1685 γὰρ
655 1647 815 1684 περιστερὰ,
831 1647 878 1673 καὶ

85 1698 169 1727 αὑτοῦ
186 1698 288 1730 τελεία,
303 1697 340 1730 ὡς
363 1697 418 1724 τῶν
437 1696 524 1724 ἄλλων
539 1694 693 1731 λεγομένων
718 1694 765 1720 καὶ
783 1694 819 1729 μὴ
833 1693 879 1719 οὺ-

86 1746 152 1777 σῶν,
171 1744 257 1779 αὐτῆς
269 1743 298 1770 δὲ
320 1743 410 1778 διττῆς
427 1742 640 1778 ὀνομαζομένης.
666 1740 727 1767 Ἐπὶ
750 1739 803 1775 γὰρ
818 1741 877 1771 ταῖς

84 1791 181 1822 ἄλλαις
194 1790 243 1817 οὐκ
259 1787 336 1817 εἶπεν
346 1798 352 1805 ’
383 1788 563 1824 Ὀγδοήκοντά
579 1789 631 1814 εἰσι
647 1786 782 1813 παλλακαί
797 1794 856 1821 μου
870 1793 877 1800 ’

84 1836 155 1863 ἀλλὰ
176 1837 236 1868 ταῖς
260 1836 310 1871 μὲν
324 1835 493 1870 βασιλίσσαις
513 1834 556 1860 διὰ
581 1833 631 1869 τῆς
655 1833 761 1866 ἐνδόξου
779 1832 877 1866 ὀνομα-

85 1883 147 1914 σίας
172 1882 222 1917 τὴν
247 1882 394 1915 συνάφειαν
415 1881 464 1916 τῆς
493 1880 575 1915 τιμῆς
598 1880 762 1914 ἀπένειμεν·
787 1878 834 1904 ἐπὶ
849 1877 878 1904 δὲ

84 1929 145 1960 ταῖς
160 1927 314 1958 παλλακαῖς
330 1927 360 1953 το
376 1926 516 1961 ἀλλότριον
530 1925 622 1952 τέλεον
641 1925 812 1959 ἀπεφήνατο.
829 1921 878 1950 Ὧν

83 1974 148 2005 τοὺς
174 1973 309 2009 ἀριθμοὺς
324 1972 380 2008 (26)
407 1973 448 2004 εἰς
472 1972 557 2006 δνομα
583 1970 776 2006 λαμϐάνοντες,
808 1969 878 1996 κατὰ

83 2020 134 2054 τὴν
158 2019 304 2054 ἀναγωγὴν
329 2019 380 2053 τῆς
408 2017 524 2053 θεωρίας
550 2016 756 2052 ἐπεργάσασθαι
784 2016 813 2041 ἐν
839 2015 878 2050 τῷ

83 2066 161 2100 τόπῳ
187 2064 409 2100 ἀναγκαζόμεθα,
440 2059 484 2090 διὰ
506 2063 536 2090 τὸ
562 2063 598 2098 μὴ
626 2061 817 2097 ὑπερϐαίνειν,
837 2062 877 2087 ὃτι

83 2111 327 2147 ψυχρολογοῦντες,
357 2111 414 2137 ἀλλ’
442 2111 471 2137 ἐν
500 2110 614 2144 ἀληθείᾳ
637 2109 733 2143 λόγους
755 2108 798 2134 διὰ
823 2107 877 2134 τῶν

84 2158 222 2193 ἀληθινῶν
237 2157 353 2193 Γραφῶν
365 2158 423 2188 ταῖς
441 2156 579 2192 ἀληθιναῖς
596 2155 723 2190 θεωρίαις
735 2153 877 2186 ἀντεξετά-

84 2203 190 2236 ζοντες.
210 2204 271 2230 Ὀτι
296 2204 345 2238 μὲν
370 2203 424 2238 γὰρ
441 2203 488 2229 καὶ
511 2203 525 2228 ό
546 2201 661 2237 ἀριθμὸς
685 2199 877 2235 γεγραμμένος

926 962 1051 990 veritatis
1063 963 1195 991 studiosis
1208 971 1241 991 ex
1257 968 1333 998 parte
1347 963 1429 991 liceat
1443 964 1587 999 attingere,
1603 968 1714 992 ostensa

927 1008 1025 1036 iisdem
1044 1009 1154 1036 interim
1177 1011 1369 1045 promissaque
1391 1010 1500 1038 illorum
1516 1011 1637 1046 perfecta
1652 1018 1715 1046 pos-

927 1055 1061 1089 sessione,
1079 1064 1161 1092 quam
1174 1057 1203 1084 in
1217 1057 1324 1085 cmlesli
1343 1065 1429 1092 regno
1445 1057 1568 1093 ipsorum
1583 1057 1715 1085 Dominus

926 1102 1077 1136 exhibebit,
1103 1103 1150 1130 ubi
1175 1108 1270 1130 sancta
1294 1103 1350 1130 'illa
1378 1103 1456 1139 virgo
1478 1107 1506 1131 et
1533 1104 1620 1131 haeres
1651 1111 1713 1131 cum

928 1147 1036 1184 Sponso
1049 1156 1099 1176 suo
1116 1148 1302 1176 haereditatem
1320 1154 1352 1176 ac
1370 1149 1566 1184 patrimonium
1582 1149 1714 1177 obtinuit.

962 1192 1006 1220 ΙΙΙ.
1027 1192 1166 1228 Principio
1182 1192 1328 1221 tenendum
1354 1193 1419 1221 illud
1438 1197 1500 1221 est:
1516 1193 1714 1221 Moderatorcm

927 1238 1049 1266 omnium
1067 1237 1151 1265 Deum
1165 1238 1199 1266 ad
1215 1247 1265 1267 nos
1279 1239 1416 1274 pertinere
1429 1240 1548 1274 proprie,
1566 1240 1611 1275 qui
1627 1247 1642 1268 e
1655 1247 1716 1267 sau-

928 1289 972 1311 cta
992 1284 1038 1311 illa
1061 1292 1158 1312 sumus
1180 1284 1302 1313 Ecclesia
1319 1285 1412 1321 geniti.
1429 1285 1492 1313 Haec
1509 1289 1551 1313 est
1570 1287 1642 1313 enim
1657 1294 1716 1314 om-

928 1330 1003 1356 nium
1026 1330 1052 1357 in
1072 1330 1202 1358 tradenda
1216 1331 1331 1359 veritate
1353 1331 1438 1366 prima
1456 1331 1666 1363 demonstratio.
1688 1336 1716 1358 et

929 1376 1017 1404 unicae
1032 1376 1146 1412 virginis
1162 1376 1235 1405 illius
1256 1385 1288 1404 ac
1312 1378 1495 1405 sanctissimae
1515 1382 1542 1406 et
1560 1379 1715 1406 innocentis
1735 1369 1740 1373 ’

927 1423 1064 1451 columba:
1078 1423 1140 1451 ﬁdei
1155 1423 1367 1456 ﬁrmamentum.
1388 1425 1421 1452 de
1433 1431 1487 1459 qua
1504 1423 1637 1452 Dominus
1651 1432 1715 1452 sau-

927 1469 966 1497 τιί
985 1468 1105 1504 Spiritus
1117 1469 1207 1497 afﬂatu
1225 1477 1274 1504 per
1287 1470 1459 1498 Salomonem
1476 1470 1533 1498 haec
1550 1471 1577 1498 in
1591 1470 1716 1498 Cantico-

931 1523 992 1542 rum
1010 1516 1118 1543 cantico
1131 1515 1293 1551 signiﬁcavit
1309 1524 1316 1543 :
1334 1514 1479 1551 Sexaginta
1493 1521 1554 1544 sunt
1569 1518 1675 1551 regine,
1690 1521 1715 1543 et

929 1561 1064 1596 octoginta
1083 1561 1246 1595 concubina,
1267 1567 1291 1588 et
1309 1562 1511 1590 adolescentuli):
1534 1571 1647 1598 quarunt
1663 1571 1715 1590 non

928 1611 968 1634 est
989 1615 1112 1634 numerus
1124 1615 1133 1640 ,'
1147 1615 1201 1634 una
1218 1612 1256 1635 est
1270 1608 1393 1635 columba
1410 1617 1478 1639 mea,
1499 1609 1613 1644 perfecta
1630 1610 1713 1638 mea‘.

929 1650 981 1679 Ubi
995 1651 1038 1678 his
1053 1652 1099 1678 illa
1115 1653 1230 1687 repetita
1245 1653 1390 1685 voeabula,
1406 1658 1524 1687 mea,et,
1542 1662 1610 1681 mea.
1627 1653 1729 1690 Hujus.

928 1697 1000 1724 enim
1021 1697 1159 1728 columba.
1183 1697 1266 1732 hujus
1282 1703 1325 1725 est
1347 1699 1393 1725 illa
1413 1699 1545 1734 perfecta,
1562 1703 1593 1727 ut
1612 1705 1717 1728 caetera:

929 1743 1098 1778 appellentur
1121 1743 1158 1770 ita
1181 1743 1302 1778 quidem.
1321 1744 1433 1772 minime
1452 1748 1542 1772 tamen
1566 1746 1633 1778 sint,
1656 1746 1715 1781 ipsa

929 1796 994 1816 vero
1008 1796 1040 1816 eo
1057 1789 1167 1817 nomine
1182 1789 1326 1824 dupliciter
1339 1791 1469 1826 insignita
1489 1792 1533 1818 sit.
1547 1791 1637 1825 Quare
1652 1800 1715 1820 cum

928 1833 962 1861 de
991 1834 1053 1862 aliis
1083 1834 1242 1869 loqueretur
1271 1841 1327 1862 non
1357 1835 1450 1862 dixit:
1475 1835 1620 1872 Octoginta
1651 1842 1716 1865 sunt

929 1878 1088 1906 concubinae
1108 1886 1190 1910 mare;
1215 1886 1308 1906 verum
1330 1880 1433 1916 reginis
1449 1881 1549 1908 eximia
1565 1882 1610 1909 illa
1627 1883 1717 1918 appel-

929 1923 1031 1951 latione
1060 1923 1214 1958 proximum
1240 1924 1386 1959 quemdam
1417 1925 1549 1954 honorem
1573 1928 1717 1961 attribuit;

929 1970 1098 1997 concubinas
1123 1978 1188 1998 vero
1212 1978 1326 2005 prorsus
1353 1971 1457 2000 alienas
1480 1980 1543 2001 esse
1560 1973 1716 2002 declaravit.

928 2016 1077 2043 Amborum
1091 2023 1174 2050 porro
1189 2024 1334 2044 numerum
1357 2025 1418 2045 cum
1442 2019 1602 2047 nominatim
1618 2021 1718 2049 hahea-

929 2069 991 2089 mus
1002 2069 1174 2096 expressum,
1192 2063 1423 2098 contemplatione
1438 2068 1532 2091 nostra
1546 2065 1668 2093 altiorem
1684 2067 1717 2094 ad

929 2116 1040 2136 sensum
1061 2113 1165 2138 evecta.
1191 2109 1315 2136 nonnihil
1342 2109 1463 2144 expolire
1491 2111 1564 2139 istud
1591 2111 1642 2139 hoc
1658 2113 1718 2140 loco

929 2155 1065 2190 cogimur,
1082 2159 1157 2182 utne
1171 2160 1300 2190 tanquam
1313 2155 1442 2191 frigidum
1458 2156 1637 2192 ineptumque
1648 2167 1718 2193 prae-

930 2205 1082 2234 tcreamus;
1099 2202 1146 2228 sed
1161 2209 1223 2236 quae
1237 2202 1378 2235 dicuntur,
1395 2209 1428 2229 ex
1443 2203 1482 2230 rei
1496 2204 1612 2232 veritate
1626 2212 1658 2232 ac
1673 2213 1718 2233 ve-

83 2250 263 2286 ὀπαράεατός
283 2250 357 2277 ἐστιν
378 2249 497 2284 ἑκάστης
510 2247 674 2278 ὑποθέσεως,
691 2247 738 2274 καὶ
757 2245 818 2272 οὔτε
831 2245 878 2272 δύ-

929 2255 1021 2274 rarum
1044 2247 1206 2275 auctoritate
1230 2246 1444 2283 Scripturarum,
1467 2256 1532 2276 vera
1550 2250 1633 2277 animi
1653 2258 1719 2278 con-

84 2304 164 2324 ναται
181 2296 212 2322 τὸ
226 2296 254 2322 ἐν
269 2295 378 2332 ἀριθμῷ
396 2295 632 2330 κατατεταγμένον
644 2293 727 2320 ἕωλόν
749 2302 774 2320 τι
794 2291 874 2324 εἶναι,

82 2343 145 2369 οὔτε
166 2343 207 2375 είς
221 2343 360 2378 ἀργότητα
372 2343 401 2368 ὲν
419 2344 452 2378 τῇ
475 2342 569 2377 Γραφῇ
591 2339 807 2376 ἐπιμετρεῖσθαι.
824 2339 876 2365 Βα-

84 2390 206 2416 σίλισσαι
224 2390 253 2416 δέ
266 2391 333 2416 είσιν
357 2391 386 2416 al
413 2390 462 2426 ἤδη
491 2388 621 2424 πρότερον
644 2388 682 2419 εἰς
701 2386 875 2421 γενεαλογίαν

82 2436 278 2471 ὠνομασμέναι
299 2436 400 2471 ψυχαί”
433 2435 471 2467 ὡς
498 2435 552 2471 γὰρ
584 2434 688 2470 βασιλεῖ
714 2434 875 2460 συνέπονται

83 2482 177 2518 πλήθη
189 2482 283 2514 πολλὰ,
298 2482 344 2508 τοῦ
360 2483 388 2509 δὲ
403 2481 535 2517 βασιλέως
544 2481 664 2516 κεφαλῆς
678 2480 770 2516 οὓσης,
780 2480 874 2514 ὥσπερ

83 2527 130 2554 ἐπὶ
147 2527 273 2562 σώματος
291 2527 395 2554 πολλῶν
421 2526 510 2562 μελῶν
529 2526 624 2559 ὄντων,
648 2526 702 2553 ἀπὸ
724 2526 774 2561 τῆς
791 2534 875 2560 κεφα-

82 2573 132 2608 λῆς
153 2573 168 2599 ὸ
182 2570 222 2604 εἷς
237 2572 377 2608 ἄνθρωπος
393 2572 626 2608 ἁριθμηθήσεται·
649 2571 735 2603 οὕτως
757 2571 811 2598 ἀπὸ
825 2571 873 2598 τοῦ

131 2686 138 2691 -
153 2673 226 2702 Psal.
242 2682 315 2706 uiv,
336 2674 380 2702 Η.

119 2775 177 2811 (26)
190 2773 247 2803 'ar
264 2775 334 2807 τοὺς
348 2775 500 2810 ἀριθμούς.
525 2775 652 2804 Petavius
675 2776 793 2803 reddidit
815 2785 872 2804 ain-

81 2810 176 2837 borum
201 2818 359 2841 numerum:
376 2811 540 2838 Thomasius
562 2811 709 2844 amborum,
728 2816 775 2838 aut
798 2812 870 2847 quod

81 2847 118 2872 ita
139 2847 184 2873 ille
205 2846 359 2882 scripserit.
378 2850 425 2873 aut
438 2847 511 2881 quod
538 2847 724 2882 typographus
741 2846 869 2874 mendum

81 2880 270 2909 commiserit.’
280 2880 409 2908 Neutrum
426 2882 510 2916 probo
522 2891 528 2908 :
542 2880 618 2908 amba
631 2880 703 2910 enim
717 2881 751 2910 de
763 2882 871 2910 duobus

264 2940 400 2973 Pn‘not.
416 2943 474 2973 Gtt.
492 2942 588 2974 XLII.

930 2294 1107 2328 temptatione
1126 2294 1338 2328 perpendamus.
1364 2293 1470 2321 Etenim
1489 2295 1649 2331 ubicunque
1668 2305 1718 2324 uu-

930 2348 1022 2368 merus
1044 2341 1208 2376 concipitur,
1233 2341 1383 2369 oscitanter
1402 2342 1573 2376 praetermitti
1598 2350 1652 2370 non
1670 2343 1718 2370 de-

930 2386 974 2413 bet
985 2394 1089 2421 ;ueque
1097 2387 1168 2421 quod
1178 2387 1213 2414 ita
1221 2387 1472 2422 comprehenditur,
1480 2395 1579 2415 vanum
1586 2389 1716 2424 quiddam

929 2436 957 2460 et
976 2434 1056 2459 inane
1075 2433 1182 2464 videri,
1205 2437 1252 2460 aut
1279 2434 1398 2461 otiosum
1420 2435 1583 2462 existimari.
1608 2434 1719 2471 Regina:

930 2486 1012 2512 porro
1029 2483 1104 2511 sunt,
1125 2486 1185 2513 quzc
1197 2479 1254 2514 jam
1269 2483 1349 2507 antea
1367 2480 1460 2515 stirpis
1479 2482 1506 2508 in
1531 2481 1602 2509 serie
1622 2490 1719 2510 nume-

929 2530 994 2552 rata:
1015 2531 1080 2552 sunt
1102 2527 1215 2559 anima};
1235 2531 1265 2553 ut
1279 2527 1350 2554 enim
1368 2535 1459 2563 regem
1483 2528 1627 2555 innumera
1649 2531 1719 2556 mul-

927 2572 1016 2598 titudo
1037 2572 1195 2605 comitatur,
1217 2580 1280 2600 cum
1298 2581 1346 2601 res
1365 2574 1463 2609 capitis
1483 2574 1572 2603 instar
1589 2575 1641 2608 sit;
1657 2583 1719 2609 per-

453 2675 463 2690 ¹
478 2674 559 2702 Cant.
575 2682 593 2708 t,
673 2675 683 2690 ³
696 2675 770 2702 Psal.
787 2683 896 2708 uuvr,
909 2675 936 2702 5.
975 2675 985 2690 ⁵
999 2675 1078 2702 Cant.
1097 2684 1133 2708 vi,
1153 2676 1178 2710 7,
1191 2675 1217 2703 8.

926 2781 1031 2815 tantum
1058 2778 1206 2815 profertur.
1227 2778 1377 2807 Redderem
1402 2788 1468 2815 ergo
1485 2779 1575 2815 potius
1591 2786 1716 2813 quarum,

925 2812 1103 2850 velqillarum.
1120 2813 1184 2842 Loci
1211 2822 1309 2842 sensus
1332 2812 1455 2850 profecto
1474 2812 1665 2842 declaratum
1682 2814 1716 2842 ad

924 2848 1034 2883 reginas
1048 2855 1130 2882 quam
1151 2850 1184 2877 ad
1202 2848 1370 2878 concubinas
1396 2858 1488 2878 vocem
1507 2849 1580 2876 illaut
1597 2856 1658 2877 esse
1673 2858 1716 2878 ie-

925 2881 1077 2911 Ieiendani.

1540 2943 1579 2973 25
