1935 3044
94 202 141 229 731

385 200 570 229 ADVERSUS
587 199 757 228 Il/ERESES
777 199 841 228 ΜΒ.
863 198 997 227 HLTOM.
1018 199 1050 226 Il.
1074 215 1107 218 —
1125 199 1307 228 EXPOSITIO
1329 199 1430 228 FlDEI.

1677 199 1728 226 782

91 263 122 288 ἐν
146 261 242 293 αὑταῖς
264 262 316 288 ἀνὰ
332 261 469 297 μετρητὰς
488 261 534 288 δύο
548 261 564 297 ἢ
582 263 656 297 τρεῖς
670 269 676 275 ·
699 261 763 297 περὶ
778 261 825 287 τοῦ
837 260 883 296 μέ-

939 260 1004 288 dria:
1019 260 1101 288 Came
1113 261 1141 287 in
1160 260 1271 288 Gaiilma
1286 261 1398 296 lapidea:
1413 260 1498 288 fuisse
1511 259 1650 287 dicuntur.
1669 267 1729 293 qua:

90 315 159 342 τρου
173 307 223 342 τῆς
235 307 356 339 Παλαιᾶς
365 308 412 334 καὶ
425 307 497 339 Νέας
507 307 643 342 Διαθήκης
655 307 701 334 καὶ
713 306 828 342 Τριάδος
838 305 885 332 τοῦ

91 353 288 388 πληρώματος.
306 352 412 384 Λῖτινες
424 353 477 380 ἀπὸ
498 353 544 380 τοῦ
561 352 657 384 ὓδατος
666 354 706 384 εἰς
719 351 789 379 οἶνον
802 352 886 388 ἄκρα-

91 407 138 425 τον
158 398 385 434 μεταϐέϐληνται,
408 399 594 434 πληρωθεῖσαι
612 399 652 430 είς
671 398 820 434 εὐφρασίαν
834 398 885 432 γά-

94 454 167 480 μων,
193 445 240 472 καὶ
263 445 329 471 υἱῶν
343 445 397 471 τῶν
413 444 572 481 ἀνθρώπων.
599 444 694 471 Ἔνθεν
713 444 767 479 γὰρ
778 443 809 470 τὸ
825 443 885 476 ἐξα-

91 492 222 524 γωνιαῖον
230 491 351 518 καλεῖται
363 491 438 526 παρὰ
446 493 501 522 τοῖς
511 490 610 524 ἔξωθεν
618 491 716 524 λόγοις,
723 490 768 517 διὰ
777 489 885 525 τριάδος

92 537 140 562 καὶ
148 536 295 571 ἑϐδομάδος
308 538 347 568 είς
357 537 492 563 εἰκοσιὲνα
504 536 619 571 ἀριθμὸν
631 535 883 571 γεωμετρούμενον,

92 580 122 609 οὗ
140 582 316 617 ἑξαγωνιαίου
333 583 454 618 σημασία
469 583 526 609 ἐστὶ
539 581 704 618 πληρώσεως
720 581 766 608 τοῦ
785 581 885 612 παντὸς

92 629 232 664 ὁρωμένου
253 629 360 661 κύτους,
381 629 424 655 διὰ
440 628 471 655 τὸ
486 629 605 664 τετραχῆ
619 628 691 662 ἔχειν
704 627 775 662 (‘29).
798 627 836 658 ὼς
847 626 884 652 εἱ-

92 676 165 705 πείν,
179 674 209 701 τὸ
227 674 419 710 τετραγώνων,
433 674 592 710 ὑποϐάθραν
613 682 642 700 τε
672 674 719 701 καὶ
744 673 794 707 τὴν
815 672 885 698 ἄνω-

92 720 138 746 θεν
158 721 209 755 τῆς
224 721 386 757 ὀροφώσεως
400 721 514 756 σκέπην,
528 720 607 747 ἓκτον
621 719 737 756 ἀριθμὸν
751 718 848 745 τελεῖν.

938 313 1000 332 eum
1021 301 1113 333 essent
1136 306 1286 339 exhaustae,
1312 314 1409 334 rursus
1432 307 1590 341 implentur,
1615 305 1729 340 singula:

939 356 1068 379 metretas
1093 352 1162 380 duas
1186 358 1276 380 tresve
1300 353 1459 388 capientes‘
1476 353 1541 387 :qui
1569 351 1667 379 modus
1694 352 1727 379 ad

939 395 1024 424 Vetus
1044 396 1205 432 Novumque
1223 397 1430 425 Testamentum
1446 402 1473 425 et
1488 397 1632 425 Trinitatis
1652 405 1728 425 com-

938 441 1104 475 plementum
1120 442 1247 470 refertur.
1271 442 1376 470 Emdem
1394 452 1475 479 porro
1492 443 1594 479 hydria:
1610 452 1642 471 ex
1657 451 1727 478 aqua

938 487 965 513 in
989 495 1093 514 merum
1111 488 1201 515 vinum
1226 497 1364 517 conversae
1389 495 1462 522 sunt,
1484 498 1545 517 cum
1567 490 1599 516 ad
1620 491 1729 524 nuptia-

938 542 997 560 rum
1015 534 1179 562 hilaritatem
1192 539 1218 562 et
1230 535 1347 563 filiorum
1365 535 1504 563 hominum
1517 537 1727 564 oblectationem

937 580 1055 614 impleta:
1076 580 1202 609 fuissent.
1225 582 1296 609 Hinc
1315 582 1398 610 etiam
1419 583 1566 618 sexangula
1585 591 1599 610 a
1622 584 1728 610 mathr-

938 625 1046 652 maticis
1068 624 1152 660 figura
1173 627 1340 660 nominatur,
1363 636 1424 663 quae
1440 636 1487 663 per
1512 629 1662 656 ternarium
1689 637 1728 656 se-

937 671 1146 706 ptenariumquc
1166 672 1199 700 ad
1217 681 1261 700 xxt
1279 675 1444 708 geometrica
1469 675 1654 703 modulatione
1671 683 1728 710 per-

939 717 1069 744 ducitur:
1086 726 1140 753 qua
1155 719 1263 753 quidem
1282 721 1440 755 heragonus
1463 722 1547 748 totius
1565 723 1728 749 universita-

93 766 129 793 tis
146 767 285 801 impletam
306 766 459 793 vastitatem
481 766 634 801 signiﬁcat;
659 773 722 792 nam
745 764 790 799 qui
817 764 844 790 in
873 769 905 789 co
925 767 968 788 est
993 763 1199 798 quadrangulus
1223 767 1428 799 quaternarium
1464 774 1626 798 numerum,
1654 766 1728 793 basis

92 822 157 842 vero
173 822 204 841 ac
220 814 345 848 superior
361 821 424 848 pars
437 814 493 842 sive
510 813 646 848 fastigium
662 813 800 841 senarium
817 810 972 846 perliciunt.

126 861 165 887 E'.
193 860 262 886 Ἀλλ’
278 860 322 886 ἴνα
349 861 385 896 μὴ
410 861 449 891 εἰς
470 859 570 892 πλάτος
594 859 706 895 μηκύνω
731 859 775 885 τὸν
793 858 882 892 λόγον,

975 855 1006 882 V.
1029 855 1080 883 Sed
1095 865 1128 884 ne
1143 857 1249 892 longior
1266 859 1327 891 sim,
1348 859 1414 886 satis
1431 860 1563 886 hactenus
1577 859 1609 886 de
1625 859 1725 895 reginis

94 904 173 931 πάλιν
192 903 292 935 ἱκανῶς
309 904 379 939 ἔχειν
394 904 496 940 νομίζω
511 906 574 940 περὶ
591 904 644 931 τῶν
659 904 789 940 ἐξήκοντα
804 903 882 938 βασι-

939 901 990 929 illis
1011 909 1044 929 Lx
1062 902 1165 930 dictum
1190 904 1327 938 arbitror,
1353 905 1405 932 hoc
1425 909 1482 938 est,
1504 906 1726 941 generationibus

93 950 191 977 λισσῶν
203 950 256 982 ἓως
273 951 322 986 τῆς
341 950 388 977 τοῦ
403 950 522 986 Χριστοῦ
542 951 693 987 παρουσίας
711 950 812 984 γενεῶν
826 950 886 985 dim-

92 996 249 1032 θμηθεισῶν
270 996 305 1023 τὰ
330 997 472 1032 εἰρημένα.
502 997 580 1024 Μετὰ
600 997 629 1023 δὲ
645 998 690 1024 τὸν
706 997 822 1033 Χριστὸν
839 996 885 1023 καὶ

92 1042 171 1078 δεῦρο
194 1042 386 1077 τυγχανουσῶν
405 1042 497 1069 λοιπὸν
514 1043 626 1077 γενεῶν,
646 1043 737 1075 καθὼς
755 1042 829 1077 αὐτῷ
847 1041 885 1077 τῷ

91 1089 187 1124 Κυρίῳ
212 1089 284 1124 μόνῳ
307 1088 449 1123 ἔγνωσται.
478 1089 576 1115 Οὐκέτι
592 1089 646 1125 γὰρ
663 1089 732 1116 κατὰ
749 1089 845 1123 γενεὰν
860 1089 885 1115 οἱ

92 1135 205 1170 ἀριθμοὶ
221 1135 296 1170 παρά
321 1143 391 1161 τισιν
417 1134 604 1170 ἀνηνέχθησαν
623 1135 640 1170 ἢ
665 1135 883 1170 κατετάχθησαν,

90 1181 132 1208 διὰ
146 1181 177 1208 τὺ
189 1180 409 1217 ὑποσφραγίσθαι
427 1181 482 1217 (50)
496 1181 542 1208 τὸν
555 1181 669 1217 ἀριθμὸν
691 1182 739 1217 τῆς
758 1181 885 1217 τοιαύτης

91 1229 248 1261 ὑποθέσεως
265 1230 312 1256 καὶ
323 1229 534 1256 ἀποκεκλεῖσθαι
545 1229 589 1256 διὰ
601 1230 647 1256 τοῦ
659 1229 713 1256 τῶν
723 1229 884 1265 summa”

91 1275 209 1310 ἀριθμοῦ
221 1274 274 1306 ἕως
288 1274 370 1301 αὑτοῦ
387 1276 436 1310 τῆς
451 1275 583 1310 ὲνσάρκου
598 1275 747 1310 παρουσίας
764 1275 884 1310 ἠριθμη-

92 1322 186 1356 μένον.
201 1321 303 1348 Λοιπὸν
317 1321 372 1355 γὰρ
384 1321 408 1346 oi
425 1320 571 1354 μετέπειτα
589 1322 766 1357 συγγραφεῖς,
780 1322 796 1356 ἢ
809 1321 885 1356 λογο-

90 1367 204 1402 γράφοι,
226 1367 242 1402 ἢ
259 1366 451 1402 χρονογράφοι,
467 1366 482 1401 ἢ
502 1367 714 1402 ἱστοριογράφοι,
732 1368 822 1394 οὐκέτι
837 1376 883 1402 γε-

89 1414 152 1445 νεὰς
177 1412 350 1449 ἀριθμοῦσιν,
368 1412 425 1440 ἀλλ’
450 1412 466 1447 ἢ
485 1412 616 1447 βασιλέων
638 1414 687 1445 τὰς
700 1413 824 1449 διαδοχὰς
837 1415 884 1441 καὶ

90 1459 204 1494 χρόνους
230 1458 300 1485 κατὰ
333 1458 377 1484 τὸν
394 1457 448 1484 τῶν
468 1458 535 1484 ἐτῶν
559 1458 674 1494 ἀριθμὸν
699 1459 814 1485 ἑκάστου
827 1459 883 1494 (51)

91 1504 226 1540 βασιλέως
238 1513 244 1519 ·
272 1504 335 1530 ὥστ’
354 1504 503 1539 ἐξάπαντος
520 1501 548 1531 εὖ
566 1504 638 1539 μάλα
656 1505 702 1531 τὸν
720 1505 828 1531 συνετὸν
845 1513 885 1539 γι-

90 1551 216 1582 νώσκειν,
232 1551 273 1577 ὅτι
294 1550 340 1577 καὶ
361 1550 416 1576 ἀπὸ
437 1550 530 1577 τούτου
551 1550 597 1576 τοῦ
613 1550 771 1586 ζητήματος
784 1551 815 1577 τὸ
830 1552 883 1578 πᾶν

89 1596 137 1624 τοῦ
153 1597 251 1632 χρόνου
280 1596 434 1632 συνετμήθη
459 1597 499 1628 είς
520 1596 566 1623 τὸν
589 1597 644 1623 τῶν
655 1596 694 1632 ξβ¹
709 1597 811 1631 γενεῶν
831 1597 884 1629 ἕως

91 1643 210 1679 Χριστοῦ
228 1643 353 1679 ἀριθμὺν,
371 1642 415 1669 διὰ
430 1642 460 1669 τὸ
483 1643 580 1678 μηκέτι
598 1643 666 1678 μετὰ
682 1644 799 1679 Χριστὸν
814 1644 884 1670 κατὰ

90 1690 139 1726 τὴν
154 1689 282 1717 ὑπόθεσιν
294 1690 394 1725 ταύτην
405 1689 448 1717 διὰ
458 1689 638 1724 γενεαλογιῶν
647 1690 709 1722 τοὺς
723 1690 769 1716 τοῦ
780 1690 883 1725 κόσμου

90 1736 204 1770 χρόνους
222 1735 416 1770 ἀριθμεῖσθαι,
442 1735 630 1770 τελειουμένου
655 1736 683 1762 ὲν
702 1737 752 1771 μιᾷ
769 1735 885 1762 συνενώ-

92 1788 133 1807 σει
147 1789 177 1807 τε
203 1780 389 1818 σημαινομένῃ
402 1781 473 1808 κατὰ
489 1781 518 1808 τὸ
536 1781 586 1816 τῆς
601 1781 724 1813 εὐδοκίας
737 1781 804 1808 Θεοῦ
818 1782 885 1816 ἁμε-

91 1828 224 1854 ¹εάστατον
239 1827 369 1863 ἐρεισμα’
384 1827 421 1860 ὡς
433 1828 486 1855 ἀπὸ
499 1828 549 1863 τῆς
560 1827 646 1863 αὐτῆς
661 1827 709 1863 τὴν
724 1828 771 1855 τοῦ
787 1827 885 1859 αὶῶνος

93 1874 249 1900 συντέλειαν
273 1874 501 1909 συντεμνομένην,
525 1875 572 1900 καὶ
587 1874 634 1900 ἐπὶ
656 1875 686 1900 τὸ
703 1874 884 1909 μεταϐατικὸν

91 1921 138 1948 τοῦ
153 1920 295 1956 μέλλοντος
312 1921 409 1952 αἰῶνος
425 1920 626 1956 πληρουμένην.
655 1920 700 1947 Διὸ
717 1921 800 1955 λέγει,
823 1921 884 1948 Μία

91 1966 158 1993 ἐστι
175 1966 335 2000 περιστερά
356 1975 432 2001 μου,
453 1966 553 1993 τελεία
565 1974 641 2000 μου·
670 1966 708 1998 ὡς
730 1966 781 1998 ἕως
800 1967 884 2002 αὐτῆς

91 2013 146 2039 τῶν
164 2012 273 2039 πάντων
292 2013 497 2048 τελειουμένων,
514 2013 564 2040 κᾶν
579 2022 608 2040 τε
622 2013 713 2048 χρόνοι
731 2014 777 2040 καὶ
793 2015 884 2049 καιροί

91 2059 210 2085 ἐνιαυτοί
223 2067 253 2085 τε
268 2059 314 2085 καὶ
329 2059 501 2094 διαστήματα
513 2059 622 2093 γενεῶν,
633 2060 704 2086 κατά
719 2068 747 2086 τε
756 2060 884 2094 βασιλέας

91 2105 108 2141 ῆ
123 2105 244 2137 ὑπάτους
257 2105 273 2140 ἢ
288 2105 457 2140 ὀλυμπιάδας
477 2105 494 2141 ἢ
509 2105 669 2140 ἡγεμονίας,
682 2107 695 2132 ὁ
709 2106 776 2132 αἰὼν
789 2107 884 2133 ἑαυτὸν

91 2151 280 2187 ἀριθμήσειεν·
296 2151 456 2188 ὀγδοήκοντα
468 2151 496 2178 δὲ
515 2152 659 2183 παλλακαὶ,
674 2153 774 2185 αἵτινες
792 2154 822 2179 ἐν
836 2153 884 2188 μέ-

92 2206 132 2232 σῳ
145 2196 200 2223 τῶν
217 2196 370 2231 βασιλίδων,
388 2196 434 2223 καὶ
449 2197 502 2232 πρὸ
521 2197 570 2232 τῆς
585 2197 718 2232 ὲνσὰρκου
735 2197 881 2231 βασιλείας.

90 2243 215 2270 τουτέστι
229 2243 277 2278 τῆς
292 2242 419 2274 πίστεως,
433 2242 480 2269 καὶ
494 2243 578 2277 αὐτῆς
596 2242 698 2278 ταύτης
712 2243 761 2278 τῆς
774 2243 883 2279 νύμφης
900 2257 922 2286 D

90 2289 138 2315 καὶ
156 2288 293 2324 παρθένου
316 2289 363 2315 καὶ
381 2288 496 2315 ἀσπίλου
517 2297 547 2315 τε
571 2288 619 2316 καὶ
632 2290 811 2324 περιστερᾶς,
833 2290 882 2324 τῆς

91 2334 177 2370 μόνης
189 2335 221 2370 τῇ
242 2335 326 2371 μητρὶ
338 2334 385 2361 καὶ
397 2335 430 2370 τῇ
445 2333 572 2369 τεκούσῃ.

127 2424 173 2457 εἶ’.
191 2421 338 2457 Ἐκκλησία
346 2422 400 2457 γάρ
412 2422 484 2448 ἐστιν
497 2422 550 2448 ἀπὸ
562 2422 627 2457 μιᾶς
639 2421 756 2453 πίστεως
767 2431 890 2458 γεγεννη-

91 2469 170 2504 μένη,
184 2468 310 2504 τεχθείσα
326 2468 353 2495 δὲ
365 2468 408 2495 διὰ
419 2468 577 2503 ῙΙνεύματος
592 2468 680 2502 ἁγίου,
692 2467 740 2503 μία
756 2469 789 2504 τῇ
803 2467 881 2504 μόνῃ,

90 2515 137 2542 καὶ
152 2515 202 2551 μία
214 2516 247 2551 τῇ
259 2515 440 2550 γεγεννηκυίξι
449 2523 455 2529 ·
472 2515 518 2541 καὶ
530 2515 591 2541 ὅσαι
600 2514 669 2549 μετὰ
681 2513 783 2549 ταύτην
799 2511 882 2550 ἦλθον

127 2593 135 2608 ¹
156 2591 237 2619 Joan.
260 2600 291 2624 ιι.
307 2591 320 2618 1
343 2599 404 2627 sqq.
444 2593 454 2607 ³
469 2591 551 2618 Cant.
567 2599 605 2622 vr.
621 2591 647 2618 8.

123 2668 180 2704 (29)
196 2667 297 2705 Διὰτὸ
314 2669 442 2702 τετραχῆ
462 2669 553 2703 ἔχειν.
571 2667 633 2696 Haec
650 2676 682 2697 ex
702 2673 833 2705 sequente
852 2669 884 2696 li-

90 2711 155 2739 gura
170 2704 317 2740 perspicua
330 2709 405 2731 sunt.

936 956 996 982 qua:
1007 948 1039 975 ad
1049 949 1187 977 Christum
1202 959 1289 986 usque
1301 956 1491 979 numerantur.
1505 952 1569 980 Post
1582 953 1723 980 Christum

936 1001 1001 1021 vero
1022 995 1055 1021 ad
1082 995 1132 1022 hoc
1162 999 1269 1031 tempus
1291 1001 1357 1032 quot
1383 999 1573 1033 generationes
1598 999 1727 1035 deinceps

936 1041 1131 1072 successerint.
1150 1042 1225 1069 solus
1250 1043 1325 1069 novit
1341 1043 1482 1071 Dominus.
1502 1044 1562 1072 Non
1577 1045 1648 1072 enim
1669 1053 1728 1073 am-

936 1086 1007 1121 plius
1027 1095 1075 1122 per
1093 1089 1300 1123 generationes,
1323 1093 1475 1125 temporum
1498 1096 1539 1118 est
1559 1093 1592 1119 ah
1609 1093 1664 1120 ullo
1679 1093 1727 1121 dc-

938 1132 1020 1160 ducta
1035 1133 1195 1169 digestaque
1210 1135 1295 1162 series
1310 1145 1316 1162 ε
1335 1144 1384 1170 pro
1395 1144 1427 1163 eo
1440 1137 1512 1172 quod
1530 1145 1660 1167 numerus
1674 1140 1726 1167 istc

936 1185 984 1212 per
999 1178 1073 1205 illam
1092 1179 1178 1214 ipsam
1193 1181 1349 1215 reginarum
1363 1183 1597 1210 enumerationem
1613 1193 1674 1219 qum
1690 1186 1725 1213 ad

935 1224 1074 1252 Christum
1093 1225 1238 1254 Dominum
1256 1231 1445 1260 recensentur,
1461 1229 1535 1256 velut
1562 1231 1724 1266 obsignatus

936 1278 968 1298 ac
984 1271 1132 1299 conclusus
1155 1276 1207 1299 est.
1231 1271 1299 1300 Nam
1325 1274 1371 1308 qui
1396 1277 1568 1310 postmodum
1595 1278 1725 1306 exstitere

936 1317 1085 1352 scriptores
1109 1325 1141 1344 ac
1167 1323 1407 1353 commentatores,
1433 1325 1480 1348 aut
1505 1322 1664 1359 chronologi
1683 1328 1724 1351 vel

937 1363 1061 1390 historici
1073 1364 1164 1391 nullas
1176 1365 1292 1399 amplius
1304 1367 1495 1401 generationes
1509 1376 1663 1402 numerant,
1676 1371 1723 1398 sed

935 1415 1029 1444 regum
1042 1410 1232 1441 successiones
1242 1418 1273 1438 ac
1282 1414 1404 1447 tempora
1419 1414 1567 1441 secundum
1580 1423 1724 1444 numerum

935 1463 1070 1484 annorum
1088 1457 1221 1492 cujusque
1236 1458 1318 1492 regis.
1342 1458 1380 1485 Ex
1400 1459 1499 1494 quibus
1520 1461 1640 1495 prudens
1659 1463 1724 1490 illud

935 1502 1053 1536 quisque
1071 1501 1150 1529 facile
1171 1506 1260 1538 potest
1278 1503 1505 1537 animadvertere,
1523 1510 1549 1532 et
1561 1514 1592 1533 ex
1607 1514 1638 1534 ea
1652 1515 1726 1542 quaa-

937 1547 1027 1575 stione
1043 1548 1165 1575 indicare
1175 1557 1182 1575 :
1192 1547 1310 1583 Tempus
1325 1557 1406 1577 omne
1427 1550 1453 1576 in
1465 1557 1520 1577 an
1535 1552 1725 1586 generationes

936 1592 969 1619 ad
994 1592 1134 1620 Christum
1165 1602 1252 1628 usque
1279 1594 1418 1622 redactum
1449 1595 1550 1630 fuisse,
1581 1603 1724 1632 propterea

936 1639 1008 1673 quod
1026 1639 1155 1674 deinceps
1168 1644 1230 1674 post
1243 1640 1393 1672 Christum,
1407 1645 1436 1667 ut
1455 1649 1488 1668 ex
1504 1642 1537 1669 iis
1557 1651 1617 1673 quae
1629 1643 1726 1679 dispu-

935 1688 992 1711 tata
1008 1690 1072 1712 sunt
1084 1689 1205 1720 apparet.
1219 1685 1313 1713 mundi
1328 1689 1449 1721 tempora
1466 1695 1518 1714 non
1537 1689 1654 1724 amplius
1677 1699 1725 1726 per

935 1731 1108 1766 genealogias
1133 1731 1237 1766 digesta
1259 1735 1333 1758 sunt.
1356 1732 1407 1764 Qui
1425 1733 1534 1767 quidem
1551 1736 1669 1765 mundus
1696 1737 1723 1764 in

935 1784 989 1803 una
1004 1776 1050 1803 illa
1065 1784 1200 1803 annorum
1215 1777 1379 1805 collectione
1397 1778 1590 1812 perfectionem
1608 1782 1724 1817 adeptus

935 1826 993 1854 est,
1011 1829 1091 1857 quam
1116 1823 1292 1850 immutabilis
1307 1831 1339 1851 ac
1356 1824 1443 1851 solida
1463 1824 1508 1852 Dei
1531 1827 1657 1856 voluntas
1676 1829 1723 1857 ob-

936 1869 1062 1903 signavit.
1085 1868 1176 1902 Quarc
1192 1869 1226 1896 ab
1247 1869 1298 1896 hac
1319 1871 1413 1898 eadem
1429 1871 1544 1907 abrupta
1568 1875 1724 1902 terminata-

935 1922 988 1949 que
1007 1915 1098 1942 saaculi
1119 1917 1329 1948 consummatio,
1352 1921 1379 1944 et
1399 1917 1430 1944 ad
1446 1926 1532 1946 aevum
1558 1919 1679 1948 futurum
1697 1927 1725 1949 ut

935 1961 1080 1996 impleatur
1092 1961 1228 1988 traducta.
1250 1962 1356 1997 1083
1381 1962 1421 1990 0b
1434 1964 1459 1991 id
1474 1965 1574 1992 dicitur
1591 1975 1597 1993 τ
1613 1966 1671 1994 Una
1687 1973 1724 1995 est

935 2008 1058 2034 columba
1067 2016 1134 2040 mea,
1144 2007 1357 2042 perfectamea':
1371 2011 1448 2045 quasi
1461 2011 1487 2038 in
1501 2012 1586 2047 ipsam
1597 2014 1723 2042 universa

935 2056 1071 2089 desinant,
1096 2061 1217 2092 tempora
1230 2057 1365 2090 videlicet,
1377 2058 1453 2088 anni.
1472 2065 1503 2085 ac
1518 2061 1723 2094 generatiouum

935 2101 1088 2133 intervalla,
1103 2103 1160 2130 sive
1171 2111 1219 2138 per
1232 2111 1318 2138 reges,
1331 2103 1387 2131 sive
1399 2111 1446 2138 per
1456 2106 1594 2138 consules,
1607 2107 1664 2134 sive
1677 2115 1725 2142 per

935 2149 1114 2184 olympiadas,
1133 2153 1180 2177 aut
1193 2150 1380 2185 magistratus,
1397 2154 1550 2185 temporum
1567 2153 1656 2187 spatia
1673 2161 1724 2180 nu-

935 2199 1084 2222 merentur.
1109 2195 1253 2231 Octoginta
1281 2203 1363 2230 porro
1382 2196 1540 2224 concubium
1561 2201 1626 2224 sunt
1652 2197 1722 2226 inter

935 2241 1045 2276 reginas
1069 2241 1228 2276 intcrjeclaa.
1254 2243 1335 2270 etiam
1358 2242 1458 2270 Christi
1481 2251 1535 2277 qua
1559 2243 1641 2272 homo
1662 2250 1720 2279 est,

936 2295 1020 2322 regno
1033 2287 1150 2322 priores,
1166 2288 1218 2315 hoc
1231 2292 1283 2321 est,
1301 2289 1362 2322 fide,
1380 2289 1493 2324 ipsaque
1506 2297 1606 2324 sponsa
1621 2291 1724 2325 pariter

936 2339 967 2358 ac
985 2333 1098 2368 virgine,
1117 2333 1230 2366 illibata,
1248 2335 1383 2366 columba,
1407 2342 1467 2369 quae
1488 2335 1568 2362 unica
1585 2336 1665 2362 matri
1681 2341 1723 2364 est

935 2382 1017 2413 atquc
1029 2379 1164 2413 genitrici.

973 2424 1015 2451 Vl.
1037 2426 1177 2460 Siquidem
1195 2425 1317 2454 Ecclesia
1333 2427 1367 2454 ab
1381 2435 1434 2454 una
1451 2427 1502 2454 fide
1515 2427 1614 2463 genita,
1631 2436 1662 2456 ac
1677 2437 1725 2464 pm-

935 2469 1065 2504 Spiritum
1084 2477 1208 2498 sanctum
1226 2472 1252 2499 in
1270 2472 1357 2500 lucem
1381 2473 1464 2506 edita,
1491 2481 1543 2500 una
1560 2478 1603 2502 est
1617 2475 1675 2506 uni,
1697 2480 1724 2502 ct

935 2524 988 2542 una
1004 2516 1128 2551 genitrici
1141 2525 1207 2545 suae.
1223 2517 1292 2546 Tum
1309 2527 1375 2546 vero
1387 2524 1562 2555 quotcunque
1575 2525 1636 2556 post
1650 2520 1723 2548 illam

938 2669 1004 2697 Nam
1024 2670 1229 2705 quadrangulus
1248 2670 1355 2699 medius
1376 2671 1448 2700 inter
1462 2672 1530 2700 duas
1548 2671 1666 2699 unitate:
1679 2672 1724 2699 in-

938 2709 1076 2740 terceptus
1090 2710 1141 2733 est.
1160 2705 1261 2733 Pertv.

974 2740 1030 2774 (50)
1050 2741 1281 2777 Ἐπισφραγίσοαι
1296 2741 1412 2777 legimus
1435 2742 1505 2777 apud
1517 2741 1657 2770 Patavium
1675 2750 1724 2777 pro

936 2776 1166 2811 ὐποσφραγίσθαι.

973 2811 1029 2846 (3|)
1045 2811 1122 2838 Edita
1142 2811 1246 2839 Petavii
1272 2812 1327 2839 illic
1345 2813 1444 2840 habent
1457 2812 1572 2839 ἕκαστον
1594 2819 1645 2846 pro
1661 2811 1727 2838 ἐκα-

938 2855 1010 2872 στου.
1032 2846 1127 2873 Latina
1143 2855 1207 2874 vero
1222 2847 1410 2882 interpretatio
1423 2848 1449 2874 in
1462 2848 1557 2874 iisdem
1573 2851 1616 2874 est
1626 2846 1727 2880 hujus-

936 2882 1030 2918 modi:
1052 2882 1097 2908 sed
1117 2884 1399 2918 regumrsuccessiones
1413 2891 1444 2910 ac
1461 2888 1589 2918 tempora,
1614 2889 1727 2918 quorum

936 2917 1093 2952 singillatim
1106 2926 1188 2946 annos
1204 2917 1364 2946 describunt.
