1935 3044
223 169 275 198 ’183

938 171 967 199 S.
989 171 1157 199 El‘lPllANll
1803 172 1849 202 784

222 228 263 256 vel
278 233 343 257 ante
359 230 528 265 prodierunt,
551 229 712 257 concubium
736 229 913 257 nominantur
927 240 932 258 :
948 238 1009 266 qua:

1062 231 1107 258 καὶ
1124 231 1177 267 πρὸ
1196 231 1280 266 αὐτῆς
1302 230 1463 262 παλλακίδες
1478 229 1680 266 ὠνομασμέναι,
1706 230 1808 262 αἵτινες
1821 231 1850 257 τὸ

221 275 284 303 licet
295 283 311 303 ιι
327 279 491 303 testamento
505 281 532 303 et
545 276 703 303 haereditate
719 283 772 302 non
788 283 902 311 prorsus
915 276 1009 303 alienm

222 321 334 354 fuerint,
352 321 453 348 nullam
473 326 562 349 tamen
578 329 592 348 a
609 320 699 348 Verbo
716 321 804 348 dotem
819 322 1008 355 obtinuerunt,

220 373 272 394 nec
298 366 483 394 inl'undentem
509 374 538 394 sc
566 366 696 402 Spiritum
713 371 838 394 sanctum
864 367 892 394 in
911 368 1009 402 seipsis

220 416 384 446 exceperunt
402 422 408 439 :
426 412 473 440 sed
490 412 576 439 solam
601 419 663 438 cum
689 411 780 439 Verbo
797 413 823 439 in
840 413 1008 440 eonscienlia

221 464 270 483 sua
283 456 514 484 necessitudinem
528 456 694 484 habuerunt.
708 456 841 484 Prmelarc
854 457 926 484 enim
938 458 1008 492 apud

221 501 348 529 llebrteos
360 503 510 529 concubina:
522 503 668 538 appellatio
682 503 848 538 concipitur,
861 511 922 530 cum
939 503 1008 530 Plieo

220 546 334 581 legesllta
348 546 458 573 dicitur.
472 546 519 574 Est
529 551 620 574 autem
631 546 730 582 Pheleg
744 547 840 575 Latine
856 548 1008 580 dimidium,-

219 593 297 619 estba
313 592 447 619 mulierem
461 591 612 627 signiﬁcat:
627 596 658 619 ut
674 592 744 620 idem
766 593 801 621 sit
812 594 964 620 concubina
979 602 1010 621 ac

219 637 362 664 dimidium
381 638 514 665 mulieris.
537 637 605 665 Nam
627 638 698 672 quod
719 639 753 666 ad
778 638 922 677 Dominum
946 647 1009 675 spe-

219 688 286 716 ctat,
304 684 448 711 universos
465 684 511 712 ille
535 684 649 711 liberam
667 685 700 711 ad
719 685 806 712 lucem
824 685 942 717 vocavit,
967 686 1009 713 his

218 730 309 757 verbis
324 739 330 757 :
348 729 417 756 Dum
440 730 522 757 lucem
546 730 646 757 habetis
664 730 807 762 vobiscum,
825 731 853 757 in
878 731 934 758 inca
950 739 1009 758 ant-

220 775 310 802 bulate
327 775 346 802 '.
365 776 414 802 Cui
435 775 599 810 a5tipulatur
621 775 769 810 Apostolus
787 786 793 803 :
817 775 868 802 Vos
881 797 888 809 ,
904 776 1008 811 inquit,

218 820 348 853 dieieslir
365 821 427 855 filii,
438 826 461 848 et
479 821 546 848 luti:
561 822 645 856 ﬁlii'.
661 822 728 848 ltcm
748 822 801 849 alio
818 821 1010 860 in_Scriptnra:

218 867 280 894 loco
295 877 302 895 :
318 867 372 900 Qui
389 867 458 894 male
473 868 539 903 agit.
555 868 611 895 odit
626 868 720 901 lucem,
739 877 785 896 nec
800 869 900 896 accedit
917 870 952 896 ad
968 871 1010 896 lu-

218 921 272 940 cent
287 912 308 940 ³.
326 912 370 940 Sic
395 913 477 948 igitur
498 913 658 940 concubinae
681 921 735 940 non
756 914 856 948 palam,
872 922 928 941 non
947 922 1008 950 per-
1024 906 1045 933 Β

219 959 298 990 lecte.
317 966 405 994 neque
424 959 522 986 dotata:
534 958 672 986 ducuntur
693 967 711 987 a
733 960 818 992 viris;
843 967 876 987 ac
901 961 1009 988 tametsi

219 1005 378 1032 nomntilam
390 1012 452 1032 cum
465 1005 586 1032 virorum
599 1005 762 1040 corporibus
778 1006 1008 1033 necessitudinem

217 1050 390 1082 contrahant,
414 1050 507 1077 liberae
522 1050 700 1078 nihilominus
722 1051 827 1078 honore
842 1051 968 1086 conjugis
982 1055 1009 1079 et

218 1096 398 1131 appellatione
417 1103 448 1122 ac
466 1095 595 1123 ﬁrmitate
608 1116 615 1128 ,
639 1096 713 1128 dote,
738 1097 906 1131 nuptialibus
929 1097 1009 1125 donis

218 1149 250 1169 ac
270 1141 432 1169 muneribus
445 1161 453 1173 ,
480 1141 600 1175 legitima
619 1141 736 1176 denique
756 1141 950 1176 conjunctione
967 1149 1010 1168 ca-

218 1192 288 1215 rent.
309 1187 447 1223 Ejusmodi
465 1191 528 1214 sunt
545 1187 684 1223 octoginta
697 1187 749 1214 illae
765 1187 924 1223 singillatim
938 1195 952 1214 ει
967 1195 1010 1215 me

218 1235 377 1268 percensitae
396 1233 525 1261 haereses.
548 1233 577 1261 ln
600 1234 700 1269 quibus
718 1233 816 1260 mirum
838 1233 903 1260 illud
926 1233 1009 1260 videri

218 1281 318 1307 nemini
331 1280 422 1311 debet,
438 1280 460 1307 si
478 1280 505 1306 in
519 1287 683 1314 unaquaque
699 1279 809 1314 regione
824 1279 937 1314 singulae
949 1279 1010 1306 aliis

218 1325 383 1362 quibusdam
399 1325 555 1353 nominibus
578 1325 648 1352 afﬁci
665 1325 782 1352 soleant.
803 1324 874 1358 Quin
895 1329 921 1352 et
943 1324 1010 1351 illud

217 1373 408 1400 observatione
427 1371 538 1406 dignum
564 1376 623 1402 est,
651 1377 838 1405 saepenumero
860 1369 1010 1405 quamlibet

218 1427 267 1455 per
293 1426 352 1446 sese
372 1418 497 1445 hmrcsim
523 1417 638 1444 scissam
665 1424 697 1443 ac
721 1416 837 1444 divisam
864 1416 892 1443 in
919 1415 1010 1443 varias

219 1468 311 1500 partes
324 1468 351 1491 et
361 1463 494 1490 vocabula
506 1462 622 1489 distrahi
635 1471 641 1488 :
652 1462 736 1496 quod,
750 1467 779 1489 ut
793 1461 861 1493 dixi,
878 1460 1009 1488 admirari

219 1518 273 1537 non
293 1513 411 1544 oportet,
427 1516 459 1535 ac
474 1508 555 1544 plane
571 1508 608 1535 ita
629 1515 688 1535 sese
705 1515 750 1534 res
767 1507 857 1534 habet.
873 1506 1010 1534 Caeterum

217 1563 300 1583 Lxxn
317 1562 460 1582 numerum
482 1554 647 1586 invenimus,
667 1561 752 1581 unum
771 1553 881 1588 quidem
898 1556 1010 1588 propter

217 1611 300 1631 unam
318 1603 391 1630 illam
414 1609 429 1628 a
445 1601 559 1636 reliquis
573 1600 720 1633 divulsam,
737 1603 764 1627 et
782 1599 829 1626 uni
844 1605 946 1634 sponso
958 1599 1009 1625 tri—

218 1650 322 1681 butam,
338 1648 372 1676 de
388 1655 440 1683 qua
456 1647 612 1676 istiusmodi
630 1646 813 1682 appellatione
826 1645 1007 1673 testiﬁcatur:

220 1694 278 1722 Una
293 1699 331 1722 est
346 1694 470 1721 columba
493 1702 552 1720 mea
567 1693 594 1726 ";
613 1696 640 1720 et
662 1699 770 1725 rursus,
786 1691 901 1727 perfecta
917 1699 974 1717 mea
986 1690 1008 1717 ⁵.

217 1741 322 1775 Quibus
334 1741 437 1768 iudicat
444 1739 554 1776 1084
560 1738 729 1767 concubinas
737 1745 833 1765 omnes
841 1737 973 1772 ignobiles
983 1740 1010 1764 et

217 1788 350 1815 obscuras
360 1794 432 1818 esse,
442 1793 492 1814 nec
500 1785 655 1813 innocentia
666 1789 713 1812 aut
721 1784 847 1812 castitate
855 1791 887 1810 ac
900 1783 1011 1810 lenitate

217 1832 335 1859 censeri.
353 1830 383 1858 Et
393 1831 502 1865 quidem
512 1829 546 1856 ab
555 1829 633 1856 initio
646 1836 661 1856 a
676 1828 851 1856 Barbarismo
859 1835 891 1855 ac
903 1827 1011 1863 Scythi-

218 1884 278 1904 smo
290 1876 322 1903 ad
335 1880 487 1911 postremos
499 1882 586 1910 usque
598 1874 786 1905 Massalianos,
796 1881 882 1900 um.
895 1871 1009 1909 [muni

217 1923 337 1950 haereses
349 1921 476 1956 ascripta).
487 1924 560 1948 sunt.
568 1920 610 1947 Ad
617 1927 685 1955 quas
695 1919 860 1946 llellenismo
867 1919 938 1946 unde
945 1926 1010 1954 gen—

218 1967 306 1994 tilium
322 1970 413 1998 sectaa,
431 1970 458 1992 et
471 1964 618 1993 Judaismo
635 1972 650 1992 a
667 1972 721 1998 quo
739 1963 871 1996 Judaicaz,
890 1962 1011 1990 Samari-

217 2017 399 2047 tanorumque
426 2011 545 2039 factione
567 2011 640 2039 unde
658 2010 827 2038 Samaritica:
845 2014 1008 2042 manarunt,

218 2059 422 2090 accedentibus,
434 2059 485 2086 hoc.
495 2062 547 2090 est,
562 2058 649 2085 tribus
661 2057 772 2084 omnino
783 2057 865 2084 sectis
874 2055 906 2083 ad
918 2063 1009 2082 tum

217 2106 384 2141 superiores,
405 2113 476 2132 Lux
491 2112 622 2132 numerus
639 2103 764 2132 eilicitur.
790 2103 921 2138 Superest
944 2110 1008 2135 una,

217 2153 346 2181 nimirum
364 2156 459 2180 sancta
479 2155 506 2178 et
529 2150 665 2179 catholica
695 2149 828 2182 Ecclesia,
856 2156 917 2184 quae
945 2156 1010 2176 vere

218 2198 375 2225 Christiana
397 2197 495 2232 religio
517 2196 619 2224 dicitur
635 2205 642 2222 :
659 2203 774 2230 quaeque
792 2195 848 2229 jam
869 2199 926 2221 tutu
943 2194 1008 2221 olim

217 2249 244 2271 et
261 2251 323 2270 cum
340 2243 456 2274 Adamo,
470 2243 524 2270 imo
540 2247 604 2269 ante
621 2241 754 2268 Adamum
771 2241 872 2276 ipsum.
889 2240 1009 2274 adeoque

1062 2241 1114 2276 πρὸ
1127 2241 1235 2268 πάντων
1258 2241 1312 2268 τῶν
1326 2241 1430 2268 αἰώνων
1453 2242 1500 2268 σὺν
1520 2242 1630 2278 Χριστῷ
1654 2241 1788 2277 Θελήματι
1805 2241 1853 2268 τοῦ

218 2294 281 2317 ante
293 2289 387 2316 omnia
403 2289 504 2317 stecula
520 2295 581 2315 eum
596 2287 708 2315 Christo
721 2286 814 2314 floruit
829 2286 863 2313 de
875 2285 966 2313 Patris
978 2292 1010 2312 ac

219 2335 280 2362 Filii
301 2340 327 2362 et
346 2334 466 2370 Spiritus
483 2333 570 2362 sancti
596 2334 746 2361 voluntate.
764 2332 815 2359 Cui
837 2332 946 2367 quidem
963 2338 1010 2358 eo-

219 2388 279 2408 rum
295 2381 418 2408 omnium
438 2380 483 2415 qui
500 2380 526 2407 in
547 2380 667 2415 qualibet
682 2379 859 2414 generatione
876 2377 930 2404 Deo
951 2377 1010 2410 pla~

218 2432 334 2455 cuerunt
357 2431 489 2463 tempore,
508 2426 574 2454 ﬁdes
594 2430 636 2454 est
651 2425 758 2458 habita;
772 2429 799 2452 et
814 2424 968 2451 advenienti
983 2424 1009 2451 in

219 2471 292 2500 hunc
307 2472 439 2499 mundum
457 2471 567 2499 Christo
583 2471 698 2498 Domino
714 2469 859 2497 manifeste
875 2473 918 2496 est
934 2473 1009 2504 pate-

219 2521 308 2552 facta;
330 2526 403 2545 nunc
420 2522 511 2546 autem
531 2521 593 2553 post
610 2517 768 2552 superiores
784 2522 880 2543 omnes
895 2515 1013 2542 haereses

218 2566 276 2594 sive
290 2565 458 2593 concubinas
478 2564 601 2592 oratione
614 2566 707 2591 nostra
722 2561 905 2598 praedicanda,
919 2568 1015 2596 quern-

219 2612 366 2639 admodum
383 2611 503 2639 instituti
517 2610 653 2638 sermonis
671 2609 739 2637 ordo
756 2608 887 2644 postulat.

253 2659 311 2686 νιι.
332 2659 440 2694 Quippe
452 2658 572 2687 Verbum
584 2658 673 2693 ipsum
689 2657 717 2684 in
728 2656 851 2684 Canticis
866 2656 919 2683 hoc
930 2655 1012 2682 modo

219 2705 383 2738 numeravit,
404 2705 545 2741 sexaginta
562 2703 687 2740 reginas,
708 2707 735 2730 et
749 2702 888 2738 octoginta
909 2708 1008 2729 concu-

1061 277 1116 304 πᾶν
1126 277 1175 303 οὐκ
1188 277 1326 312 ἀλλότριαι
1338 276 1496 312 γεγένηνται
1511 276 1642 312 διαθήκης
1657 277 1703 303 καὶ
1720 277 1849 312 κληρονο-

1062 324 1135 358 μίας,
1150 324 1187 359 μὴ
1208 323 1438 359 πεπροικισμέναι
1453 323 1481 350 δὲ
1496 324 1547 350 ὑπὸ
1565 323 1611 350 τοῦ
1626 323 1724 358 Λόγου,
1748 324 1795 350 καὶ
1813 323 1849 359 μὴ

1060 369 1203 404 δεξάμεναι
1220 369 1352 405 ὑποδοχὴν
1377 369 1423 396 τοῦ
1445 370 1524 403 ἁγίου
1541 369 1709 404 Πνεύματος,
1726 370 1805 404 μόνον
1821 370 1848 396 δὲ

1061 414 1207 449 συνάφειαν
1217 415 1268 441 ὑπὸ
1281 415 1433 449 συνείδησιν
1446 415 1513 450 πρὸς
1528 415 1574 441 τὸν
1591 415 1675 449 Λόγον
1692 416 1845 450 ὲσχηκυῐαι.

1061 461 1157 493 Καλῶς
1169 461 1222 496 γὰρ
1230 462 1244 487 ὁ
1260 460 1383 496 Ἐϐραῖος
1392 461 1450 494 τὴν
1457 460 1628 487 παλλακίδα
1637 461 1750 496 ἔφρασε,
1760 461 1848 495 φήσας

1060 507 1379 542 αὑτῇ(51·)Φελέγεσθα
1388 515 1396 522 ⁵
1413 507 1506 541 φελὲγ,
1519 507 1533 532 ὃ
1549 506 1726 541 ἑρμηνεύεται
1738 505 1845 539 ἣμισυ·

1060 551 1137 583 ἔσθα,
1155 551 1242 586 γυνή·
1261 551 1306 579 ἵνα
1327 551 1406 587 εἴτι-ῃ,
1428 552 1514 586 ἥμισυ
1539 551 1679 585 γυναικός.
1701 551 1784 577 Ὅσον
1801 551 1848 585 μὲν

1060 597 1114 633 γὰρ
1127 594 1194 633 ἧκεν
1209 598 1249 629 εἰς
1265 597 1310 624 τὸν
1321 597 1434 633 Κύριον,
1450 598 1554 629 πάντας
1569 597 1702 632 κέκληκεν
1718 598 1756 628 εἱς
1773 597 1847 622 ἐλευ-

1061 643 1152 679 θέριον
1170 643 1238 679 φῶς,
1257 645 1360 680 φήσας·
1381 645 1431 677 Ὠς
1450 644 1534 678 ἔχετε
1557 643 1591 670 τό
1613 643 1676 678 φῶς
1692 643 1757 678 μεθ’
1780 643 1846 669 ἑαυ-

1060 690 1129 721 τῶν,
1146 690 1181 717 ἐν
1197 690 1269 724 φωτί
1284 690 1479 723 περιπατεῖτε.
1496 690 1548 716 Καὶ
1564 691 1578 716 ὁ
1593 689 1669 723 ἅγιος
1687 689 1847 719 ’Δπόστολος

1060 735 1162 770 λέγων·
1191 735 1289 769 ’Υμεῖς
1305 735 1338 762 δὲ
1359 736 1472 770 ἡμέρας
1487 735 1558 762 ἐστὲ
1577 734 1733 769 τέκντι,κιιί
1756 733 1847 760 τέκνα

1060 781 1167 815 φωτός.
1186 781 1241 807 Καὶ
1258 781 1337 807 πάλιν
1354 781 1382 807 ὲν
1401 782 1434 816 τῇ
1452 780 1512 815 θείᾳ
1532 780 1644 816 Γραφῇ”
1663 781 1693 805 '0
1706 778 1801 805 ποιῶν
1813 779 1848 805 τὰ

1060 828 1173 863 φαῦλα,
1184 827 1266 862 μισεῖ
1283 827 1315 854 τὸ
1338 827 1411 862 φῶς,
1430 828 1479 854 καί
1501 829 1557 855 οὐκ
1578 828 1695 862 ἔρχεται
1718 827 1794 862 πρὸς
1815 827 1848 854 τὸ

1060 873 1134 907 φῶς.
1150 873 1228 899 Οὕτω
1248 873 1296 899 καὶ¹
1321 873 1484 904 παλλακίδες
1496 894 1503 906 ,
1527 873 1577 900 οὐκ
1590 874 1618 900 ὲν
1642 873 1679 908 τῷ
1698 874 1847 908 προφανεί,

1059 919 1109 945 οὑκ
1132 919 1161 944 ἐν
1179 920 1212 954 τῇ
1233 918 1371 945 τελειώσει
1384 938 1391 948 ,
1415 918 1476 944 οὐδὲ
1493 919 1522 945 ἐν
1543 918 1635 953 προικὶ
1657 918 1770 952 ἄγονται
1792 918 1847 949 toi;

1059 963 1197 998 ἀνδράσιν,
1211 963 1235 989 εἰ
1252 963 1299 989 καὶ
1315 963 1464 997 συνάφειαν
1479 964 1568 998 σχοῖεν
1587 963 1614 990 αἱ
1631 963 1709 989 αὑταὶ
1730 963 1797 998 πρὸς
1814 963 1847 989 τὰ

1061 1008 1174 1044 σώματα
1194 1008 1248 1035 τῶν
1265 1008 1380 1044 ἀνδρῶν,
1402 1009 1433 1035 οὗ
1461 1009 1554 1044 μέντοι
1580 1017 1612 1042 γε
1633 1009 1683 1044 τὴν
1707 1008 1757 1042 τῆς
1774 1008 1848 1035 ἐλευ-

1061 1054 1142 1090 θέρας
1161 1054 1290 1089 γυναικὸς
1307 1055 1391 1090 τιμὴν
1408 1055 1454 1081 καὶ
1474 1055 1622 1090 ὀνομασίαν
1638 1055 1685 1081 καὶ
1703 1054 1848 1089 βεϐαίωσιν

1060 1101 1107 1127 καὶ
1119 1101 1219 1136 φερνὴν
1236 1101 1283 1127 καὶ
1297 1100 1359 1127 ἕδνα
1376 1101 1423 1127 καὶ
1438 1101 1603 1136 προικισμὸν
1621 1101 1668 1127 καὶ
1682 1101 1848 1136 γνησιότητα

1061 1146 1132 1181 ἔχειν
1148 1146 1284 1173 δύνανται.
1297 1146 1464 1178 Παλλακὶδες
1481 1145 1546 1180 γοῦν
1559 1146 1587 1172 αἱ
1600 1145 1717 1181 καθεξῆς
1731 1146 1848 1181 ἀριθμη-

1061 1191 1149 1218 θεῖσαι
1164 1192 1293 1227 αἱρέσεις,
1308 1192 1345 1224 ὡς
1363 1192 1419 1218 ἄνω
1434 1191 1512 1226 ἔφην,
1531 1191 1703 1227 ὀγδοήκοντα.
1720 1191 1766 1226 Μὴ
1784 1190 1848 1217 θαυ-

1062 1237 1172 1272 μαζέτω
1184 1238 1212 1263 δέ
1226 1246 1278 1269 τις,
1290 1238 1315 1264 εί
1330 1238 1376 1264 καὶ
1388 1237 1478 1269 ἄλλοις
1489 1237 1618 1272 ὀνόμασιν
1629 1237 1731 1271 ἑκάστη
1746 1237 1848 1263 τούτων

1061 1283 1238 1318 κικλήσκεται
1264 1284 1293 1310 ἐν
1322 1284 1425 1320 ἑκάστῃ
1451 1284 1537 1319 χώρᾳ.
1568 1283 1649 1310 Ἀλλὰ
1680 1283 1727 1310 καὶ
1760 1284 1849 1309 ἐκεῖνο

1062 1329 1279 1365 παρατηρητέον,
1295 1330 1335 1356 ὅτι
1355 1330 1485 1361 πολλάκις
1501 1329 1562 1356 καθ’
1575 1329 1674 1365 ἑαυτὴν
1688 1329 1768 1356 πάλιν
1786 1330 1848 1357 ἑκά-

1062 1380 1112 1407 στη
1129 1373 1234 1408 αἵρεσις
1255 1373 1371 1408 σχίσασα
1393 1374 1433 1406 εἰς
1457 1374 1541 1401 πολλὰ
1566 1374 1636 1410 μέρη
1658 1375 1705 1401 καὶ
1729 1375 1849 1410 ὀνόματα

1060 1417 1168 1453 διέστη·
1197 1419 1228 1445 οὐ
1243 1419 1297 1455 γάρ
1321 1420 1380 1446 ἐστι
1397 1419 1499 1454 Θαῦμα,
1525 1419 1582 1446 ἔστι
1605 1420 1658 1455 γὰρ
1679 1421 1726 1447 καὶ
1750 1420 1846 1452 οὕτως.

1067 1463 1246 1500 Ὀγδοήκοντα
1259 1465 1287 1491 δὲ
1304 1465 1350 1492 καὶ
1361 1466 1409 1492 ἕνα
1423 1465 1538 1502 ἀριθμὸν
1552 1466 1725 1501 εὑρίσκομεν,
1739 1466 1787 1493 Eva.
1800 1467 1849 1501 μὲν

1060 1509 1104 1536 διὰ
1116 1510 1164 1546 τὴν
1179 1510 1244 1546 μίαν
1268 1511 1322 1538 τῶν
1338 1511 1432 1538 πασῶν
1456 1511 1648 1546 διωρισμένην,
1663 1511 1740 1555 μόνῳ
1763 1512 1791 1539 δὲ
1810 1512 1849 1547 τῷ

1023 1575 1045 1605 c
1061 1555 1170 1591 νυμφίῳ
1187 1556 1411 1592 κεκληρωμένην,
1430 1556 1476 1582 ὑπ’
1488 1555 1569 1583 αὐτοῦ
1585 1556 1613 1582 δὲ
1629 1556 1849 1593 ὁμολογουμένην

1061 1603 1093 1637 τῇ
1111 1602 1199 1637 τοιᾷδε
1217 1602 1360 1637 ὀνομασίᾳ,
1376 1603 1418 1628 ὃτι
1435 1603 1496 1629 Μία
1513 1602 1580 1629 ἐστὶ
1603 1603 1763 1636 περιστερά
1777 1612 1848 1637 μου.

1061 1646 1108 1672 καὶ
1125 1646 1216 1678 πάλιν,
1229 1647 1328 1673 τελεία
1337 1655 1406 1681 μου.
1426 1646 1470 1677 Ὠς
1492 1646 1546 1672 τῶν
1561 1645 1654 1672 πασῶν
1680 1645 1849 1672 παλλακίδων

1061 1691 1181 1725 ἀγεννῶν
1196 1691 1293 1724 οὐσῶν,
1307 1692 1354 1718 καὶ
1373 1692 1423 1718 οὐκ
1435 1692 1463 1718 ὲν
1481 1692 1584 1728 ἀκακία
1597 1692 1848 1727 ὲπιμετρουμένων,

1060 1737 1121 1764 οὐδὲ
1130 1738 1159 1763 ὲν
1174 1737 1270 1772 ἁγνείᾳ
1282 1737 1329 1764 καὶ
1341 1737 1502 1773 ἡμερότητι.
1519 1737 1580 1763 Εἰσὶ
1598 1737 1647 1772 μὲν
1663 1735 1708 1763 οὖν
1722 1737 1849 1772 ἀπαρχῆς

1062 1783 1263 1818 συναπτόμεναι
1279 1783 1317 1818 τῷ
1334 1783 1493 1819 καλουμένῳ
1511 1782 1696 1818 Βαρϐαρισμῴ
1713 1783 1760 1809 καὶ
1779 1783 1849 1809 Σκυ-

1062 1827 1152 1863 θισμῷ
1165 1827 1228 1863 ἄχρι
1241 1827 1294 1854 τῶν
1306 1828 1512 1864 προειρημένων
1520 1828 1730 1860 Μασσαλιανῶν,
1740 1832 1774 1854 οε¹
1787 1827 1848 1864 [at]

1061 1873 1106 1900 τὺν
1128 1873 1254 1909 ἀριθμὸν,
1279 1874 1326 1901 καὶ
1345 1873 1520 1910 Ἑλληνισμὸς
1548 1874 1577 1907 ἐξ
1598 1872 1628 1901 οὗ
1643 1875 1671 1900 αἱ
1694 1873 1851 1910 Ἑλληνικαὶ

1061 1919 1190 1955 αἱρέσεις,
1213 1919 1261 1946 καὶ
1284 1920 1448 1955 Ἰονδαῖσμὺς
1467 1920 1496 1954 ἐξ
1511 1917 1541 1947 οὗ
1562 1921 1714 1953 Ίουδαῖκαὶ,
1736 1921 1851 1947 x112:-

1063 1965 1208 2002 μαρειτικὴ
1225 1965 1253 1999 ἐξ
1274 1963 1308 2002 ἦς
1332 1967 1359 1993 αξ
1385 1967 1601 2003 Σαμαρειτικαὶ,
1626 1967 1679 1994 τῶν
1703 1967 1786 2004 τριῶν
1805 1967 1852 1993 ἐπὶ

1060 2011 1106 2038 τὸν
1130 2011 1327 2047 ἑϐδομηκοστὸν
1347 2012 1460 2048 ἕϐδομον
1480 2012 1595 2049 ἀριθμὸν
1613 2013 1848 2049 προστιθεμένων,

1062 2058 1101 2089 είς
1124 2057 1320 2092 ὀγδοηκοντάδα
1350 2058 1465 2094 ἀριθμὸν
1486 2058 1681 2094 πληρουμένων
1696 2079 1703 2090 ,
1732 2060 1779 2085 καὶ
1803 2059 1852 2093 τῆς

1063 2104 1126 2138 μιᾶς
1139 2103 1377 2140 περιλειπομένης,
1388 2103 1529 2130 τουτέστιν
1542 2105 1557 2138 ἡ
1569 2104 1634 2138 ἁγία
1642 2104 1772 2139 meum,
1791 2104 1852 2131 Ἐκ-

1062 2148 1181 2185 κλησία,
1219 2150 1266 2176 καὶ
1299 2150 1511 2186 Χριστιανισμὸς
1542 2150 1625 2181 ὅντως
1657 2150 1853 2185 ὠνομασμένος

1061 2195 1200 2231 ἀπαρχῆς,
1215 2197 1261 2222 καὶ
1272 2196 1320 2222 σὺν
1334 2196 1373 2231 τῷ
1389 2196 1473 2231 ’Δδὰμ
1491 2197 1537 2223 καὶ
1553 2196 1606 2232 πρὸ
1625 2196 1671 2222 τοῦ
1694 2197 1789 2232 Ἀδὰμ,
1805 2197 1854 2223 καὶ

1062 2287 1168 2323 Πατρδς
1188 2288 1235 2314 καὶ
1250 2287 1316 2314 Υῑοῦ
1343 2287 1390 2314 καὶ
1419 2287 1497 2321 ἁγίου
1525 2288 1692 2323 Πνεύματος,
1716 2287 1763 2314 καὶ
1784 2288 1855 2323 μετὰ

1063 2332 1171 2359 πάντων
1195 2332 1250 2359 τῶν
1269 2333 1340 2360 κατὰ
1355 2333 1452 2367 γενεὰν
1469 2333 1528 2368 Θεῷ
1550 2333 1791 2369 εὐαρεστησάντων
1810 2342 1855 2359 πι-

1064 2377 1242 2413 στευόμενος.
1265 2379 1312 2404 καὶ
1339 2379 1368 2404 ὲν
1385 2379 1418 2414 τῇ
1439 2378 1522 2405 αὐτοῦ
1551 2378 1687 2414 παρουσίᾳ
1708 2378 1736 2404 ἐν
1758 2378 1855 2413 κόσμῳ

1064 2423 1157 2457 σαφῶς
1180 2424 1402 2458 ἀποκαλυφθεὶς,
1428 2425 1476 2451 καὶ
1491 2424 1539 2450 νῦν
1562 2423 1631 2459 μετὰ
1659 2423 1708 2455 τὰς
1729 2424 1854 2459 αἱρέσεις

1063 2468 1163 2500 ταύτας
1180 2469 1270 2501 πάσας
1283 2470 1333 2501 τὰς
1351 2470 1383 2505 δὴ
1408 2470 1574 2502 παλλακίδας
1601 2471 1645 2505 ὑφ’
1669 2470 1750 2506 ἡμῶν
1772 2471 1857 2497 πάλιν

1065 2513 1278 2549 ἐξυμνουμένας,
1291 2515 1329 2547 ὼς
1342 2515 1411 2543 κατά
1424 2515 1472 2551 τὴν
1489 2516 1647 2543 ἀκολουθίαν
1659 2515 1706 2542 τοῦ
1726 2516 1820 2551 λόγου.

1101 2652 1138 2679 Z'.
1158 2652 1243 2684 Αὐτὸς
1267 2653 1322 2689 γὰρ
1346 2654 1361 2679 ὸ
1379 2652 1467 2686 Λόγος
1487 2652 1516 2678 ἐν
1540 2660 1596 2683 τοις
1619 2651 1760 2687 ’ᾼσμασιν
1784 2653 1858 2680 οὕτω

1063 2699 1227 2735 ἠρίθμησεν,
1243 2699 1375 2734 ἑξήκοντα
1399 2698 1558 2734 βασιλίσσας
1581 2698 1682 2734 φήσας,
1699 2699 1748 2726 καὶ
1760 2699 1857 2734 ὸγδοήο

257 2806 267 2822 ι
282 2805 361 2833 toan.
375 2813 424 2838 xu,
438 2806 482 2834 35.
521 2807 532 2822 ²
549 2805 557 2833 l
572 2805 669 2834 Thess.
683 2812 709 2837 ν,
725 2804 751 2831 5.
790 2803 800 2819 ³
814 2802 894 2830 Joan.
910 2810 951 2837 Ill,
965 2801 1009 2830 20.

1062 2810 1063 2814 η
1081 2800 1160 2829 Cant.
1176 2809 1214 2834 vt,
1228 2800 1255 2828 8.
1293 2801 1304 2817 ⁸
1325 2801 1392 2828 ibid.

255 2883 323 2920 (δι’)
337 2885 437 2920 Αὒτήν.
