1935 3044
206 120 256 150 ’191

205 226 297 254 aiebat
315 229 438 256 omnium
457 238 547 258 rerum
563 240 624 260 esse
640 234 816 270 principium.

240 271 314 300 Zeno
331 273 436 302 Eleates
461 275 596 305 Eristicus
621 279 678 306 sive
692 279 905 315 Contentiosus,
928 291 994 312 eum

203 317 297 345 eadem
317 319 403 346 altero
421 327 482 348 cum
508 321 617 351 Zenone
642 326 793 360 sentiebat;
816 332 872 356 tum
898 330 994 358 immo-

203 362 284 390 bilem
299 372 360 392 esse
383 369 483 393 terram
493 387 501 399 ,
516 375 567 396 nec
589 371 696 398 inanem
713 372 797 401 ullum
817 382 878 402 esse
892 375 991 403 locum.

203 408 272 445 Ergo
290 410 327 437 ita
348 411 521 447 disputabat:
539 414 676 452 Quidquid
693 424 817 447 movetur
829 441 836 453 ,
853 426 900 448 aut
918 423 944 449 in
960 431 993 450 eo

202 455 229 482 in
243 464 296 491 quo
316 461 358 485 est
374 458 433 486 loco
447 465 582 495 movetur,
596 467 643 490 aut
660 464 686 491 in
702 473 756 500 quo
771 474 824 494 non
839 472 891 495 est.
909 468 990 504 Atqui

202 509 252 529 nec
267 502 294 529 in
316 511 371 538 quo
384 504 455 533 inest
467 506 539 539 loco,
561 516 611 536 nec
627 510 653 537 in
665 519 719 546 quo
739 521 792 540 non
808 514 889 548 inest,
902 523 991 544 move-

201 551 254 574 tur.
276 547 348 576 Nihil
364 550 448 585 igitur
464 558 600 582 movetur.

235 592 359 623 Melissus
368 595 504 632 lthagenis
513 598 593 633 ﬁlius,
607 600 725 634 Samius,
736 612 819 631 unum
830 614 890 634 esse
899 607 991 635 definit

200 639 309 666 omnia:
335 648 422 676 neque
443 643 594 679 quidquam
622 646 649 673 in
665 653 762 676 natura
779 657 841 678 esse
859 657 990 681 constans

199 689 245 711 aut
265 689 438 721 perpetuum,
452 689 499 716 sed
513 691 604 718 omnia
621 693 645 719 vi
662 701 722 722 esse
737 698 938 731 corruptibilia.

235 729 387 766 Leucippus
418 732 557 769 Milesius,
588 736 707 767 Eleatem
734 741 779 768 alii
805 729 926 777 faciunt,
955 752 988 772 ex

199 775 377 805 Erisﬁeorum
392 786 489 815 grege,
511 782 669 811 universum
696 785 723 812 in
751 786 858 815 inﬁnito
884 790 986 817 versari

198 821 302 850 docuit.
324 822 410 851 Porro
438 826 530 853 omnia
548 827 606 855 sola
621 830 712 864 specie
734 835 762 858 et
776 832 905 866 opinione
918 842 987 862 eon-

198 870 290 899 stare,
309 869 420 897 veritate
447 870 505 905 ipsa
533 873 617 906 nihil;
638 875 685 902 sed
705 883 837 912 apparere
857 879 893 906 ita
916 881 985 908 dun-

198 917 282 944 taxat.
303 915 416 948 perinde
429 923 462 943 ac
481 924 574 946 remus
593 919 619 946 in
637 928 735 956 aquam
753 923 905 953 demersus.

234 959 342 995 1088
369 960 539 992 Democritus
564 964 719 1002 Damasippi
745 967 827 1002 ﬁlius,
844 970 984 1005 Abderita,

197 1005 328 1032 mundum
342 1007 478 1035 inﬁnitum
492 1011 644 1043 constituit,
653 1020 684 1040 ac
693 1021 776 1048 supra
791 1014 871 1042 inane
882 1017 983 1051 posuit.

195 1050 330 1080 Praeterea
361 1060 445 1080 unum
473 1062 535 1083 esse
563 1057 644 1084 linem
669 1060 815 1095 omnium,
846 1066 873 1089 et
900 1064 984 1091 animi

195 1097 419 1131 tranquillitatem
436 1101 569 1136 optimum
588 1110 649 1130 esse
664 1123 671 1135 ,
694 1104 803 1134 dolores
830 1115 895 1135 vero
920 1109 982 1136 mali

194 1141 284 1169 omnis
312 1145 443 1173 terminos
467 1147 594 1174 asseruit.
626 1148 702 1181 Quod
727 1151 832 1186 justum
864 1154 982 1188 videtur,

194 1193 367 1223 nequaquam
396 1196 457 1218 esse
479 1191 605 1226 justum:
632 1193 764 1229 injustum
790 1205 854 1225 vero
879 1203 984 1227 natura:

192 1240 255 1261 esse
280 1237 458 1264 contrarium.
494 1238 550 1266 lmo
577 1247 641 1268 vero
669 1242 819 1276 pessimum
841 1244 981 1273 inventum

193 1278 265 1314 leges
285 1281 456 1315 appellabat,
487 1291 537 1311 nec
562 1285 595 1313 iis
619 1294 714 1320 parere
729 1288 880 1323 sapientem
900 1298 982 1326 opor-

193 1329 262 1356 tere.
279 1326 327 1353 sed
343 1326 369 1353 in
389 1335 497 1356 summa
513 1329 636 1359 libertate
653 1333 751 1360 vivere.

227 1371 399 1401 Metrodorus
417 1373 503 1402 Chius
520 1376 586 1403 nihil
605 1385 620 1404 a
643 1386 780 1413 quoquam
799 1381 862 1408 sciri
883 1381 978 1409 voluit.

192 1415 292 1444 Verum
303 1438 311 1450 ,
327 1418 434 1454 inquit,
449 1428 510 1455 qua:
526 1430 608 1450 nosse
624 1423 763 1457 videmur,
781 1431 910 1454 accurate
925 1435 978 1455 non

190 1462 366 1499 intelligimus
379 1474 385 1492 :
407 1474 495 1501 neque
511 1468 637 1496 sensibus
651 1469 804 1498 adhibenda
831 1472 897 1500 ﬁdes
911 1477 954 1500 est
969 1483 975 1500 :

190 1510 282 1536 omnia
296 1511 396 1546 quippe
409 1513 538 1547 opinione
554 1518 692 1541 constant.

225 1553 390 1590 Protagoras
409 1556 548 1586 Menandri
569 1559 650 1592 ﬁlius,
674 1561 812 1594 Abderita,
834 1562 900 1591 deos
916 1571 977 1591 esse

190 1602 316 1636 negabat,
330 1610 362 1630 ac
375 1603 546 1633 divinitatem
559 1614 667 1635 omnem
683 1608 805 1638 funditus
818 1611 940 1638 tollebat.

225 1646 357 1682 Diogenes
374 1649 542 1685 Smyrnaeus,
560 1653 611 1685 vel,
640 1657 669 1680 ut
689 1654 734 1681 alii
759 1655 873 1688 volunt,
891 1655 976 1692 Cyre-

189 1699 277 1725 naeus,
293 1695 414 1722 eamdem
432 1703 496 1723 cum
512 1696 660 1733 Protagora
674 1700 830 1735 opinionem
855 1703 953 1730 ternuit.

225 1736 331 1773 Pyrrho
348 1739 494 1775 Elidensis,
514 1743 638 1772 collectis
657 1745 684 1772 in
709 1754 793 1774 unum
811 1748 975 1783 sapientium

187 1785 309 1812 omnium
329 1786 520 1822 dogmatibus,
545 1790 748 1820 confutationes
782 1800 877 1821 eorum
907 1797 976 1824 scri-

187 1832 240 1866 psit
253 1841 262 1859 :
275 1836 303 1860 et
320 1834 424 1861 eversis
448 1834 556 1863 illorum
581 1837 774 1872 opinionibus,
794 1840 896 1868 nullam
915 1850 974 1869 am-

186 1877 283 1912 plexus
297 1883 349 1905 est.

222 1922 398 1958 Empedocles
408 1925 524 1954 Metonis
536 1927 618 1962 ﬁlius,
632 1929 836 1966 Agrigentinus,
849 1933 938 1968 ignem
948 1939 974 1962 et

185 1973 286 1996 terram
303 1973 330 1996 et
344 1977 443 2005 aquam
462 1976 490 1999 et
509 1980 599 2001 aerem
615 1980 733 2010 quatuor
746 1985 809 2005 esse
825 1979 912 2013 prima
931 1980 974 2007 di-

187 2013 225 2041 xit
237 2014 382 2048 elementa,
399 2020 479 2051 atque
499 2018 670 2047 inimicitiam
685 2022 827 2051 elementis
845 2026 972 2054 omnibus

184 2060 314 2095 priorem.
345 2059 486 2097 Siquidem
514 2064 593 2092 initio
626 2073 751 2102 separata
780 2077 812 2097 ac
840 2070 973 2100 distracta

183 2110 279 2139 erant,
304 2106 409 2142 inquit,
440 2109 547 2143 omnia;
566 2119 639 2139 nunc
668 2113 696 2140 in
723 2122 808 2142 unum
825 2117 971 2152 conjuncta

183 2154 266 2182 sunt,
283 2152 427 2180 conciliata
450 2153 585 2187 invicem.
613 2161 640 2185 et
656 2158 744 2186 amica
762 2160 876 2188 reddita.
899 2162 972 2195 Quo-

914 135 942 163 S.
965 136 1137 168 ΕΡΙΡΗΑΝΙΙ

241 181 419 211 Parmenides
428 183 534 220 Pyretis
543 185 625 219 ﬁlius,
635 189 720 223 patria
730 189 848 224 Eleates,
856 192 975 221 inﬁnitur

1082 199 1253 235 Παρμενίδης
1269 202 1282 228 6
1302 202 1348 228 τοῦ

1785 154 1845 183 792

1362 202 1486 238 Πύρητος
1500 225 1508 237 ,
1530 205 1560 231 τὸ
1583 206 1659 239 γένος
1688 207 1847 245 Ἐλεάτης,

1048 245 1094 271 καὶ
1110 245 1190 278 αὐτὸς
1201 246 1232 273 τὸ
1246 247 1360 283 ἄπειρον
1374 249 1466 284 ἔλεγεν
1482 250 1568 286 ἀρχὴν
1578 252 1632 279 τῶν
1651 253 1768 281 πάντων.

1080 291 1172 325 Ζήνων
1185 293 1199 318 6
1220 293 1347 329 Ἐλεάτης
1360 295 1374 321 6
1397 295 1556 331 Ἐριστικδς,
1574 298 1618 325 τσα
1631 299 1671 334 τῷ
1685 300 1770 336 ἑτέρῳ
1782 302 1844 337 Ζή-

1044 344 1119 370 νωνι,
1136 337 1183 364 καὶ
1198 338 1246 376 τὴν
1257 339 1310 374 γῆν
1326 340 1454 376 ἀκίνητον
1469 341 1562 376 λέγει,
1576 344 1624 372 καὶ
1639 345 1741 380 μηδένα
1754 347 1843 373 τόπον

1044 382 1123 409 κενὸν
1142 381 1221 411 εἶναι.
1247 385 1301 412 Καὶ
1325 385 1398 420 λέγει
1421 387 1524 420 οὕτως·
1546 389 1583 415 Τὸ
1606 390 1764 426 κινούμενον
1779 392 1841 427 (45)

1043 427 1101 462 ἦτοι
1121 429 1150 455 ἐν
1177 426 1199 463 ᾧ
1225 431 1282 457 ἐστι
1303 432 1378 468 τόπῳ
1400 435 1525 466 κινεῖται,
1551 435 1567 471 ἦ
1599 436 1627 462 ἐν
1646 433 1669 470 ᾧ
1695 437 1744 464 οὐκ
1765 437 1839 464 ἐστι’

1044 473 1090 498 καὶ
1107 473 1168 500 οὔτε
1187 475 1216 501 ἐν
1235 472 1256 508 ᾦ
1272 477 1329 503 ἐστι
1355 478 1429 513 τόπῳ
1446 481 1579 513 κινεῖται,
1598 481 1660 508 οὔτε
1685 483 1714 509 έν
1737 479 1760 517 ᾧ
1782 483 1840 511 οὐκ

1042 517 1116 544 ἔστιν
1130 528 1135 533 ·
1160 520 1210 546 οὐκ
1225 520 1279 556 ἄρα
1292 530 1317 548 τι
1331 524 1456 550 κινεῖται.

1076 617 1211 650 Μέλισσος
1237 621 1251 646 6
1268 619 1312 646 τοῦ
1336 620 1487 655 Ἰθαγενοῦς
1500 643 1507 654 ,
1525 624 1626 659 Σάμιος
1641 625 1671 651 τὸ
1690 626 1784 660 γένος,
1802 627 1836 654 ἓν

1040 661 1071 687 τὸ
1081 663 1136 688 πᾶν
1146 662 1197 698 ἔφη
1211 661 1295 698 εἶναι,
1315 665 1399 701 μηδὲν
1415 667 1443 693 δὲ
1459 667 1568 702 βέϐαιον
1585 669 1718 705 ὑπάρχειν
1731 671 1763 706 τῇ
1778 671 1831 705 φύ-

1041 715 1098 739 σει,
1115 708 1182 735 ἀλλὰ
1196 709 1284 736 πάντα
1296 708 1365 738 εἶναι
1384 711 1491 748 φθαρτὰ
1513 713 1542 739 ἐν
1553 713 1676 749 δυνάμει.

1073 753 1230 787 Λεύκιππος
1245 757 1259 782 ὁ
1272 757 1403 792 Μιλήσιος
1414 758 1470 794 (46)
1483 778 1490 790 ,
1505 759 1576 785 κατὰ
1592 759 1621 786 δέ
1636 768 1713 793 τινας
1738 761 1833 788 Ἐλεά-

1038 805 1105 833 της,
1133 799 1179 825 καὶ
1201 797 1277 832 οὗτος
1291 801 1441 837 ἐρωτικὸς,
1467 804 1496 829 ὲν
1517 803 1624 839 ἀπείρῳ
1643 805 1690 831 καὶ
1707 802 1785 838 οὗτος
1798 807 1833 833 τὸ

1039 842 1093 868 πᾶν
1108 841 1160 878 ἔφη
1181 841 1250 870 εἶναι.
1262 865 1269 877 ,
1289 845 1360 872 κατὰ
1379 847 1528 880 φαντασίαν
1548 848 1575 875 δὲ
1600 849 1647 876 καὶ
1667 849 1778 886 δόκησιν
1793 852 1831 878 τὰ

1038 887 1126 914 πάντα
1151 888 1292 922 γίνεσθαι,
1318 891 1365 918 καὶ
1385 892 1467 927 μηδὲν
1494 893 1564 920 κατὰ
1588 894 1737 931 ἀλήθειαν,
1767 896 1829 924 ἀλλ’

1036 932 1108 959 οὕτω
1123 934 1265 968 φαίνεσθαι
1278 938 1347 963 κατὰ
1359 937 1407 973 τὴν
1420 939 1448 964 ἐν
1461 938 1499 974 τῷ
1511 938 1587 966 ὕδατι
1602 939 1708 976 κώπην.

1070 978 1240 1015 Δημόκριτος
1259 981 1273 1007 ὁ
1288 982 1336 1008 τοῦ
1360 983 1542 1018 Δαμασίππου
1552 1005 1559 1018 ,
1585 985 1746 1022 Ἀϐδηρίτης
1756 1008 1764 1021 ,
1780 987 1829 1015 τὸν

1035 1024 1136 1059 κόσμον
1157 1026 1268 1063 ἄπειρον
1283 1027 1350 1063 ἔφη,
1367 1029 1414 1056 καὶ
1429 1029 1499 1066 ὑπὲρ
1518 1031 1599 1058 κενοῦ
1611 1032 1729 1060 κεῖσθαι.
1751 1034 1826 1069 Ἔφη

1034 1069 1062 1096 δὲ
1079 1071 1126 1097 καὶ
1141 1071 1170 1098 ἓν
1186 1072 1261 1105 τέλος
1275 1072 1344 1101 εἶναι
1368 1075 1421 1101 τῶν
1437 1076 1546 1103 πάντων
1561 1098 1567 1110 ,
1583 1077 1630 1104 καὶ
1644 1078 1778 1113 εὐθυμίαν
1794 1080 1828 1106 τὸ

1034 1116 1179 1151 κράτιστον
1196 1116 1276 1151 εἶναι,
1296 1119 1345 1152 τὰς
1359 1121 1386 1147 δὲ
1401 1120 1489 1154 λύπας
1504 1122 1583 1158 ὄρους
1597 1124 1696 1155 κακίας
1709 1133 1717 1140 ’
1735 1125 1781 1151 καί
1795 1125 1827 1152 τὸ

1032 1161 1127 1191 δοκοῦν
1140 1163 1242 1192 δίκαιον
1265 1166 1314 1192 οὐκ
1335 1164 1405 1193 εἶναι
1419 1167 1523 1194 δίκαιον
1532 1177 1538 1183 ·
1554 1168 1645 1196 ἄδικον
1659 1169 1688 1196 δὲ
1703 1169 1733 1196 τὸ
1743 1170 1824 1197 ἔναυ-ι

1032 1209 1088 1235 τίον
1105 1210 1154 1245 τῆς
1180 1210 1302 1245 φύσεως⁸
1319 1212 1441 1240 ἐπίνοιαν
1457 1213 1512 1249 γὰρ
1537 1215 1625 1251 κακὴν
1647 1217 1710 1248 τοὺς
1723 1217 1824 1251 νόμους

1032 1255 1119 1290 ἔλεγε,
1130 1257 1176 1283 καὶ
1190 1257 1221 1283 οὐ
1239 1258 1292 1294 χρὴ
1308 1259 1400 1295 νόμοις
1416 1260 1574 1296 πειθαρχεῖν
1591 1262 1636 1289 τὸν
1648 1263 1740 1297 σοφὸν,
1753 1264 1822 1291 ἀλλά

1030 1299 1191 1337 ἐλευθερίως
1211 1301 1272 1338 ζῇν.

1064 1390 1245 1428 Μητρόδωρος
1262 1394 1276 1420 6
1290 1394 1354 1426 Χῖος
1367 1395 1418 1431 ἔφη
1435 1396 1536 1432 μηδένα
1551 1398 1633 1434 μηδὲν
1645 1399 1821 1433 ἐπίστασθαι,

1029 1434 1096 1461 ἀλλὰ
1110 1435 1195 1463 ταῦτα
1211 1437 1228 1464 ἂ
1245 1438 1377 1474 δοκοῦμεν
1393 1441 1549 1475 γινώσκειν,
1565 1443 1686 1478 ἀκριόῶς
1696 1445 1746 1472 οὐκ
1762 1446 1820 1472 ἐπι-

1029 1481 1162 1516 στάμεθα,
1180 1483 1239 1510 οὐδὲ
1251 1486 1311 1516 ταῖς
1325 1486 1466 1522 αἰσθήσεσι
1479 1488 1520 1515 δεῖ
1534 1490 1678 1525 προσέχειν
1688 1499 1695 1505 ⁸
1709 1491 1820 1527 δοκήσει

990 1539 1012 1567 c
1029 1526 1083 1562 γάρ
1102 1528 1159 1555 ἐστι
1178 1529 1211 1556 τὰ
1226 1531 1323 1558 πάντα.

1066 1573 1251 1611 Πρωταγόρας
1272 1577 1286 1603 ό
1310 1577 1358 1604 τοῦ
1373 1579 1528 1616 Μενάνδρου
1539 1601 1546 1614 ,
1573 1582 1733 1618 Ἀϐδηρίτης
1744 1605 1752 1617 ,
1766 1584 1819 1620 ἔφη

1030 1619 1066 1654 μὴ
1081 1618 1158 1651 θεοὺς
1171 1618 1240 1648 εἶναι
1255 1622 1310 1657 (47)
1323 1643 1330 1656 ,
1348 1625 1415 1660 μηδὲ
1429 1625 1496 1658 ὅλως
1506 1627 1572 1654 Θεὸν
1584 1621 1728 1665 ὑπάρχειν.

1063 1665 1191 1702 Διογένης
1212 1668 1226 1693 6
1245 1668 1406 1704 Σμυρναῖος,
1427 1671 1497 1698 κατὰ
1511 1673 1539 1699 δέ
1559 1682 1634 1706 τινας
1650 1675 1817 1711 Κυρηναῖος,

1027 1709 1060 1737 τὰ
1075 1711 1146 1738 αὐτὰ
1159 1712 1197 1748 τῷ
1212 1714 1381 1752 Πρωταγόρᾳ
1400 1718 1520 1751 ὲδόξασε.

1061 1756 1177 1793 Πύρρων
1188 1759 1242 1786 ἀπὸ
1256 1760 1372 1794 Ἤλιδος,
1385 1763 1439 1789 τῶν
1451 1764 1538 1792 ἄλλων
1550 1766 1640 1801 σοφῶν
1652 1766 1686 1793 τὰ
1693 1767 1817 1803 δόγματα

1027 1802 1187 1836 συναγαγὼν
1211 1804 1308 1837 πάντα,
1330 1807 1479 1840 ἀντιθέσεις
1495 1809 1587 1842 αὐτοῖς
1603 1811 1732 1846 ἔγραψεν,
1751 1813 1815 1840 ἀνα-

1025 1846 1133 1881 τρέπων
1155 1848 1204 1880 τὰς
1222 1849 1300 1883 δόξας
1322 1852 1421 1886 αὐτῶν,
1434 1855 1481 1881 καὶ
1499 1855 1587 1882 οὐδενὶ
1607 1856 1723 1893 δόγματι
1751 1859 1815 1894 ἡρέ-

1027 1900 1116 1919 σκετο.

1066 1938 1250 1977 Ἐμπεδοκλῆς
1267 1943 1280 1969 ὁ
1295 1943 1342 1970 τοῦ
1358 1945 1495 1980 Μέτωνος,
1519 1948 1741 1984 Ἀκραγαντῖνος,
1759 1950 1814 1987 πῦρ

1024 1984 1070 2010 καὶ
1087 1984 1139 2019 γῆν
1155 1986 1201 2013 καὶ
1213 1987 1284 2023 ὕδωρ
1297 1990 1344 2016 καὶ
1356 1990 1425 2026 ἀέρα
1445 1993 1563 2029 τέτταρα
1577 1996 1738 2030 πρωτόγονα
1757 1984 1814 2024 eis;

1023 2029 1104 2065 ἑφερε
1118 2034 1247 2067 στοιχεῖα,
1264 2035 1310 2062 καὶ
1333 2036 1426 2071 ἔλεγεν
1444 2038 1543 2074 ἔχθραν
1556 2029 1688 2076 ὑπαρχειν
1705 2043 1814 2078 πρῶτον

1022 2075 1076 2102 τῶν
1091 2078 1230 2113 στοιχείων
1242 2087 1248 2094 ·
1270 2082 1420 2117 κεχώριστο
1443 2084 1507 2120 γὰρ,
1522 2087 1599 2121 φησὶ,
1614 2075 1649 2113 τὸ
1669 2075 1812 2124 πρότερον,

1022 2122 1069 2149 νῦν
1086 2123 1115 2149 δὲ
1142 2126 1303 2160 συνήνωται,
1328 2129 1366 2160 ὡς
1386 2129 1471 2164 λέγει.
1500 2131 1652 2165 φιλωθέντα
1675 2122 1811 2169 ἆλλὴλοιςξ

1022 2168 1074 2195 Δύο
1090 2167 1136 2196 οὖν
1151 2171 1205 2197 εἰσι
1223 2174 1283 2199 κατ’
1300 2174 1380 2201 αὐτὸν
1395 2175 1478 2210 ἀρχαὶ
1496 2178 1544 2203 καὶ
1557 2177 1701 2213 δυνάμεις,
1726 2167 1812 2216 έχθρα

181 2197 256 2225 circa
275 2198 330 2226 duo
356 2203 420 2227 sunt
438 2201 514 2229 illius
538 2203 668 2238 opinione
697 2206 848 2242 principia,
876 2209 972 2245 visque

182 2244 280 2262 rhlnlnv
313 2244 458 2262 ini-nihili“
478 2251 502 2262 AI
523 2248 660 2262 n...:..:u:...
683 2258 796 2262 ......_.._“
820 2253 867 2262 ad,
892 2261 895 2262 ν

1038 2214 1070 2240 ,αὶ
1090 2215 1181 2250 φιλία·
1207 2214 1246 2244 ὧν
1267 2220 1283 2254 ἡ
1307 2219 1356 2255 μὲν
1380 2197 1454 2248 ἔσέίζο
1474 2223 1601 2259 ἑνωτικὴ,
1625 2197 1645 2260 Ξ
1668 2197 1701 2252 δέ
1714 2197 1812 2262 6.21;»-

182 2244 293 2277 duplex,
313 2244 459 2273 inimicitia
478 2251 504 2274 et
523 2248 661 2283 amicitia;
681 2258 798 2285 quorum
820 2253 872 2280 ista
886 2261 970 2290 copu-

180 2289 267 2322 landi,
282 2291 327 2318 illa
342 2293 486 2328 separandi
501 2298 636 2328 potestate
656 2297 781 2331 praedita.

217 2334 371 2363 Heraclitus
385 2336 508 2366 Blesonis
521 2339 602 2372 ﬁlius,
615 2341 760 2376 Ephesius,
769 2344 825 2379 igni
837 2345 969 2380 originem

181 2388 273 2408 rerqu
294 2383 417 2411 omnium
442 2385 608 2418 ascribebat,
626 2387 652 2414 in
673 2389 853 2425 eumdemque
871 2393 969 2420 resolvi

182 2425 294 2459 [stabat
308 2427 411 2454 omnia.

215 2513 272 2548 (43)
292 2515 326 2560 Τὸ
340 2517 532 2560 farrago-sror,
543 2520 679 2560 etc:_Bella
692 2522 815 2556 profecto
826 2531 970 2560 argumen-

181 2551 379 2590 tatioke-tAvier
390 2553 561 2590 philosopho
578 2555 676 2590 digna!

215 2583 271 2630 μϐ)
293 2583 571 2630 ὈνΜιλῆσιοςλᾙοη
586 2583 695 2630 invenio
707 2592 875 2629 Leucippum
890 2600 971 2630 gente

180 2617 315 2662 hl'ilesium
331 2617 506 2662 fuissegna'lii
521 2617 970 2662 _ipsum_VEleatcniV-Igeiuritﬁvali‘i

178 2653 386 2693 Abderitanum.
411 2658 456 2684 alii
477 2653 596 2687 Melium.
615 2653 933 2693 Consulalurinertius:

214 2689 270 2736 (6‘7)
285 2689 344 2717 Non
360 2693 428 2736 satis
443 2698 560 2734 constal,
576 2689 789 2736 anProtagoras
796 2689 970 2736 Ῑιέὸςξὶὶὶέει-

178 2724 372 2770 νοιίε,¹ηοειιθ.
390 2726 538 2770 ’ῌοεξιγίεεο
548 2724 689 2759 credidere
708 2724 834 2770 veterum
842 2724 969 2770 plurirni,

178 2759 250 2801 quod
261 2759 364 2801 librum
384 2761 422 2789 De
432 2759 490 2789 'diis
505 2759 970 2801 comicomposuirss'etrillius-

179 2793 244 2819 lium
260 2793 365 2828 fecerit,
379 2800 407 2824 ut
427 2802 469 2826 est
481 2806 495 2825 a
517 2800 551 2826 nd
567 2793 971 2837 Eusebiaﬁi'rﬁébaﬁz'FeéEi.

179 2827 228 2859 θελ-
309 2838 364 2861 υν,
382 2840 433 2861 Call
459 2833 483 2861 ίέ
497 2807 553 2861 Εἴθ’
568 2836 605 2861 ὡς
618 2837 696 2861 εισὶν.
714 2838 762 2861 εἷθ’
775 2839 812 2861 ὡς
829 2840 876 2861 m'm
891 2842 958 2861 :in‘m

519 2835 530 2842 ν

179 2827 228 2859 qd.
246 2828 293 2857 lib.
309 2827 364 2864 xiv,
382 2840 433 2868 cap
459 2833 483 2861 i:
497 2827 553 2862 Εἴθ’
568 2836 605 2868 ὡς
618 2837 696 2871 εισὶν,
714 2838 762 2865 εἶθ’
775 2827 812 2871 ὥς
829 2840 878 2867 οὐκ
891 2842 967 2877 εἰσὶν,

1022 2260 1139 2295 ριστική.

1062 2350 1251 2386 Ἡράκλειτος,
1271 2356 1286 2381 6
1309 2355 1356 2381 τοῦ
1375 2355 1521 2390 Βλέσωνος,
1544 2357 1676 2392 Ἐφέσιος,
1701 2361 1733 2387 ὲκ
1760 2369 1810 2387 πυ-

1022 2396 1067 2430 ρὸς
1086 2396 1162 2432 ἔλεγε
1173 2399 1207 2426 τὰ
1224 2400 1312 2427 πάντα
1325 2399 1404 2435 εἶναι,
1422 2403 1469 2429 καὶ
1484 2404 1524 2435 εἰς
1540 2403 1594 2439 πῦρ
1608 2404 1690 2432 πάλιν
1701 2405 1810 2434 ἀναλύε-

1022 2442 1094 2468 σθαι.

1020 2529 1070 2570 538‘
1081 2531 1245 2570 όποῖοίτινες
1254 2532 1406 2570 ἰδέανεθιεη
1417 2536 1489 2570 quod
1499 2536 1605 2564 initium
1620 2539 1783 2570 Cicero.lib.
1799 2549 1806 2569 ι

1020 2563 1060 2590 De
1071 2571 1127 2592 nat.
1145 2566 1265 2605 deorum,
1280 2567 1376 2596 Latine
1398 2563 1434 2597 ita
1455 2563 1807 2605 reddiderat,'Hedi'isﬁze:

1019 2604 1112 2644 queunt
1127 2601 1194 2644 sint,
1207 2610 1289 2644 neque
1307 2610 1402 2644 utnnon
1416 2605 1480 2644 sint,
1495 2601 1682 2644 [tapeordi'ceret
1695 2601 1805 2644 verum,

1020 2634 1045 2674 si
1058 2634 1153 2674 Flavio
1165 2634 1323 2674 Philostrati
1340 2638 1407 2666 ﬁdes
1429 2634 1563 2674 habenda,
1577 2643 1602 2669 in
1620 2634 1806 2673 libIVi'DVeXo—i

1019 2668 1122 2713 ξξιίξιὶε,
1136 2672 1260 2713 cogitare
1272 2672 1412 2713 debemus,
1428 2683 1483 2713 non
1496 2680 1524 2703 nt
1542 2668 1806 2713 αὶυέῆἑέαὶ-εἶῖιῑιῖιι

1019 2703 1121 2745 dixisse
1135 2703 1308 2746 Protagoram
1320 2728 1327 2739 ,
1345 2710 1393 2736 sed
1406 2703 1439 2737 ex
1454 2703 1752 2746 Magorum‘Peﬁrusa'ruiu
1765 2703 1806 2742 in:

1020 2739 1170 2779 stitutione,
1183 2748 1197 2768 a
1207 2739 1464 2779 ﬁnibusacceperat
1474 2739 1625 2774 doctrinam
1633 2739 1670 2775 de
1677 2739 1803 2777 iiiis—n3}.

1020 2780 1079 2801 esse
1097 2776 1269 2813 vulgandam.
1283 2777 1323 2804 Ad
1337 2776 1396 2805 bmc’
1408 2779 1466 2813 ipsa
1479 2780 1598 2811 ineuntis
1613 2783 1712 2812 librqu
1724 2776 1804 2813 verba

1021 2815 1074 2836 non
1084 2811 1209 2846 negantis
1221 2816 1295 2847 sunt,
1311 2813 1358 2840 sed
1371 2811 1531 2845 dubitantis.
