1935 3044
91 162 146 190 795

129 217 259 254 Πρόδικός
278 226 320 250 τις
338 217 458 253 τέσσαρα
485 219 604 253 στοιχεῖα
628 218 706 250 θεοὺς
723 220 809 250 καλεῖ,
827 217 885 245 εἷτα
901 222 922 249 Α

88 264 166 295 ιλιον
184 265 230 291 καὶ
247 265 361 300 σελήνην
374 273 380 279 ·
399 265 432 291 ὲκ
448 263 503 300 γὰρ
519 264 621 292 τούτων
638 266 705 291 πᾶσι
721 266 751 292 τὸ
768 265 883 298 ζωτικὸν

87 311 183 345 ἔλεγεν
197 311 340 346 ὑπάρχειν.

124 357 236 384 Πλάτων
249 357 389 392 Ἀθηναῖος
399 357 464 383 Θεὸν
476 357 552 390 ἔλεγε
565 357 611 383 καὶ
623 357 688 393 ὓλην
701 356 770 384 εἶναι
785 359 832 384 καὶ
845 355 884 384 εἶ-

87 403 144 435 δος.
152 403 204 429 Τὸν
213 403 313 438 κόσμον
321 403 348 429 δὲ
357 403 484 439 γεννητὸν
493 404 540 430 καὶ
549 403 667 440 φθαρτὸν
678 404 809 440 ὑπάρχειν
817 413 824 420 θ
834 405 883 440 τὴν

87 449 180 485 ψυχὴν
195 449 224 476 δὲ
246 449 405 484 ἀγέννητον,
430 450 476 476 καὶ
492 449 626 476 ἀθάνατον
642 451 689 477 καὶ
702 450 777 477 θείαν
792 451 881 485 λέγει·

87 494 159 522 εἶναι
177 495 204 521 δὲ
220 495 304 530 αὐτῆς
318 495 382 530 τρία
398 495 469 530 μέρη
480 496 546 530 (48),
559 495 678 530 λογικὸν,
692 496 817 531 θυμικὸν,
837 498 883 524 καὶ

87 542 297 577 ἐπιθυμητικόν.
314 543 410 576 Ἔλεγε
425 542 452 568 δὲ
468 543 532 574 τοὺς
546 543 652 578 γάμους
664 543 710 569 καὶ
725 543 775 574 τὰς
790 544 883 577 γυναῖ-

87 597 140 620 κας
153 588 208 614 δεῖν
228 588 321 620 κοινὰς
341 590 397 620 τοῖς
416 589 480 615 πᾶσι
498 589 630 623 γίνεσθαι,
650 590 696 616 καὶ
714 589 816 625 μηδένα
830 590 882 625 ἰδίᾳ

88 635 156 670 μίαν
173 634 244 669 ἔχειν
260 635 394 670 γαμετὴν,
410 634 478 661 ἀλλὰ
495 635 558 666 τοὺς
574 635 699 666 θέλοντας
714 637 772 666 ταῖς
790 635 882 670 βουλοι

88 681 188 716 μέναις
203 683 332 708 συνεῖναι.

131 773 307 809 Ἀρίστιππος
323 774 337 800 ὁ
352 774 507 809 Κυρηναῖος
531 772 597 807 (49),
614 773 692 806 οὗτος
707 774 879 809 γαστρίμαρ-

85 827 136 854 γος
150 818 187 846 ὣν
203 819 249 846 καὶ
263 819 414 855 φιλήδονος,
431 819 508 851 τέλος
523 819 574 854 ἔφη
588 818 639 854 τῆς
650 819 740 854 ψυχῆς
754 819 802 853 τὴν
817 819 880 854 ἡδο-

88 864 153 898 νήνο
172 863 219 890 καὶ
245 866 317 895 ὅστις
332 864 426 899 ἥδεται
436 884 444 897 ,
463 864 598 900 εὐδαίμων
614 859 692 895 οὗτος
703 871 709 878 ·
724 865 738 889 ὁ
753 864 800 890 καὶ
817 863 877 899 μηδ’

398 160 586 189 ADVERSUS
606 161 776 189 ll/ERESES
797 162 859 190 LIB.
879 162 921 188 lll.
937 161 1017 190 T051.
1038 162 1291 191 ll.--EXPOSlTl0
1311 163 1411 191 FIDE].

1675 165 1726 193 794

974 219 1107 247 Prodicus
1125 221 1237 256 quidam
1258 225 1376 256 quatuor
1391 222 1525 249 elementa
1552 222 1618 250 deos
1634 226 1727 259 appet.

936 266 1020 297 lavit;
1043 266 1105 294 inde
1124 267 1208 294 solem
1229 271 1256 294 et
1272 267 1364 293 lunam
1385 267 1442 294 :ab
1463 267 1497 295 iis
1520 267 1593 295 enim
1618 269 1726 296 vitalem

937 311 963 338 in
979 312 1070 338 omnia
1089 311 1143 338 vim
1160 311 1286 339 diffundi.

972 355 1049 382 Plato
1069 355 1245 383 Atheniensis
1262 355 1347 382 Deum
1364 361 1390 383 et
1406 356 1549 383 materiam
1565 364 1597 384 ae
1611 357 1729 384 formam

934 401 1132 429 constituebat.
1148 401 1278 429 Mundum
1297 402 1385 436 ipsum
1402 407 1429 430 et
1444 403 1607 438 productum
1625 408 1652 431 et
1665 412 1727 432 cor-

933 447 1054 482 ruptioni
1074 447 1232 475 obnoxium.
1246 448 1371 475 Animam
1387 457 1475 483 neque
1492 449 1670 484 productam,
1698 454 1726 478 et

934 494 1116 521 immortalem
1135 494 1257 529 adeoque
1275 494 1394 521 divinam
1410 495 1556 522 credebat:
1575 495 1654 529 cujus
1675 497 1726 523 tri-

934 540 1031 575 plicem
1052 548 1114 568 esse
1145 545 1272 575 partem;
1301 542 1407 568 ratione
1434 541 1541 568 scilicet
1570 542 1724 576 praeditam,

934 587 1109 618 irascentem,
1129 590 1157 612 et
1171 586 1422 621 concupiscentem.
1439 586 1553 622 Nuptias
1574 591 1600 615 et
1623 595 1723 616 uxores

933 633 1105 667 promiscuas
1122 640 1183 660 esse
1210 633 1337 659 omnibus
1360 640 1392 659 ac
1415 640 1575 661 communes
1591 630 1722 667 volebat;

932 686 1013 705 nemo
1041 683 1070 705 ut
1094 679 1220 713 privatim
1248 679 1392 713 conjugem
1423 686 1501 706 suam
1525 679 1656 711 haberet;
1674 679 1722 707 sed

931 723 1047 758 quilibet
1065 732 1126 751 cum
1142 724 1297 751 volentibus
1318 724 1545 752 consuetudinem
1562 725 1685 752 haberet.

969 769 1076 805 1089
1100 769 1257 806 Aristippus
1281 770 1429 806 Cyrenaeus
1449 771 1537 799 ventri
1564 772 1724 806 gutturique

931 815 1039 844 deditus
1059 822 1092 842 ac
1107 815 1312 850 voluptuarius,
1339 816 1418 843 tinem
1444 816 1542 843 animae
1570 816 1639 844 dixit
1661 824 1723 844 esse

932 862 1117 896 voluptatem:
1139 869 1193 896 qua
1208 862 1254 896 qui
1271 862 1388 894 fruitur,
1404 862 1516 894 beatus;
1544 863 1590 898 qui
1608 863 1720 890 omnino

87 911 156 941 ὅλως
172 910 317 945 ’ἡδόμενος
329 898 516 947 ,γτρισάθλιος
539 898 587 937 καὶ
616 910 809 945 κακοδαίμων,
841 909 876 942 ὥς

934 911 1005 935 caret
1019 926 1026 939 ,
1049 906 1255 935 infelicissimus
1274 907 1309 935 sit
1328 915 1360 935 ac
1377 907 1558 936 miserrimus.
1586 909 1624 935 ita
1640 908 1721 943 vulgo

109 964 166 982 ασι.

109 964 166 982 ασι.

87 964 106 989 φ
123 1001 260 1036 Θεόδωρος
278 1001 292 1028 ὁ
309 1001 405 1033 Ἀθεος
424 1001 480 1036 (50)
497 1001 663 1037 ἐπικληθεὶς,
678 1001 729 1038 ἔφη
742 1002 824 1037 λῆρον
839 1001 877 1029 εἴ-

87 1056 131 1073 ναι
147 1048 209 1079 τοὺς
228 1047 292 1082 περ).
305 1046 351 1074 τοῦ
373 1047 440 1074 Θεοῦ
458 1047 563 1082 λόγους.
590 1048 670 1083 ᾬετο
689 1048 743 1083 γὰρ
759 1047 795 1083 μὴ
808 1045 878 1074 εἶναι

86 1091 176 1124 Θεῖον,
192 1093 239 1119 καὶ
253 1092 348 1119 τούτου
369 1093 463 1120 ἕνεκεν
488 1094 675 1129 προύτρέπετο
700 1095 804 1125 πάντας
817 1094 879 1120 κλέ‹

41 1169 47 1173 η
87 1147 178 1170 πτειν,
188 1139 337 1174 ἐπιορκεῖν,
350 1139 494 1174 ἁρπάζειν,
507 1140 554 1166 καὶ
575 1139 611 1175 μὴ
625 1140 877 1176 ὑπεραποθνήσκειν

87 1183 231 1218 πατρίδος·
244 1184 320 1218 ἔλεγε
338 1184 392 1220 γὰρ
407 1184 471 1220 μίαν
484 1185 601 1222 πατρίδα
614 1183 683 1212 εἶναι
699 1187 745 1213 τὸν
760 1187 877 1221 κόσμον·

86 1230 135 1256 καὶ
148 1229 248 1263 ἀγαθὸν
264 1230 344 1265 μόνον
356 1230 431 1265 ἔλεγε
451 1231 496 1257 τὸν
521 1231 742 1268 εὐδαιμονοῦντα,
767 1231 878 1266 φεύγειν

85 1274 114 1301 δὲ
139 1275 184 1301 τὸν
204 1275 386 1311 δυστυχοῦντα
405 1276 456 1303 κᾶν
522 1278 612 1312 σοφὸς,
636 1279 683 1304 καὶ
699 1278 806 1313 αἱρετὸν
820 1278 877 1313 (51)

87 1318 210 1347 εἶναιτὸ»)
224 1321 329 1357 ἄφρονα
344 1322 469 1349 πλούσιον
483 1323 547 1350 ὄντα
562 1324 609 1362 κα)
623 1323 734 1359 ἀπειθῆ.

128 1412 261 1447 Ἡγησίας
273 1413 437 1448 Κυρηναῖος,
453 1410 528 1445 οὗτος
538 1413 589 1450 ἔφη
608 1415 675 1450 μήτε
692 1415 793 1450 φιλίας,
809 1418 877 1452 μήτε

86 1457 202 1493 χάριτας
219 1455 296 1484 εἶναι.
308 1458 353 1494 Μὴ
369 1458 502 1494 ὑπάρχειν
517 1459 572 1494 γὰρ
589 1463 673 1492 αὐτὰς
691 1460 794 1495 ἔλεγεν,
810 1462 878 1489 ἀλλὰ

86 1504 196 1540 χρῄζων
212 1513 253 1535 τις
271 1504 354 1531 ἔδωκε
369 1505 456 1540 χάριν,
481 1505 497 1540 ἢ
513 1506 637 1541 κρεῖττόν
653 1515 678 1532 τι
698 1507 790 1533 παθὼν
802 1508 878 1544 εὐερ-

86 1551 171 1584 γετεῖ.
204 1550 299 1584 Ἔλεγε
315 1550 342 1577 δὲ
363 1551 461 1587 καὶτῷ
486 1552 580 1587 φαύλῳ
599 1553 675 1588 ἀνδρὶ
695 1553 832 1586 λυσιτελὲς
848 1555 878 1581 τὸ

86 1597 148 1632 ἣν,
162 1595 201 1630 τῷ
219 1597 246 1622 δὲ
272 1596 346 1631 σοφῷ
367 1597 422 1632 (51’)
442 1597 472 1623 τὸ
500 1598 655 1626 ἀποθανεῖν.
690 1601 734 1632 Ὠς
757 1601 832 1633 τινὰς
846 1603 878 1628 ὲκ

85 1642 181 1670 τούτου
190 1643 402 1670 Πεισιθάνιιτον
414 1643 495 1670 αὑτὸν
507 1633 630 1672 καλέσαι.

127 1731 297 1766 Ἀντισθένης
316 1732 330 1758 ὁ
350 1731 382 1758 ὲκ
395 1731 506 1767 Θρᾴκης
528 1732 640 1767 μητρὸς,
661 1733 741 1765 αὐτὸς
755 1733 783 1760 δὲ
798 1734 877 1770 Ἀθη-

85 1777 172 1809 ναῖος,
189 1776 220 1803 τὺ
235 1777 340 1813 πρῶτον
363 1778 544 1812 Σωκρατικὸς,
567 1777 662 1805 ἔπειτα
679 1779 796 1812 Κυνικὸς
807 1780 875 1816 (55),

85 1823 182 1859 ἔφησε,
200 1824 236 1858 μὴ
254 1824 352 1859 χρῆναι
371 1824 404 1850 τὰ
425 1823 499 1850 κακὰ
513 1823 673 1859 ζηλοτυπεῖν
690 1825 793 1861 ἕτερον,
809 1826 826 1862 ἢ
842 1827 876 1854 τὰ

86 1869 152 1904 παρ’
167 1868 293 1904 ἀλλήλοις
306 1869 414 1904 αἰσχρά.
431 1869 471 1896 Τὰ
484 1869 512 1895 δὲ
527 1869 603 1905 τείχη
622 1870 676 1896 τῶν
690 1871 794 1898 πόλεων
806 1870 875 1899 εἶναι

88 1914 210 1950 σφαλερὰ
223 1916 290 1951 πρὸς
301 1915 345 1942 τὸν
357 1915 410 1941 ἔσω
422 1915 565 1951 προδότην,
584 1916 731 1944 ’Δσάλευτα
741 1917 769 1944 δὲ
781 1918 815 1945 τὰ
826 1919 876 1954 τῆς

85 1960 175 1996 ψυχῆς
191 1960 267 1996 τείχη
281 1961 327 1987 καὶ
340 1960 458 1996 ἀρραγῆ.

121 2007 249 2042 Διογένης
275 2007 289 2033 ὀ
317 2007 452 2040 Κυνικὸς,
481 2009 535 2035 ἀπὸ
567 2009 691 2044 Σινώπης
720 2010 770 2045 τῆς
804 2011 875 2040 κατὰ

122 2105 180 2140 (48)
198 2104 265 2139 Τρία
279 2105 363 2140 μέρη.
384 2105 421 2132 De
436 2105 534 2140 triplici
555 2105 600 2132 illa
616 2105 714 2132 animae
731 2110 817 2140 parte,
833 2109 874 2134 vel

85 2141 176 2168 tribus
201 2140 282 2167 unius
300 2141 398 2167 anima:
420 2140 605 2173 facultatibus,
629 2140 771 2169 adeundus
795 2141 874 2170 Plato

86 2177 146 2212 ipse
160 2176 187 2202 in
206 2175 326 2212 Timaeo;
341 2175 375 2212 si
391 2179 481 2203 tamen
497 2176 539 2212 fas
561 2176 597 2203 sit
615 2175 683 2212 certi
700 2177 802 2210 aliquid
817 2178 873 2204 col-

86 2210 172 2246 ligere
191 2211 225 2237 ab
242 2219 285 2241 eo.
301 2211 347 2245 qui
371 2211 562 2237 inconstantia:
580 2215 607 2237 et
622 2210 798 2238 obscuritatis
814 2213 872 2240 suis

891 1575 912 1603 C

931 957 1093 980 memorant.

966 997 1128 1026 Theodorus
1145 1002 1329 1034 cognomento
1346 998 1459 1030 Atheus.
1474 1006 1534 1033 qua:
1550 998 1584 1025 de
1601 997 1655 1026 Deo
1678 998 1722 1026 die

929 1049 1057 1072 cereutur
1071 1065 1078 1078 ,
1094 1053 1181 1080 nugas
1194 1052 1256 1073 esse
1278 1052 1367 1072 meras
1382 1045 1530 1072 arbitratus
1544 1048 1602 1072 est:
1621 1045 1722 1080 quippe

929 1089 1013 1118 Deum
1029 1098 1091 1118 esse
1108 1091 1224 1117 nullum.
1245 1089 1285 1118 Ob
1302 1090 1328 1118 id
1344 1090 1440 1122 furari,
1459 1091 1582 1125 peierare
1596 1110 1603 1123 ,
1625 1098 1721 1125 rapere

929 1136 1063 1164 suadebat
1074 1137 1202 1164 omnibus
1212 1156 1219 1168 ,
1236 1144 1325 1171 neque
1341 1143 1390 1171 pro
1402 1137 1489 1171 patria
1504 1140 1620 1163 mortem
1635 1143 1720 1170 oppe-

929 1187 1004 1216 tere;
1017 1182 1124 1210 dicebat
1137 1183 1210 1209 enim
1228 1183 1336 1210 unicam
1352 1177 1467 1218 patriam
1487 1190 1550 1210 esse
1569 1182 1720 1215 mundum;

928 1235 1045 1263 eumque
1062 1228 1252 1255 tantummodo
1267 1228 1368 1255 bonum
1384 1235 1463 1260 esse,
1481 1228 1527 1263 qui
1555 1228 1591 1254 sit
1606 1228 1719 1261 beatus;

928 1275 1054 1310 quisquis
1070 1278 1160 1301 autem
1176 1273 1269 1302 infelix
1287 1279 1376 1306 esset,
1395 1274 1504 1302 tametsi
1515 1276 1623 1309 sapiens
1640 1274 1719 1307 foret,

929 1328 990 1348 esse
1008 1320 1178 1355 fugiendum.
1197 1320 1319 1356 Denique
1342 1320 1523 1356 expetendum
1546 1321 1719 1356 insipientem

928 1375 989 1394 esse
1002 1367 1114 1394 divitem
1135 1371 1215 1402 atque
1226 1372 1426 1394 contumacem.

964 1411 1093 1447 Hegesias
1109 1411 1257 1447 Cyrenaeus
1275 1412 1425 1439 amicitiam
1441 1419 1473 1439 ac
1490 1412 1605 1446 gratiam
1628 1412 1720 1440 fundi-

928 1460 973 1484 tus
986 1457 1114 1490 tollebat;
1135 1464 1187 1484 nec
1203 1457 1273 1484 ullas
1285 1464 1346 1485 esse
1357 1457 1476 1485 dicebat.
1492 1456 1560 1484 Nam
1573 1461 1617 1484 aut
1634 1465 1720 1493 egen-

929 1506 982 1529 tem
1001 1503 1115 1531 alterius
1128 1511 1212 1538 opera
1230 1503 1300 1530 inire
1315 1503 1350 1530 ab
1364 1511 1397 1531 eo
1411 1503 1539 1538 gratiamI
1554 1508 1601 1530 aut
1617 1504 1720 1539 majore

929 1548 1055 1576 allectum
1068 1549 1199 1576 benclicio
1214 1549 1336 1576 vicissim
1350 1550 1510 1584 rependere.
1526 1549 1634 1577 Homini
1646 1551 1719 1577 malo

930 1595 1011 1622 vitam
1040 1595 1180 1630 expedire,
1208 1596 1323 1631 sapienti
1343 1601 1459 1624 mortem
1484 1597 1584 1624 aiebat.
1602 1596 1680 1624 Unde
1702 1605 1718 1624 a

929 1642 1065 1677 plerisque
1081 1641 1279 1676 Pisithanatos,
1304 1642 1330 1670 id
1353 1647 1414 1675 est,
1431 1644 1523 1670 mortis
1549 1651 1645 1670 suasor
1666 1651 1717 1679 ap-

929 1687 1044 1721 pellatus
1059 1692 1110 1715 est.

962 1733 1140 1761 Antisthenes
1153 1742 1168 1762 e
1184 1733 1302 1761 Thracia
1317 1738 1404 1761 matre
1419 1734 1534 1762 Athenis
1550 1739 1642 1765 natus.
1661 1735 1712 1770 pri-

929 1786 1001 1806 mum
1016 1778 1184 1812 Socraticus,
1203 1779 1301 1807 deinde
1313 1778 1434 1815 Cynicus
1451 1780 1566 1808 exstitit.
1587 1780 1635 1808 llic
1649 1781 1717 1808 alio~

927 1833 987 1853 rum
1020 1826 1124 1854 scelera
1154 1833 1185 1853 ae
1213 1825 1397 1861 turpitudines
1424 1826 1546 1853 aznudari
1577 1827 1713 1854 neminem

927 1876 1053 1906 oportere
1067 1871 1170 1900 docuit.
1194 1871 1308 1900 Urbium
1331 1872 1432 1899 naenia
1451 1872 1583 1901 adversus
1608 1873 1716 1900 intesti-

927 1925 990 1944 num
1017 1918 1181 1953 proditorem
1199 1918 1352 1952 imbecilla;
1379 1918 1478 1946 animae
1501 1927 1564 1946 vero
1589 1919 1665 1946 litma
1688 1922 1715 1946 ct

927 1962 1089 1991 inconcussa
1105 1963 1206 1990 nitenia
1226 1963 1345 1991 dicebat.

964 2008 1095 2043 Diogenes
1109 2009 1228 2045 Cynicus
1245 2009 1405 2045 Sinopensis
1415 2008 1538 2042 ePonto,
1554 2011 1712 2039 Antistheni

926 2109 1034 2140 Vossio,
1049 2117 1108 2144 cap.
1120 2111 1145 2142 l,
1159 2110 1205 2137 lib.
1223 2119 1230 2138 l
1248 2110 1284 2137 De
1299 2110 1469 2146 idololat.,et
1485 2119 1519 2138 ex
1534 2110 1642 2138 Laertio
1657 2112 1715 2146 opi-

925 2145 1034 2172 nionem
1051 2145 1121 2172 banc
1137 2153 1213 2172 suam
1235 2154 1264 2173 se
1276 2146 1403 2180 colligere
1416 2153 1496 2179 posse
1509 2146 1560 2173 sibi
1574 2145 1713 2174 videntur.

928 2180 993 2215 Yide
1014 2188 1074 2214 qua:
1090 2180 1123 2215 de
1138 2180 1189 2206 hac
1206 2188 1235 2208 re
1252 2180 1390 2215 congessit
1405 2180 1432 2207 in
1450 2181 1520 2207 Hist.
1539 2181 1598 2207 crit.
1613 2181 1709 2215 philoa.

925 2214 1017 2242 Iacob.
1038 2214 1149 2245 Druck,
1164 2215 1177 2250 §
1195 2215 1239 2248 ll,
1260 2223 1320 2250 cap.
1338 2217 1365 2246 5,
1382 2215 1429 2242 lib.
1445 2223 1476 2246 ll,
1493 2221 1561 2250 part.
1575 2223 1604 2242 ll.

87 2245 432 2285 sermonibus._aspcrserit
457 2246 546 2285 potius
559 2253 640 2280 quam
660 2246 870 2285 _veritati_s,_aut
887 2245 911 2275 D
959 2250 1013 2285 (5i)
1025 2250 1079 2276 Kal
1090 2245 1216 2283 αὶρετῖἳν,
1232 2245 1378 2278 etc.'l|anc
1393 2245 1553 2284 postremam
1573 2250 1624 2277 loci
1638 2251 1710 2278 illius

85 2281 225 2316 opinionis
245 2281 361 2316 alicujus
383 2281 571 2308 deterininatae
589 2280 713 2315 quaedam
733 2282 815 2308 veluti
830 2289 873 2310 se-

87 2315 171 2342 niina.
186 2315 253 2342 Illud
265 2319 368 2342 certum
381 2320 422 2342 est
436 2320 517 2350 atque
527 2316 707 2350 exploratum,
720 2316 755 2343 ab
767 2324 798 2344 ea
810 2316 871 2343 Pla-

86 2352 162 2378 tonis
178 2350 211 2377 de
228 2351 316 2377 anima
331 2350 454 2377 dottrina
474 2349 642 2378 derivavisse
666 2349 832 2384 Platonicos,
847 2357 875 2379 et

85 2394 150 2422 cum
168 2386 389 2422 istisrnonnullos
402 2386 536 2422 primaeva:
550 2386 680 2422 Ecclesiae
693 2385 797 2422 Patres,
816 2388 874 2422 opi-

85 2421 196 2448 nionem
213 2421 286 2447 illam
312 2421 345 2448 de
367 2424 457 2448 inente
481 2421 516 2447 ab
532 2421 622 2448 anima
637 2421 664 2447 in
691 2421 800 2449 homine
816 2421 873 2450 dis-

87 2457 190 2487 tincta;
213 2456 293 2490 cujus
309 2463 361 2482 non
374 2456 458 2483 semel
477 2457 640 2483 mentionem
656 2455 720 2482 facit
742 2457 768 2482 in
786 2459 872 2484 Anco-

86 2496 145 2518 rato
163 2491 342 2526 Epiphanius.
361 2490 426 2518 Vide
445 2492 601 2525 superiores
624 2491 872 2520 animadVersiones

86 2530 207 2553 nostras.

123 2561 180 2591 (49)
202 2561 234 2587 ’0
247 2560 422 2594 Κυρηναῖος.
436 2559 485 2587 llic
498 2564 577 2588 secta:
592 2560 796 2596 philosophica},
812 2570 872 2596 quae

86 2604 101 2622 a
118 2596 235 2631 Cyrene.
262 2596 438 2622 celeberrima
461 2596 559 2622 Alricze
579 2596 655 2631 urbe,
669 2595 872 2630 Cyrenaica’est

87 2630 254 2666 nuncupata,
266 2638 381 2665 qumque
396 2630 609 2665 intpudicissima
624 2630 659 2657 ob
673 2638 762 2659 mores
775 2632 871 2666 depra-

86 2672 163 2694 vatos
179 2675 193 2692 ιι
218 2666 310 2692 multis
328 2666 451 2698 habetur,
471 2670 577 2698 auctor,
593 2666 626 2693 dc
650 2672 703 2700 quo
723 2668 870 2695 consulen-

85 2702 139 2727 dus
159 2701 275 2727 maxime
294 2700 428 2727 Laertius.

122 2736 177 2770 (50)
200 2735 232 2761 Ὀ
250 2736 365 2767 Ἀθεος.
381 2736 488 2770 Aperta:
505 2736 651 2770 impietatis
667 2741 812 2766 accusatus
827 2741 869 2765 est

86 2770 247 2798 Theodorus
262 2770 306 2797 ille
326 2775 407 2797 secta:
422 2771 578 2805 Cyrenaica:
591 2774 707 2805 assecla,
723 2776 750 2800 et
760 2773 795 2799 ob
807 2780 867 2799 eam

85 2813 197 2833 causam
218 2812 324 2832 veneno
345 2809 472 2841 ιιεεςιιυεε
488 2814 542 2833 non
562 2807 634 2841 qllOtl
655 2815 749 2835 revera
770 2815 868 2834 [illlllt‘ll

85 2848 166 2868 omne
187 2841 337 2877 negaverit,
357 2840 488 2877 sedquod
504 2849 518 2867 a
540 2840 652 2869 suorum
671 2843 800 2877 religione
812 2842 869 2870 dis-

89 2875 217 2910 senserit,
231 2883 343 2911 eamque
361 2875 487 2911 irriserit,
506 2877 673 2906 contendunt
685 2875 791 2911 plurimi
805 2886 866 2905 cum

925 2289 1029 2320 partem
1041 2285 1076 2310 ita
1094 2285 1187 2312 Latine
1207 2292 1222 2311 a
1236 2285 1348 2312 Petavio
1363 2285 1495 2312 redditam
1511 2285 1626 2320 legimus
1640 2295 1645 2312 :
1664 2285 1710 2313 de-

926 2320 1004 2354 nique
1031 2320 1069 2346 vel
1095 2320 1258 2353 insipientem
1289 2325 1365 2354 atque
1393 2325 1572 2346 contumacem
1603 2321 1710 2348 divitem

925 2354 1103 2382 asciscendum
1112 2363 1166 2381 esse
1174 2362 1183 2386 ;
1191 2355 1263 2390 quod
1271 2363 1337 2382 sane
1346 2355 1434 2383 erci
1442 2359 1532 2382 textus
1538 2363 1649 2383 sensum
1658 2357 1709 2383 mi-

924 2398 976 2417 nus
992 2390 1059 2417 bene
1076 2390 1178 2418 referre
1195 2391 1310 2418 videtur.

960 2425 1015 2459 (52)
1032 2425 1073 2456 Τῷ
1086 2425 1120 2451 δὲ
1132 2425 1227 2460 σορῷ,
1244 2430 1297 2452 etc.
1311 2424 1430 2452 Docebat
1447 2425 1577 2461 Hegesias
1594 2431 1709 2454 mortem

923 2461 1060 2497 vitaecsse
1085 2461 1323 2497 anteponendam;
1340 2469 1393 2487 non
1412 2461 1489 2497 quod
1507 2461 1541 2497 ab
1564 2461 1707 2497 Aristippi,

924 2500 970 2522 aut
985 2495 1140 2530 Cyrenaica:
1161 2496 1261 2523 schola:
1272 2496 1389 2523 decretis
1402 2495 1532 2523 defecerit
1551 2495 1706 2531 aliquando,

923 2531 970 2557 sed
1001 2531 1073 2564 quod
1096 2531 1319 2558 animadverterit
1344 2531 1486 2558 mortalem
1513 2531 1596 2558 vitam
1616 2533 1707 2559 vivere

925 2565 1060 2592 hominem
1078 2567 1180 2600 absque
1198 2565 1379 2593 incommodis
1397 2574 1450 2592 non
1474 2574 1564 2600 posse.
1580 2567 1647 2594 Hinc
1666 2575 1708 2593 sa-

923 2601 976 2627 tius
991 2600 1105 2627 ducebat
1125 2607 1239 2628 mortem
1255 2606 1393 2635 oppetere,
1411 2609 1492 2635 quam
1509 2602 1655 2629 infeliciter
1668 2602 1708 2628 vi-

924 2643 994 2662 vere.
1010 2635 1268 2670 Eloquentissimum
1295 2637 1370 2663 illum
1391 2635 1475 2663 fuisse
1497 2637 1560 2664 inde
1572 2637 1707 2668 eruimus,

922 2670 994 2704 quod
1008 2671 1072 2696 dum
1086 2671 1210 2697 insanum
1225 2671 1289 2697 illud
1303 2677 1486 2698 connnentum
1502 2679 1581 2698 suum
1592 2672 1708 2698 dicendo

921 2705 1081 2738 exponebat.
1105 2706 1226 2739 pluribus
1249 2706 1409 2733 voluntaria:
1430 2707 1524 2733 mortis
1541 2706 1703 2733 desiderian

921 2744 1065 2767 creaverit.
1084 2739 1114 2767 Et
1139 2748 1172 2767 eo
1196 2742 1306 2768 nomine
1332 2746 1442 2769 cautum
1458 2745 1501 2768 est
1516 2749 1532 2767 a
1559 2739 1705 2768 Ptolemaeo

921 2781 984 2809 rege
999 2782 1032 2802 ne
1056 2775 1169 2803 ulterius
1185 2775 1218 2803 de
1232 2783 1265 2803 co
1285 2776 1441 2804 dissereret.
1461 2774 1527 2803 Vide
1542 2775 1706 2803 Ciceronem

922 2809 1066 2836 Tusculan.
1081 2816 1175 2844 qumt.
1193 2811 1239 2838 lib.
1258 2819 1275 2843 I,
1292 2819 1366 2838 nunt.
1383 2811 1427 2838 54.

941 2845 1012 2885 ’(55)
1033 2846 1154 2873 Ἔπειτα
1168 2847 1305 2879 Κυνικός.
1324 2846 1381 2874 [mo
1406 2845 1534 2873 fundator
1561 2849 1641 2873 secta
1654 2845 1705 2882 Cy-

916 2888 997 2907 πιείρ-
