1935 3044
225 162 279 191 807

933 173 960 200 S.
987 173 1157 203 ΕΡΙΡΗΛΝΙΙ

1801 185 1860 214 868

224 223 315 251 ritatis
333 224 443 252 adducti
461 230 537 257 sunt.
556 231 584 254 ut
600 230 746 265 suscepta'
764 231 796 257 ad
816 231 936 267 episcopi
955 233 987 259 fu.

1041 235 1182 270 ιτολμῶσι
1201 236 1276 272 παρὰ
1299 237 1360 268 τοὺς
1384 237 1463 269 ὄντας
1475 239 1496 272 ²,
1519 239 1573 266 ἀπὸ
1592 238 1738 275 ὀρθοδόξων
1757 244 1858 280 ὁρμώ-

223 270 342 297 ctionem
361 278 489 298 manuum
505 272 688 308 impositioue,
707 276 812 309 sedere,
829 282 855 304 et
870 279 1011 314 episcopo-

222 323 282 348 rum
305 324 405 344 munus
424 317 500 344 obire
516 326 570 345 non
588 319 751 348 dubitarint.
776 323 841 356 Alii,
861 327 888 350 et
909 323 936 351 hi
951 325 1011 359 qui-

221 361 282 389 dem
307 370 360 389 non
374 363 464 398 pauci,
489 368 612 392 castrare
639 367 800 402 semetipsos
824 374 920 397 contra
937 371 1010 405 leges

216 406 331 442 juvenili
347 409 464 444 quadam
481 410 581 438 ferocia
599 414 659 439 ausi
683 418 757 441 sunt.
776 415 839 448 Alii,
861 417 907 451 qui
924 418 1010 444 auda-

219 454 308 480 ciores
326 455 464 487 videntur,
483 465 514 484 ex
531 458 734 486 Catholicorum
750 461 883 496 partibus,
904 464 1007 498 privata

218 499 270 526 sibi
287 499 408 528 factione
428 499 556 532 conﬂata,
571 509 667 539 praeter
683 505 811 534 Ecclesia:
828 510 1008 536 consuetudi-

219 552 295 577 nem,
311 553 343 572 ae
359 547 427 574 citra
444 550 579 582 generalis
594 551 702 578 concilii
725 552 875 586 decretum,
890 562 938 582 eos
959 556 1006 590 qui

214 591 248 618 ab
260 591 368 620 Arianis
389 593 423 621 ad
447 601 512 621 suas
525 601 616 629 partes
631 600 786 632 transeunt,
806 599 905 627 iterum
922 601 1003 636 bapti-

212 643 276 663 zare
297 637 366 664 nihil
380 643 522 673 verentur;
539 648 601 668 cum
622 643 742 669 nondum
757 652 788 671 ea
814 653 867 678 res,
883 650 911 672 ut
931 646 999 679 dixi,

214 683 377 710 universalis
397 685 494 719 synodi
509 686 615 720 judicio
635 687 727 715 decisa
752 690 787 716 sit
803 698 809 721 ;
826 691 898 725 qtiod
915 693 1004 721 adhuc

211 729 306 764 populi
322 730 480 764 promiscue
496 732 529 759 ad
548 733 708 761 hodiernum
727 743 817 771 usque
832 741 940 772 tempus
955 739 1003 766 lia-

212 773 329 802 beantur
346 784 353 802 :
369 775 439 803 inter
457 784 526 811 quos
549 779 625 805 multi
642 780 750 814 quidem
774 787 838 810 sunt
855 783 1000 816 Catholici.

211 818 259 846 sed
285 818 345 846 ﬁcte
365 828 396 847 ac
422 829 471 856 per
497 822 699 851 simulationem
721 834 781 852 cum
811 828 1001 857 sacerdotibus

210 863 350 897 conjuncti
366 870 442 897 sunt,
456 866 544 894 donec
556 871 725 897 exsecranda
743 871 788 897 illa
805 877 879 899 secta
899 874 934 901 ab
950 874 1000 901 Ec-

1064 289 1150 316 μενοι,
1168 282 1297 321 σύλλογον
1315 284 1421 316 ἑαυτοῖς
1438 286 1618 319 ὲπισπῶντες,
1638 288 1705 315 ἀλλὰ
1722 289 1770 315 καὶ
1786 291 1857 318 ἄνευ

1061 327 1228 362 ἐπικρίσεως
1242 329 1350 355 συνόδου
1374 331 1565 366 οἰκουμενικῆς
1587 333 1780 366 ἁναῧαπτῖζειν
1795 336 1856 369 (76)

1060 372 1123 403 τοὺς
1136 372 1299 406 ἐρχομένους
1317 373 1386 408 πρὸς
1403 374 1500 406 αὐτοὺς
1514 375 1595 410 δῆθεν
1611 377 1664 403 ἀπὸ
1684 378 1836 412 ’Δρειανῶν
1846 386 1854 394 ⁸

1061 417 1172 450 μηδέπω
1191 417 1237 443 τοῦ
1261 418 1423 453 πράγματος
1445 419 1475 451 ἐξ
1500 421 1680 455 ἐπικρίσεως.
1699 423 1737 454 ὡς
1762 424 1852 458 ἔφην,

1060 463 1168 488 συνόδου
1182 463 1342 498 τμηθέντος,
1361 465 1405 491 διὰ
1420 465 1450 491 τὸ
1472 466 1573 501 ἀναμὶξ
1587 469 1649 499 τοὺς
1663 468 1742 500 λαοὺς
1760 470 1853 506 ὑπάρ-

1058 515 1114 541 χειν
1138 507 1177 534 ἐτι
1194 508 1290 543 δεῦρο,
1318 510 1365 536 xui.
1384 510 1497 542 πολλοὺς
1515 512 1564 546 μὲν
1582 511 1651 538 εἶναι
1680 514 1851 548 ὁρθοόὁξους,

1057 552 1127 578 κατὰ
1149 553 1177 579 δὲ
1195 554 1340 590 ὑπόκρισιν
1355 555 1422 589 πρὸς
1447 556 1510 587 τοὺς
1534 557 1721 592 ἱερατεύοντας
1744 569 1851 595 συνημ-

1058 598 1172 632 μένους,
1201 599 1252 631 ἕως
1278 600 1311 626 ἂν
1330 601 1482 636 ἀφορισμος
1506 602 1618 638 γένηται
1645 604 1695 639 τῆς
1717 606 1851 640 τοιαύτης

1055 643 1218 680 βλασφήμου
1236 646 1387 681 αῐρὲςεως,
1408 649 1455 674 καὶ
1475 648 1535 674 τότε
1556 649 1590 676 τὰ
1607 651 1667 676 κατ’
1683 651 1767 684 αὐτῆς
1789 653 1851 686 ὁρι-

1055 689 1195 724 σθήσεται.
1217 690 1264 716 Ἐκ
1276 690 1377 717 τούτων
1391 691 1419 717 δὲ
1433 691 1486 718 τῶν
1501 692 1586 724 οὕτως
1605 693 1848 726 ἀναὸαπτιζόντων

1053 734 1100 760 ἀπ’
1115 734 1180 760 ἰδίου
1201 735 1395 770 κελεύσματος,
1410 737 1451 768 εἰς
1471 738 1608 772 ἡμετέρας
1626 738 1710 769 ἀκοὰς
1729 739 1846 773 ἀφῖκται

1052 777 1092 811 εἷς
1111 780 1240 815 ὑπάρχων
1255 782 1283 807 ἐν
1305 783 1338 816 τῇ
1356 781 1408 808 τῶν
1421 783 1528 808 Λυκίων
1548 782 1625 819 χώρᾳ
1646 784 1844 820 πρεσϐύτερος.

1051 827 1112 854 Εἰσὶ
1123 827 1151 853 δὲ
1165 828 1210 853 καὶ
1229 827 1332 858 ἄλλοθι,
1350 828 1388 859 ὼς
1405 828 1519 859 ἕκαστος
1533 828 1592 854 καθ’
1608 829 1704 855 ἑαυτὸν
1719 830 1842 864 εὔχεται,

1050 873 1097 899 καὶ
1111 873 1141 899 οὐ
1163 874 1232 908 μετά
1251 882 1323 905 τινος
1337 874 1366 900 τὸ
1387 874 1534 909 παράπαν·
1550 874 1638 910 ἕτεροι
1653 875 1681 900 δὲ
1697 876 1724 901 ἐν
1741 875 1844 907 κλοιοῖς

210 909 301 937 clesite
317 912 459 939 consortio
477 917 644 948 segregetur,
663 919 692 942 ut
711 920 775 944 tunc
793 918 894 953 aliquid
910 919 942 946 de
954 920 987 946 ill:

1051 919 1126 954 παρὰ
1141 919 1186 945 τὸν
1203 919 1303 953 Οξσμὸν
1323 919 1374 954 τῆς
1392 919 1564 954 Ἐκκλησίας.
1586 920 1685 956 Διόπερ
1705 921 1750 946 ἐπὶ
1767 921 1842 948 τέλει

209 959 359 982 statuatur.
374 955 412 983 Ex
424 957 468 989 iis,
481 958 527 992 qui
543 964 640 994 suapte
656 962 818 989 auctoritate
836 963 934 990 iterum
946 965 997 992 hoc

212 1001 294 1026 modo
311 1000 462 1035 baptizant,
474 1003 556 1030 audio
573 1004 718 1038 quemdam
739 1006 766 1032 in
786 1007 866 1041 Lycia
882 1009 996 1044 presby—

207 1050 296 1073 terum
318 1055 390 1075 csse.
407 1046 460 1075 Sed
479 1051 506 1075 et.
528 1049 590 1076 aliis
614 1050 640 1076 in
659 1050 726 1078 locis
751 1052 924 1086 reperiuntur
937 1055 994 1088 alii,

205 1093 252 1128 qui
270 1093 428 1128 singillatim
445 1102 477 1122 ac
498 1096 618 1130 separati
640 1104 734 1131 preces
754 1098 866 1131 obeunt,
887 1103 915 1126 et
932 1101 995 1127 reli-

204 1147 322 1174 quorum
335 1140 556 1169 communionem
572 1150 679 1170 omnem
696 1148 839 1178 respuunt.
857 1143 909 1171 Alii
923 1146 994 1173 collo

203 1186 312 1213 vincula
329 1191 427 1221 praeter
447 1186 575 1216 Ecclesia:
593 1189 665 1224 leges
684 1195 835 1218 innectunt.
852 1191 939 1224 Quam
955 1193 992 1220 ob

203 1238 314 1259 causam
327 1232 538 1267 disputationem
561 1242 669 1261 onmem
690 1235 741 1262 hac
764 1238 899 1264 sententia
925 1246 992 1265 con-

1051 965 1151 996 τιαντὺς
1161 965 1208 991 τοῦ
1222 965 1301 999 λόγου
1316 965 1440 997 νεάνιδας
1453 965 1520 1001 ἔφην
1533 965 1570 1001 μὴ
1583 966 1697 1001 ἐχούσας
1710 967 1840 1002 ἀριθμὸν,

1049 1011 1099 1042 τάς
1113 1019 1142 1036 τε
1156 1011 1226 1037 κατὰ
1243 1010 1291 1046 τὴν
1309 1010 1376 1037 ἰδίαν
1392 1010 1497 1038 ἔννοιαν
1512 1012 1606 1043 αὑταῖς
1616 1012 1791 1044 νεανιζούσας
1807 1014 1838 1039 οὗ

1051 1055 1103 1090 μὴν
1121 1056 1162 1087 εἰς
1179 1055 1210 1082 τὸ
1225 1056 1338 1090 ἀγαθὸν,
1362 1057 1401 1087 εἰς
1423 1056 1454 1082 τὸ
1481 1057 1600 1083 τελειοῦν
1617 1059 1666 1093 τῆς
1686 1058 1781 1092 σοφίας
1804 1059 1839 1084 τὰ

1048 1101 1105 1135 εἴδη
1122 1102 1281 1136 φρονήσεώς
1294 1111 1323 1128 τε
1341 1102 1388 1129 καὶ
1398 1103 1523 1138 ἀνδρείας
1540 1104 1586 1130 καὶ
1603 1104 1790 1136 δικαιοσύνης·
1808 1107 1838 1138 ἐξ

1045 1143 1082 1172 ὧν
1109 1147 1185 1173 ἄλλαι
1213 1147 1379 1180 νεανίζουσαι
1402 1149 1447 1174 ἐπὶ
1465 1148 1503 1183 τῷ
1525 1151 1749 1186 τυραννικωτέρῳ
1762 1172 1771 1186 ,
1790 1153 1838 1178 καὶ

1045 1193 1100 1219 ἀπὸ
1115 1192 1165 1227 τῆς
1178 1193 1307 1228 ἀληθείας
1320 1195 1419 1226 ἑαυτὰς
1433 1196 1621 1231 ἐκτρέπουσιν,
1632 1196 1702 1224 ὥστε
1718 1198 1754 1231 μὴ
1766 1196 1836 1225 εἶναι

1044 1239 1161 1275 ἀριθμὸν
1178 1239 1290 1268 τούτων.

202 1280 272 1308 clusi
286 1289 292 1306 :
307 1279 532 1308 Adolescentulas
555 1289 616 1309 esse
641 1283 717 1310 nullo
743 1291 858 1311 numero
876 1286 1104 1321 comprehensas;
1121 1295 1182 1323 quae
1201 1289 1306 1323 privaio
1326 1289 1443 1316 consilio
1464 1289 1604 1321 audacter,
1631 1290 1836 1324 insolenterque

202 1333 232 1353 se
244 1331 357 1361 gerunt;
379 1333 432 1353 non
465 1331 493 1353 ut
516 1328 580 1355 boni
606 1328 707 1363 aliquid
729 1335 942 1364 consequantur,
963 1336 1011 1359 aut
1039 1333 1180 1368 sapientia:
1210 1334 1316 1368 species
1344 1340 1493 1370 partesque
1519 1335 1678 1370 perﬁciant,
1707 1336 1835 1363 videlicet

202 1373 363 1407 prudentia).
380 1372 561 1407 fortitudinis,
580 1377 777 1410 temperantim,
790 1377 914 1411 iustitiae.
930 1378 989 1410 Quo
1006 1387 1038 1406 ex
1067 1389 1182 1408 numero
1197 1381 1477 1415 adolescentularuin,
1493 1383 1637 1417 tyrannica
1659 1389 1735 1409 more
1763 1391 1834 1418 quae-

200 1419 262 1446 dam
283 1418 442 1452 ederuntur,
459 1425 542 1456 atque
567 1429 581 1447 a
605 1422 720 1450 veritate
734 1422 892 1456 deﬂectunt,
914 1426 989 1452 nullo
1005 1431 1034 1453 ut
1053 1435 1167 1454 nuner
1185 1427 1318 1455 contineri
1336 1429 1453 1464 possint.

235 1467 305 1494 XIV.
326 1468 360 1494 At
379 1468 522 1502 singularis
538 1466 583 1495 illa
600 1469 731 1503 columba,
751 1475 898 1506 sanctaque
911 1472 988 1507 virgo

199 1513 283 1541 Deum
310 1514 473 1546 conﬁtetur,
498 1514 605 1542 Patrem
631 1519 658 1543 et
681 1515 780 1544 Filium
807 1522 833 1545 ct
855 1517 986 1552 Spiritum

197 1562 340 1591 sanctum;
369 1558 476 1586 Patrem
507 1559 670 1594 perfectum,
696 1561 795 1588 Filium
825 1563 986 1596 perfectum,

234 1638 241 1652 ¹
256 1635 286 1664 F.
306 1645 357 1664 non
380 1642 510 1671 suscepto.
549 1639 560 1654 ³
572 1637 602 1665 F.
619 1639 745 1670 κανόνας,
762 1646 810 1674 pro
824 1638 914 1670 ὄντας.

197 1692 314 1725 randos,
341 1694 364 1720 si
391 1694 451 1721 sine
477 1695 608 1730 seandalo
630 1694 686 1721 fieri
714 1695 811 1730 possit,
839 1695 1018 1726 lizcreticosC

196 1736 292 1765 omnes
319 1729 452 1756 allirinare
469 1729 592 1762 videtur;
618 1730 745 1764 quodque
769 1731 827 1757 sine
851 1731 984 1765 baptismo

196 1764 342 1799 plerosque
356 1765 525 1799 recipiendos
540 1766 576 1792 ob
591 1773 650 1791 cani
668 1773 748 1792 iinaiii
762 1772 874 1791 causam
888 1764 984 1793 existi—

197 1802 270 1830 mat,
287 1799 350 1833 quia
371 1799 488 1834 idipsuni
511 1800 665 1835 οἰκονομίας
689 1801 769 1826 ἕνεκα
786 1801 842 1827 ticri
871 1801 982 1834 placuit.

197 1841 293 1868 parum
310 1842 371 1860 cum
394 1835 582 1862 ecclesiastico
603 1836 730 1869 dogmate
749 1835 887 1862 convenit.
904 1835 982 1868 Quod

195 1869 307 1903 quidem
331 1870 519 1897 litcreticorum
540 1870 704 1904 baptismum
720 1878 753 1897 ex
771 1870 906 1897 catholico
928 1871 982 1899 ritu

195 1911 228 1930 ac
243 1905 402 1938 praescripto
419 1910 574 1938 susceptum
595 1905 737 1939 approbat,
755 1913 803 1932 nec
821 1905 912 1932 iterari
927 1907 991 1934 ullo.

196 1939 278 1966 modo
295 1939 407 1972 patitur.
423 1939 500 1972 Quod
518 1940 541 1966 si
556 1940 644 1970 aliter,
659 1947 741 1974 quam
756 1944 786 1966 ut
807 1940 834 1966 in
860 1939 982 1968 Ecclesia

194 1977 333 2008 receptum
351 1978 404 2006 est,
416 1975 478 2011 hoc
489 1979 531 2011 est
545 1982 578 2001 ex
593 1975 721 2011 legitima
744 1974 860 2011 formula
870 1996 876 2007 ,
896 1975 983 2011 bapti-

195 2015 272 2044 smus
287 2016 340 2035 non
362 2009 443 2036 modo
455 2009 489 2035 ab
506 2009 652 2041 haereticis,
673 2009 720 2037 sed
735 2010 777 2036 vel
799 2010 866 2044 ipsis
884 2009 982 2038 catho-

196 2043 255 2070 licis
283 2044 428 2080 tribuatur,
452 2044 526 2071 nulla
555 2045 629 2079 pacis
657 2043 864 2079 concordiaeque
890 2048 981 2080 specie

195 2082 287 2113 potest
302 2079 410 2111 adduci,
428 2084 455 2106 ut
482 2080 551 2106 citra
576 2087 674 2106 novum
700 2080 864 2114 baptismum
887 2079 982 2114 quein-

194 2114 266 2148 piam
281 2114 412 2141 admittat.
431 2115 521 2147 Quare
536 2114 570 2141 de
586 2114 732 2142 Eneratitis
753 2123 847 2149 parum
865 2123 981 2143 consen-

196 2154 276 2185 tanee
295 2149 377 2176 sentit
394 2149 522 2180 Basilius,
538 2155 566 2176 ut
591 2154 618 2177 et
643 2150 795 2185 Cyprianus
809 2151 891 2183 olim;
915 2153 979 2185 qui,

196 2188 225 2210 ut
244 2183 412 2220 Augustinus
424 2185 555 2213 adversus
571 2183 725 2212 Donatistas
737 2186 835 2220 swpius
848 2183 978 2219 inculcat,

214 2219 345 2246 rasertiin
364 2220 434 2247 libro
451 2229 470 2247 ii
486 2226 513 2247 et
530 2228 559 2247 iii
576 2220 614 2247 De
636 2219 781 2254 baptismo,
796 2221 902 2247 tametsi
920 2223 981 2248 nul-

214 2227 345 2246 raasertun
364 2227 434 2247 noro
451 2229 470 2247 ii
486 2227 513 2247 et
530 2228 559 2247 iii
576 2227 614 2247 Ue
636 2227 776 2254 baptismo,
796 2227 902 2247 iametSi
920 2227 979 2248 iiut-

194 2227 249 2281 rum
264 2262 326 2282 esse
343 2255 506 2290 baptismum
529 2255 719 2282 haireticoruin
737 2261 872 2286 censeret.
890 2260 979 2284 tamen

193 2289 239 2324 qui
267 2290 430 2325 rebaptizari
448 2290 569 2321 nollent.
585 2291 619 2317 ab
637 2290 764 2317 Ecclesiae
789 2292 981 2319 contmunioue

193 2332 364 2359 nequaquam
389 2326 450 2353 ideo
464 2325 632 2360 repellendos
654 2325 794 2353 censebat.
819 2325 899 2359 Atqui
920 2327 980 2354 sine

194 2367 258 2387 vero
286 2360 422 2405 baptismo
438 2361 610 2405 iibristianus
626 2369 688 2405 esse
714 2368 794 2402 nemo
822 2366 920 2394 potest.
932 2362 980 2405 JUt
996 2376 1018 2405 D

193 2401 282 2422 autem
299 2395 344 2428 qui
358 2395 531 2423 Christianus
547 2404 600 2423 non
616 2396 662 2427 sit,
684 2397 759 2430 pacis
775 2403 806 2422 ac
822 2396 977 2424 concordiae

193 2431 279 2464 gratia
295 2430 366 2457 inter
380 2430 554 2458 Christianos
571 2431 714 2462 habeatur,
730 2431 810 2464 eique
834 2431 866 2457 ad
884 2430 975 2458 divina

193 2464 322 2499 mysteria
351 2467 524 2499 permittatur
551 2467 651 2495 aditus.
668 2466 740 2500 quod
770 2467 796 2492 in
829 2465 977 2494 liacratitis

192 2500 318 2534 altisque,
334 2508 403 2534 quos
419 2501 519 2535 alioqui
536 2501 746 2535 rebaptizandos
758 2509 820 2527 esse
833 2505 976 2534 statuerat,

192 2535 239 2570 sed
257 2540 286 2562 ut
307 2543 360 2561 non
378 2535 452 2562 fieret
475 2537 548 2570 pacis
565 2543 648 2562 causa
668 2536 827 2567 remiserat,
846 2540 977 2570 pia-stan-

193 2569 257 2596 dum
273 2578 334 2597 esse
348 2571 444 2598 eodem
461 2569 488 2598 in
505 2578 611 2598 canone
623 2571 754 2598 decernit.
771 2571 836 2603 lloe,
853 2571 975 2605 inquam,

192 2605 226 2631 ab
240 2605 365 2632 Ecclesia:
380 2613 430 2632 iisu
445 2613 477 2632 ac
497 2606 630 2636 moribus,
647 2609 674 2632 et
693 2613 707 2632 a
731 2605 832 2632 Nicmni
857 2608 974 2638 concilii,

192 2639 362 2675 aliorumque
384 2644 505 2668 veterum
524 2641 715 2668 sanctionibus
735 2641 872 2668 abhorret.
890 2642 976 2674 Quin-

190 2675 273 2710 etiam
292 2676 455 2710 baptismum
470 2683 484 2702 a
505 2676 581 2703 laieis
594 2676 721 2702 collatum
747 2677 853 2703 irritum
867 2683 897 2703 ac
915 2677 976 2704 niil-

191 2709 247 2737 lum
263 2709 457 2738 esse’llasilius
473 2710 544 2738 idem
566 2711 714 2737 arbitratus
736 2712 853 2742 videtur,
866 2719 927 2739 cum
943 2720 976 2739 ex

191 2744 331 2780 Cypriani,
354 2745 516 2779 Firmihani,
540 2746 710 2780 aliorumque
736 2747 870 2773 sententia
890 2747 976 2781 bapti~

192 2784 273 2821 zatosl
293 2781 327 2808 ab
343 2780 477 2821 haereticis
494 2781 614 2821 perinde
630 2781 759 2821 etiamm}.
774 2781 909 2821 baptismo
926 2780 976 2809 cx—

193 2814 308 2847 piandos
323 2822 384 2842 esse
401 2815 477 2846 dicit,
492 2814 525 2843 ac
547 2816 569 2843 si
590 2815 625 2842 ab
641 2814 718 2842 lai‘cis
734 2814 761 2842 id
776 2814 971 2843 obtinuissent.

193 2848 276 2880 Quasi
290 2851 420 2877 laicoriim
434 2850 584 2885 baptisuius
599 2851 723 2885 ἀληθινός
737 2858 791 2877 non
803 2856 883 2878 esset.
896 2852 975 2884 Quod

194 2889 274 2910 secus
298 2892 327 2912 se
346 2885 444 2919 habet,
473 2891 500 2914 ut
517 2887 587 2915 inter
617 2890 730 2914 Ctl‘lel'tis
754 2887 868 2921 August.
889 2887 935 2914 lib.
957 2895 975 2914 ii

1072 1473 1124 1501 lA’.
1139 1473 1212 1509 Αὕτη
1228 1474 1256 1500 δὲ
1268 1474 1286 1507 ἡ
1298 1475 1353 1509 μία
1369 1474 1538 1509 περιστερὰ,
1551 1475 1596 1501 καὶ
1613 1476 1680 1509 ἁγία
1700 1477 1834 1511 παρθένος

1040 1518 1105 1544 Θεὸν
1121 1519 1257 1554 ὁμολογεῖ,
1274 1520 1384 1556 Πατέρα
1400 1520 1448 1546 καὶ
1469 1520 1531 1546 Υῐὸν
1546 1520 1593 1547 καὶ
1607 1520 1685 1555 ἆγιον
1700 1521 1783 1556 Πνεῦί
1795 1533 1822 1550 α,

1041 1564 1150 1600 Πατέρα
1166 1565 1278 1597 τέλειον,
1293 1566 1357 1592 Υἱὸν
1372 1566 1483 1599 τέλειον,
1495 1566 1606 1602 Πνεῦμα
1617 1566 1694 1600 ἅγιον
1709 1565 1834 1594 τέλειον-

1035 1694 1135 1722 Contra
1159 1693 1236 1727 epist.
1257 1693 1364 1725 Parm.,
1382 1701 1444 1729 cap.
1473 1694 1516 1726 l3,
1545 1693 1676 1721 declarat.
1707 1693 1830 1722 Tametsi

1035 1731 1131 1758 eodem
1159 1729 1206 1756 illo
1231 1730 1290 1756 loco
1305 1729 1426 1760 dubitat,
1443 1734 1532 1756 utrum
1557 1730 1591 1755 ab
1612 1737 1662 1760 eo,
1689 1730 1736 1764 qui
1760 1738 1830 1756 nuu-

1035 1773 1116 1799 quam
1132 1764 1306 1791 Christianus
1322 1764 1413 1795 fuerit,
1429 1765 1581 1799 baptismus
1597 1766 1682 1798 possit
1694 1764 1826 1794 conferri.

1035 1800 1069 1827 Et
1085 1801 1139 1826 Ιιιιιε
1154 1799 1258 1834 quidem
1271 1798 1326 1825 alia
1343 1800 1454 1833 quwstio
1466 1798 1523 1831 'est,
1537 1799 1635 1834 inquit,
1655 1805 1744 1825 utrum
1756 1806 1781 1826 et
1796 1801 1829 1827 ab

1034 1836 1079 1865 iis,
1091 1835 1134 1868 qui
1149 1842 1284 1868 nunquam
1297 1834 1396 1867 fuerint
1409 1833 1565 1866 Christiani,
1582 1836 1664 1868 possit
1680 1835 1829 1868 baptismi”

1033 1871 1105 1896 dari.
1123 1868 1178 1896 Nec
1196 1869 1298 1903 aliquid
1316 1869 1377 1895 inde
1395 1874 1490 1896 temere
1504 1870 1690 1904 afﬁrmandum
1705 1875 1755 1900 est,
1771 1871 1829 1898 sine

1034 1905 1195 1931 auctoritate
1209 1905 1277 1930 tanti
1292 1904 1407 1935 concilii,
1421 1910 1549 1939 quantum
1564 1909 1644 1931 tanta:
1662 1905 1701 1930 rei
1720 1905 1826 1939 sti/ﬁcit.

1034 1940 1086 1967 Sed
1096 1940 1194 1966 mirum
1209 1939 1330 1973 estquod
1342 1939 1368 1966 in
1384 1939 1551 1966 Eliberitano
1564 1939 1692 1972 concilio,
1702 1947 1764 1966 can.
1780 1941 1825 1971 38.

1033 1975 1158 2002 sancitur
1171 1983 1177 2001 :
1193 1973 1226 2000 Ut
1237 1981 1342 2014 peregre
1353 1975 1507 2014 aurigantes
1522 1975 1658 2014 ingruente
1670 1975 1828 2014 necessitate

1033 2019 1049 2037 α
1065 2017 1217 2044 quocunque
1233 2009 1316 2043 ﬁdeli,
1333 2010 1378 2041 qui
1401 2017 1452 2035 non
1480 2010 1514 2036 sit
1532 2009 1666 2044 bigonius,
1693 2009 1828 2043 baptizari

1032 2046 1144 2079 possint.
1169 2045 1275 2079 Ergone
1300 2051 1315 2070 a
1336 2044 1452 2079 bigainis
1476 2044 1610 2079 baptizari
1631 2044 1658 2071 in
1679 2048 1757 2072 tanta
1778 2054 1827 2073 iic-

1034 2081 1163 2108 cessitate
1177 2087 1231 2106 non
1248 2079 1344 2106 licuit?

1067 2115 1124 2150 (76)
1149 2113 1374 2144 Ὰναὸαπτίζειν.
1393 2113 1490 2141 Merito
1506 2114 1681 2150 reprehendit
1707 2113 1826 2149 Epipha-

1033 2151 1096 2178 nius
1121 2151 1220 2178 iterum
1247 2150 1417 2184 bapiizantes
1441 2157 1506 2182 eos,
1525 2150 1571 2184 qui
1600 2154 1678 2177 erant
1705 2150 1764 2182 jam
1789 2152 1824 2176 ab

1032 2186 1143 2212 Arianis
1160 2183 1476 2220 baptizatiaBaptismus
1489 2183 1560 2212 enim
1577 2185 1670 2212 verbis
1683 2183 1823 2220 Evangelii

1032 2222 1161 2252 collatus,
1180 2219 1314 2254 quidquid
1336 2220 1475 2246 contrarie
1495 2220 1632 2247 adducere
1651 2219 1826 2247 conatzc’ali-

1032 2256 1143 2291 quando
1167 2256 1223 2282 sint
1247 2255 1393 2291 nonnullch
1409 2254 1554 2291 Ecclesiae,
1570 2255 1823 2291 validiisg,rlirmns,

1032 2289 1108 2319 ratus
1127 2294 1259 2325 perpetuo
1276 2294 1318 2317 est
1334 2290 1442 2317 habitus
1462 2290 1496 2316 ab
1515 2289 1637 2317 Ecclesia
1654 2290 1822 2325 universali.

1031 2323 1268 2359 Quemadmodum
1293 2325 1385 2352 nullus
1399 2345 1406 2357 ,
1430 2325 1536 2355 irritus,
1559 2324 1696 2352 invalidus
1715 2332 1825 2359 semper

1031 2366 1073 2388 est
1090 2365 1241 2394 repiitatiis,
1250 2361 1271 2387 si
1284 2360 1401 2387 collatus
1413 2360 1449 2386 sit
1461 2360 1513 2386 alia
1527 2360 1643 2391 ratione,
1653 2360 1706 2386 alia
1723 2361 1822 2393 forma,

1032 2397 1106 2425 aliis.
1120 2403 1201 2430 quam
1216 2395 1366 2429 Evangelii,
1379 2395 1486 2427 verbis;
1501 2395 1658 2429 quicunque
1674 2394 1783 2421 tandem
1800 2397 1822 2422 is

1029 2431 1120 2466 fuerit,
1129 2429 1177 2466 qui
1196 2430 1390 2466 contulit,_sive
1408 2430 1563 2466 haereticus.
1577 2430 1634 2457 sive
1652 2429 1819 2466 catholicus.

1028 2464 1175 2493 lniiiiiiiera
1189 2464 1386 2500 propemodum
1402 2464 1499 2491 adduci
1513 2468 1758 2500 possentrvclerum
1774 2465 1822 2492 do-

1027 2505 1155 2528 cumenta
1171 2499 1204 2527 ad
1221 2499 1412 2528 illustrandum
1433 2503 1594 2535 praesentem
1614 2499 1760 2535 Epiphanii
1782 2500 1821 2526 lo-

1028 2544 1107 2569 cum;
1128 2536 1176 2563 sed
1201 2543 1256 2563 uno
1275 2535 1396 2562 contenti
1415 2533 1531 2565 erimus,
1553 2533 1645 2561 Siricii
1666 2533 1818 2568 ’pontilieis.

1028 2571 1075 2605 qui
1092 2579 1144 2597 non
1159 2571 1237 2605 longe
1249 2571 1356 2598 vivebat
1368 2570 1499 2596 nimirum
1516 2570 1551 2596 ab
1561 2574 1640 2597 aetate
1654 2569 1800 2604 Epiphaiiii
1811 2591 1818 2602 ,

1029 2607 1083 2633 imo
1093 2606 1189 2634 iisdem
1204 2605 1259 2633 fere
1269 2605 1446 2640 temporibus.
1456 2605 1481 2632 is
1492 2605 1616 2632 scribens
1625 2605 1658 2631 ad
1667 2605 1818 2631 Himeriqu

1028 2641 1264 2668 Tarraconenseui
1281 2641 1358 2668 initio
1368 2640 1490 2674 epistola.-
1505 2647 1561 2667 suae
1576 2647 1591 2666 e
1608 2647 1637 2666 re
1649 2644 1745 2667 nostra
1763 2640 1818 2666 ait:

1029 2676 1122 2703 Primo
1135 2677 1238 2711 pagina:
1258 2681 1308 2702 tua:
1319 2676 1405 2710 fronte
1419 2675 1539 2710 signasti,
1557 2675 1705 2711 baptizatos
1718 2675 1752 2701 ab
1768 2676 1819 2700 ini-

1027 2712 1079 2745 piis
1091 2709 1211 2740 Arionis.
1223 2711 1351 2745 plurimos
1368 2710 1401 2736 ad
1414 2711 1492 2744 [idem
1508 2709 1666 2737 catholicam
1680 2711 1817 2744 festinare,

1028 2744 1052 2773 et
1067 2747 1194 2781 quosdam
1211 2747 1241 2773 de
1253 2747 1383 2780 [nuribus
1399 2747 1498 2772 nostris
1514 2746 1618 2772 eosdem
1635 2744 1722 2772 denuo
1733 2746 1818 2778 bapti~

1030 2790 1090 2808 zare
1105 2782 1187 2809 velle:
1201 2783 1270 2816 quod
1283 2790 1335 2808 non
1350 2781 1419 2811 licet,
1434 2788 1493 2806 cum
1507 2781 1555 2816 hoc
1570 2781 1628 2814 ﬁeri
1639 2785 1663 2807 et
1676 2781 1818 2814 Apostolus

1029 2822 1103 2848 vetet,
1128 2822 1153 2843 et
1180 2815 1293 2844 contines
1319 2815 1514 2843 contradicunt.
1533 2815 1616 2843 Multa
1638 2816 1683 2842 hic
1712 2816 1819 2843 erudite

1029 2852 1167 2886 congessit
1194 2851 1337 2884 Petavius,
1356 2859 1472 2885 quorum
1491 2855 1580 2878 tamen
1605 2851 1696 2885 aliqua
1721 2850 1819 2885 adjun-

1031 2891 1102 2914 ctain
1124 2887 1293 2921 requirerent
1310 2891 1411 2915 rectam
1432 2886 1695 2921 interpretationem.
