1935 3044
103 189 158 218 809

386 188 568 217 ADVERSUS
586 189 756 218 IIIERESES
774 190 837 217 LIB.
860 191 902 218 III.
923 190 1004 218 ΤΟΜ.
1026 190 1094 218 11-
1114 190 1295 218 EXPOSITIO
1315 190 1414 218 FIDEI.

1663 193 1717 222 810

104 249 246 284 ὁμοούσιον
258 248 307 284 τὴν
320 248 421 284 Τριάδα
431 269 438 281 ,
461 249 490 275 οὐ
510 249 672 284 συναλοιφὴν
700 250 748 286 τὴν
763 251 865 286 Τριάδα
879 260 885 266 ·

944 251 1087 286 perfectum
1121 251 1250 285 Spiritum
1279 255 1423 281 sanctum;
1457 250 1719 277 consubstantialem

104 293 172 321 ἀλλὰ
196 293 243 321 τὸν
266 294 330 321 Υἱὸν
344 295 376 321 ἐκ
397 295 503 331 Πατρὺς
526 295 659 330 ἀληθινῶς
679 298 885 332 γεγεννημένων,

104 339 153 367 καὶ
176 339 207 366 τὸ
232 340 309 374 ἅγιον
335 340 446 376 Πνεῦμα
473 342 522 367 οὐκ
547 342 686 377 ἀλλότριον
711 343 815 378 Harpe;
841 344 888 369 καὶ

107 384 188 412 Υίοῦ·
208 383 289 412 οὖσαν
304 385 332 411 δὲ
352 385 395 412 ἀεὶ
407 385 457 422 τὴν
470 387 583 421 Τριὰδα,
598 388 644 413 καὶ
660 388 792 424 μηδέποτε
806 397 889 424 προσ-

105 430 194 466 θήκης
211 430 402 466 ὲπιδεομένην·
420 431 456 466 μὴ
472 431 585 466 ἔχουσαν
601 432 629 459 δέ
643 441 668 459 τι
687 433 716 459 ἐν
734 434 802 468 αὐτῇ
822 434 889 460 ὑπο-

105 476 237 509 ϐεϐηκὺς,
256 477 296 507 είς
323 476 386 512 μίαν
401 477 429 503 δὲ
455 478 568 513 ἑνότητα
587 479 634 504 καὶ
657 478 720 513 μίαν
743 479 828 514 ἀρχὴν
842 479 889 506 τοῦ

105 522 172 548 Θεοῦ
189 522 235 548 καὶ
259 522 366 558 Πατρδς
385 522 566 558 ἀναγομένην.
591 523 645 550 Καὶ
662 525 694 550 ὲκ
714 524 815 559 ταύτης
840 525 889 560 τῆς

105 567 221 602 Τριάδος
243 567 350 603 Πατρὸς
364 568 411 594 καὶ
426 568 491 595 Υίοῠ
514 568 562 595 καὶ
585 569 662 603 ἁγίου
678 570 834 605 Πνεύματος
855 570 890 596 τὰ

106 616 196 640 πάντα
209 613 348 640 κεκτίσθαι
361 614 381 647 ¹,
398 615 448 640 οὐκ
469 615 532 642 ὄντα
546 615 621 648 ποτὲ,
634 615 694 642 οὔτε
719 617 832 643 συνόντα
851 617 890 652 τῷ

106 659 177 694 Θεῷ,
189 658 250 685 οὕτε
274 659 498 694 προῦπάρξαντα,
514 659 642 695 γινόμενα
657 660 684 686 δὲ
699 660 729 692 ἐξ
743 662 792 687 οὐκ
807 661 890 688 ὄντων

107 706 147 737 εἰς
168 705 198 731 τὸ
214 703 284 731 εἷναι
298 705 350 732 ἀπὸ
377 705 483 741 Πατρδς
501 705 548 731 καὶ
565 704 630 732 Υἰοῦ
649 706 697 732 καὶ
714 707 790 741 ἁγίου
807 707 891 734 Πνεύ-

108 759 193 786 ματος
205 760 212 766 ⁸
236 751 284 778 καὶ
300 750 394 777 τοῦτον
407 751 452 778 τὸν
475 751 585 787 Πατέρα
606 752 653 778 καὶ
669 752 732 778 Υῑὸν
748 752 794 779 καὶ
815 753 892 787 ἅγιον

108 797 221 833 Πνεῦμα
235 798 292 829 τοῖς
311 797 393 824 αὑτοῦ
410 798 498 832 ἁγίοις
523 798 569 832 καὶ
583 798 630 824 ἀπ’
643 798 740 830 αἰῶνος
757 798 891 831 καταξιώ-

108 849 192 869 σαντα
203 844 232 868 ἐν
247 843 390 874 ὀπτασίαις
406 843 536 878 φανῆναι,
557 843 682 879 καθάπερ
695 844 811 878 ἠδύνατο
828 844 893 870 ἕκα-

108 897 169 920 στος
190 890 289 924 χωρεῖν
309 889 379 915 κατὰ
400 889 430 915 τὸ
450 889 572 924 χάρισμα
596 888 677 916 αὑτοῦ
702 889 745 916 διὰ
763 889 813 924 τῆς
826 884 892 918 Θεό-

939 296 1110 330 Trinitatcm,
1126 305 1178 323 non
1194 297 1391 324 coalescentem
1407 299 1454 323 aut
1466 295 1609 322 confusam
1622 295 1721 322 Trini-

939 345 1019 369 tatem
1033 351 1041 375 ;
1058 342 1104 370 sed
1116 330 1217 369 hlium
1235 350 1297 369 vere
1311 350 1325 368 a
1340 342 1418 369 Patre
1435 342 1565 376 genitum,
1583 345 1609 368 et
1632 340 1722 376 Spiri-

939 390 995 413 tum
1018 391 1141 414 sanctum
1165 395 1179 414 a
1197 387 1275 414 Patre
1291 386 1414 422 Filioque
1432 395 1485 414 non
1505 387 1622 413 alienum
1638 396 1644 414 :
1660 386 1721 414 Tri-

939 431 1061 463 nitatem,
1075 431 1196 466 inquam,
1213 439 1272 466 qua:
1288 439 1394 466 semper
1412 433 1456 463 sit,
1474 439 1561 466 neque
1578 432 1660 458 ullius
1679 439 1722 459 ac—

939 477 1072 504 cessionis
1098 482 1185 512 egeat,
1209 485 1296 512 neque
1313 478 1460 512 quidquam
1482 477 1509 504 in
1526 485 1586 505 sese
1607 477 1721 505 inferius

941 521 1048 555 habeat,
1062 530 1175 557 qumque
1195 523 1228 550 ad
1252 523 1416 558 singularem
1437 523 1568 551 unitatem
1596 523 1719 550 unicum~

940 575 993 602 que
1010 566 1057 595 Dci
1072 572 1103 595 ac
1118 567 1207 595 Patris
1223 568 1387 603 principium
1406 568 1550 597 referatur.
1565 569 1606 596 Ab
1626 569 1720 596 eadem

941 611 1084 644 Trinitate,
1106 612 1184 640 Patre
1197 612 1303 648 1096
1318 619 1345 640 et
1360 612 1428 640 Filio
1444 617 1471 640 et
1490 613 1593 648 Spiritu
1616 620 1722 645 sancto,

941 662 1030 685 creata
1056 665 1117 686 esse
1139 663 1250 690 cuncta,
1273 667 1332 693 quae
1356 659 1502 693 aliquando
1528 667 1582 686 non
1609 659 1724 686 exstite.

941 706 1012 734 rant,
1028 709 1115 737 neque
1127 710 1189 729 cum
1203 702 1257 729 Deo
1270 707 1345 734 sunt,
1361 711 1411 730 nec
1431 707 1494 730 ante
1513 703 1631 735 fuerant.
1647 703 1694 731 sed
1708 713 1724 730 e

941 747 1027 774 nihilo
1051 748 1153 782 aliquid
1172 755 1231 775 esse
1253 751 1394 783 cmperunt
1416 755 1432 774 a
1454 748 1533 776 Patre
1557 752 1584 775 et
1606 748 1673 775 Filio
1697 753 1725 775 et

942 797 1040 821 sancto
1054 793 1157 827 Spiritu
1172 794 1315 828 producta.
1331 793 1408 821 llune
1419 794 1509 829 ipsum
1520 794 1626 821 Patrem
1641 799 1668 822 et
1680 794 1725 821 Εἰς

942 838 1009 866 lium
1024 842 1052 865 et
1066 838 1196 873 Spiritum
1215 843 1340 865 sanctum
1358 839 1392 866 ab
1408 840 1474 866 orbe
1489 839 1600 867 condito
1621 840 1726 868 sanctis

943 884 1001 911 suis
1017 892 1066 919 per
1085 885 1174 911 visutn
1199 884 1367 919 apparuisse,
1385 890 1516 919 quantum
1538 892 1635 920 capere
1653 886 1726 921 quis-

106 942 197 968 τητος,
212 935 279 969 ὅπερ
300 934 441 969 ἐχαρίζετο
460 935 568 969 ἑκάστῳ
583 933 638 960 τῶν
660 934 892 970 καταξιουμένων·

944 937 996 964 que
1020 932 1137 963 poterat,
1159 937 1191 955 ac
1207 936 1256 964 pro
1281 936 1314 956 eo
1339 936 1371 956 ac
1393 929 1503 956 cuilibet
1525 930 1727 957 communicata

109 979 149 1014 πὴ
178 979 228 1014 μὲν
255 979 364 1016 Πατέρα
387 979 552 1012 θεάσασθαι,
577 979 668 1012 καθὼς
694 980 808 1015 ἠδύνατο
830 979 894 1007 ἕκα-

108 1033 170 1056 στος
185 1025 300 1052 ἀκοῦσαι
327 1025 378 1060 τῆς
401 1025 494 1061 φωνῆς
521 1025 621 1059 αὐτοῦ,
650 1026 688 1058 ὡς
715 1025 828 1061 ἐχώρει·
857 1027 895 1058 ὠς

108 1069 143 1095 ὲν.
161 1070 274 1105 στόματι
301 1069 347 1096 τοῦ
370 1070 481 1097 Ἡσαΐου
501 1070 608 1104 ἔλεγεν·
635 1070 713 1097 Ἰδοὺ
729 1070 858 1104 συνήσει
879 1073 895 1098 ὁ

108 1114 182 1147 Παῖς
199 1124 259 1149 μου
283 1116 299 1142 ό
315 1115 484 1149 ἀγαπητός·
509 1116 587 1142 τοῦτο
603 1116 679 1152 φωνὴ
701 1117 816 1153 Πατρός.
842 1116 895 1144 Καὶ

106 1160 145 1192 ὥς
164 1162 180 1187 ὁ
204 1161 302 1196 Δανιὴλ
318 1159 370 1188 εἶδε
384 1161 429 1188 τὸν
446 1162 565 1190 Παλαιὸν
591 1163 645 1189 τῶν
662 1163 774 1198 ἡμερῶν
787 1170 794 1178 ·
821 1163 896 1189 τοῦτο

106 1206 226 1233 ὸπτασία
247 1206 294 1233 τοῦ
311 1207 430 1243 Πατρός.
455 1207 498 1239 Ὠς
523 1207 550 1234 δὲ
574 1208 603 1234 ἐν
628 1207 667 1243 τῷ
686 1209 811 1244 προφήτῃ
840 1208 896 1235 πά-

107 1252 165 1278 λιν·
188 1252 258 1287 Ἐγὼ
276 1252 394 1286 ὁράσεις
412 1253 579 1286 ἐπλήθυνα,
599 1254 648 1280 καί
668 1254 702 1280 ἐν
718 1254 804 1288 χερσί
824 1261 895 1288 προ-

107 1297 212 1331 φητῶν
237 1298 406 1333 ὠμοιώθην·
429 1299 508 1325 τοῦτο
536 1299 612 1334 φωνὴ
636 1298 712 1326 Υἱοῦ.
745 1299 789 1331 Ὠς
815 1300 844 1327 δὲ
866 1301 895 1326 ὲν

114 1342 266 1378 Ίεζεκιήλ·
283 1344 338 1370 Καὶ
357 1343 446 1370 ἔλαϐέ
463 1353 502 1379 με
523 1344 645 1379 Πνεῦμα
666 1345 750 1378 Θεοῦ,
773 1346 823 1373 καί
845 1346 894 1378 ἐξ·

106 1388 198 1415 έϐαλέ
208 1397 247 1423 με
271 1390 314 1422 είς
333 1389 366 1416 τὸ
382 1390 504 1417 πεδίον·
525 1389 605 1416 τοῦτο
621 1391 686 1426 περὶ
708 1391 785 1426 ἁγίου
809 1392 894 1418 Πνεύ-

110 1443 206 1470 ματος.
222 1435 276 1462 Καὶ
293 1435 378 1462 πολλὰ
404 1435 461 1462 ἐστι
485 1436 596 1463 τοιαῦτα
620 1437 718 1470 λέγειν,
740 1434 778 1464 ὧν
797 1438 895 1472 ὀλίγων

108 1480 164 1507 ἀπὸ
186 1480 284 1516 μέρους
299 1481 461 1516 μνησθέντες
477 1482 505 1508 ἐν
520 1482 681 1518 παραδρομῇ
698 1483 738 1514 είς
762 1483 791 1509 τὸ
810 1484 894 1516 δεῖξαι

108 1526 155 1552 τὸν
184 1527 347 1562 χαρακτῆρα
369 1526 420 1562 τῆς
445 1527 626 1563 Ἐκκλησίας.
652 1527 686 1555 τὰ
712 1529 759 1556 δύο
784 1529 894 1564 ῥήματα

109 1571 297 1607 παρεθέμεθα,
311 1572 417 1607 μυρίων
431 1572 516 1600 ὄντων
526 1573 573 1600 καὶ
589 1574 717 1601 ἐπέκεινα
728 1575 783 1601 τῶν
795 1575 894 1610 ὁμοίων

106 1617 211 1644 τούτων
225 1618 254 1644 ὲν
266 1619 326 1649 ταῖς
345 1618 433 1650 θείαις
450 1621 569 1654 γραφαῖς
585 1620 704 1651 Παλαιᾶς
718 1629 747 1646 τε
765 1621 812 1647 καὶ
826 1621 893 1647 Και-

107 1663 157 1698 νῆς
172 1663 308 1698 Διαθήκης
331 1664 535 1699 ἐμφερομένων,
552 1658 607 1691 Καὶ
627 1665 668 1691 ὅτι
690 1665 771 1696 αὐτὸς
793 1665 892 1700 Κύριος

107 1708 210 1736 ἔπλασε
226 1709 255 1735 τὸ
272 1709 352 1744 σῶμα
363 1710 402 1744 τῷ
424 1710 519 1744 Ἀδὰμ,
534 1711 581 1736 καὶ
602 1711 762 1737 ἐνέπνευσεν
777 1711 806 1737 ὲν
819 1710 893 1745 αὐτῷ

108 1754 194 1789 πνοὴν
211 1754 297 1790 ζωῆς,
322 1756 417 1787 κτίσας
442 1756 516 1791 αὑτῷ
538 1755 626 1791 ψυχὴν
651 1757 757 1788 ζῶσαν,
787 1756 834 1783 καὶ
853 1757 893 1783 ὅτι

109 1798 190 1830 αὐτος
203 1798 300 1825 δέδωκε
314 1799 360 1825 τὸν
375 1800 455 1835 νόμον
467 1800 504 1835 τῷ
519 1800 621 1836 Μωῡσῇ
635 1801 649 1826 ὁ
663 1800 728 1832 Θεὸς
739 1801 832 1836 Πατὴρ
848 1801 894 1827 καὶ

108 1842 174 1874 Υἱὸς
191 1844 237 1869 καὶ
256 1843 333 1877 ἆγιον
357 1844 510 1880 Πνεῦμα,ὴ
537 1845 586 1878 μία
598 1846 712 1881 Θεότης·
739 1847 785 1873 καὶ
803 1847 844 1873 ὅτι
868 1848 893 1873 οι

111 1888 248 1924 προφῆται
262 1889 314 1916 ὑπὸ
325 1889 376 1924 τῆς
387 1891 471 1925 αὐτῆς
481 1891 611 1925 Θεότητος
626 1891 830 1927 ἀπεστάλησαν·
846 1892 894 1919 καὶ

107 1931 150 1958 ὅτι
163 1933 244 1964 αὐτὸς
257 1934 323 1969 ἡμῖν
334 1934 348 1959 ὁ
358 1934 435 1966 Θεὸς,
446 1935 460 1960 ὸ
474 1935 608 1962 Ἰουδαίων
621 1944 650 1962 τε
662 1937 709 1962 καὶ
723 1937 894 1972 Χριστιανῶν

108 1977 148 2004 ὢν
163 1977 239 2012 Θεδς,
267 1979 409 2010 Ἰουδαίους
422 1988 452 2006 τε
476 1981 650 2013 καλέσαςείς
671 1981 810 2009 δικαίωσιν
831 1983 894 2014 τοὺς

110 2023 149 2058 μὴ
164 2024 347 2059 ἀρνουμένους
362 2025 412 2061 τὴν
429 2026 571 2061 αὐτὴνντοῦ
592 2027 695 2062 Κυρίου
712 2028 790 2063 ἡμῶν
807 2028 893 2063 ’1ησοῦ

109 2067 281 2102 παρουσίαν,
305 2070 352 2095 καὶ
377 2071 481 2102 πάντας
508 2071 641 2103 σώζοντος
661 2073 723 2104 τοὺς
748 2072 819 2099 κατὰ
845 2073 894 2109 τὴν

108 2113 239 2148 ἀληθινὴν
252 2114 334 2141 αὑτοῦ
345 2115 435 2142 πίστιν
448 2116 585 2151 βιοῦντας,
597 2117 644 2143 καὶ
662 2117 699 2152 μὴ
713 2117 895 2153 ἀρνουμένους

108 2158 160 2193 τὴν
178 2159 305 2194 ἀλήθειαν
316 2159 363 2186 τοῦ
380 2161 556 2196 κηρύγματος
576 2162 626 2197 τῆς
639 2162 769 2198 ἀληθινῆς
783 2163 895 2197 εὐαγγε-

109 2203 190 2239 λικῆς
202 2204 284 2231 αὐτοῦ
300 2205 484 2238 διδασκαλίας.
496 2205 582 2233 Ἦλθε
603 2207 667 2241 γὰρ,
685 2205 765 2242 ἦλθεν
778 2209 793 2234 ὁ
809 2208 895 2234 Μονο-

109 2249 208 2283 γενής·
223 2251 270 2276 καὶ
286 2250 373 2282 οὕτως
397 2251 453 2286 ἔχει
467 2253 483 2287 ὴ
504 2253 595 2288 μήτηρ
610 2252 688 2288 ἡμῶν
710 2252 866 2288 Ἐκκλησία,
881 2254 895 2280 ὁ
911 2268 932 2295 D

109 2294 193 2329 λιμὴν
208 2296 222 2321 ὁ
237 2296 323 2327 εὔδιος
340 2297 389 2331 τῆς
404 2297 525 2332 εἰρήνης,
543 2299 559 2333 ἠ
581 2298 718 2333 εὐφρασία
739 2299 754 2333 ὴ
777 2298 894 2324 πνέουσα

109 2339 160 2374 τὴν
177 2339 277 2375 κύπριν
288 2341 298 2356 ²
308 2341 358 2375 τῆς
377 2341 510 2375 ἀμπέλου,
524 2342 570 2368 καὶ
584 2342 680 2377 βότρυν
695 2342 814 2377 φέρουσα
829 2343 894 2378 ἡμῖν

109 2384 161 2419 τῆς
177 2385 312 2419 εὐλογίας,
328 2387 375 2412 καὶ
390 2387 421 2413 τὸ
434 2387 576 2413 λυσίπονον
586 2389 653 2422 ἡμῖν
662 2388 737 2422 πόμα
755 2387 815 2414 καθ’
830 2388 894 2414 ἐκά-

110 2439 178 2464 στην
198 2431 305 2466 ἡμέραν
330 2429 398 2467 αἷμα
428 2433 547 2468 Χριστοῦ
572 2433 736 2468 χαριζομένη
757 2433 892 2468 ἄκρατον,

109 2475 220 2510 ἀληθές.

945 983 993 1010 per
1005 976 1179 1003 Divinitatem
1194 976 1281 1011 gratia
1306 980 1358 1009 est,
1374 984 1455 1011 quam
1480 977 1514 1004 iis
1537 976 1664 1004 omnibus
1679 978 1726 1011 qui

945 1021 1019 1057 digni
1040 1026 1130 1054 erant,
1153 1022 1294 1057 impertiit.
1310 1022 1348 1049 lta
1364 1022 1454 1051 Patris
1472 1027 1601 1058 aspectus
1623 1023 1728 1051 unicui-

944 1075 998 1102 que
1018 1067 1168 1102 permissus
1192 1073 1243 1098 est,
1261 1072 1392 1102 quantum
1411 1076 1505 1096 vocem
1523 1069 1596 1096 illius
1620 1069 1727 1101 audire.

945 1120 977 1140 ac
993 1117 1073 1148 prout
1087 1120 1185 1148 capere
1203 1117 1307 1148 poterat
1320 1122 1327 1146 ;
1342 1118 1371 1140 ut
1390 1121 1450 1140 eum
1464 1122 1511 1149 per
1525 1114 1623 1142 Isaiam
1640 1115 1675 1141 ita
1688 1115 1727 1142 lo-

944 1158 1039 1192 quitur
1060 1167 1065 1184 :
1085 1158 1151 1185 Ecce
1174 1158 1300 1193 intelliget
1322 1159 1392 1185 Puer
1408 1168 1480 1186 meus
1504 1161 1644 1193 dilectus’,
1667 1169 1728 1196 quae

945 1203 1033 1231 Patris
1051 1204 1138 1238 ipsius
1157 1205 1238 1232 verba
1262 1210 1336 1232 sunt.
1352 1205 1397 1232 Sic
1413 1205 1505 1232 Daniel
1523 1205 1672 1241 Antiquum
1695 1208 1727 1234 il-

945 1249 1001 1276 lum
1027 1250 1132 1277 dierum
1155 1249 1241 1277 vidit"
1258 1259 1265 1277 :
1281 1250 1354 1285 quod
1370 1251 1457 1278 visum
1474 1250 1564 1279 Patris
1587 1254 1728 1287 proprium

946 1295 1006 1322 fuit.
1026 1295 1178 1328 Quinetiam
1205 1297 1276 1331 apud
1297 1297 1378 1324 alium
1402 1298 1570 1332 prophetam,
1599 1298 1664 1333 Ego,
1687 1299 1728 1326 in-

945 1342 1014 1376 quit,
1029 1342 1140 1369 visiones
1159 1342 1344 1378 multiplicari,
1367 1347 1391 1370 et
1409 1345 1527 1371 manibus
1541 1344 1728 1379 prop/telarum

945 1387 1110 1414 assimilatas
1129 1388 1220 1420 sum“,
1244 1396 1275 1416 ea
1292 1397 1343 1416 vox
1365 1394 1408 1417 est
1427 1389 1487 1417 Filii
1503 1391 1622 1425 propria.
1647 1391 1726 1425 Apud

946 1431 1113 1459 Ezccliielem
1126 1439 1200 1465 vero,
1212 1431 1244 1458 Et
1265 1433 1406 1466 assumpsit
1427 1441 1477 1465 me,
1495 1435 1595 1469 inquit,
1607 1434 1724 1468 Spiritus

945 1476 1004 1510 Dci,
1027 1481 1051 1504 et
1066 1477 1141 1511 ejecit
1163 1485 1203 1504 me
1217 1477 1243 1504 in
1269 1478 1410 1512 campum“
1427 1487 1433 1505 :
1450 1479 1520 1512 quod
1542 1479 1575 1506 ad
1593 1480 1725 1515 Spiritum

945 1528 1070 1550 sanctum
1099 1523 1228 1558 pertinet.
1256 1523 1396 1557 Ejusmodi
1422 1525 1475 1551 alia
1500 1525 1615 1559 proferri
1645 1533 1726 1560 quam

946 1568 1063 1602 plurima
1084 1573 1218 1603 possunt,
1235 1577 1250 1596 c
1270 1570 1369 1604 quibus
1389 1577 1474 1604 pauca
1496 1571 1617 1605 qua‘dam
1639 1571 1729 1598 obiter

944 1614 1148 1648 proposuimus.
1175 1615 1263 1649 Atque
1291 1619 1320 1642 ut
1353 1616 1490 1650 propriam
1520 1616 1648 1643 Ecclesia:
1676 1617 1726 1644 fore

943 1667 1015 1686 mam
1037 1667 1069 1686 ac
1088 1663 1167 1686 notas
1183 1660 1398 1690 ostenderemus,
1417 1661 1470 1687 duo
1485 1661 1570 1687 triave
1593 1661 1674 1688 verba
1701 1662 1729 1689 in

943 1703 1063 1730 medium
1088 1704 1228 1731 attulimus
1249 1712 1281 1731 ex
1306 1704 1418 1731 inlinitis
1438 1705 1515 1736 locis,
1537 1713 1597 1740 qua:
1620 1706 1728 1733 illorum

944 1749 1041 1776 similia
1059 1749 1085 1775 in
1110 1749 1255 1784 scripturis
1278 1753 1331 1775 tam
1349 1749 1452 1776 Veteris
1476 1758 1556 1784 quam
1579 1750 1644 1777 Novi
1660 1750 1729 1780 Tes-

944 1794 1056 1820 tamenti
1090 1794 1225 1829 leguntur.
1261 1794 1328 1821 Illud
1358 1802 1423 1822 vero
1454 1796 1565 1830 insuper
1605 1796 1729 1824 Ecclesia

944 1839 1108 1874 proﬁtetur:
1125 1840 1270 1867 Dominum
1289 1841 1377 1876 ipsum
1399 1849 1499 1876 corpus
1521 1841 1624 1869 Adatno
1650 1842 1730 1869 fabri-

943 1893 1031 1917 casse,
1052 1888 1079 1912 et
1094 1886 1244 1920 inspirasse
1260 1886 1297 1912 illi
1314 1887 1438 1921 spiritum
1454 1887 1545 1919 vitae",
1559 1895 1621 1914 eutn
1642 1888 1729 1915 viven-

946 1935 997 1958 tem
1013 1931 1038 1958 ei
1055 1935 1212 1965 prorrearet
1231 1932 1360 1959 animam.
1375 1931 1443 1959 Tum
1469 1931 1554 1967 Moysi
1571 1933 1655 1967 legem
1677 1938 1730 1961 tra-

944 1977 1045 2004 didisse
1060 1977 1142 2005 Deum
1162 1978 1250 2013 ipsum
1267 1978 1374 2005 Patrem
1391 1982 1417 2005 et
1440 1977 1537 2005 Filium
1556 1983 1582 2006 et
1598 1978 1730 2014 Spiritum

945 2026 1082 2054 sanctum.
1102 2031 1162 2058 qua:
1176 2027 1218 2050 est
1234 2031 1287 2050 una
1301 2024 1446 2051 Divinitas.
1463 2023 1564 2051 Deinde
1576 2025 1610 2052 ab
1634 2025 1728 2052 eadem

946 2067 1090 2096 Divinitate
1125 2069 1271 2104 prophetas
1297 2076 1358 2096 esse
1387 2070 1495 2097 missos.
1517 2069 1556 2097 Ad
1582 2070 1656 2102 lucc,
1685 2078 1728 2097 ut.»

945 2118 1031 2141 strum
1059 2116 1146 2149 ipsum
1172 2114 1268 2147 Deum,
1283 2114 1438 2142 Judmorum
1462 2123 1493 2142 ac
1510 2116 1728 2144 Christianorum

944 2168 1004 2187 esse
1019 2160 1119 2192 Deum;
1134 2162 1181 2195 qui
1199 2160 1308 2188 Judazos
1329 2161 1362 2188 ad
1374 2161 1597 2195 justiticationcm
1619 2169 1667 2188 eos
1681 2170 1729 2188 vo-

945 2205 1027 2237 cavit,
1046 2206 1092 2239 qui
1109 2205 1324 2233 incarnationem
1339 2206 1426 2240 ipsam
1442 2205 1547 2232 Domini
1563 2207 1649 2233 nostri
1663 2206 1728 2234 Jestt

945 2250 1045 2278 Christi
1060 2258 1230 2285 nequaquam
1247 2251 1429 2286 abnegarent;
1443 2251 1545 2285 quique
1559 2251 1619 2278 illos
1634 2259 1729 2280 omnes

948 2301 1047 2330 servat,
1071 2297 1117 2332 qui
1134 2304 1166 2323 ex
1184 2305 1255 2324 verte
1277 2298 1363 2332 ipsius
1387 2298 1447 2324 Ildei
1464 2299 1623 2333 prsescripto
1646 2299 1728 2326 vitam

948 2342 1105 2374 instituunt,
1128 2349 1216 2376 neque
1234 2342 1348 2369 sincera:
1362 2346 1388 2369 et
1405 2343 1567 2377 evangelica:
1586 2343 1659 2370 illius
1679 2344 1728 2370 (Io-

947 2388 1042 2414 ctrinte
1062 2388 1235 2422 prmdicatum
1252 2388 1352 2422 ultique
1367 2387 1464 2422 dogma
1487 2393 1628 2423 respuunt.
1650 2387 1728 2416 Venit

947 2434 1030 2466 enim,
1048 2435 1122 2462 venit
1140 2434 1311 2470 Unigenitns,
1324 2436 1414 2471 itaque
1430 2441 1515 2464 mater
1531 2437 1652 2464 Ecclesia
1667 2446 1730 2472 pro-

948 2480 1048 2512 Iitetur,
1062 2489 1125 2515 qua:
1144 2482 1306 2516 tranquillus
1329 2483 1403 2516 pacis
1421 2486 1515 2517 portus
1541 2487 1599 2515 est,
1621 2487 1648 2510 et
1667 2492 1730 2511 sua-

109 2526 180 2552 vitas
200 2525 322 2559 quaedam
336 2525 400 2552 vitis
423 2532 534 2560 cyprum
557 2526 693 2556 redoleas.
718 2530 745 2552 et
762 2525 893 2552 hotrum“
914 2527 992 2553 nobis
1007 2527 1204 2555 benedictionis
1232 2528 1390 2562 proferens,
1417 2537 1521 2556 necnon
1555 2534 1582 2557 et
1608 2538 1728 2565 pra-sen-

109 2571 246 2599 tissimum
264 2570 328 2597 illud
344 2571 523 2605 ahstergendo
537 2572 646 2598 mmrori
663 2575 766 2606 putum,
777 2579 880 2599 merum
892 2572 1036 2600 scilicetac
1050 2581 1142 2600 verum
1159 2574 1260 2601 Christi
1279 2575 1437 2609 sanguinem
1464 2575 1584 2609 quotidie
1599 2575 1726 2608 largiens.

145 2617 184 2643 IE’
204 2617 270 2652 (77).
295 2618 356 2643 Ὅτι
380 2617 514 2652 ἀληθινῶς
539 2619 669 2654 ἐγεννήθη
698 2618 814 2653 Χριστὸς
839 2619 892 2645 ἀπὸ

107 2662 217 2697 Μαρίας
232 2663 280 2697 τῆς
300 2662 489 2698 ἀειπαρθένου,
516 2663 605 2690 λαϐὼν
627 2664 657 2690 τὸ
678 2664 756 2700 σῶμα
775 2665 804 2691 ὲν
825 2664 892 2699 ἀλη-

108 2707 181 2744 θείᾳ,
205 2709 252 2734 καὶ
274 2709 324 2735 οὐκ
346 2709 375 2734 ἐν
397 2709 517 2744 δοκήσει,
539 2710 625 2745 σάρκα
647 2710 791 2746 ἀληθινῶς,
813 2711 891 2746 σῶμα

145 2787 155 2822 ξ
172 2795 217 2821 π).
237 2786 392 2822 κεκτῆσθαι.
446 2788 455 2802 ²
478 2785 506 2812 F.
519 2787 631 2822 κύπρον.

106 2819 119 2838 ⁷
135 2819 203 2849 Gen.
222 2828 252 2851 ll.
268 2821 292 2848 7.
314 2819 340 2836 V“
355 2822 433 2848 Cant.
453 2830 471 2853 ι,
488 2822 530 2848 15.

688 2788 698 2803 ³
719 2787 768 2814 Isa.
782 2795 829 2819 LII,
847 2787 890 2815 15.
928 2789 938 2803 ⁵
957 2788 1022 2816 Dan.
1040 2798 1086 2821 vn,
1101 2790 1127 2817 9.

982 2618 1086 2654 1097
1098 2618 1153 2646 XV.
1163 2619 1295 2647 Praeterea
1303 2621 1441 2647 Christum
1448 2629 1462 2647 e
1470 2620 1552 2647 Maria
1563 2628 1668 2654 semper
1676 2622 1728 2647 vir-

945 2664 1007 2699 gine
1021 2672 1114 2691 revera
1126 2670 1219 2692 natum
1233 2674 1294 2693 esse
1312 2666 1409 2697 credit,
1419 2674 1450 2693 ac
1460 2666 1550 2701 rcipsa
1561 2672 1662 2700 corpus
1674 2674 1728 2691 non

947 2712 1038 2746 specie
1052 2712 1183 2739 duntaxat
1200 2713 1331 2745 induisse,
1348 2721 1470 2745 carnem,
1487 2714 1607 2747 inquam,
1624 2719 1727 2742 veram,

1172 2791 1181 2805 '
1198 2790 1259 2818 Ose.
1278 2799 1325 2822 xu,
1345 2792 1388 2818 It).
1434 2792 1444 2806 ⁸
1461 2790 1557 2817 Ezech.
1570 2798 1610 2823 ιιι,
1623 2790 1666 2821 12,
1681 2789 1726 2816 22.

143 2879 201 2915 (77)
221 2878 434 2906 Przetermissam
455 2880 490 2906 ἱΙιί
510 2885 562 2905 lant
585 2888 599 2906 τι
625 2880 750 2913 I’etavio,
775 2889 854 2917 qualn
877 2888 890 2907 a
912 2880 1069 2913 Thomasio,
1083 2881 1250 2907 nutrierit-am
1268 2872 1358 2907 nolani
1375 2885 1408 2907 xv
1425 2879 1606 2908 restituimus.

271 2925 406 2956 I’n'twL.
430 2926 488 2956 Gn.
508 2926 602 2955 XLII.

1570 2923 1610 2954 26
