1935 3044
199 177 246 203 811

905 170 937 198 S.
954 170 1122 198 EPIPIIANII

1758 163 1815 193 8‘12

199 240 352 268 corpusque
370 239 462 259 verum
485 238 545 258 cum
562 229 670 258 ossibus
685 236 716 256 ac
736 230 826 256 nervis
856 229 981 263 reliquis-

1041 227 1167 263 ὶληθινῶς
1178 227 1224 254 σὺν
1239 225 1341 257 ὀστέοις
1352 224 1397 251 καὶ
1414 223 1518 258 νεόροις
1533 223 1578 250 καὶ
1593 223 1657 249 πᾶσι
1675 222 1729 253 τοῖς
1744 222 1816 257 ἡμε-

199 289 262 315 que,
274 287 334 314 qua:
349 279 427 306 nobis
451 278 544 304 insunt
565 276 702 307 omnibus,
719 276 786 302 nihil
810 279 838 302 ut
860 283 875 302 a
901 275 980 302 nobis

199 327 278 361 ipsis.
296 330 474 360 prmterquam
485 323 627 350 excellenti
643 322 759 358 quadam
780 322 933 349 sanctitatis
948 329 980 348 ac

199 372 349 399 divinitatis
363 370 448 406 gloria
463 369 608 404 diserepet,
627 373 682 396 tum
697 368 769 403 quod
783 367 935 395 sanctitatis
949 374 980 393 ac

198 420 310 455 iustitia:
334 426 381 445 vas
400 417 444 444 sit.
462 415 548 443 llabet
564 420 654 442 autem
678 414 768 440 omnia
784 412 980 448 perfectissime

199 466 268 493 citra
289 467 441 498 peccatum.
464 461 554 494 Quare
578 460 695 487 humana
715 466 807 486 revera
829 462 870 485 est
892 457 980 484 anima

198 509 339 545 praeditus,
364 507 537 539 humanaque
563 507 674 531 mente:
693 511 747 530 non
764 502 837 538 quod
862 506 979 528 mentem

196 553 358 590 hypostasin
377 560 439 579 esse
457 551 592 582 dicamus,
617 555 646 578 ut
665 549 798 576 atlirmant
815 548 871 574 alii.
895 547 981 574 Caete-

198 608 258 627 rum
272 598 345 625 nulla
357 595 459 632 peccati
471 595 634 630 contagione
647 593 765 621 foedatus
776 596 828 624 est,
842 599 980 626 nunquam

199 654 230 673 os
250 645 324 672 illius
343 643 485 670 tnentitum
506 646 559 672 est,
584 647 672 675 neque
694 639 765 666 labia
783 639 873 665 dolum
892 638 981 664 locuta

200 691 297 721 sunt',
321 696 369 716 cor
393 686 426 714 ad
450 686 611 713 irritandqu
638 684 720 711 Deum
745 690 798 709 non
818 682 997 712 declinavit,-

199 745 276 764 mens
288 736 321 764 ad
338 743 379 767 ea,
394 742 454 769 qua:
468 732 546 760 nefas
563 735 615 764 est,
629 739 681 758 non
702 729 820 762 deﬂexit,
836 736 900 756 caro
915 727 981 754 nihil

199 790 307 814 eorum,
325 789 386 816 quae
396 780 428 807 ad
445 779 536 806 carnis
548 778 710 811 voluptatem
728 775 873 810 pertinent.
896 773 982 800 admi-

201 829 236 855 sit
252 837 257 854 :
276 827 346 854 Deus
362 827 395 853 ab
410 829 510 853 :eterno
529 823 682 859 perfectus;
703 822 748 856 qui
767 829 833 853 non,
852 824 881 847 ιιι
894 820 921 846 in
937 820 983 846 ho.

201 873 273 900 mine
283 872 427 903 habitaret,
448 869 566 900 advenit,
583 868 630 896 sed
643 866 761 894 Verbum
778 865 865 900 ipsum
895 863 982 890 homi-

201 923 262 942 nem
283 914 382 945 induit,
399 921 452 940 non
476 915 572 938 natura
596 914 740 940 mutatum,
763 908 809 935 sed
833 914 909 939 eam,
924 913 984 941 quae

202 960 321 987 hominis
336 959 445 993 propria
460 961 512 989 est,
526 963 588 983 cum
603 955 743 983 divinitate
759 953 940 988 complexum.
956 951 983 978 In

202 1005 315 1040 virginis
329 1008 406 1031 utero
418 1009 511 1029 revera
526 1001 642 1036 genitus.
659 1006 690 1026 ac
706 1006 753 1034 per
765 997 897 1033 genitales
910 1003 983 1023 mea-

201 1054 246 1076 tus
267 1049 293 1075 in
309 1048 396 1075 lucem
412 1046 511 1074 editus.
526 1045 585 1072 sine
599 1043 653 1071 ulla
672 1042 848 1077 turpitudine,
863 1040 985 1067 lmdilate

204 1093 244 1120 vel
265 1092 334 1119 labe.
348 1090 413 1118 Post
431 1090 489 1116 haec
510 1088 652 1119 educatus,
670 1089 751 1119 atque
771 1091 786 1111 ιι
811 1084 944 1119 Symeone
958 1086 986 1108 et

202 1139 280 1164 Anna
309 1137 337 1163 in
367 1136 438 1162 ulnis
461 1137 593 1170 gestatus,
625 1139 640 1158 a
668 1130 753 1158 Maria
776 1133 910 1165 portatus,
935 1127 986 1154 iter

203 1186 298 1217 postea
314 1179 428 1216 pedibus
447 1177 576 1209 confecit,
593 1176 782 1212 peregrinatus
800 1176 852 1205 est,
869 1172 902 1199 ad
921 1179 987 1207 pue-

203 1216 293 1254 ritiam
313 1225 445 1260 pervenit,
457 1227 535 1250 aetate
549 1222 743 1249 corroboratus
759 1223 811 1251 est,
826 1218 945 1245 humana
959 1216 986 1243 in

203 1281 234 1301 se
249 1273 339 1300 omnia
356 1270 474 1306 perfecte
490 1269 595 1301 habuit,
611 1274 744 1294 annorum
762 1271 876 1292 numero
888 1270 987 1290 census

204 1323 257 1350 est,
283 1324 396 1344 numero
418 1314 553 1342 mensium
577 1313 604 1340 in
622 1310 788 1348 prmgnantis
801 1314 879 1336 utero
899 1313 988 1343 gesta-

204 1370 259 1395 tus.
278 1364 365 1390 lactus
379 1369 412 1389 ex
427 1361 550 1391 muliere,
564 1359 652 1386 lactus
669 1357 719 1385 sub
737 1356 824 1392 lege'.
840 1354 942 1382 Deinde
955 1353 988 1380 ad

205 1410 350 1437 sordanern
366 1406 506 1442 prolectus
520 1409 572 1433 est.
590 1403 743 1437 ibidemque
755 1409 769 1428 a
781 1400 886 1429 Joanne
901 1399 989 1434 bapti-

206 1460 293 1485 zatus,
315 1460 376 1481 cum
401 1451 502 1479 lotione
525 1450 591 1478 nihil
606 1449 796 1484 opushaberet
812 1457 818 1474 :
836 1445 884 1474 sed
900 1449 928 1472 ut
945 1452 986 1478 ea,

206 1510 266 1538 qua:
287 1503 420 1534 susceptae
441 1497 561 1525 hominis
588 1499 692 1523 naturae
711 1496 895 1521 consentanea
913 1494 988 1521 sunt,

207 1537 339 1577 servaret,
353 1545 465 1581 justitize
486 1544 571 1577 legem
589 1540 751 1577 perturbare
775 1538 873 1569 noluit,
892 1542 921 1564 ut
939 1537 989 1563 im-

208 1595 337 1629 pleretur,
359 1589 588 1626 quemadmodum
615 1587 674 1622 ipse
700 1585 781 1617 dicit,
801 1583 890 1612 omnis
910 1582 991 1618 justi-

210 1641 246 1666 tia
257 1639 279 1672 ³,
304 1643 385 1672 atque
404 1642 496 1663 veram
519 1642 534 1660 a
559 1640 589 1661 se
604 1639 715 1660 carnem
733 1637 878 1665 veramque
899 1629 988 1656 homi-

208 1685 252 1712 nis
271 1687 395 1710 naturam
418 1683 572 1714 susceptam
589 1684 650 1705 esse
667 1679 842 1704 monstraret.
859 1674 942 1710 Igitur
955 1673 989 1699 ad

210 1738 296 1766 aquas
319 1726 475 1758 descendit,
501 1726 538 1751 ita
562 1729 652 1750 tamen
677 1726 707 1749 ut
731 1720 868 1748 conferret
889 1719 990 1754 aliquid

209 1765 301 1814 potius
320 1782 402 1811 quam
418 1773 554 1807 acciperet
567 1791 574 1803 ,
589 1769 733 1804 largiretur
754 1767 842 1801 magis
857 1773 938 1801 quam
954 1765 992 1792 rei

210 1813 364 1858 cujuspiam
387 1819 518 1852 indigeret
538 1826 544 1843 :
565 1816 664 1851 quippe
689 1815 798 1843 easdem
822 1813 882 1840 illas
908 1819 993 1847 aquas

212 1857 261 1897 sua
285 1869 345 1894 luce
372 1863 552 1894 collustravit,
564 1865 591 1889 et
610 1860 643 1887 ad
666 1866 773 1890 eorum,
795 1865 856 1893 quae
881 1857 909 1884 in
933 1863 993 1884 sese

212 1911 376 1949 perficienda
391 1914 480 1941 erant,
500 1906 714 1935 adumbrandam
727 1905 882 1941 imaginem,
898 1910 993 1938 quam-

212 1947 274 1987 dam
292 1957 346 1984 vim
367 1955 420 1982 illis
444 1952 584 1988 impertiit,
599 1954 629 1977 ut
646 1950 691 1984 qui
712 1949 764 1983 ipsi
783 1954 876 1974 revera
900 1947 995 1974 crede-

214 2009 275 2033 rent
296 2011 328 2030 ac
348 2002 471 2030 veritatis
484 2002 575 2027 essent
598 1997 649 2025 lide
665 1995 780 2031 prtuditi,
804 1994 995 2029 intelligerent,

210 2059 269 2078 non
289 2050 364 2077 illum
382 2047 442 2074 ﬁcte
455 2046 601 2072 humanam
615 2041 737 2069 induisse
751 2043 886 2071 naturam,
910 2046 998 2073 neque

216 2097 277 2123 licte
292 2102 354 2123 esse
372 2092 450 2128 aquis
466 2090 628 2121 intinctum;
659 2087 806 2125 eademque
831 2089 859 2112 et
883 2085 933 2119 ipsi
957 2092 996 2111 ra-

1004 1570 1025 1598 C

1030 274 1129 310 τέροις,
1154 273 1235 308 μηδὲν
1255 272 1301 307 ἀφ’
1319 270 1624 306 ἡμῶν¹διηλλαγμὲνος,
1644 268 1661 304 ἦ
1687 268 1767 303 μόνον
1784 268 1815 294 τὸ

1031 319 1134 352 ἔνδοξον
1165 318 1214 353 τῆς
1241 317 1323 344 αὑτοῦ
1350 316 1491 355 ἁγιότητος
1523 315 1569 341 καὶ
1596 314 1737 348 θεότητος,
1767 314 1818 339 καὶ

1032 363 1144 394 σκεύους
1161 362 1314 397 ἁγιωσύνης
1330 361 1377 388 καὶ
1399 360 1578 395 δικαιοσύνης,
1595 360 1641 386 καὶ
1656 359 1819 394 ἀναμαρτὴ-

1030 418 1084 441 τως
1096 409 1130 436 τὰ
1141 409 1229 436 πάντα
1241 408 1350 439 τελείως
1369 407 1448 442 ἔχων,
1461 407 1508 433 καὶ
1524 405 1650 440 ἐσχηκὼς
1663 405 1750 441 ψυχὴν
1765 404 1818 439 τὴν

1031 454 1204 490 ἀνθρωπίνην
1217 455 1245 480 tv
1260 452 1384 488 ἀληθείᾳ,
1395 451 1457 478 νοῦν
1469 452 1514 478 τὸν
1529 450 1697 486 ἀνθρώπινον
1712 450 1740 476 tv
1751 450 1819 483 ἀλη-

1032 501 1101 536 θείᾳ,
1120 500 1168 535 οὐχ
1189 500 1226 531 ὡς
1242 498 1320 534 ἡμῶν
1340 497 1585 532 διαϐεϐαιουμένων
1603 496 1649 522 τὸν
1671 495 1733 521 νοῦν
1748 493 1819 521 εἶναι

1032 547 1191 577 ὑπόστασιν,
1211 544 1303 576 καθὼς
1323 544 1397 571 ἄλλοι
1418 543 1536 576 λέγουσι.
1562 541 1603 568 Τὰ
1623 542 1712 568 πάντα
1729 540 1758 567 δὲ
1779 539 1818 575 μὴ

1031 592 1182 628 χρανθέντα
1197 591 1225 618 tv
1242 589 1375 625 ἁμαρτίᾳ,
1388 588 1474 623 στόμα
1491 587 1528 623 μὴ
1544 587 1722 622 ψευσάμενον,
1740 585 1818 620 χείλη

1034 638 1071 673 μὴ
1086 638 1239 672 λαλήσαντα
1254 636 1339 667 δόλον,
1357 634 1470 669 καρδίαν
1491 633 1528 668 μὴ
1552 632 1681 658 κλίνασαν
1696 632 1735 662 εἰς
1756 632 1819 666 ἐρε-

1033 683 1141 718 θισμὺν,
1161 681 1223 708 νοῦν
1240 681 1276 716 μὴ
1302 679 1472 716 ἐκτραπέντα
1490 679 1530 710 εἰς
1547 678 1564 705 ἃ
1585 678 1621 713 μὴ
1647 678 1710 713 χρὴ,
1730 677 1821 712 σάρκα

1035 729 1072 764 μὴ
1083 728 1117 754 τὰ
1140 727 1240 762 σαρκδς
1258 726 1354 762 ἡδονῆς
1373 724 1577 760 ἐργασαμένην.
1597 723 1703 753 Τέλειος
1717 721 1821 749 ἄνωθεν

1032 772 1109 804 Θεὸς,
1124 772 1174 798 οὐκ
1186 770 1269 797 ἐλθὼν
1284 769 1445 804 κατοικῆσαι
1460 769 1489 794 tv
1507 766 1652 804 ἀνθρώπῳ,
1667 766 1724 792 ἀλλ’
1739 765 1822 796 αὐτὸς

1032 819 1046 845 ὁ
1064 817 1149 852 Λόγος
1161 816 1382 852 ὲνανθρωπήσας,
1400 815 1429 840 οὺ
1447 814 1561 849 τραπεὶς
1578 813 1627 848 τὴν
1643 812 1733 846 φύσιν,
1750 820 1822 846 συμ-

1034 861 1216 898 περιειληφὼς
1230 861 1287 896 ἅμα
1299 862 1332 896 τῇ
1347 860 1453 894 θεότητι
1463 859 1512 894 τὴν
1526 859 1593 885 ῑδίαν
1605 857 1821 892 ὲνανθρώπησιν.

1000 899 1020 926 Β
1043 909 1085 935 'Ev
1102 909 1193 943 μήτρᾳ
1214 906 1348 942 παρθένου
1364 905 1482 940 γεγονὼς
1499 906 1526 931 tv
1541 903 1663 939 ἀληθείᾳ,
1686 911 1823 937 κυοφορη-

1038 953 1095 984 θεὶς
1111 953 1154 979 διὰ
1175 950 1340 987 γεννητικῶν
1364 950 1454 986 πόρων
1473 949 1702 984 ἀνεπαισχύντως,
1721 948 1822 983 ἀχρὰν-

1034 1007 1103 1031 τως,
1129 997 1297 1032 ἀμολύντως.
1319 995 1518 1031 Ἀνατραφεὶς,
1544 995 1591 1020 καὶ
1617 993 1823 1027 ἑναγκαλισθεὶς

1035 1044 1088 1071 ὑπό
1101 1052 1129 1070 τε
1152 1043 1295 1078 Συμεῶνος
1317 1042 1364 1068 καὶ
1378 1042 1487 1076 ’Λννης,
1513 1039 1674 1075 βασταχθεὶς
1689 1039 1741 1065 ὑπὸ
1759 1039 1823 1065 Μα-

1037 1091 1107 1126 ρίας,
1120 1089 1264 1122 πεζεύσας,
1272 1088 1459 1123 ὁδοιπορήσας,
1475 1087 1580 1113 παιδίον
1590 1084 1826 1120 γεγονὼς,ἁδρυν-

1036 1136 1092 1168 θεὶς
1103 1137 1137 1171 τῇ
1155 1135 1256 1170 ἡλικίᾳ,
1276 1134 1311 1160 τὰ
1335 1133 1423 1160 πάντα
1442 1132 1511 1168 ἔχων
1527 1133 1555 1158 tv
1571 1131 1659 1166 ἑαυτῷ
1678 1132 1707 1157 tv
1723 1129 1827 1157 τε)ειό-

1036 1189 1107 1216 τητι,
1123 1182 1151 1207 tv
1165 1179 1273 1216 ἀριθμῷ
1288 1178 1356 1206 ἐτῶν
1373 1178 1428 1213 (78)
1442 1176 1588 1212 λογισθεὶς,
1606 1177 1635 1203 tv
1651 1176 1760 1212 ἀριθμῷ
1773 1184 1827 1210 μην

1037 1226 1090 1254 νῶν
1107 1227 1136 1252 tv
1162 1225 1252 1261 κοιλίᾳ
1276 1224 1464 1260 κυοφορηθεὶς,
1485 1223 1628 1257 γενόμενος
1651 1222 1703 1248 ὑπὸ
1731 1222 1825 1255 νόμον,

1038 1271 1121 1297 ἐλθὼν
1141 1271 1186 1296 ἐπὶ
1210 1270 1256 1296 τὺν
1279 1269 1425 1304 Ἰορδάνην,
1445 1267 1605 1303 βαπτισθεὶς
1625 1267 1677 1293 ὑπὸ
1699 1266 1826 1293 Ἰωάννου

1038 1318 1088 1344 οὐκ
1102 1316 1274 1350 ὲπιδεὸμενος
1295 1314 1416 1350 λουτρῶν
1428 1322 1434 1329 ·
1449 1314 1495 1341 διά
1511 1322 1540 1340 τε
1556 1313 1585 1340 τδ
1607 1312 1753 1341 ἀκόλουθον
1775 1311 1827 1346 τῆς

1039 1363 1067 1388 tv
1089 1361 1163 1396 νόμῳ
1186 1360 1418 1396 ἐνανθρωπήσεως
1443 1359 1480 1394 μὴ
1502 1359 1646 1395 ταράσσων
1666 1357 1696 1384 τὸ
1710 1357 1828 1387 δίκαιον,

1038 1408 1112 1441 ὅπως
1129 1406 1271 1442 πληρωθῇ,
1286 1406 1323 1437 ὡς
1340 1404 1420 1436 αὐτὸς
1432 1404 1495 1440 ἔφη,
1510 1405 1585 1431 πᾶσα
1600 1403 1770 1437 δικαιοσύνη,
1783 1402 1828 1428 ἵνα

1039 1452 1112 1488 δείξῃ
1128 1452 1168 1478 δτι
1182 1449 1311 1485 ἀληθινὴν
1327 1449 1416 1484 σάρκα
1437 1448 1589 1480 ἐνεδύσατο,
1608 1446 1736 1482 ἀληθινὴν
1750 1447 1831 1472 ἐναν-

1040 1497 1190 1534 θρώπησιν.
1211 1494 1474 1531 Κατερχόμενοςέίς
1490 1494 1524 1520 τὰ
1540 1493 1633 1525 ὕδατα,
1652 1492 1740 1524 διδοὺς
1755 1492 1830 1528 ἥπερ

1040 1542 1195 1578 λαμϐάνων,
1211 1540 1434 1576 παρερχόμενος⁵
1450 1540 1524 1575 ἥπερ
1539 1538 1723 1573 ὲπιδεόμενος,
1747 1538 1832 1572 φωτὶ-

1042 1587 1095 1628 ζων
1108 1587 1187 1619 αὐτὰ,
1204 1585 1360 1620 ὲνδυναμῶν
1375 1584 1444 1611 αὐτὰ
1457 1585 1497 1614 είς
1512 1583 1596 1610 τύπον
1609 1583 1663 1610 τῶν
1677 1582 1833 1618 μελλόντων

1042 1635 1071 1660 tv
1087 1631 1161 1668 αὐτῷ
1182 1630 1359 1663 τελειοῦσθαι,
1374 1631 1447 1661 ὅπως
1472 1630 1498 1656 οἰ
1519 1628 1594 1664 αὐτῷ
1621 1628 1833 1659 πεπιστευκότες

1043 1680 1072 1706 tv
1089 1678 1211 1714 ἀληθείᾳ,
1232 1678 1280 1704 καὶ
1303 1676 1409 1712 ἔχοντες
1424 1676 1473 1712 τὴν
1500 1675 1593 1702 πίστιν
1617 1675 1667 1710 τῆς
1691 1674 1832 1709 ἀ).ηθεία;,

1047 1725 1167 1761 μάθωσιν
1181 1726 1222 1751 ὅτι
1237 1723 1370 1759 ἀληθινῶς
1384 1723 1604 1759 ἐνηνθρώπησεν,
1622 1721 1755 1758 ἀληθινῶς
1768 1722 1834 1748 ἐσα-

1046 1770 1156 1805 πτίσθη,
1174 1770 1221 1797 καὶ
1232 1769 1317 1801 οὕτως
1333 1769 1376 1796 διὰ
1390 1768 1439 1804 τῆς
1451 1768 1532 1796 αὑτοῦ
1550 1767 1776 1802 συγκαταθέσεως
1788 1769 1836 1793 καὶ

1046 1816 1122 1843 αὐτοὶ
1139 1815 1291 1851 ἐρχόμενοι,
1307 1815 1410 1842 λάϐωσι
1428 1814 1479 1849 τῆς
1492 1814 1574 1841 αὐτοῦ
1593 1813 1770 1845 καταϐάσεως
1785 1814 1835 1849 τὴν

1045 1861 1168 1897 δύναμιν,
1180 1862 1227 1888 καὶ
1239 1860 1410 1896 φωτισθῶσιν
1422 1860 1476 1887 ἀπὸ
1486 1860 1535 1895 τῆς
1547 1860 1628 1887 αὑτοῦ
1641 1860 1834 1895 φωταγωγίας,

1048 1907 1234 1943 πληρουμένου
1251 1907 1298 1933 τοῦ
1315 1907 1344 1933 tv
1358 1906 1397 1942 τῷ
1414 1907 1542 1943 προφήτῃ
1558 1906 1640 1942 ῥητοῦ
1653 1914 1659 1922 ·
1675 1906 1721 1937 Εἰς
1737 1905 1835 1940 μεταλ-

1049 1953 1134 1988 λαγὴν
1145 1953 1294 1988 δυνάμεως,
1302 1954 1341 1984 εἰς
1353 1952 1474 1989 παροχὴν
1482 1953 1617 1989 σωτηρίας
1629 1951 1835 1987 τῆςδυνάμεως.

1050 1999 1089 2029 εἰς
1105 1997 1228 2033 παροχὴν
1245 1998 1381 2033 σωτηρίας
1396 1998 1445 2033 τῆς
1460 1997 1599 2033 δυνάμεως
1620 1997 1667 2023 τοῦ
1686 1997 1770 2032 ἄρτου
1784 1997 1836 2024 ἀπὸ

1049 2044 1099 2114 ’ἕξις
1118 2043 1295 2080 Ἰερουσαλὴμ
1312 2044 1530 2080 λαμϐανομένης,
1545 2044 1593 2071 καὶ
1613 2043 1662 2078 τῆς
1684 2043 1776 2078 ἰσχύος
1790 2042 1836 2070 τοῦ

1082 2097 1155 2114 ατοε.

1067 2089 1155 2120 δατος.

216 2145 289 2171 tione
303 2150 349 2177 per
372 2147 443 2172 eam,
459 2145 539 2174 quam
553 2137 598 2164 ille
611 2143 666 2171 prae
680 2143 709 2163 se
723 2135 829 2166 tulerat,
845 2135 1121 2163 accommodatiouem
1134 2136 1305 2170 accedentes,
1324 2136 1431 2172 1098
1447 2136 1561 2164 inditam
1576 2136 1648 2164 illius
1660 2136 1838 2164 descensione

218 2191 270 2217 vim
299 2189 326 2216 in
360 2194 421 2216 sese
451 2184 619 2212 transferant
641 2181 817 2217 ejusdemque
850 2180 910 2208 luce
942 2181 1151 2215 perl'undantur,
1183 2190 1238 2217 quo
1272 2182 1460 2217 propheticum
1481 2181 1626 2217 impleatur
1655 2181 1798 2209 oraculum
1829 2191 1836 2209 :

218 2236 257 2263 Ail
273 2233 466 2263 immutzutdam
491 2231 620 2257 virtutem
643 2228 895 2263 conciliandamque
919 2228 1034 2256 salutem
1054 2236 1086 2256 ex
1103 2229 1148 2255 illa
1169 2230 1247 2264 panis
1264 2229 1374 2262 virtute,
1386 2237 1447 2265 qua:
1461 2229 1495 2257 ab
1510 2228 1677 2257 Hierusalem
1693 2229 1837 2264 accipitur,

220 2287 408 2318 aquarumque
426 2279 463 2305 vi.

210 2328 212 2330 ’
245 2307 323 2356 ³ΧΥ1.
357 2307 407 2355 llic
430 2327 502 2354 enim
526 2325 553 2352 in
576 2323 686 2352 Christo
709 2307 786 2359 panis
808 2323 894 2351 virtus
911 2330 943 2350 ac
958 2323 990 2350 vi:

1088 2323 1145 2357 ις’.
1170 2322 1301 2350 Ἐνταῦθα
1315 2323 1343 2350 δὲ
1355 2324 1384 2349 ὲν
1396 2322 1505 2359 Χριστῷ
1518 2322 1780 2358 ῐσχυροποιουμένων
1793 2322 1840 2357 τῆς

221 2384 298 2412 aqua:
308 2374 511 2404 corroboratur,
526 2375 555 2398 ut
569 2379 622 2398 non
639 2371 717 2405 panis
729 2371 786 2405 ipse
802 2370 836 2397 sit
851 2369 932 2396 nobis
945 2369 1001 2396 vir-

221 2427 278 2455 tus,
297 2422 344 2450 sed
365 2420 451 2447 virtus
468 2426 483 2446 a
507 2425 576 2453 pane
598 2417 730 2451 profecta.
745 2416 783 2443 Ac
795 2415 873 2443 cibus
894 2415 1003 2450 quidem

218 2473 317 2496 noster
331 2467 410 2503 panis
422 2470 474 2497 est,
490 2465 538 2493 sed
553 2465 580 2492 in
595 2465 654 2499 ipso
668 2463 759 2491 vitalis
777 2462 900 2497 quaedam
915 2462 1004 2490 virtus

220 2514 388 2541 continetur.
401 2511 496 2546 hcque
511 2511 536 2538 id
552 2511 641 2538 solum
655 2513 744 2537 actum
758 2512 811 2541 est,
832 2512 861 2536 ut
875 2516 925 2536 nos
933 2515 1004 2543 aqua

225 2561 393 2593 repurgaret,
407 2556 454 2584 sed
467 2561 496 2583 ut
506 2563 583 2591 aqua:
596 2555 621 2582 vi
635 2562 682 2590 per
698 2554 776 2581 ﬁdem
792 2557 820 2581 ct
835 2554 969 2581 actionem
979 2557 1006 2581 et

223 2611 300 2638 spem
317 2611 348 2629 ac
373 2602 562 2637 mysteriorum
577 2599 757 2627 inittationem
775 2602 800 2626 et
816 2598 1005 2626 consecratio-

224 2650 267 2677 nis
280 2649 498 2684 appellationem,
514 2646 547 2673 ad
568 2645 714 2680 perfectam
731 2644 938 2679 absolutamque
960 2651 1005 2672 sa-

261 2729 272 2744 ·ι
294 2727 303 2753 l
321 2727 378 2755 Pet.
393 2734 423 2758 ιι,
438 2725 482 2752 2'2.
522 2725 532 2739 '
547 2723 612 2750 Gal.
630 2731 667 2754 tv,
686 2723 712 2749 lt.
752 2723 762 2738 ³
783 2722 877 2750 Matth.
895 2730 937 2756 tn,
953 2722 996 2750 15.

260 2804 317 2839 ΠΒ)
336 2804 388 2830 Ἐν
401 2799 511 2836 ἀριθμῷ
523 2798 607 2839 enim.
624 2803 678 2828 etc.
700 2799 828 2827 Petavius
840 2799 930 2827 locum
943 2799 1004 2839 red-

227 2835 283 2870 dit.
299 2835 427 2865 cinnorqu
448 2835 762 2870 niensiumqugmunerq
782 2842 873 2861 census
894 2839 932 2861 est
949 2842 957 2861 :
976 2835 1004 2861 in

227 2868 387 2906 “manu.
400 2876 474 2899 utero
485 2868 611 2907 gestatus.
624 2868 734 2898 BQt'tlllS
752 2868 868 2897 fortasse
882 2869 1005 2898 reddere-

1057 2369 1196 2404 δυνάμεως
1213 2369 1259 2395 τοῦ
1271 2370 1353 2404 ἄρτου
1367 2369 1413 2396 καὶ
1432 2369 1481 2404 τῆς
1500 2368 1594 2400 ὓδατος
1612 2367 1713 2403 ἰσχύος,
1730 2368 1775 2394 ἵνα
1793 2368 1842 2394 οὐκ

1057 2416 1138 2451 ἄρτος
1160 2415 1224 2450 ἡμῖν
1241 2415 1352 2450 γένηται
1374 2414 1497 2450 δύναμις,
1521 2413 1588 2440 ἀλλὰ
1602 2413 1715 2449 δύναμις
1738 2412 1838 2448 ἄρτου-

1058 2462 1106 2488 καὶ
1126 2460 1226 2496 βρῶσις
1242 2461 1291 2496 μὲν
1313 2461 1327 2487 ό
1344 2460 1434 2495 ἄρτος,
1446 2460 1463 2495 ἠ
1483 2459 1511 2486 δὲ
1527 2459 1641 2494 δύναμις
1657 2459 1687 2485 tv
1706 2458 1783 2493 αὺτῷ
1804 2459 1842 2490 εἰς

1059 2506 1232 2541 ζωογόνησιν.
1253 2506 1307 2532 Καὶ
1324 2505 1373 2540 οὐχ
1391 2505 1435 2531 ἴνα
1447 2504 1477 2531 τὸ
1492 2504 1562 2540 ὕδωρ
1581 2504 1650 2540 ἡμᾶς
1672 2503 1781 2540 καθάρῃ
1796 2503 1842 2538 μό-

1058 2561 1113 2585 νον,
1129 2551 1185 2579 ἀλλ*
1197 2551 1240 2578 ῖνα
1252 2552 1281 2578 tv
1293 2552 1325 2586 τῇ
1342 2550 1414 2585 ἰσχύϊ
1431 2549 1478 2576 τοῦ
1494 2549 1589 2581 ὕδατος
1601 2549 1645 2576 διὰ
1660 2549 1711 2584 τῆς
1725 2549 1842 2580 πίστεως

1058 2598 1105 2625 καὶ
1124 2597 1264 2633 ἐνεργείας
1284 2597 1331 2623 καὶ
1353 2596 1459 2627 ἐλπίδος
1486 2595 1534 2622 καὶ
1557 2594 1714 2630 μυστηρίων
1737 2593 1842 2620 τελειιὶι-

1060 2644 1190 2676 σεως,καὶ
1203 2643 1349 2678 ὀνομασίας
1361 2642 1410 2677 τῆς
1422 2641 1590 2676 ἁγιαστείας,
1601 2640 1710 2676 γένηται
1725 2640 1795 2675 ἡμῖν
1808 2640 1843 2671 εἰς

1035 2721 1046 2737 ⁵
1061 2721 1092 2749 F.
1108 2721 1302 2757 παρεχόμενος.

1058 2803 1102 2840 tur
1119 2799 1197 2826 locus
1221 2797 1282 2837 ille',
1306 2806 1434 2824 annorum
1447 2804 1566 2837 _numero
1586 2804 1678 2823 census
1700 2799 1758 2827 est;
1777 2802 1846 2822 inen-

1058 2835 1126 2862 sium
1144 2841 1250 2861 nuntero
1263 2833 1290 2860 in
1305 2833 1466 2869 pra'guamis
1482 2838 1568 2864 utero,
1586 2835 1638 2859 etc.
