1935 3044
136 147 189 177 815

415 147 598 176 Αονειιδυδ
618 147 787 176 H/ERESES
807 147 869 174 LIB.
891 146 918 174 Ill

972 145 1035 174 'OM.
1056 144 1124 172 ll.—
1136 144 1318 172 EXPOSITIO
1337 144 1439 172 FIDE].

1702 143 1757 172 8M

134 204 274 231 τελείωσιν
302 204 448 239 σωτηρίας.
477 204 608 232 Ἀνελθὼν
630 206 684 232 ἀπὸ
704 205 751 232 τοῦ
777 205 918 240 Ἰορδάνου,

974 203 1058 230 lutem
1079 203 1159 230 nobis
1171 203 1237 238 ipsis
1253 202 1387 230 conferat.
1405 201 1476 236 Ergo
1490 200 1617 228 Christus
1632 200 1756 227 ascendit

134 249 241 278 ἁκούων
254 250 344 285 φωνὴν
360 250 466 285 [ἰατρὸς
478 250 516 282 είς
531 251 615 285 ἀκοὴν
625 252 766 287 παρόντων
782 251 920 286 μαθητῶν,

135 297 174 327 εἰς
187 296 217 322 τὸ
229 295 366 327 ὑποδεῖξαι
382 295 424 327 τίς
437 297 451 322 ὁ
467 297 697 332 μαρτυρούμενος,
712 297 758 323 καὶ
773 296 820 323 τοῦ
843 296 920 330 ἁγίου

135 340 294 375 Πνεύματος
309 341 338 366 ὲν
353 341 418 366 εἴδει
433 342 597 378 περιστερᾶς
610 343 820 378 κατερχομένου,
837 341 921 369 καθά-

135 395 188 421 περ
215 388 244 413 ὲν
265 386 375 418 πολλαῖς
389 387 527 423 αἱρέσεσιν
548 388 707 423 εἰρήκαμεν.
725 388 768 414 ἵνα
793 387 829 422 μὴ
860 395 921 414 συν-

134 432 233 468 αλοιφὴ
255 434 272 468 ἡ
295 432 379 469 Τριὰς
398 434 550 469 νομισθείη,
565 434 848 469 σχηματοποιουμένου
873 435 920 459 τοῦ

135 479 293 514 Πνεύματος
318 479 347 505 ὲν
371 479 423 514 ἰδίᾳ
447 480 613 506 ὑποστάσει·
638 479 866 514 ἐπικαθεζομένου
891 479 919 505 δὲ

133 523 181 550 τοῦ
204 523 362 560 Πνεύμοξτος
386 524 432 550 καὶ
451 524 598 559 ἐρχομένου
614 524 656 550 ἐπ’
676 523 768 555 αὐτὸν,
784 523 827 549 ἵνα
850 522 918 558 ὀφθῇ

133 570 149 595 ὁ
175 568 408 604 μαρτυρούμενος·
428 569 471 596 ἵνα
495 569 595 605 σὰρξὴ
618 569 682 602 ἁγία
704 569 766 604 φίλη
791 566 857 595 οὖσα
874 569 920 595 καὶ

135 615 328 650 εὐδοκουμένη,
355 615 406 641 ὑπὸ
425 614 473 641 τοῦ
493 615 598 650 [ἰατρὸς
622 615 668 641 καὶ
694 614 739 641 τοῦ
763 614 920 649 Πνεύματος

136 660 340 696 μαρτυρηθείησ
356 661 400 687 ἵνα
410 661 424 687 ὁ
439 660 533 696 Πατὴρ
545 660 691 695 εὖδοκητὴς
708 660 856 695 κηρυχθείη
871 660 920 695 τῆς

135 704 180 730 τοῦ
197 704 260 730 1⁵ἰοῦ
284 705 415 740 ὲνσάρκου
439 705 602 740 παρουσίας·
620 705 663 731 ἵνα
679 705 693 731 ό
707 704 771 736 Υἱὸς
795 704 920 739 ἀληθινὸς

134 750 240 785 ὀφθείη,
257 750 304 777 καὶ
316 750 447 786 πληρώσῃ
459 751 489 777 τὺ
502 750 658 786 εἰρημένον·
670 750 725 776 Καὶ
736 751 811 784 μετὰ
826 750 919 776 ταῦτα

134 796 184 822 ἐπὶ
197 795 252 830 τῆς
270 795 326 830 γῆς
340 796 433 830 ὤφθη,
449 795 498 822 καὶ
513 796 588 830 μετὰ
601 795 660 822 τῶν
670 796 832 830 ἀνθρώπων
845 804 920 823 συν-

134 841 317 876 ανεστράφη·
329 841 445 868 ἀνελθὼν
453 842 505 868 ἀπὸ
512 841 558 868 τοῦ
567 841 709 877 Ἰορδάνου,
719 841 766 868 καὶ
773 841 864 876 σαφῶς
872 842 919 868 καὶ

135 886 267 922 ἀληθινῶς
284 886 338 913 ἀπὺ
352 887 399 913 τοῦ
410 887 531 913 διαϐόλου
547 887 701 922 πειρασθεὶς
716 888 744 913 ὲν
765 889 797 922 τῇ
814 888 919 922 ὲρήμῳ,
936 882 957 909 Β

135 932 183 958 καὶ
189 932 320 963 πεινάσας
334 931 447 967 ὕστερον
457 931 500 958 διὰ
509 932 558 967 τὴν
568 931 728 959 ἀκολουθίαν
737 933 782 959 καὶ
791 932 918 968 ἀλήθειαν

133 978 183 1012 τῆς
196 977 328 1013 ὲνσάρκου
343 977 492 1012 παρουσίας
502 984 509 991 ·
521 978 568 1004 καὶ
579 978 769 1014 ἐπιλεξάμενος
785 978 916 1013 μαθητὰς,

135 1023 181 1050 καὶ
204 1023 324 1058 κηρύξας
336 1023 474 1058 ἀλήθειαν,
488 1024 535 1049 καὶ
547 1024 690 1060 ἰασάμενος
705 1024 740 1050 τὰ
750 1023 835 1059 πάθη,
850 1023 918 1050 καθ-

135 1069 262 1104 ευδήσας,
289 1069 428 1101 πεινάσας,
448 1068 635 1104 ὁδοιπορήσας,
656 1069 818 1104 Θεοσημείας
837 1069 919 1104 ὲργα-

135 1115 261 1149 σάμενος,
274 1115 388 1149 νεκροὺς
399 1114 519 1149 ἐγείρας,
533 1114 641 1149 τυφλοῖς
653 1115 683 1141 τὸ
704 1114 812 1149 βλέπειν
828 1122 918 1149 παρα-

136 1160 275 1195 σχόμενος,
291 1160 392 1195 χωλοὺς
405 1159 451 1187 καὶ
471 1160 671 1195 παραλυτικοὺς
690 1160 899 1195 ίσχυροποιήσας
910 1168 917 1175 ·

133 1207 172 1239 ὡς
191 1208 306 1243 ἐκήρυξε
323 1208 378 1243 (79)
398 1208 428 1234 τὺ
442 1208 617 1245 Εὐαγγέλιον,
637 1208 685 1243 τὴν
711 1207 850 1243 ἀλήθειαν,
870 1207 919 1242 τὴν

135 1252 272 1287 βασιλείαν
282 1252 336 1280 τῶν
349 1253 480 1288 οὐρανῶν,
497 1253 547 1288 τὴν
559 1253 641 1280 αὑτοῦ
654 1252 858 1288 φιλανθρωπίαν
873 1252 919 1279 καὶ

134 1298 180 1325 τοῦ
192 1298 297 1334 Πατρδς
311 1299 357 1325 καὶ
370 1298 417 1325 τοῦ
431 1299 508 1333 ἁγίου
524 1298 692 1334 Πνεύματος.

973 257 988 277 e
1004 248 1133 281 Jnrdane,
1149 256 1242 275 vocent
1263 247 1353 275 Patris
1371 247 1468 279 audiit,
1489 254 1570 281 quam
1585 250 1611 273 et
1629 245 1755 280 discipuli

972 295 1018 330 qui
1036 294 1162 325 aderant,
1179 294 1336 326 audierunt,
1354 299 1383 320 ut
1397 293 1458 328 quis
1476 293 1522 320 ille
1537 292 1605 319 foret
1619 292 1664 319 cui
1679 292 1756 318 testi-

972 341 1094 369 monium
1107 341 1173 368 illud
1190 340 1366 376 praaberetur,
1384 342 1581 375 agnoscerent;
1600 341 1657 365 tum
1673 337 1754 364 etiam

972 387 1091 422 Spiritus
1120 390 1232 414 sanctus
1256 386 1388 413 columbag
1414 385 1503 420 specie
1530 384 1658 419 delapsus
1681 385 1756 414 est',

973 433 1201 468 quemadmodum
1217 432 1245 458 in
1257 432 1401 458 multarum
1413 431 1551 458 ἣξει-θεοοη
1567 429 1755 457 confutatione

971 477 1098 505 diximus.
1129 477 1168 505 Ac
1189 485 1222 504 ne
1253 476 1374 503 Trinitas
1394 474 1452 510 ip’sa
1479 475 1505 502 iu
1528 483 1612 502 unum
1646 474 1756 501 redacta

972 523 1142 558 confusaque
1155 522 1323 553 crederetur,
1337 520 1456 556 Spiritus
1473 520 1580 555 propria
1596 520 1623 546 in
1637 526 1748 554 person:

971 568 1085 604 ﬁguram
1103 569 1175 595 illam
1192 568 1291 599 induit,
1313 571 1340 594 et
1354 574 1436 601 super
1456 566 1531 593 illum
1548 565 1658 597 resedit,
1672 573 1747 599 sequ.

970 614 997 641 in
1018 614 1106 648 ipsum
1124 613 1291 647 insinuavit;
1318 616 1348 639 ut
1369 612 1393 639 is
1414 612 1459 639 cui
1482 611 1666 638 testimonium
1688 610 1754 637 illud

971 660 1178 695 suli'ragabatur,
1186 659 1354 694 conspicuus
1363 661 1448 690 esset,
1459 661 1542 692 utque
1551 660 1754 684 sacrosanctam

971 706 1045 732 illam
1062 713 1171 733 carnem
1187 704 1300 731 amicam
1331 704 1393 731 e‘sse
1411 703 1517 740 Deoque
1532 703 1647 737 placere,
1664 701 1753 728 Patris

971 758 1002 778 ac
1013 750 1132 786 Spiritus
1149 750 1311 777 auctoritate
1328 752 1482 780 constaret;
1494 752 1523 776 ut
1532 747 1598 775 illud
1613 746 1755 782 praedicari

970 798 1058 833 palam
1078 801 1191 831 posset,
1208 796 1424 823 incarnationem
1444 794 1505 822 Filii
1522 794 1629 821 volente
1643 800 1675 820 ac
1692 800 1756 828 pro-

969 843 1050 870 bante
1067 843 1146 870 Patre
1166 850 1227 870 esse
1249 842 1419 877 perfectam;
1441 848 1472 868 ac
1494 839 1611 874 denique
1627 847 1709 866 verus
1726 842 1756 865 ut

972 893 1113 924 appareret
1129 888 1226 921 Filius,
1244 893 1271 916 et
1286 887 1353 915 illud
1375 887 1513 922 prophetat
1533 885 1691 913 vaticinium
1709 892 1756 911 ex-

973 936 1078 971 pleret:
1097 934 1130 961 Et
1141 939 1199 969 post
1214 934 1268 960 lucc
1278 935 1306 961 in
1321 938 1391 960 terra
1409 933 1478 960 visus
1490 937 1539 964 est,
1557 937 1581 958 et
1597 939 1654 957 cunt
1672 930 1757 956 Ιιοιιιὶ-

972 981 1046 1008 m'bus
1068 984 1234 1007 conversatus
1249 980 1319 1007 est‘.
1343 979 1426 1014 Igitur
1446 986 1461 1006 e
1479 977 1597 1005 Jordane
1619 977 1757 1012 digressus

972 1030 1046 1055 certo
1057 1034 1174 1061 vereque
1186 1034 1202 1053 a
1215 1025 1323 1053 diabolo
1338 1025 1365 1052 in
1381 1025 1489 1052 deserto
1505 1027 1624 1050 tentatus
1636 1026 1677 1050 est
1687 1023 1714 1056 ';
1730 1027 1757 1049 et

972 1072 1175 1107 postjejnnium
1186 1071 1293 1103 esuriit,
1307 1073 1347 1103 ut,
1358 1070 1430 1105 quod
1447 1076 1517 1096 vera).
1531 1069 1608 1095 carni
1621 1073 1756 1102 suscepta:

973 1122 1184 1144 consentaneum
1209 1120 1259 1148 est,
1277 1115 1449 1151 exprimeret.
1472 1114 1629 1141 Secundum
1643 1114 1701 1140 haec
1715 1113 1758 1140 di-

974 1162 1094 1197 scipulos
1109 1161 1190 1196 elegit
1200 1180 1208 1191 .
1230 1160 1372 1188 veritatem
1396 1159 1568 1194 praedicavit,
1582 1158 1757 1194 aegritudines

975 1208 1093 1239 sanavit,
1113 1207 1235 1240 dormiit,
1248 1206 1355 1237 esuriit,
1371 1206 1422 1232 iter
1442 1205 1516 1238 fecit,
1532 1205 1621 1232 divina
1635 1204 1757 1240 prodigia

973 1252 1101 1288 patravit,
1117 1255 1241 1278 mortuos
1257 1250 1396 1282 excitavit,
1414 1250 1493 1278 cacis
1505 1250 1593 1278 visunt
1609 1257 1758 1284 reprzesen-

978 1297 1059 1329 tavit,
1073 1296 1177 1324 claudis
1187 1300 1213 1322 et
1229 1296 1385 1331 paralyticis
1401 1296 1472 1323 vires
1489 1295 1617 1328 restituit,
1633 1295 1760 1330 quemad-

134 1345 245 1373 modum
269 1345 457 1380 Evangelium,
479 1346 631 1376 veritatem,
654 1346 766 1373 cmleste
791 1352 915 1380 regnum,
941 1351 973 1372 ac
990 1352 1052 1372 cum
1074 1343 1163 1379 ipsius
1187 1342 1250 1370 Filii
1273 1346 1330 1370 tum
1369 1342 1458 1370 Patris
1480 1350 1512 1370 ac
1528 1342 1647 1377 Spiritus
1669 1341 1759 1370 sancti

137 1397 201 1424 erga
213 1389 338 1417 homines
351 1397 470 1416 amorem
487 1389 654 1425 praedicavit.

170 1435 219 1461 IZ'.
244 1435 273 1461 Ὀ
288 1435 356 1470 ὑπὲρ
372 1434 450 1470 ἡμῶν
464 1435 494 1461 τὸ
509 1435 593 1467 πάθος
609 1436 756 1471 ὑπομείνας
768 1436 796 1463 ὲν
807 1436 919 1472 ἀληθείᾳ

135 1481 164 1507 ἐν
181 1481 262 1516 σαρκὶ
284 1480 331 1507 καὶ
346 1481 374 1506 ἐν
386 1482 419 1516 τῇ
435 1480 525 1516 τελείᾳ
544 1481 757 1517 ὲνανθρωπήσει,
774 1482 867 1509 παθὼν
889 1483 919 1508 ἐν

1010 1434 1117 1469 1099
1125 1433 1206 1462 XVII.
1223 1433 1295 1460 Idem
1311 1433 1355 1460 ille
1367 1440 1547 1468 porrorevera
1557 1433 1712 1467 passionem
1730 1433 1758 1460 in

972 1488 1022 1508 sua
1035 1488 1117 1508 carne
1130 1483 1157 1508 et
1171 1479 1289 1515 perl‘ecta
1298 1479 1417 1506 hominis
1430 1482 1526 1506 natura
1535 1479 1680 1510 sustinuit;
1696 1485 1760 1506 vere

134 1526 248 1562 ἀληθείᾳ
262 1526 308 1552 ἐπὶ
321 1525 368 1552 τοῦ
383 1526 511 1562 σταυροῦ,
532 1527 663 1562 συνούσης
682 1527 755 1562 αὐτῷ
767 1528 816 1563 τῆς
828 1527 916 1563 θεότη-

973 1525 1000 1552 ἱιι
1014 1532 1096 1552 cruce
1114 1532 1211 1559 passus
1226 1528 1285 1557 est,
1303 1524 1341 1552 ita
1355 1523 1475 1559 quidem.
1487 1528 1517 1550 ut
1532 1523 1559 1551 in
1581 1531 1615 1551 eo
1630 1523 1757 1551 divinitas

133 1578 189 1602 τος,
206 1570 263 1597 ἀλλ’
280 1570 309 1597 οὐ
325 1570 473 1606 τραπείσης
489 1571 529 1602 είς
538 1571 568 1597 τὺ
578 1572 701 1606 πάσχειν,
715 1571 798 1607 οὔσης
811 1572 838 1598 δὲ
849 1573 920 1599 ἀπα-

135 1616 198 1648 θοῦς
215 1617 261 1643 καὶ
277 1616 428 1651 ὰτρὲπτου·
447 1616 502 1642 τῶν
519 1615 566 1642 δύο
580 1617 742 1643 ἁκολουθιῶν
759 1617 850 1651 σαφῶς
868 1626 919 1644 κα-

134 1662 329 1696 τανοουμένων,
346 1660 464 1697 Χριστοῦ
483 1662 632 1696 πάσχοντος
649 1662 717 1697 ὑπὲρ
734 1662 811 1697 ἡμῶν
827 1663 919 1697 σαρκὶ,

134 1706 256 1738 ἀπαθοῦς
269 1706 296 1733 δὲ
319 1706 444 1741 μένοντος
467 1707 496 1732 ὲν
515 1706 621 1740 θεότητι
633 1715 640 1721 ·
658 1706 687 1732 οὺ
707 1706 753 1732 τοῦ
777 1706 919 1742 ἀνθρώπου

135 1753 195 1780 κατ’
215 1753 283 1780 ἰδίαν
301 1752 387 1784 δντος,
401 1752 448 1779 καὶ
470 1753 520 1788 τῆς
538 1751 664 1786 θεότητος
684 1752 744 1778 κατ’
759 1751 837 1784 ίδίαν,
853 1752 920 1779 ἀλλά
937 1764 945 1773 κ

136 1797 268 1832 συνούσης
290 1797 339 1832 τῆς
366 1797 500 1832 θεότητος,
529 1796 566 1832 μὴ
592 1795 747 1831 πασχούσης
772 1796 801 1822 δὲ
824 1796 869 1822 διὰ
890 1797 921 1822 τὸ

136 1843 286 1879 ἀκραιφνὲς
298 1843 344 1870 καὶ
357 1842 520 1878 ἀσύγκριτον
537 1843 587 1877 τῆς
601 1842 696 1873 οὐσίας
706 1850 713 1857 ·
732 1841 881 1877 πάσχοντος
892 1842 921 1869 δὲ

136 1889 165 1915 ὲν
180 1889 271 1923 σαρκὶ,
290 1887 336 1914 καὶ
350 1887 548 1923 θανατουμένου
566 1889 594 1914 ὲν
614 1887 705 1922 σαρκὶ,
721 1887 820 1919 ζῶντος
836 1887 864 1913 δὲ
878 1887 921 1913 ἀεὶ

135 1935 165 1961 ὲν
182 1934 299 1970 θεότητι,
311 1935 358 1961 καὶ
373 1934 523 1969 ἐγείροντος
538 1934 600 1964 τοὺς
620 1933 731 1969 νεκρούς
743 1941 750 1949 ·
768 1932 814 1959 τοῦ
829 1933 922 1968 σώμα-

135 1988 180 2011 τος
203 1982 335 2013 ταφέντος
356 1979 385 2004 ἐν
405 1978 530 2014 ἀληθείᾳ,
547 1979 593 2004 καὶ
612 1977 715 2014 ἀψύχου
733 1978 872 2013 μείναντος
891 1978 922 2004 τὸ

135 2025 293 2060 τριήμερον,
317 2025 402 2051 ἄπνου
417 2033 447 2050 τε
470 2025 517 2050 καὶ
541 2025 679 2059 ἀκινήτου,
696 2024 877 2059 ἑνειληθέντος
892 2024 920 2049 δὲ

134 2071 179 2098 διὰ
190 2071 239 2106 τῆς
261 2070 385 2102 σινδόνος,
403 2069 597 2101 κατατεθέντος
610 2070 639 2096 ἐν
654 2069 692 2104 τῷ
706 2070 836 2104 μνήματι,
857 2078 921 2103 συγ-

135 2116 304 2148 κλεισθέντος
317 2116 361 2144 διὰ
383 2116 429 2142 τοῦ
445 2115 529 2147 λίθου,
551 2116 598 2142 καὶ
616 2115 770 2150 σφραγίδων
786 2115 921 2141 ἐπιτεθέν-

133 2170 188 2188 των
199 2168 208 2177 '
221 2162 281 2197 οὐχὶ
295 2161 345 2197 τῆς
362 2161 486 2196 θεότητος
509 2160 730 2196 συγκλεισθείσης
744 2159 810 2194 (80),
825 2161 856 2186 οὑ
872 2160 921 2195 τῆς

973 1572 1126 1602 exsisteret,
1143 1570 1191 1598 sed
1205 1572 1238 1597 ad
1252 1570 1407 1605 patiendum
1421 1570 1533 1597 minime
1545 1577 1606 1597 sese
1616 1573 1760 1597 converte-

975 1621 1027 1649 ret,
1043 1615 1090 1644 sed
1115 1616 1252 1651 passionis
1268 1623 1367 1650 expers
1382 1619 1409 1642 et
1423 1615 1602 1643 immutabilis
1624 1619 1756 1642 maneret.

973 1660 1033 1694 Qua
1047 1661 1076 1688 in
1090 1669 1120 1688 re
1142 1660 1196 1688 duo
1216 1661 1261 1687 illa
1284 1663 1468 1687 consentanea
1483 1659 1637 1686 certissime
1659 1659 1760 1686 intelli-

974 1711 1076 1741 guntur
1089 1716 1096 1734 :
1111 1710 1140 1733 ut
1152 1709 1182 1733 et
1195 1705 1321 1733 Christus
1337 1713 1387 1740 pro
1400 1705 1479 1732 nobis
1496 1712 1578 1732 carne
1590 1705 1623 1732 sit
1648 1711 1757 1739 passus.

973 1757 999 1779 et
1022 1752 1157 1787 passionis
1180 1759 1277 1785 expers
1302 1751 1329 1777 in
1355 1750 1495 1778 divinitate
1513 1753 1681 1784 permaneat.
1698 1749 1759 1776 Non

974 1797 1046 1832 quod
1062 1796 1180 1824 hominis
1193 1801 1289 1822 natura
1303 1803 1335 1822 ac
1355 1795 1485 1822 divinitas
1498 1799 1629 1830 separatze
1642 1801 1657 1822 εί
1670 1802 1700 1822 se
1716 1795 1759 1821 in-

974 1842 1062 1869 vicem
1073 1841 1224 1874 exsistant;
1239 1848 1333 1868 verum
1347 1840 1455 1867 tametsi
1467 1847 1520 1867 una
1531 1843 1604 1867 esset
1614 1840 1756 1870 divinitas.

974 1887 1042 1914 nihil
1058 1887 1093 1915 ob
1114 1887 1250 1915 sinceram
1268 1890 1296 1914 et
1316 1887 1556 1921 incomparabilem
1577 1890 1702 1914 naturam
1715 1891 1759 1914 est

975 1940 1114 1968 perpessa.
1133 1933 1169 1960 At
1183 1933 1309 1960 Christus
1322 1936 1349 1960 et
1363 1933 1390 1959 in
1405 1939 1488 1960 carne
1503 1940 1602 1967 passus
1620 1936 1672 1965 est,
1688 1936 1714 1960 et
1729 1933 1758 1960 in

974 1979 1069 2006 eadem
1087 1986 1169 2006 carne
1189 1982 1276 2005 morte
1293 1983 1335 2006 est
1352 1978 1476 2011 allectus,
1491 1986 1552 2006 cum
1566 1978 1675 2006 interim
1689 1978 1760 2006 divi-

975 2025 1061 2052 nitate
1083 2025 1142 2058 ipsa
1165 2024 1267 2052 viveret
1291 2031 1323 2051 ac
1349 2027 1472 2051 mortuos
1493 2020 1639 2058 excitaret;
1657 2031 1758 2059 corpus

974 2078 1039 2098 vero
1060 2077 1153 2097 revera
1177 2069 1330 2104 sepultum,
1348 2076 1378 2096 ac
1398 2068 1489 2096 triduo
1507 2068 1597 2096 anima
1618 2076 1716 2096 carens
1731 2073 1759 2096 et

975 2115 1074 2150 spiritu
1099 2119 1228 2149 motuque
1247 2115 1368 2148 iaceret,
1389 2114 1549 2141 obvolutum
1572 2114 1705 2148 sindone,
1729 2115 1757 2141 in

975 2161 1171 2188 monimentum
1183 2160 1344 2194 depositum,
1362 2160 1501 2187 occlusum
1519 2159 1617 2195 lapide,
1630 2167 1661 2186 ac
1679 2160 1758 2195 sigil-

171 2239 180 2255 ¹
193 2238 286 2266 Matth.
302 2246 343 2270 ιιι,
359 2238 403 2271 16,
419 2239 463 2265 17.
501 2237 624 2266 IBaruch
650 2245 690 2270 ιιι,
707 2237 751 2265 '58.
792 2237 801 2253 '
817 2237 911 2265 Matth.

978 2237 991 2264 1
1011 2245 1073 2272 sqq.

171 2316 228 2351 (79)
254 2316 301 2349 Ὡς
324 2316 470 2351 ἐκήρυξε,
496 2321 549 2343 etc.
573 2316 699 2343 Petavius
716 2315 818 2345 Latinis
843 2317 918 2344 hisce
935 2319 956 2345 ι)
971 2320 1014 2342 ιιιι·
1028 2314 1130 2342 Christi
1146 2314 1313 2351 divinitatem
1330 2319 1385 2351 tam
1399 2315 1505 2348 corpori
1520 2315 1546 2341 in
1560 2315 1690 2351 sepulcro,
1701 2318 1756 2341 tum

136 2350 226 2387 locum
242 2351 360 2387 reddidit
371 2351 462 2379 verbis
479 2361 486 2378 :
501 2351 727 2383 Quemadmodum
745 2352 916 2387 Evangetium

136 2386 222 2419 ipsum
238 2386 351 2413 cwlestis
367 2387 438 2420 regni
454 2387 598 2417 ceritatem,
613 2394 644 2412 ac
663 2395 721 2413 cum
735 2387 817 2420 ipsius
839 2386 916 2418 Filii,

137 2426 192 2447 tum
206 2420 307 2453 Patris,
321 2429 351 2447 ac
364 2421 480 2455 Spiritus
495 2422 580 2448 sancti
593 2421 745 2453 bonitatem,
763 2421 917 2448 humanita-

137 2460 238 2488 temque
250 2455 412 2489 pra'dicavit.
426 2456 538 2483 Mutavit.
553 2456 727 2484 Thomasius.

172 2491 227 2522 (80)
249 2490 322 2524 οὐχὶ
343 2491 398 2523 τῆς
411 2492 549 2524 θεότητος
571 2492 838 2525 συγκλεισθείσης,
863 2495 917 2518 etc.

136 2523 204 2560 Vide
222 2525 251 2553 S.
265 2523 446 2560 Augustinum
462 2530 540 2552 tract.
559 2526 594 2553 47
605 2523 631 2552 in
644 2525 785 2555 Joannem.
800 2523 826 2553 et
847 2527 917 2552 inter

136 2559 259 2595 ejusdem
282 2559 364 2595 opera
395 2561 494 2587 librum
523 2560 561 2587 De
587 2561 689 2587 unitate
715 2560 855 2588 Trinitatis
883 2561 916 2587 ad

136 2593 265 2629 Optatum
291 2593 351 2629 cap.
380 2595 424 2627 Μ,
448 2603 479 2622 ac
501 2595 531 2623 S.
562 2594 693 2623 Joannem
718 2595 916 2623 Damascenum

137 2629 184 2656 lib.
198 2637 227 2656 tu
242 2629 280 2656 De
295 2631 346 2664 ﬁde
358 2630 515 2662 orthodoxa,
529 2638 589 2665 cap.
605 2630 749 2658 27.—Filii
759 2630 805 2657 Dei
817 2631 917 2658 divini-

138 2668 238 2700 tatem,
252 2672 312 2698 qua:
333 2666 407 2692 nullo
423 2665 527 2692 deliniri
551 2670 597 2692 aut
620 2665 809 2693 circumscribi
827 2668 917 2700 potest

139 2699 209 2729 loco.
226 2707 276 2727 nec
290 2700 417 2734 sepulcro
436 2700 521 2728 fuisse
536 2700 693 2728 conclusam
711 2700 802 2727 triduo
819 2699 914 2727 mortis

136 2734 239 2770 Christi
256 2734 380 2765 Domini,
405 2741 477 2762 recte
499 2735 565 2762 dicit
589 2734 766 2770 Epiphanius.
787 2735 916 2768 Quando—

137 2769 246 2831 Euidem
270 2777 334 2797 vero
351 2770 394 2800 ei,
419 2771 465 2805 qui
489 2778 521 2797 ex
545 2769 673 2798 Ecclesiae
695 2771 829 2798 sententia
853 2777 914 2797 cum

161 2804 303 2830 atechismo
316 2804 504 2831 Romanomaa.
519 2805 552 2831 5‘2
564 2806 695 2831 elegantis
709 2805 838 2831 editionis
851 2804 914 2831 anni

161 2804 303 2830 atechismo
316 2804 504 2839 Romano,pag.
519 2805 552 2832 3‘2
564 2806 695 2839 elegantis
709 2805 838 2833 editionis
851 2804 915 2831 anni

139 2838 220 2871 £566,
236 2839 381 2867 elaborata:
396 2841 423 2867 in
438 2838 540 2868 aedibus
558 2838 650 2874 populi
666 2840 792 2874 Romani,
806 2840 916 2874 proﬁte-

971 2350 1068 2377 animw
1081 2349 1150 2383 apud
1167 2349 1276 2383 inferos,
1288 2350 1455 2384 conjunctam
1467 2357 1568 2384 semper
1580 2349 1673 2382 fuisse,
1684 2350 1757 2377 inter

971 2388 1070 2412 caetera
1085 2385 1184 2419 opponi
1202 2385 1308 2411 soleant
1331 2388 1358 2411 et
1377 2384 1499 2419 quaedam
1526 2385 1668 2419 Epiphanii
1685 2385 1755 2416 loca,

991 2420 1050 2447 uasi
1065 2419 1188 2446 dccuerit
1211 2420 1329 2454 optimus
1346 2419 1390 2446 ille
1413 2419 1494 2446 Pater
1511 2419 1557 2446 Dei
1573 2419 1691 2447 Verbum
1706 2420 1757 2446 tri-

991 2428 1050 2447 uasr
1065 2428 1188 2446 oocuern.
1211 2428 1329 2454 optimus
1346 2428 1390 2446 me
1413 2428 1494 2446 rater
1512 2428 1557 2446 uel
1577 2428 1691 2447 vernum
1706 2428 1755 2446 ll‘l-

971 2428 1027 2482 duo
1050 2454 1097 2481 illo
1115 2454 1152 2480 ita
1169 2461 1278 2481 carnem
1301 2454 1467 2486 deseruisse,
1490 2459 1519 2481 ut
1534 2455 1567 2481 ad
1589 2456 1670 2482 breve
1688 2455 1755 2481 illud

973 2494 1081 2525 tempus
1093 2489 1249 2517 dissolverit
1265 2490 1449 2525 arctissimam
1467 2490 1594 2517 unionem
1607 2490 1755 2525 illam.qua

970 2529 997 2551 et
1017 2524 1290 2560 humanarircartiem
1311 2524 1364 2551 sibi
1386 2525 1413 2551 in
1427 2525 1494 2560 sinu
1515 2524 1634 2560 Virginis
1650 2524 1755 2552 ratione

967 2559 1096 2594 junxerat
1107 2557 1238 2586 ineﬂabili
1251 2568 1258 2585 ι
1273 2564 1416 2593 eapropter
1425 2557 1590 2586 Thomasitis
1601 2565 1754 2594 opportune

969 2602 1020 2622 nos
1035 2594 1149 2621 remittit
1172 2594 1205 2620 ad
1229 2594 1410 2628 Augustinum
1424 2601 1450 2621 et
1468 2594 1666 2622 Damascenum
1678 2614 1686 2625 ,
1706 2595 1752 2628 qui

969 2629 1081 2660 diserte,
1097 2628 1188 2664 verbis
1207 2630 1319 2664 apertis,
1339 2630 1378 2656 rei
1394 2628 1534 2656 veritatem
1559 2629 1709 2656 declarant.
1723 2628 1755 2655 Et

968 2664 1014 2692 ille
1028 2664 1103 2698 prior
1120 2663 1230 2697 quidem
1248 2664 1450 2696 animadvertit,
1465 2664 1543 2698 juxta
1563 2664 1623 2690 lidei
1638 2664 1755 2698 Symbo-

968 2697 1037 2726 lum,
1050 2706 1100 2726 nos
1114 2698 1225 2725 credere
1251 2698 1279 2725 in
1302 2706 1387 2725 unum
1403 2697 1547 2726 Dominum
1567 2697 1755 2725 Jesnm'Chri-

967 2738 1057 2765 stum,
1082 2740 1137 2760 non
1160 2733 1246 2760 solum
1270 2738 1379 2764 natum,
1403 2734 1478 2761 cruci
1496 2733 1603 2759 allixum
1625 2736 1652 2760 et
1681 2741 1755 2760 mor-

966 2773 1062 2800 tuum,
1079 2768 1126 2795 sed
1141 2772 1167 2795 et
1183 2768 1330 2802 sepultum,
1347 2768 1472 2803 quamvis
1485 2769 1543 2794 sola
1559 2775 1625 2794 caro
1647 2769 1753 2803 sepulta

967 2803 1029 2835 fuit,
1043 2811 1118 2833 caro,
1135 2801 1257 2837 inquam,
1270 2811 1284 2830 a
1296 2801 1524 2834 una'discesscrat
1536 2803 1636 2829 anima.
1649 2801 1753 2830 Vierqu

967 2838 1034 2866 illud
1061 2838 1206 2871 nimirum;
1236 2838 1401 2874 subjungcre
1424 2842 1515 2864 tamen
1538 2838 1669 2865 debemus
1689 2846 1752 2866 cum
