1935 3044
193 212 247 242 819

898 216 926 243 S.
944 214 1114 243 EPiPllANll

1763 223 1823 252 820

193 270 273 305 quies
296 277 328 298 ac
362 271 479 299 ﬁdelium
503 271 648 300 haereditas
676 273 885 308 communisque
910 281 973 301 cum

1041 274 1160 309 γγέλων,
1196 275 1249 303 τῶν
1276 278 1466 313 τετηρηκότων
1491 278 1539 314 τὴν
1567 278 1656 305 πίστιν
1687 279 1734 305 καὶ
1766 281 1821 314 τὴν

193 318 296 353 angelis
304 318 404 345 chorus
417 319 450 346 iis
461 319 638 351 constitutus,
651 320 697 354 qui
713 319 790 347 ﬁdem
805 324 832 347 et
849 320 978 347 castimo-

195 363 266 389 niam
279 366 304 389 et
322 369 395 397 spem
412 370 443 390 ac
454 362 558 390 Domini
575 369 708 399 praecepta
729 365 874 397 servarint,
890 364 978 392 veris-

194 407 293 434 simum
306 411 360 439 est;
372 407 452 441 idque
466 412 492 434 et
505 407 682 442 praedicatum
692 414 719 436 et
738 409 892 437 certissime
904 417 979 436 eom~

194 452 338 486 probatum
363 457 389 479 et
408 453 560 486 creditum,
583 455 713 489 quoniam
734 455 761 482 hi
783 460 926 491 resurgent
950 456 977 482 in

195 497 278 523 vitam
310 499 457 526 mternam‘
478 507 484 525 :
504 502 533 526 ut
553 499 579 526 in
598 499 744 535 Evangelio
769 501 901 536 scriptum
924 505 977 528 est.

194 541 262 568 Nam
286 550 456 577 quaecunque
475 544 517 571 vel
544 545 690 580 Apostolus
719 546 760 573 vel
784 554 862 574 sacra
889 546 979 573 omnis

196 587 336 622 Scriptura
348 593 473 623 testatur,
486 598 549 617 vera
567 594 640 624 sunt,
654 591 716 618 licet
731 592 854 619 infideles
873 600 904 619 ac
916 600 979 627 per-

195 641 288 668 peram
302 634 484 670 intelligentes
494 636 572 663 aliter
585 636 754 664 existiment.
771 636 856 665 Nobis
872 645 937 664 vero
948 644 980 664 ea

195 680 304 706 demum
330 679 396 707 ﬁdes
420 686 471 712 est,
489 681 513 709 is
537 682 626 708 honor
640 689 672 709 ac
699 682 843 717 dignitas:
867 683 924 709 haec
939 686 981 710 est

196 729 291 753 nostra
316 732 402 754 mater
426 727 558 760 Ecclesia,
581 735 642 762 qua:
668 736 716 763 per
733 728 813 756 ﬁdem
841 733 932 757 servat
954 733 982 756 et

196 779 283 806 spem,
304 773 497 800 corroboratur
513 773 615 802 Christi
639 774 792 808 charitate,
826 782 932 802 necnon
955 779 982 802 et

196 818 331 852 ejusmodi
351 820 520 853 professione
543 828 575 847 ac
596 821 734 856 mysteriis
759 821 941 856 baptismique
955 821 981 848 vi

196 870 229 890 ac
243 863 404 898 purgatione
424 864 574 899 perﬁcitur.
600 865 709 899 Euntes,
732 866 831 901 inquit,
850 867 983 901 baptizata

197 910 224 936 in
241 910 345 936 nomine
360 909 449 937 Patris
460 915 484 937 et
500 910 566 937 Filii
579 915 603 937 et
617 910 736 945 Spiritus
751 912 859 939 sancti"
873 922 880 939 :
897 913 924 940 in
937 920 983 939 no-

197 955 271 982 mine
288 955 387 982 divina),
405 955 558 990 Trinitatis,
575 956 654 991 cujus
679 958 826 992 appellatio
843 958 981 986 diversum

197 1000 266 1028 nihil
281 1001 414 1028 continet.
430 1000 457 1027 Si
475 1002 584 1036 quidem
604 1010 677 1030 unus
691 1011 723 1030 ac
747 1003 894 1038 singularis
911 1003 982 1032 Deus

202 1046 231 1073 in
243 1046 301 1082 lege
313 1051 340 1074 et
359 1047 386 1073 in
399 1047 539 1082 prophetis
549 1052 577 1075 et
588 1047 614 1075 in
631 1047 783 1084 Evangeliis
795 1053 822 1077 et
835 1049 861 1077 in
874 1055 982 1085 aposto-

197 1092 243 1125 lis,
258 1093 284 1119 in
305 1092 401 1120 Vetere
415 1092 546 1128 Novoque
570 1093 745 1122 Testamento
767 1096 930 1130 praedicatus
950 1103 983 1123 ac

197 1137 340 1164 nuntiatus
354 1141 405 1169 est,
422 1135 502 1164 Pater
517 1140 544 1164 et
568 1136 654 1165 Filius
673 1142 699 1165 et
717 1137 836 1172 Spiritus
857 1143 981 1166 sanctus.

197 1182 292 1218 Neque
308 1190 373 1210 vero
393 1182 538 1210 confusum
552 1183 682 1218 quiddam
705 1184 763 1219 ipsa
779 1184 912 1212 Divinitas
928 1189 982 1217 est,

198 1228 247 1256 sed
261 1228 382 1264 perlecta
398 1236 492 1256 revera
514 1229 637 1258 Trinitas
659 1233 717 1262 est;
733 1229 872 1265 perfectus
890 1229 982 1260 Pater,

198 1274 339 1309 perfectus
360 1273 457 1306 Filius,
482 1274 620 1309 perfectus
642 1274 760 1310 Spiritus
785 1279 914 1309 sanctus;
930 1282 983 1302 una

198 1319 339 1352 divinitas,
353 1327 424 1347 unus
437 1319 520 1352 Deus,
530 1320 574 1347 cui
587 1320 682 1355 gloria,
696 1321 783 1348 honor
797 1324 823 1348 et
839 1320 983 1356 imperium

199 1364 228 1391 in
246 1365 346 1391 saecula
363 1365 536 1392 seculorum.
552 1365 649 1392 Amen.

235 1409 306 1437 XlX.
325 1410 464 1445 Ejusmodi
491 1411 623 1438 catholica
641 1411 719 1443 ﬁdes,
743 1418 776 1438 ac
802 1412 863 1439 vitae
884 1415 985 1439 nostrae

199 1463 270 1490 opus
286 1459 328 1483 est
349 1456 402 1483 hoc
418 1456 541 1484 veritatis
554 1456 753 1484 munimentum
767 1465 774 1484 :
790 1456 846 1484 haec
856 1456 986 1484 estChri-

200 1501 236 1528 sti
259 1501 336 1536 virgo
365 1506 391 1528 et
405 1501 537 1529 innocens
551 1502 676 1529 columba
700 1511 706 1528 :
725 1501 782 1529 haec
800 1503 867 1534 vita,
885 1510 947 1537 spes
959 1507 987 1530 et

201 1546 404 1573 ﬁrmamentum
428 1547 645 1575 immortalitatis
662 1551 715 1575 est.
729 1546 829 1574 Verum
843 1547 868 1574 id
883 1555 897 1574 a
909 1547 986 1575 vobis

201 1591 343 1625 omnibus,
362 1593 409 1628 qui
431 1593 488 1620 haec
505 1597 598 1620 nostra
617 1593 712 1623 lecturi
728 1593 804 1624 estis,
824 1600 987 1628 magnopere

202 1645 310 1672 precor,
337 1642 368 1665 ut
390 1639 490 1667 mentis
514 1647 580 1667 mete
603 1640 729 1666 tenuitati
752 1639 986 1674 imbecillitatique

202 1683 360 1711 condonare
379 1684 491 1718 velitis;
511 1692 571 1719 qua:
589 1686 625 1713 ob
647 1686 744 1721 ingens
761 1685 825 1713 illud
847 1686 985 1714 haereseon

202 1729 279 1757 virus
295 1729 369 1757 velut
381 1735 518 1765 stuporem
533 1732 677 1766 quemdam
690 1740 722 1760 ac
735 1733 844 1760 taedium
860 1736 887 1759 et
903 1733 987 1760 mole-

203 1775 296 1806 stiam.
313 1776 467 1810 respuentis
486 1784 518 1804 ac
538 1778 696 1806 nauseantis
710 1778 808 1812 instar,
825 1778 963 1806 contraxit
979 1787 986 1806 :

203 1821 242 1853 id,
258 1820 380 1856 inquam,
394 1822 554 1850 condonetis
568 1824 659 1856 velim,
681 1824 703 1851 si
721 1823 791 1851 forte
811 1825 936 1852 acerbius
960 1824 987 1852 in

204 1867 360 1901 quempiam
376 1867 475 1894 invecti
495 1876 602 1900 sumus,
624 1872 655 1895 ut
671 1870 818 1896 nonnullos
842 1877 989 1897 exsecran-

207 1911 269 1943 dos,
285 1915 333 1938 aut
353 1911 542 1945 circulatores,
559 1914 663 1949 1102
684 1919 732 1942 aut
752 1916 923 1948 aberrantes,
943 1921 990 1944 aut

207 1957 372 1991 impostores
383 1956 543 1985 dixerimus.
559 1957 626 1985 Nam
641 1966 696 1993 prae
710 1960 804 1987 veneni
821 1960 894 1989 illius
906 1962 991 1989 mole-

207 2002 260 2030 stia
276 2003 349 2036 (cum
366 2002 467 2037 alioqui
483 2002 563 2030 facile
585 2004 611 2031 in
629 2012 792 2040 quemquam
814 2006 886 2033 dicta
899 2007 991 2041 jacere

207 2055 263 2075 non
279 2048 428 2084 soleamus)
444 2056 556 2076 necesse
581 2050 727 2078 habuimus
751 2051 903 2080 istiusmodi
931 2053 991 2081 illos

209 2094 349 2129 appellare
366 2094 469 2126 verbis,
485 2098 515 2122 ut
532 2095 566 2122 ab
588 2103 620 2123 ea
639 2097 799 2132 suspicione
813 2100 991 2132 quorumdam

207 2148 401 2168 revocaremus
414 2140 531 2173 animos,
550 2141 622 2176 quod
637 2142 664 2169 in
679 2142 786 2170 illorum
799 2143 881 2171 dictis
900 2144 994 2172 factis.-

207 2194 262 2221 que
277 2186 450 2221 divulgandis
470 2192 590 2221 apertam
618 2189 720 2215 nullam
742 2189 825 2216 animi
846 2190 933 2217 nostri
955 2190 994 2218 si-

208 2231 408 2267 gniﬁcationem
429 2232 609 2264 dedissemus,
632 2241 683 2261 nos
702 2234 737 2261 ab
759 2234 841 2269 impia
859 2235 994 2270 cujusque

209 2270 322 2305 hairesis
337 2277 465 2313 opinione
484 2286 537 2306 non
559 2279 716 2308 abhorrere.
733 2280 791 2314 Qua
803 2281 836 2308 de
852 2289 882 2309 re
900 2282 994 2317 paucis

210 2323 300 2358 operis
309 2323 476 2358 hujusinitio
487 2324 589 2359 praefati
604 2333 699 2353 sumus
709 2334 740 2354 ac
761 2328 994 2361 praemuniendum

210 2369 339 2396 lectorem
355 2370 520 2405 putavimus,
535 2379 589 2398 non
601 2372 660 2399 sine
671 2372 830 2407 praefatione
848 2374 943 2406 venite,
962 2382 995 2402 ne

211 2414 273 2448 quis
284 2414 445 2448 injuriarum
461 2423 511 2442 nos
526 2424 587 2444 reos
600 2423 701 2452 ageret,
716 2419 795 2453 quasi
810 2418 900 2447 causa
916 2420 995 2447 boni-

211 2462 268 2485 tate
280 2458 344 2485 victi
360 2459 392 2486 ad
411 2459 527 2487 dicteria
547 2462 701 2497 probraqne
724 2463 948 2498 confugeremus.
966 2465 993 2492 In

211 2503 306 2532 eodem
322 2512 387 2533 vero
397 2506 529 2540 prommio
544 2506 767 2541 significavimus,
781 2517 904 2544 quasnam
920 2518 935 2537 a
948 2515 1004 2537 ηομ·

1030 321 1140 355 ἁγνείαν
1152 322 1198 348 καὶ
1209 321 1259 357 τὴν
1282 322 1375 350 ἐλπίδα
1389 324 1436 350 καὶ
1453 323 1502 355 τὰς
1515 324 1563 350 τοῦ
1577 324 1678 358 Κυρίου
1694 325 1819 356 ἐντολὰς,

1029 367 1114 402 ἀληθῆ
1130 368 1188 394 ἐστι
1203 367 1250 394 καὶ
1266 368 1434 404 κεκήρυκται
1455 369 1501 395 καὶ
1517 369 1680 404 ἡσφάλισται
1701 369 1749 395 καὶ
1766 377 1820 396 πε-

1030 413 1186 439 πίστευται·
1207 413 1247 439 ὅτι
1263 410 1335 440 οὗτοι
1349 414 1545 449 ἀναστήσονται
1558 416 1597 446 εἰς
1612 414 1683 450 ζωὴν
1696 414 1818 447 αἰώνιον,

1030 457 1101 485 κατὰ
1113 458 1143 485 τὸ
1159 458 1350 494 γεγραμμένον
1367 459 1395 484 ὲν
1407 460 1463 490 τοῖς
1480 459 1662 493 Εὐαγγελίοις.
1674 460 1744 486 Ὅσα
1760 460 1819 496 γὰρ

1029 504 1102 538 λέγει
1123 504 1169 531 καὶ
1189 505 1202 530 ὁ
1223 505 1381 536 ’Λπόστολος
1396 505 1443 531 καὶ
1458 505 1542 531 πᾶσαι
1561 507 1587 532 αἱ
1607 505 1682 539 ἆγιαι
1696 506 1817 541 Γραφαὶ,

1030 550 1144 585 ἀληθινὰ
1158 550 1300 585 τυγχάνει’
1319 550 1343 576 εἰ
1366 550 1412 576 καὶ
1427 550 1501 586 παρὰ
1515 552 1570 582 τοῖς
1589 551 1754 586 ἁπιστήσασι
1769 552 1819 578 καὶ

1031 596 1123 627 κακῶς
1134 596 1289 631 νενοηκόσιν
1304 596 1404 630 ἑτέρως
1421 596 1663 631 ὑπολαμϐάνονται.
1686 597 1765 632 Ἡμῖν
1787 596 1820 623 δὲ

1033 641 1101 675 αὕτη
1126 641 1142 676 ἡ
1161 641 1251 671 πίστις
1276 641 1323 667 καὶ
1335 640 1405 675 αὕτη
1422 641 1438 675 ἡ
1458 641 1524 675 τιμὴ
1549 641 1596 667 καὶ
1607 641 1675 676 αὕτη
1690 641 1707 676 ἡ
1724 642 1819 677 μήτηρ

1031 686 1139 721 ἡμῶν-ἡ
1159 684 1316 721 Ἐκκλησία,
1345 684 1388 711 διὰ
1413 685 1529 716 πίστεως
1556 685 1677 716 σώζουσα
1698 685 1754 720 (82)
1768 685 1820 712 καὶ

1032 731 1149 763 ἐλπίδος,
1174 731 1360 767 κρατυνομένη
1374 731 1421 757 καὶ
1447 731 1540 767 ἀγάπῃ
1559 730 1685 766 Χριστοῦ,
1699 731 1820 757 τελειου-

1034 777 1100 812 μὲνη
1114 777 1142 803 ἐν
1159 786 1188 803 τε
1203 778 1236 812 τῇ
1249 776 1379 812 ὁμολογίᾳ
1402 776 1431 803 ἕν
1454 785 1483 803 τε
1496 778 1551 809 τοῖς
1567 777 1724 812 μυστηρίοις
1746 777 1774 803 ἐν
1787 785 1818 803 τε

1031 825 1064 858 τῇ
1079 823 1125 849 τοῦ
1139 822 1250 858 λουτροῦ
1261 823 1400 858 καθαρσίῳ
1414 823 1536 858 δυνάμει.
1548 824 1607 850 ’Ὁτι
1622 823 1819 855 Ἀπελθόντες·

1030 870 1200 903 ,ϐαπτίσατε
1216 871 1260 902 εἰς
1280 869 1373 903 ὄνομα
1393 868 1506 902 Πατρός
1520 869 1569 895 καὶ
1585 869 1651 896 Υἱοῦ
1667 868 1715 895 καὶ
1731 869 1819 903 ἁγίου

1033 916 1206 950 Πνεύματος
1216 924 1222 930 ·
1239 917 1279 948 εις
1293 916 1377 951 ὄνομα
1388 915 1416 942 δὲ
1430 916 1522 951 θεῖκῆς
1535 915 1658 950 Τριάδος,
1671 915 1821 950 ὀνομασίας

1035 961 1118 996 μηδὲν
1143 960 1292 996 διαφορὰν³
1321 959 1451 995 ἐχούσης·
1473 961 1529 987 ἀλλ’
1545 961 1586 987 ὅτι
1606 960 1671 991 Θεὸς
1695 957 1735 991 εἷς
1751 961 1820 994 ἡμῖν

1033 1007 1062 1033 ὲν
1081 1007 1154 1041 νόμῳ
1178 1007 1224 1033 καὶ
1247 1007 1276 1033 ὲν
1291 1007 1442 1041 προφήταις
1467 1007 1514 1033 καὶ
1533 1007 1561 1033 ἐν
1577 1006 1751 1040 Εὑαγγελίοις
1770 1005 1820 1032 καὶ

1033 1053 1062 1077 ὲν
1084 1051 1253 1082 Ἀποστόλοις
1271 1050 1339 1086 (85),
1365 1052 1394 1077 ὲν
1409 1051 1515 1085 Παλαιᾷ
1532 1050 1579 1077 καὶ
1597 1051 1684 1085 Καινῇ
1697 1050 1819 1086 Διαθήκῃ

1033 1098 1202 1133 κεκήρυκται
1222 1097 1269 1123 καὶ
1287 1096 1485 1132 κατήγγελται,
1504 1096 1597 1132 Πατὴρ
1619 1097 1665 1123 καὶ
1687 1096 1751 1127 Υἱὸς
1770 1097 1819 1123 καὶ

1034 1144 1110 1178 ἅγιον
1123 1143 1234 1178 Πνεῦμα
1243 1153 1249 1158 ·
1267 1144 1304 1178 μή
1315 1152 1356 1174 τις
1366 1142 1510 1178 συναλοιφὴ
1525 1139 1591 1168 οὖσα
1600 1143 1616 1177 ἠ
1624 1142 1734 1177 Θεότης,
1750 1142 1819 1168 ἀλλὰ

1034 1188 1118 1223 Τριὰς
1133 1186 1199 1214 οὖσα
1230 1188 1313 1220 ὅντως
1334 1187 1434 1220 τελεία,
1447 1187 1548 1218 τέλειος
1565 1187 1580 1213 ὸ
1595 1186 1698 1222 Πατὴρ,
1716 1187 1820 1218 τέλειος

1033 1235 1048 1260 ὁ
1072 1233 1143 1265 Υἱὸς,
1161 1224 1261 1260 τέλειον
1275 1233 1305 1259 τὸ
1320 1232 1475 1267 Πνεῦματὸ
1494 1232 1580 1266 ἅγιον,
1597 1232 1645 1267 μία
1657 1231 1761 1267 θεότης,
1777 1229 1819 1263 εἷς

1034 1280 1100 1312 Θεός
1112 1288 1119 1295 ·
1164 1280 1180 1314 ἡ
1190 1279 1263 1312 δόξα,
1273 1278 1341 1314 τιμὴ
1356 1279 1403 1306 καὶ⁴
1416 1279 1513 1314 κράτος
1525 1279 1565 1310 εἰς
1576 1278 1639 1310 τοὺς
1653 1278 1752 1310 αἰῶνας
1763 1277 1818 1304 τῶν

1034 1324 1149 1352 αἰώνων.
1174 1325 1268 1359 Ἀμήν.

1071 1410 1120 1436 ῙΘ’.
1139 1409 1212 1445 Αὕτη
1240 1409 1313 1436 ἐστὶν
1328 1410 1344 1444 ἡ
1362 1409 1463 1441 πίστις,
1479 1410 1496 1444 ή
1518 1409 1568 1444 τῆς
1589 1408 1726 1444 ἡμετέρας
1746 1407 1820 1443 ζωῆς

1036 1456 1212 1491 πραγματεία
1220 1463 1227 1471 ”
1243 1455 1321 1482 τοῦτο
1332 1455 1363 1482 τὸ
1375 1456 1490 1492 ἔρεισμα
1501 1455 1551 1490 τῆς
1561 1454 1702 1490 ἀληθείας·
1718 1453 1788 1489 αὕτη
1801 1453 1820 1489 ἡ

1038 1502 1170 1536 παρθένος
1182 1501 1298 1536 Χριστοῦ
1320 1502 1368 1529 καὶ
1379 1501 1526 1537 περιστερὰ
1536 1500 1651 1532 ἄκακος·
1663 1500 1732 1535 αὕτη
1745 1500 1821 1527 ἐστὶν

1038 1550 1054 1583 ἡ
1076 1547 1132 1583 ζωὴ
1155 1547 1202 1575 καὶ
1214 1548 1231 1583 ἡ
1246 1547 1322 1579 ἐλπὶς
1337 1547 1384 1573 καὶ
1398 1548 1414 1582 ἡ
1431 1546 1575 1581 βεδαίωσις
1590 1546 1639 1581 τῆς
1655 1545 1821 1581 ἀφθαρσίας.

1045 1594 1125 1622 Ἀλλὰ
1136 1593 1286 1630 παρακαλῶ
1308 1593 1411 1625 πάντας
1432 1593 1505 1628 ὑμᾶς
1527 1593 1590 1624 τοὺς
1610 1592 1823 1626 ἐντυγχάνοντας

1041 1641 1192 1679 συγγνῶναι
1207 1642 1240 1676 τῇ
1256 1641 1308 1676 ἐμῇ
1317 1640 1489 1675 ταπεινότητι
1505 1640 1551 1666 καὶ
1562 1639 1686 1673 ἀσθενείᾳ
1698 1638 1744 1664 τοῦ
1759 1638 1824 1673 βρα-

1040 1686 1154 1720 χυτάτου
1174 1693 1223 1720 μου
1245 1684 1302 1716 νοῦ,
1323 1684 1368 1710 τοῦ
1381 1683 1434 1710 ἀπὸ
1450 1683 1546 1710 πολλοῦ
1567 1683 1620 1710 τῶν
1633 1682 1763 1718 αἱρέσεων
1784 1682 1824 1708 toi

1041 1732 1289 1766 ἁποναρκήσαντος,
1308 1730 1355 1757 καὶ
1366 1723 1605 1765 ἀποσικχαίνοντος
1619 1729 1685 1765 (84),
1702 1729 1739 1760 ὡς
1758 1729 1826 1755 ἀπο-

1041 1776 1170 1808 πτύοντος
1183 1776 1261 1810 δίκην
1272 1776 1319 1801 καὶ
1331 1774 1503 1806 ναυτιῶντος,
1512 1775 1544 1801 δι’
1563 1771 1600 1801 ὧν
1610 1775 1669 1809 ἢτοι
1682 1772 1826 1809 αὐστηρῶς

1043 1822 1110 1857 πρός
1129 1830 1204 1852 τινας
1219 1821 1366 1856 φερόμενος
1378 1820 1493 1855 ὴνέχθην
1507 1819 1552 1846 διὰ
1565 1820 1703 1855 ῥημάτων,
1719 1820 1736 1855 ἢ
1747 1818 1828 1846 καλέ-

1044 1877 1092 1900 σας
1107 1866 1181 1898 τινὰς
1191 1866 1364 1902 ἀλητηρίους,
1386 1865 1403 1900 ἢ
1420 1865 1577 1901 ἀγύρτας,ἢ
1591 1864 1827 1899 πεπλανημένους,

1044 1914 1060 1949 ἢ
1092 1912 1263 1944 ἀπατεῶνας.
1288 1912 1337 1938 Διὰ
1362 1911 1416 1948 γὰρ
1445 1911 1491 1938 τὸν
1511 1911 1594 1937 πολὺν
1610 1909 1690 1936 πόνον
1709 1909 1756 1936 τοῦ
1775 1909 1826 1942 iovi,

1044 1960 1132 1986 καίτοι
1148 1968 1180 1993 γε
1201 1959 1238 1994 μὴ
1261 1958 1367 1993 ἔχοντες
1389 1957 1449 1989 ἔθος
1478 1957 1630 1992 προχείρως
1646 1954 1829 1982 ἐπισκώπτειν

1044 2005 1129 2037 τινας,
1138 2005 1260 2039 ἀνάγκην
1272 2004 1428 2040 ἐσχήκαμεν
1444 2003 1572 2034 τοιούτοις
1582 2001 1679 2033 αὐτοὺς
1693 2000 1830 2027 διαθέσθαι

1044 2053 1101 2083 τοῖς
1116 2052 1243 2087 ῥήμασιν,
1254 2051 1296 2077 ῖνα
1318 2049 1531 2085 ἀποστρέφωμεν
1546 2048 1594 2083 τὴν
1615 2046 1733 2074 διάνοιάν
1751 2053 1830 2072 τινων

1048 2098 1085 2132 μή
1110 2105 1147 2132 πη
1172 2096 1318 2132 νομίσωσιν
1337 2096 1411 2130 ἡμᾶς
1428 2094 1471 2121 διὰ
1488 2093 1652 2128 τὸᾲὰφανδδν
1667 2092 1677 2108 ⁵
1695 2092 1731 2127 μὴ
1753 2091 1831 2126 δεδη-

1049 2142 1233 2178 μοσιευκέναι,
1263 2140 1490 2175 ἁποκαλύψαντας
1514 2139 1549 2166 τὰ
1563 2138 1627 2174 παρ’
1643 2138 1734 2167 αὐτοῖς
1753 2136 1832 2170 λεγόο

1049 2197 1117 2224 μενα
1134 2188 1301 2223 ἦγινόμενα.
1323 2186 1404 2222 μέρος
1419 2185 1490 2221 ἔχειν
1507 2185 1624 2216 διανοίας
1639 2181 1832 2219 συγκατατιθε-

1051 2234 1134 2270 μένης
1143 2235 1176 2268 τῇ
1195 2233 1258 2269 παρ’
1278 2233 1378 2267 ἑκάστῃ
1397 2231 1450 2257 τῶν
1465 2231 1595 2266 αἱρέσεων
1608 2228 1762 2263 κακοδοξίᾳ.
1778 2227 1831 2253 Πε-

1049 2280 1166 2316 ποίημαι
1185 2279 1214 2305 δὲ
1231 2279 1278 2305 καὶ
1306 2277 1447 2313 προοίμιον
1473 2278 1501 2303 ὲν
1522 2275 1604 2311 ὀλίγῳ
1615 2276 1654 2307 εἰς
1674 2275 1724 2310 τὴν
1746 2273 1834 2309 ἀρχὴν

1049 2326 1096 2353 τοῦ
1111 2325 1308 2359 συντάγματος,
1324 2322 1500 2358 περὶτούτων
1516 2322 1604 2348 αὐτῶν
1617 2319 1834 2356 προτασφαλιςό-

1051 2380 1130 2407 μενος
1145 2371 1192 2397 καὶ
1207 2369 1372 2405 συγγνώμην
1392 2369 1485 2401 αἰτῶν,
1502 2368 1545 2394 ἵνα
1560 2367 1596 2402 μή
1613 2376 1654 2398 τις
1664 2366 1760 2392 ἀδίαν⁵
1774 2365 1834 2393 τινὰ

1049 2419 1088 2449 εἰς
1103 2418 1177 2452 ἡμᾶς
1191 2416 1324 2452 ἐνσκήψῃ,
1340 2415 1378 2447 ὡς
1398 2413 1571 2450 ἡττωμένους
1583 2413 1711 2448 νομίζων,
1725 2413 1773 2439 καὶ
1789 2411 1834 2439 ἐπὶ

1049 2464 1079 2490 τὸ
1093 2463 1227 2491 σκώπτειν
1235 2463 1389 2498 ὁρμῶντας.
1403 2461 1557 2495 Ἑδείξαμεν
1572 2460 1598 2486 δὲ
1609 2460 1636 2486 ὲν
1649 2458 1688 2494 τῷ
1702 2458 1835 2494 προοιμίῳ

1049 2511 1096 2538 καὶ
1110 2510 1173 2546 περὶ
1188 2510 1272 2536 ποίων
1283 2508 1431 2544 ἐμέλλομεν
1438 2507 1525 2542 λέγειν
1535 2507 1680 2542 αἱρέσεων,
1695 2506 1735 2537 εἰς
1751 2505 1834 2536 πόσας

249 2606 256 2620 ¹
279 2604 359 2634 Joan.
377 2606 460 2640 v,29.
499 2607 509 2622 ²
525 2607 620 2644 Matth.
633 2616 726 2642 xxviii,
747 2611 788 2638 l9.
829 2610 838 2626 ³
856 2610 886 2637 F.
902 2611 987 2647 διὰφοι

1076 2611 1087 2627 ⁸
1101 2610 1132 2638 F.
1147 2610 1307 2646 ἀναφανδόν.
1345 2610 1356 2625 ⁵
1371 2609 1403 2636 F.
1419 2608 1532 2636 ἀδικίαν.

249 2703 439 2743 (82i_Diversa
455 2705 675 2743 interpunctione
691 2707 747 2734 hinc
762 2707 890 2743 distincta
907 2708 999 2743 legun-

213 2743 258 2765 tur
275 2740 301 2774 in
315 2738 459 2766 Petaviana
473 2738 601 2772 editione,
612 2742 657 2768 διὰ
671 2743 789 2773 πίστεως
807 2738 1000 2774 σώζουσαῖκαὶ

214 2773 323 2812 ἐλπίδος
342 2775 540 2812 κρατυνομένη,
553 2777 613 2812 γκαὶ
635 2777 728 2812 ἀγᾲπη
747 2773 863 2812 ξριστοῧ
883 2777 1000 2804 τελειου-

216 2808 295 2848 μένη,
311 2808 340 2835 ἐν
355 2808 384 2835 τε
401 2811 433 2844 τῇ
446 2808 587 2848 epotam,
600 2808 696 2848 etcs‘VEt
714 2808 740 2838 in
754 2808 848 2838 Latina
865 2813 999 2848 interpre-

215 2842 328 2882 tatione,
347 2842 505 2877 perturbata
529 2842 671 2880 Epiphanii
696 2851 785 2882 mente
810 2847 918 2879 dicitur,
936 2842 998 2882 'quw

214 2883 260 2909 per
272 2878 349 2909 ﬁdem
361 2884 462 2915 servet;
476 2887 520 2913 spe
528 2878 725 2915 gerrobaratur,
742 2881 839 2908 Christi
857 2878 997 2915 clmritute,

216 2917 262 2937 nec
273 2919 334 2945 non,
349 2917 402 2941 etc.
420 2913 485 2946 Quae
498 2922 512 2941 a
528 2914 674 2943 Thomasio
689 2916 755 2944 bene
773 2917 896 2945 restituta
912 2913 997 2946 vides;

1088 2708 1143 2744 (85)
1168 2710 1223 2737 Καὶ
1239 2708 1273 2744 ἐν·
1293 2709 1496 2744 Ἀποστάλοις.
1517 2707 1644 2744 Petavius
1666 2707 1755 2744 reddit
1768 2707 1834 2740 apud

1052 2741 1210 2779 Apostolos;
1225 2743 1272 2771 sed
1289 2744 1385 2771 melius
1406 2743 1506 2770 dicitur
1522 2743 1548 2769 in
1556 2743 1708 2779 ‘Apaslolis.
1725 2741 1835 2770 Veteres

1052 2777 1124 2807 enim
1140 2779 1437 2814 Apostolosivocahant
1457 2779 1540 2806 libros
1556 2777 1739 2813 Epistolarum
1752 2784 1834 2804 cano-

1053 2813 1186 2853 tiiearuni
1196 2813 1263 2853 Novi
1281 2813 1455 2853 Testamenti.
1553 2848 1561 2853 ι
1693 2847 1701 2853 _
1737 2846 1755 2853 Λ

1090 2849 1144 2884 (84)
1161 2850 1215 2882 Γρ.
1239 2847 1488 2884 ἀποτυγχάνοντος,
1515 2848 1562 2876 scd
1584 2855 1675 2877 veram
1693 2847 1834 2876 lectionem

1053 2892 1086 2912 ex
1101 2884 1184 2919 Regio
1200 2883 1377 2912 rcstituimus.
