1935 3044
99 201 148 228 8⁸21
431 199 614 228 ADVERSUS
637 195 807 225 HERESES
824 195 888 222 LIB.
910 194 954 223 Ill.
976 194 1057 223 TOM.
1081 194 1156 222 IL—
1176 193 1358 221 EXPOSITIO
1376 190 1476 220 FIDE].
1671 190 1724 218 εστ

99 270 131 287 τε
161 259 270 294 βίϐλους
285 259 419 295 διείλομεν
440 260 487 295 τὴν
513 261 603 286 πᾶσαν
626 257 836 293 πραγματείαν-
859 257 863 281 l

960 256 982 283 is
1001 254 1149 282 tractandae
1166 257 1258 281 essent
1277 252 1407 286 hmreses,
1425 255 1483 278 tum
1500 253 1567 285 quot
1589 249 1617 276 in
1640 248 1724 276 libros

100 306 212 340 ἑκάστῳ
225 305 252 331 δὲ
271 305 365 340 βιῦλίῳ
376 306 440 340 περὶ
458 305 548 332 πόσων
564 305 609 331 καὶ
621 303 704 329 ποίων
721 302 864 337 είρήκαμει

961 305 1028 328 >ιιιηι
1043 308 1112 335 opus
1132 303 1204 327 esset
1218 298 1408 329 distributum,
1430 296 1528 324 deinde
1542 299 1610 330 quot
1629 298 1656 322 et
1677 301 1725 320 cu-

100 351 140 382 ὡς
153 339 203 376 καί
216 339 332 377 ἐνταῦθα
349 339 429 376 ιτὰλιν
452 349 690 384 ὲπιμνημονεύσας
705 347 806 382 ὁμοίως
826 346 864 372 ὑπ

960 345 1060 373 ismodi
1087 346 1113 372 in
1137 351 1358 379 unumquemque
1388 342 1488 369 librum
1509 340 1633 374 conjecta
1661 339 1724 366 sint.

100 395 239 430 δείκνυμι,
267 395 307 427 εἰς
327 395 464 429 ¹ιίιιριξλειιιν
492 393 657 429 πανταχόθεν
682 393 735 419 τῶν
759 392 864 426 ἐντυγχέ

962 395 1010 425 ῑυιε
1030 391 1168 419 memoria:
1183 398 1267 418 causa
1282 389 1316 417 ad
1341 390 1473 416 lectorum
1498 387 1642 414 utilitatem
1664 384 1726 412 libet

102 441 215 468 νόντων.

944 438 996 465 hoc
1011 437 1073 464 loco
1085 440 1218 472 repetere.

140 488 186 519 ις’,
197 486 254 513 Καὶ
271 486 324 512 εἰσὶ
346 486 394 520 μὲν
418 485 507 521 βιϐλία
524 486 596 520 τρία,
612 485 690 520 τόμοι
706 483 786 510 ἑπτά.
800 483 856 509 Καὶ
865 482 894 508 ὲν

979 482 1038 510 XX.
1059 481 1126 510 Tres
1142 482 1233 517 itaque
1247 480 1309 509 libri
1323 484 1386 508 sunt
1400 483 1502 514 septem
1520 479 1548 506 in
1565 482 1652 504 tomos
1666 483 1727 511 parva

104 533 157 568 μὲν
178 532 217 568 τῷ
239 532 340 567 πρώτῳ
369 531 465 567 βιὸλίῳ
480 532 600 568 αἱρέσεις
618 533 676 566 μς’,
694 529 764 556 κατὰ.
779 527 868 564 ἀριθμί

962 526 999 553 ili.
1015 526 1124 554 Primus
1141 525 1210 552 liber
1226 525 1344 552 haereses
1360 531 1406 551 sex
1422 527 1448 550 et
1460 521 1638 557 quadraginta
1649 527 1726 547 eom-

103 579 247 614 ὀνομάτων
267 578 436 614 ἐγκείμεναι,
464 578 511 605 κα)⁸
528 577 599 604 κατὰ
613 576 706 612 εἱρμὸν
726 575 836 611 πρώτης
848 584 866 601 κ

964 571 1073 599 lectitur
1090 580 1096 598 :
1113 578 1228 607 quarum
1252 570 1361 598 nomina
1387 568 1543 604 singillatim
1565 574 1728 602 percensen-

104 612 237 659 δευτέρας
250 623 302 655 ἕως
312 612 362 658 τῆς
374 623 532 653 τελευταίας
545 621 678 657 τυχούσης
697 621 787 656 βίϐλου
806 622 868 654 ἐγκε

965 626 1001 650 1r,
1025 623 1134 645 servato
1160 616 1260 652 prioris
1283 621 1309 643 et
1329 615 1487 650 posterioris
1512 620 1542 640 ac
1563 612 1729 647 reliquarum

107 655 206 704 μένης’
225 669 266 695 ὅτι
284 669 301 704 ἡ
315 655 364 704 μέν
382 668 476 704 πρώτη
490 655 788 702 βίϐλος-’ἔχειναὶρέσεις
802 665 849 700 μς¹
867 665 871 690 i

965 663 1074 701 cinceps
1093 662 1125 688 ad
1144 666 1309 696 postremam
1335 667 1421 694 usque
1440 659 1500 685 libri
1522 657 1606 684 totius
1623 655 1726 683 ordine.

105 701 201 749 τόμοις
218 701 301 750 τρισίξ
315 701 361 740 ⁷Ἢ
376 701 410 740 δὲ.
425 701 539 748 δευτέρα
556 712 646 747 βίϐλος
667 711 787 747 αἱρέσεις
801 713 854 744 κγ’,
867 722 869 734 λ

966 709 1017 743 lrgo
1042 708 1145 743 primus
1158 708 1224 735 liber
1242 707 1321 734 tomis
1336 706 1424 733 tribus
1438 713 1497 732 xui
1511 704 1627 731 haereses
1648 701 1730 729 conti-

104 759 200 793 τόμοις
217 757 304 784 δυσίν.
322 756 356 783 Ἦ
370 756 399 783 δὲ
424 757 502 792 τρίτη
516 756 606 791 βίϐλος
625 756 745 791 αἱρέσεις
759 755 802 787 ια’,
817 757 844 782 ἐν
857 764 868 782 1

966 758 1010 787 et;
1027 753 1163 781 secundus
1190 753 1271 780 tomis
1285 752 1392 779 duobus
1409 751 1525 778 haereses
1559 756 1644 782 xxtn;
1672 752 1729 774 ter.

107 812 170 839 μοις
180 803 266 830 δυσίν.
279 803 383 834 Πάντες
395 802 484 829 τοίνυν
499 803 523 828 οἱ
536 801 575 837 τῷ
591 802 726 837 πονήμιτι
743 801 822 837 ἡμῶν
838 810 869 828 συ

971 806 1003 826 us
1017 799 1135 833 denique
1151 798 1257 825 duobus
1279 797 1359 824 tomis
1381 797 1499 824 haereses
1517 803 1552 822 tu.
1570 793 1626 821 Vos
1649 793 1732 828 igitur

105 849 263 881 πονοῦντες,
285 849 333 875 καὶ
355 849 543 884 σπουδάσματι
568 848 742 883 ἐντυγχάνειν
768 847 869 883 μακροῦ

962 851 1053 875 ηηιιιθε,
1070 844 1116 878 qui
1141 850 1312 870 communem
1331 843 1403 869 hunc
1423 848 1527 868 urceum
1544 840 1663 867 laborem
1686 845 1726 865 ca-

107 895 234 931 μοῢντες,
249 894 417 930 διερχόμενοί
435 903 481 926 τε,
497 893 693 930 παρακλήθητε
709 893 754 920 καὶ
770 892 871 928 ἀξιὼοη

970 889 1070 922 essitis,
1086 894 1113 916 et
1137 889 1208 916 hanc
1225 891 1345 915 nostram
1364 887 1581 914 lucubratiouem
1599 885 1734 920 patienter

105 927 156 976 τὴν
167 927 301 975 ὠφέλειαν
309 927 510 976 ’ἐσικερδῆσαι,
523 927 558 966 τὰ
573 939 602 966 δὲ
615 927 684 974 ἀηδῆ
704 938 759 965 τῶν
771 937 869 974 αἱρέσει

970 935 1072 962 volvere
1089 934 1214 965 studetis.
1232 942 1300 969 rogo
1322 933 1469 969 plurimum
1498 937 1524 959 et
1545 931 1685 961 exhortor,
1707 933 1734 955 ct

105 987 162 1013 ἀπὸ
173 985 222 1013 τοῦ
236 986 296 1017 νοὸς
306 985 468 1020 ἀποτρέψαι.
482 985 519 1011 Οὐ
534 985 589 1021 γὰρ
601 985 640 1016 εἰς
654 984 755 1020 βλάῆην
768 983 869 1010 ἀπεκαλ

970 980 987 1006 ti
1008 979 1082 1015 digni
1105 979 1167 1006 sitis
1183 979 1292 1014 postulo
1318 978 1437 1005 fructum
1462 977 1543 1004 istinc
1569 976 1687 1010 aliquem
1711 980 1734 1000 et

105 1033 210 1068 φαμεν,
228 1032 286 1059 ἀλλ’
308 1034 348 1064 εἰς
366 1031 498 1066 ὠφέλειαν
519 1031 566 1058 καὶ
588 1030 780 1065 παρατήρησιν
794 1028 840 1055 τοῦ
865 1037 869 1063 ε

970 1025 1094 1052 tilitatem
1123 1033 1232 1060 capere,
1255 1029 1335 1059 atque
1360 1024 1498 1050 haereseon
1525 1021 1675 1049 molestiam
1704 1027 1734 1045 ac

106 1078 239 1113 épna’creiv
248 1079 288 1110 εἰς
302 1077 449 1112 ἐπαγωγὴν
459 1076 514 1103 τῶν
524 1075 740 1112 προειρημένων.
752 1073 870 1100 Διελθόνι

969 1071 1098 1098 erniciem
1117 1071 1151 1097 ab
1172 1071 1271 1098 animis
1295 1070 1392 1097 vestris
1408 1068 1565 1103 longissime
1586 1073 1733 1094 removere.

104 1112 134 1150 δὲ
144 1123 191 1149 τὸν
202 1123 291 1150 πάντα
303 1123 426 1158 κάματον
436 1122 453 1157 ἢ
469 1122 515 1148 καὶ
529 1121 610 1157 μέρη,
621 1121 690 1156 ὑπὲρ
702 1121 718 1155 ἡ
723 1119 780 1154 μῶν
791 1118 868 1152 εὖξαι

975 1123 1009 1143 on
1026 1116 1098 1143 enim
1122 1116 1183 1143 illas
1206 1115 1367 1150 cujusquam
1383 1115 1416 1142 ad
1429 1113 1550 1141 fraudem
1571 1112 1736 1146 exitiumque

106 1167 155 1194 καὶ
176 1166 364 1200 καταξιώσατέ
380 1167 423 1193 ἵνα
445 1167 459 1193 ὁ
480 1165 547 1196 Θεὸς
565 1165 620 1200 δῴη
639 1164 721 1200 μέρος
739 1164 806 1198 ἡμῖν
826 1163 856 1188 ὲν

973 1161 1140 1192 atefecimus,
1156 1161 1204 1189 scd
1218 1161 1251 1188 ad
1267 1162 1411 1188 utilitatem
1427 1164 1508 1195 atque
1522 1159 1689 1190 cautionem,
1705 1164 1737 1183 ne

106 1213 174 1249 ἁγίᾳ
193 1214 240 1240 καὶ
264 1214 331 1249 μόνῃ
355 1212 485 1248 καθολικῇ
505 1212 552 1239 καὶ⁹
576 1209 870 1244 ἀποστολικῇηἚκκλ-ησ

974 1206 985 1232 J
1011 1209 1241 1233 commemoratas
1270 1207 1332 1234 illas
1360 1206 1476 1233 hazrescs
1508 1204 1644 1232 illecebris
1675 1202 1738 1229 ullis

106 1259 155 1285 καὶ
167 1259 281 1296 ἀληθινῇ
300 1260 346 1286 καὶ
359 1258 461 1294 ζωτικῇ
473 1259 520 1285 καὶ
533 1256 711 1293 σωτηριώδει,
727 1256 774 1282 καὶ
790 1254 870 1290 ρύσητ

973 1251 1097 1286 uisquam
1114 1252 1298 1286 pertrahatur.
1311 1251 1396 1279 Porro
1412 1252 1457 1278 ubi
1469 1255 1555 1278 totum
1573 1249 1645 1276 istud
1657 1257 1737 1284 opus.

111 1302 189 1337 ἡμᾶς
293 1289 382 1336 πάσης
404 1289 553 1335 αἱρέσεως·
635 1300 661 1326 εἴ
673 1309 698 1326 τι
718 1299 754 1331 ὡς
765 1289 875 1335 ἄνοριυπ

973 1297 1047 1329 iiiSve
1061 1303 1165 1332 partem
1178 1298 1297 1332 aliquam
1312 1297 1426 1332 legendo
1438 1296 1640 1332 pereurreritis,
1656 1295 1737 1322 Deum

114 1346 152 1381 μὴ
168 1345 311 1380 δυνάμενοι
325 1345 371 1371 ἐπὶ
395 1344 425 1370 τὸ
452 1345 538 1380 πέρας
558 1345 758 1379 ἀποτεινόμενοι
771 1344 820 1378 τῆς
837 1344 878 1370 ἀκι

974 1351 1002 1370 ro
1015 1344 1094 1371 nobis
1111 1344 1292 1376 obsceratote,
1304 1348 1331 1372 et
1349 1344 1415 1371 illud
1433 1344 1579 1378 impetrare
1593 1342 1738 1371 studetote.

113 1391 252 1426 ταλήπτου
263 1390 309 1417 καὶ
330 1390 525 1424 ἁνεκδιηγήτου
540 1389 676 1424 θεότητος,
693 1389 749 1415 ἀλλ’
761 1389 798 1420 ὡς
815 1397 877 1414 στενη

976 1389 1034 1417 obis
1048 1393 1077 1416 ut
1092 1389 1137 1417 ille
1155 1390 1246 1417 locum
1266 1390 1382 1425 aliquem
1405 1390 1432 1416 in
1453 1394 1547 1417 saneta
1567 1389 1679 1423 solaque
1696 1394 1740 1414 ca-

113 1434 282 1470 χωρούμενοι
303 1435 343 1466 εἰς
366 1434 523 1467 ἀπολογίαν,
542 1433 612 1468 ὑπὲρ
633 1432 700 1459 Θεοῦ
724 1432 877 1468 διηγήσασθη

978 1435 1057 1462 rolica
1077 1439 1105 1462 ct
1119 1435 1269 1469 apostolica
1284 1435 1417 1467 Ecclesia,
1436 1435 1586 1469 eademque
1607 1441 1681 1465 vera,
1702 1432 1741 1460 vi-

113 1481 295 1516 ἁνθρωπίνως
307 1479 509 1515 ἠναγκασμένοι
517 1479 601 1514 τόλμῃ
613 1478 712 1514 ἠνέχθη
717 1487 776 1514 μεν,
788 1486 877 1512 συγγνι

978 1480 1046 1512 iiica,
1064 1481 1233 1516 salutarique
1249 1481 1368 1514 tribuat,
1387 1486 1443 1508 tum
1467 1485 1496 1508 ut
1515 1488 1565 1508 nos
1580 1480 1615 1507 ab
1631 1479 1742 1506 hmrcsis

116 1526 263 1561 μονοῡντος
273 1526 321 1553 τοῦ
331 1525 398 1552 Θεοῦ
413 1525 460 1552 καὶ
471 1525 549 1560 ὑμεῖς
558 1525 635 1551 αὐτοὶ
647 1525 878 1560 συγγνιομονὴσατ

978 1527 1046 1554 mnis
1071 1527 1233 1562 contagione
1258 1528 1364 1554 liberet.
1381 1526 1459 1560 Quod
1483 1527 1505 1554 si
1528 1526 1679 1561 quidpiam,
1704 1530 1742 1552 ιιι-

114 1574 171 1614 Kal.
185 1572 268 1599 πάλιν
281 1570 476 1606 ὑπερεύχεσθε,
491 1570 534 1596 ἵνα
548 1570 562 1596 ὁ
579 1570 681 1605 Κύριος
695 1570 727 1605 ἥν
743 1569 878 1605 ῂτησάμε(

977 1578 1020 1601 ote
1039 1573 1176 1606 homines,
1190 1574 1237 1609 qui
1259 1573 1563 1608 incomprehensibilem
1581 1576 1608 1599 et
1629 1572 1741 1607 inexpli-

116 1618 216 1654 μερίδα
229 1618 294 1652 ἡμῖν
305 1617 359 1652 δῴη
373 1618 401 1644 ὲν
424 1619 456 1653 τῇ
479 1617 544 1652 ἁγίᾳ
562 1616 644 1643 αὐτοῦ
666 1616 754 1642 πίστει
770 1615 817 1642 καὶ
837 1615 880 1649 μόι

979 1619 1074 1646 abilem
1101 1620 1175 1646 illam
1198 1620 1367 1647 divinitatem
1389 1619 1497 1654 penitus
1520 1618 1639 1653 assequi,
1666 1622 1692 1644 ct
1709 1617 1743 1644 ad

115 1663 316 1700 ἀπηλλαγμένῃ
337 1663 428 1699 πάσης
455 1663 652 1697 ἐναντιότητος.
682 1661 729 1687 καὶ
752 1661 816 1691 τῶν,
831 1660 879 1687 ίδίυ

978 1669 1109 1691 xtremum
1127 1671 1214 1699 usque
1227 1668 1370 1699 penetrare
1388 1663 1492 1698 1103
1507 1671 1559 1690 non
1578 1671 1742 1698 possumus,

114 1708 324 1744 ἁμαρτημάτων
340 1707 445 1734 πολλῶν
462 1708 546 1734 ὄντων
564 1706 737 1741 συγχώρησιν
758 1706 878 1740 ποιήσητι

979 1709 1006 1736 3d
1032 1709 1060 1736 in
1085 1710 1226 1745 angustias
1244 1718 1291 1737 eas
1316 1710 1446 1744 conjecti,
1462 1713 1492 1736 ut
1514 1709 1598 1736 divini
1623 1709 1743 1736 ntnninis

116 1755 146 1781 ὲν
160 1753 270 1789 Χριστῷ
294 1754 380 1789 Ἰησοῦ
399 1754 438 1790 τῷ
458 1754 551 1789 Κυρίῳ
566 1753 660 1788 ἡμῶν·
673 1753 706 1778 δι’
725 1749 755 1778 οὗ
778 1753 824 1779 καὶ
846 1761 878 1787 με

978 1754 1146 1789 ropugnandi
1173 1755 1259 1789 gratia
1290 1754 1414 1790 quietiam
1435 1762 1485 1789 pro
1518 1755 1637 1781 humano
1663 1758 1742 1789 captu

116 1797 148 1828 οὗ
159 1800 223 1834 δόξα
239 1800 278 1835 τῷ
294 1801 382 1836 Πατρὶ
407 1801 455 1827 σὺν
483 1800 552 1836 ἁγίῳ
575 1799 712 1832 Πνεύματι
735 1800 776 1831 εἰς
793 1798 878 1826 αἰῶνα

980 1799 1094 1826 isserere
1110 1799 1196 1826 coacti
1212 1799 1317 1832 simus;
1335 1800 1356 1826 si
1369 1800 1447 1834 quid,
1461 1800 1583 1834 inquam.
1601 1800 1682 1834 patilo
1696 1808 1744 1827 au-

124 1846 222 1881 Ἀμήν.
958 1844 1054 1871 (lacius
1072 1843 1196 1877 fecimus,
1214 1845 1386 1872 condonaute
1403 1845 1468 1876 Deo,
1484 1853 1532 1873 vos
1545 1850 1572 1872 et
1592 1845 1663 1872 istud
1680 1846 1745 1872 mihi

118 1892 280 1920 condonare
296 1891 396 1919 velitis.
414 1891 452 1918 Ac
469 1898 579 1918 rursum
594 1889 662 1918 illud
686 1897 746 1917 mea
763 1897 846 1917 causa
863 1890 955 1924 petite,
979 1890 1016 1916 uti
1031 1888 1174 1923 Douiinus,
1189 1898 1271 1925 quam
1285 1892 1319 1918 ab
1350 1899 1383 1918 eo
1413 1895 1514 1919 sortem
1545 1891 1746 1918 conditionem-

117 1947 172 1974 que
191 1939 294 1974 precati
317 1946 424 1971 sumus,
445 1938 472 1965 in
497 1938 670 1966 sanctissima
690 1945 739 1965 sua
763 1937 905 1972 religione,
922 1945 983 1972 qum
999 1938 1057 1965 sola
1073 1938 1107 1965 ah
1123 1939 1196 1965 omni
1212 1938 1432 1966 contradictione
1456 1939 1541 1966 libera
1566 1943 1619 1971 est,
1647 1946 1747 1966 conce-

119 1987 183 2013 dere
205 1994 259 2012 non
285 1991 422 2021 gravetur,
446 1993 477 2012 ac
504 1989 678 2020 peccatorum
699 1993 831 2018 meorum,
855 1993 916 2020 quae
939 1987 1007 2014 bene
1030 1986 1115 2013 multa
1138 1990 1212 2020 sunt,
1242 1987 1357 2021 gratiam
1382 1987 1480 2019 facere,
1500 1987 1527 2014 in
1548 1987 1658 2014 Christo
1683 1986 1748 2015 Jesu

119 2033 234 2060 Domino
249 2037 344 2060 nostro
360 2041 366 2060 :
382 2040 431 2067 per
446 2040 526 2066 quem
543 2036 570 2059 ct
583 2039 645 2059 cum
658 2040 713 2067 quo
729 2032 815 2066 gloria
832 2031 905 2060 Patri
925 2041 986 2060 cum
1005 2032 1109 2068 Spiritu
1125 2038 1223 2060 sancto
1235 2034 1260 2060 in
1276 2034 1385 2061 sa'cula.
1401 2033 1499 2060 Amen.

155 2079 221 2105 KA’.
238 2078 319 2105 Καὶᾶ
336 2079 385 2113 μὲν
403 2079 468 2115 περὶ
484 2079 602 2110 πίστεως
616 2079 673 2113 ἔχει
707 2079 776 2114 αὕτη
796 2079 813 2114 ἡ
839 2079 906 2114 μόνη

998 2079 1069 2106 XXI.
1093 2079 1229 2107 llaetenus
1250 2080 1332 2115 igitur
1345 2087 1468 2114 quaenam
1485 2083 1556 2107 esset
1570 2080 1651 2106 unius
1666 2083 1692 2106 ct
1705 2087 1746 2106 ca-

121 2125 252 2160 καθολικὴ
274 2125 434 2160 Ἐκκλησία,
467 2125 514 2151 καὶ
544 2125 693 2160 περιστερὰ
721 2125 834 2157 ἄκακος,
860 2127 885 2160 μί

984 2125 1068 2151 rolicm
1085 2125 1213 2152 Ecclesia:
1230 2125 1307 2157 tides,
1331 2126 1474 2160 simplicis,
1491 2125 1613 2160 inquam,
1635 2125 1707 2152 illius
1720 2128 1748 2152 et

120 2169 187 2197 οὖσα
198 2170 238 2206 τῷ
247 2170 324 2206 ἀνδρὶ
331 2171 426 2206 αὐτῆς,
444 2170 482 2203 ὼς
497 2170 586 2204 λέγει·
602 2171 663 2197 Μία
673 2171 738 2197 ἐστὶ
751 2178 884 2204 «aptate;

982 2171 1117 2198 tnocentis
1139 2171 1281 2202 columba).
1297 2179 1359 2206 qua:
1377 2171 1457 2198 unica
1481 2175 1523 2198 est
1549 2171 1608 2198 viro
1625 2179 1686 2202 suo,
1708 2171 1746 2198 uti

121 2225 188 2249 μου.
205 2216 251 2242 καὶ
266 2215 368 2250 ὁμοίως
394 2216 458 2251 περὶ
482 2215 535 2242 τῶν
554 2215 701 2251 ἀμυθήτων
723 2216 850 2241 νεανίδων
871 2212 885 2242 ἅ

984 2215 1094 2250 :riptum
1117 2221 1158 2243 est
1174 2225 1180 2243 :
1198 2216 1257 2243 Una
1275 2221 1313 2243 est
1334 2217 1455 2243 columba
1478 2225 1535 2243 mea
1547 2217 1567 2248 ‘,
1585 2224 1634 2244 nec
1650 2224 1705 2243 non
1721 2221 1748 2243 et

121 2262 170 2288 οὐκ
183 2261 258 2287 ἔστιν
272 2261 398 2296 ἀριθμὸς,
428 2261 567 2296 συντόμως
591 2261 712 2295 ἔφημεν·
730 2261 793 2296 περί
811 2269 840 2287 τε
855 2261 885 2287 ΙΙ(

984 2269 994 2289 e
1010 2261 1124 2289 inﬁnitis
1148 2262 1371 2294 adolescentulis,
1395 2270 1510 2298 quarum
1533 2263 1595 2289 iniri
1618 2270 1748 2290 numerus

121 2307 184 2342 τρος
197 2307 245 2333 καὶ
260 2306 324 2333 Tia-3
348 2308 396 2334 καὶ
417 2307 494 2341 ἁγίου
514 2306 671 2342 Πνεύματος
689 2307 885 2342 ὀμοουσιότητοη

981 2315 1016 2334 on
1031 2311 1130 2341 potest,
1148 2315 1200 2342 qua
1219 2309 1357 2342 potuimus
1373 2309 1504 2336 brevitate
1525 2309 1724 2343 disputavimus
1740 2317 1745 2335 :

123 2352 170 2378 καὶ
187 2352 250 2386 περὶ¹
266 2352 315 2387 τῆς
329 2352 463 2387 ἐνσὰρκου
482 2353 601 2387 Χριστοῦ
621 2352 668 2378 καὶ
685 2351 791 2383 τελείας
810 2360 887 2387 παροι

982 2353 1142 2388 iprimisqae
1165 2353 1199 2380 de
1227 2353 1322 2380 eadem
1347 2353 1436 2380 Patris
1462 2358 1488 2381 ct
1520 2353 1578 2380 Filii
1602 2362 1634 2380 ac
1660 2354 1746 2389 Spiri«

124 2397 194 2429 σίας,
211 2397 258 2423 καὶ
280 2397 368 2424 ἄλλων
382 2397 472 2433 μερῶν
491 2397 542 2432 τῆς
564 2398 697 2428 πίστεως·
719 2397 783 2432 περὶ
803 2397 888 2432 θεσμᾶ

983 2406 1008 2426 1s
1035 2398 1122 2425 sancti
1141 2398 1307 2430 substantia,
1332 2398 1418 2433 deque
1443 2398 1561 2433 perlecta
1576 2399 1677 2427 Christi
1694 2399 1747 2427 Do-

123 2439 150 2466 δὲ
159 2440 210 2475 τῆς
222 2440 306 2476 αὐτῆς
319 2441 374 2476 (ὃῦ)
386 2442 414 2467 ὲν
426 2441 507 2476 ὀλίγῳ
524 2442 573 2476 μέν
585 2441 628 2477 μοί
637 2442 694 2468 ἐστι
709 2441 788 2468 πάλιν
805 2441 887 2476 ἀνάγκ

985 2443 1032 2470 lini
1048 2443 1247 2474 incarnatione,
1265 2451 1296 2470 ac
1311 2443 1424 2477 reliquis
1437 2443 1498 2471 lidci
1514 2444 1749 2479 capitibus.Nune

160 2517 168 2532 ¹
184 2517 264 2544 (lant.
284 2525 321 2550 vr,
336 2517 364 2545 8.

159 2595 217 2627 (85)
239 2595 308 2629 Περὶ
321 2595 440 2629 θεσμῶν
453 2595 488 2622 δὲ
503 2595 559 2630 τῆς
568 2595 672 2629 αὐτῆς.
697 2595 810 2631 Egregia
833 2596 912 2623 dein-

987 2595 1075 2631 iolicis
1082 2595 1210 2622 onmibus
1219 2595 1279 2631 usui
1290 2602 1351 2622 esse
1360 2600 1487 2631 possunt,
1494 2600 1523 2622 ut
1532 2595 1662 2623 adversus
1670 2604 1749 2623 ιιι)νο-

125 2638 190 2664 ceps
202 2638 234 2658 ae
250 2631 397 2664 singularis
413 2631 560 2665 disputatio
577 2632 701 2665 sequitur
717 2630 751 2658 de
767 2630 910 2665 praecipuis
964 2639 1024 2657 rum
1036 2630 1175 2656 hominum
1189 2630 1321 2657 insaniam
1333 2630 1747 2665 atqueiuseitiamimponantur.

127 2665 254 2700 Ecclesiae
263 2665 377 2698 ritibus;
390 2664 470 2700 qumn
488 2666 561 2692 velut
574 2664 760 2693 characterem
768 2664 803 2692 ac
819 2664 910 2692 notam
963 2666 1002 2692 Ac
1015 2665 1037 2692 si
1052 2666 1085 2692 de
1097 2665 1212 2698 singulis
1228 2665 1282 2691 illis
1297 2664 1394 2700 ritibus
1407 2665 1486 2698 paulo
1498 2666 1652 2691 aet'lll'alilts
1667 2666 1748 2691 verba

127 2699 247 2735 adhibet.
263 2708 317 2735 quo
332 2701 366 2727 ah
385 2700 543 2728 adulterinis
564 2700 762 2728 conventiculis
777 2700 910 2727 catholica
965 2700 1053 2726 facere
1069 2700 1175 2729 vellem,
1187 2699 1347 2735 ingentibus
1364 2699 1566 2726 eonuuenlariis
1584 2707 1651 2733 opus
1666 2705 1747 2735 esset.

128 2734 250 2762 Ecclesia
272 2734 453 2769 dignoscitur.
484 2736 588 2768 Quihns
611 2743 660 2762 nos
684 2736 853 2770 argumentis
882 2743 912 2762 ac
966 2735 1004 2762 Ne
1018 2735 1085 2761 nihil
1099 2742 1164 2760 vero
1177 2734 1277 2770 dicam,
1291 2735 1426 2768 przccipua
1439 2734 1562 2770 qmedatn
1574 2742 1606 2760 ex
1620 2735 1652 2760 iis
1666 2734 1749 2770 libare

127 2769 214 2804 signis
241 2770 352 2804 perinde
369 2771 420 2797 hoc
445 2774 566 2804 tempore
589 2778 679 2797 veratri
707 2769 739 2796 ac
762 2771 912 2797 llomanam
965 2770 1078 2804 placuit,
1105 2777 1166 2803 qua:
1191 2769 1216 2795 in
1241 2769 1406 2795 adversariis
1435 2769 1554 2799 nostris,
1580 2769 1693 2802 prouule
1720 2775 1749 2795 ut

130 2803 279 2831 Ecclesia":
302 2812 316 2830 a
331 2805 393 2832 hcce
415 2803 623 2832 novissimarum
641 2806 779 2833 hatrcseou
797 2806 913 2832 secerni-
960 2803 1105 2834 Γἓιιιιτιυιϊιιι
1130 2811 1264 2838 quemque
1293 2803 1318 2829 in
1337 2811 1433 2830 manus
1443 2810 1577 2837 ceperant,
1598 2804 1750 2836 promiscuo

129 2847 199 2865 tuus.
217 2838 283 2874 Nam
297 2839 418 2874 plerique
433 2847 528 2866 omnes
546 2840 582 2866 illi
599 2844 698 2867 veteris
714 2840 840 2866 lieelesia‘.
856 2848 913 2866 mo-
967 2840 1093 2866 adnotata
1107 2847 1203 2872 reperi.
1234 2838 1335 2874 l'E1'av.
1366 2838 1445 2874 (Vide
1464 2837 1499 2874 Δίιι
1520 2837 1674 2874 Ama-inlice,
1691 2839 1748 2866 dis~

130 2881 173 2900 res
196 2874 222 2900 in
243 2871 443 2902 Roman-(ensi:
465 2883 496 2901 ac
521 2875 717 2902 consuetudine
743 2875 911 2902 resedi-runt.
967 2871 1143 2901 sertationent
1160 2873 1195 2900 De
1213 2873 1338 2900 reici-ibus
1358 2872 1513 2907 quibusdam
1536 2871 1659 2901 Eccletiw
1689 2874 1750 2901 riti-

130 2909 263 2942 Quocirca
274 2910 352 2944 pauci
364 2909 464 2947 illi,qui
474 2913 629 2945 supersunt,
643 2911 746 2937 muneri
759 2918 855 2945 magno
868 2918 913 2937 ca-
968 2909 1037 2943 bus.)
