1935 3044
201 166 253 194 8ἰό

898 165 928 193 S.
948 164 1116 193 EPIPllANlI

1764 163 1823 191 825

199 219 234 246 de
250 218 372 254 ejusdem
389 218 517 247 Ecclesiae
529 220 718 248 sanctionibus
731 229 762 248 ac
778 222 882 256 legibus
894 231 974 258 pauca

1031 223 1202 260 παραθέσθαι
1217 223 1272 250 τῶν
1281 223 1370 250 αὐτῶν
1385 222 1494 257 θεσμῶν
1505 221 1558 249 ἀπὸ
1577 220 1674 257 μέρους
1690 221 1722 248 τδ
1735 219 1822 254 εἶδος,

199 265 265 292 ιιιὶὶιι
286 273 398 293 necesse
423 271 475 298 est,
493 266 581 301 deque
604 267 761 295 earumdem
781 268 879 300 forma,
893 270 982 305 aliqua

199 311 295 336 saltem
320 317 352 336 ex
386 314 461 344 parte
490 311 632 345 persequi;
661 319 831 348 quzecunque
853 314 981 342 nimirum

198 355 308 390 proprie
325 355 389 382 olim
403 356 428 382 in
445 357 502 391 ipsa
516 362 623 384 servata
642 363 706 385 sunt
724 359 858 394 hodieque
872 367 983 387 servan-

198 408 253 432 tur,
280 402 377 436 partim
402 410 434 429 ex
461 407 616 438 przecepto.
646 405 742 438 partim
767 413 801 432 ex
827 406 982 434 inductione

198 447 292 479 animi,
304 447 358 474 Deo
366 455 399 475 ex
413 448 563 483 disciplina:
582 457 638 476 sua:
648 450 747 477 virtute
759 450 876 477 fructum
887 459 982 486 quent-

197 492 258 518 dam
269 493 491 528 voluptatemque
507 495 640 528 capiente.
655 495 771 530 Crepido
785 495 867 530 igitur
882 503 914 523 ac
926 497 981 523 vel-

197 543 226 565 ut
249 538 350 573 gradus
364 539 474 573 quidam
497 540 524 566 in
548 539 669 567 Ecclesia
685 541 827 576 virginitas
848 545 901 573 est,
920 549 981 576 qua:

196 591 211 609 a
238 584 376 619 plerisque
399 585 499 611 colitur
520 589 547 611 et
571 587 742 618 observatur,
765 590 792 613 et
821 587 848 613 in
878 587 979 614 illustri

195 629 312 663 quadam
327 630 413 665 gloria
432 637 463 657 ac
479 630 671 664 praedicatione
684 635 815 658 versatur.
831 631 978 668 Virginita-

195 679 248 701 tent
265 675 386 702 solitaria
404 676 458 702 vita
474 677 597 710 proxime
618 677 742 712 sequitur
758 687 764 704 :
782 685 862 712 quam
877 678 903 704 in
922 678 978 713 ple-

194 719 287 754 risque
303 728 384 748 sexus
402 722 544 757 utriusque
565 723 707 750 monachis
722 723 855 752 videmus.
875 723 976 752 Seeun~

193 766 258 792 dum
272 766 344 794 hanc
357 767 523 796 continentia
542 769 575 796 ad
595 769 666 797 idem
683 770 793 805 pietatis
808 771 977 798 curriculum

194 811 307 838 fundata
329 816 372 839 est
385 819 417 839 ac
439 814 569 842 stabilita.
586 814 687 842 Deinde
700 815 817 843 viduitas
838 823 899 843 cuin
915 815 978 843 dili-

193 857 265 891 genti
280 861 438 893 attentaque
455 859 581 887 cautione
608 864 634 888 ct
651 865 725 888 casta
741 862 902 896 sinceraque
917 863 977 889 vitae

1033 271 1137 305 ὅσαπερ
1152 269 1231 303 φύσει
1258 268 1427 303 πεφύλακται
1449 268 1478 294 ἐν
1497 268 1564 302 αὐτῇ
1578 268 1625 294 καὶ
1638 267 1822 302 φυλάσσεται,

1032 316 1067 342 τὰ
1079 315 1128 350 μὲν
1143 316 1175 341 ἐκ
1191 314 1411 350 προστάγματος,
1425 313 1459 339 τὰ
1473 313 1502 339 δὲ
1513 312 1584 340 κατὰ
1598 313 1733 348 ἀποδοχὴν
1747 321 1822 348 προ-

1032 360 1173 395 αιρέσεως,
1187 359 1234 386 τοῦ
1244 358 1311 385 Θεοῦ
1320 358 1460 394 χαίροντος
1473 358 1518 384 ἐπὶ
1529 358 1561 393 τῇ
1577 359 1660 393 ἀρετῇ
1671 358 1720 392 τῆς
1732 358 1820 384 αὐτοῦ

1031 405 1213 436 διδασκαλίας.
1228 404 1283 431 Καὶ
1296 403 1402 440 πρῶτον
1415 403 1463 438 μὲν
1479 403 1581 438 κρηπὶς
1599 403 1656 434 καὶ,
1667 402 1705 434 ὡς
1717 403 1820 435 εἰπεῖν,

1032 451 1134 486 saepe;
1155 451 1184 476 ὲν
1206 450 1273 484 αὐτῇ
1284 450 1301 485 ἡ
1319 449 1453 484 παρθενία
1469 448 1536 484 (86),
1553 449 1708 483 ἀσκουμένη
1723 457 1753 474 τε
1769 449 1821 475 καὶ

1031 494 1217 530 φυλαττομένη
1236 494 1312 530 παρὰ
1334 493 1441 525 πολλοῖς
1459 493 1507 520 καὶ
1527 492 1732 528 ὲνδοξαζομένη.
1748 493 1821 519 Συν-

1030 539 1160 566 έπεταιδὲ
1173 540 1206 575 τῇ
1221 540 1289 574 αὐτῇ
1304 538 1464 574 παρθενὶᾳὴ
1481 538 1605 573 μονότης,
1620 538 1696 573 παρὰ
1710 538 1820 565 πλείοσι

1029 585 1083 612 τῶν
1098 585 1267 620 μοναζόντων
1286 585 1334 611 καὶ
1359 583 1540 619 μοναζουσῶν.
1556 584 1632 610 Μετὰ
1647 583 1749 619 ταύτην
1769 585 1820 618 ὲγ-

1029 631 1142 666 κράτεια
1154 631 1199 657 ἐπὶ
1209 630 1253 657 τὸν
1264 631 1343 657 αὑτὸν
1353 630 1451 665 δρόμον
1459 629 1688 665 τεθεμελιωμὲνη.
1699 629 1820 657 Ἔπειτα

1028 676 1057 703 δὲ
1089 676 1224 711 χηροσύνη
1244 675 1313 710 μετὰ
1334 675 1424 710 πάσης
1447 676 1584 710 προσοχῆς
1612 675 1659 701 καὶ
1680 675 1819 710 ἀγράντου

1029 720 1261 756 συναναστροφῆς.
1287 720 1406 752 Ταύταις
1420 719 1448 747 δὲ
1465 721 1523 751 ταῖς
1544 720 1651 752 τάξεσιν
1671 719 1819 751 ἀκόλουθος

1027 767 1041 793 ὁ
1061 767 1158 802 σεμνὸς
1171 767 1259 802 γάμος
1278 767 1306 793 ἐν
1320 766 1424 802 μεγάλῃ
1438 767 1516 802 τιμῇ,
1526 767 1540 793 ό
1556 767 1585 793 ὲν
1599 766 1751 802 μονογαμιᾳ
1763 766 1818 801 μά-

1027 813 1104 840 λιστα
1128 813 1175 840 καὶ
1205 813 1389 848 παραφυλακῇ
1408 812 1591 848 ὲνταλμάτων.
1610 812 1651 847 ,Εἰ
1666 812 1696 839 δέ
1708 821 1750 844 τις
1772 821 1819 838 τε-

1026 858 1197 894 λευτησάσης
1219 858 1268 892 τῆς
1282 858 1365 884 αὑτοῦ
1391 858 1529 892 γυναικὸς,
1545 857 1562 892 ἢ
1577 857 1671 894 ἀνδρὸς
1690 858 1819 893 τελευτή-

193 902 300 929 ratione
312 902 467 937 conjuncta.
480 903 543 931 Post
555 905 654 940 gradus
666 905 726 932 illos
739 906 884 934 etordines
896 914 974 934 suum

1030 912 1123 936 σαντος
1134 903 1183 938 τῆς
1194 912 1265 935 τινος
1275 902 1402 938 γυναικὸς
1410 903 1429 936 ί,
1441 902 1544 937 ἐφίεται
1555 903 1668 939 δευτέρᾳ
1682 903 1818 938 συναφθῆ-

192 954 301 982 quoque
323 948 412 974 locum
434 949 557 976 obtinent
572 950 693 978 honesta:
718 951 829 985 ηιιριὶω,
845 959 904 986 quae
921 959 977 978 ma-

192 999 246 1026 gno
262 993 288 1020 in
311 994 413 1021 honore
433 999 508 1026 sunt,
532 997 682 1030 pratsertim
697 997 850 1032 singulares
872 1005 902 1024 ac
928 997 978 1024 mi-

191 1038 265 1066 nime
278 1041 408 1075 repetitae.
431 1049 492 1076 qua:
511 1046 707 1076 prazceptorum
721 1043 902 1070 observationi
919 1047 978 1070 stu-

191 1083 265 1111 dent.
285 1084 362 1118 Quod
379 1086 401 1114 si
419 1087 481 1121 quis
499 1091 604 1114 mortua
622 1096 716 1120 uxore,
737 1089 777 1115 vel
795 1089 892 1116 mulier
904 1096 977 1116 tuor-

190 1135 239 1157 tuo
254 1131 313 1158 viro
327 1131 352 1158 id
369 1133 494 1164 voluerit,
510 1133 624 1161 alterum
637 1135 723 1161 virtttn
738 1142 895 1167 uxorcmve,
907 1136 977 1163 dun-

191 1179 267 1202 taxat
289 1180 349 1210 post
377 1177 535 1204 alterutrius
548 1179 662 1211 obitum,
682 1179 733 1206 sibi
752 1179 887 1206 asciscere
903 1180 975 1207 licet.

189 1219 293 1248 Horum
318 1222 440 1249 omnium
460 1223 532 1250 velut
548 1223 686 1259 fastigium
710 1229 747 1257 et,
773 1230 801 1252 ιιι
819 1226 854 1252 ita
877 1225 976 1258 dicant,

188 1267 288 1294 matris
308 1275 340 1295 ac
359 1269 500 1303 genitricis
515 1270 605 1296 locum
628 1275 753 1298 sanctum
771 1271 823 1298 sibi
848 1272 977 1299 sacerdo-

189 1313 256 1339 tium
273 1313 393 1339 vindicat
406 1323 415 1341 ι
431 1314 503 1349 quod
529 1323 560 1342 ex
578 1315 713 1350 virginum
729 1317 825 1344 ordine
841 1317 977 1351 pra‘cipue

189 1362 299 1385 constat
314 1367 320 1384 ί
337 1363 384 1385 aut
411 1359 434 1386 si
461 1360 550 1387 ntinus
569 1368 585 1387 e
603 1361 764 1396 virginibus,
784 1361 890 1397 1104
903 1366 977 1389 certe

189 1412 222 1432 ex
238 1405 396 1438 monachis;
410 1406 432 1433 si
450 1413 514 1433 vero
529 1414 561 1433 ex
576 1407 772 1434 monachorum
793 1408 887 1434 ordine
900 1407 933 1434 ad
948 1408 977 1434 il-

190 1452 242 1476 lattt
266 1450 430 1478 iunctionem
444 1452 609 1479 «obeundam
627 1452 716 1480 idonei
742 1460 795 1479 non
811 1453 921 1484 fuerint,
942 1461 975 1480 ex

190 1495 232 1522 his
245 1496 332 1523 creari
355 1497 510 1525 sacerdotes
528 1498 615 1525 solent
631 1499 677 1533 qui
695 1506 709 1524 a
725 1499 782 1526 suis
803 1506 832 1527 se
844 1499 976 1526 uxoribus

189 1541 341 1574 continent.
360 1546 406 1568 aut
423 1542 572 1569 secundum
588 1551 657 1570 unas
672 1544 782 1579 nuptias
797 1544 824 1571 itt
840 1544 973 1572 viduitate

1029 959 1073 976 ναι
1087 950 1232 985 ἦδευτέρῳ
1243 949 1313 984 μετὰ
1323 949 1436 976 θάνατον
1451 948 1499 975 τοῦ
1513 948 1620 985 πρώτου
1637 948 1654 984 ἢ
1670 949 1720 984 τῆς
1741 948 1818 984 πρώ-

1028 1004 1089 1030 της.
1103 995 1228 1030 Στεφάνη
1242 995 1269 1021 δὲ
1282 994 1385 1021 τούτων
1397 995 1505 1021 πάντων
1519 994 1536 1029 ἢ
1550 995 1651 1030 μήτηρ,
1661 994 1699 1027 ὡς
1715 995 1815 1029 εἰπεῖν,

1028 1041 1074 1066 καὶ
1102 1041 1248 1076 γεννήτρια
1275 1041 1292 1075 ἡ
1316 1041 1382 1074 ἁγία
1412 1041 1555 1076 ἱερωσύνη,
1584 1041 1617 1068 ὲκ
1639 1041 1688 1076 μὲν
1712 1041 1818 1077 παρθέ-

1028 1094 1080 1112 νων
1097 1086 1152 1121 (87)
1166 1086 1197 1113 τὸ
1209 1086 1334 1113 πλεῖστον
1352 1087 1500 1122 ὁρμωμένη
1512 1095 1519 1102 θ
1535 1087 1559 1113 el
1572 1086 1601 1113 δὲ
1623 1087 1673 1113 οὐκ
1692 1087 1725 1113 ἐκ
1742 1095 1817 1123 παρ-

1029 1133 1123 1165 θένων,
1140 1133 1172 1160 ἐκ
1184 1132 1353 1168 μοναξόντων
1366 1141 1373 1148 ·
1386 1133 1410 1162 εἰ
1423 1132 1451 1159 δὲ
1469 1133 1505 1168 μὴ
1525 1131 1580 1159 εἷεν
1600 1133 1688 1159 ἱκανοὶ
1708 1132 1764 1168 (88)
1776 1133 1818 1165 εἰς

1028 1178 1179 1214 ὑπηρεσίαν
1190 1178 1244 1204 ἀπὸ
1263 1177 1443 1213 μοναςόντων,
1462 1178 1491 1212 ἐξ
1505 1179 1745 1218 ὲγκρατευομένων
1761 1179 1816 1206 τῶν

1029 1223 1102 1250 ἰδίων
1129 1224 1275 1258 γυναικῶν,
1304 1224 1320 1260 ἢ
1349 1224 1540 1259 χηρευσάντων
1557 1225 1611 1251 ἀπὸ
1635 1225 1815 1260 μονογαμίας.

1027 1269 1230 1304 Δευτερὸγαμον
1249 1269 1278 1296 δὲ
1292 1269 1346 1304 (89)
1362 1270 1412 1296 οὐκ
1422 1269 1510 1303 ἔξεστι
1519 1270 1642 1306 δέχεσθαι
1653 1272 1681 1297 ὲν
1696 1271 1765 1306 αὐτῇ
1777 1271 1816 1302 εἰς

1028 1315 1188 1350 ἱερωσύνην,
1203 1315 1254 1342 κᾶν
1273 1324 1303 1342 τε
1325 1316 1555 1351 ἐγκρατευόμενος
1570 1317 1611 1352 εἴη
1626 1317 1709 1352 χῆρος
1725 1318 1816 1353 ἀπαρ-

1027 1360 1076 1395 χῆς
1084 1360 1094 1375 ¹
1101 1360 1204 1393 τάξεως
1214 1361 1364 1387 ἐπισκόπου
1379 1361 1426 1387 καὶ
1440 1361 1624 1397 πρεσϐυτέρου
1635 1363 1681 1388 καὶ
1691 1362 1816 1389 διακόνου

1026 1406 1074 1432 καὶ
1089 1406 1276 1434 ὑποδιακόνου.
1289 1407 1366 1434 Μετὰ
1380 1407 1482 1442 ταύτην
1498 1407 1546 1442 τὴν
1559 1408 1707 1443 ἱερωσύνην
1724 1408 1818 1435 λοιπὸν

1026 1450 1207 1484 ἁναγνωστῶν
1220 1451 1313 1487 τάγμα
1330 1452 1360 1485 ἐξ
1376 1452 1444 1479 ὃλων
1453 1451 1505 1479 τῶν
1516 1453 1676 1488 ταγμάτων,
1694 1454 1818 1480 τουτέστι

1026 1497 1168 1532 παρθένων
1185 1497 1232 1524 καὶ
1258 1499 1428 1533 μοναζόντων
1443 1499 1492 1526 καὶ
1516 1500 1757 1535 ἐγκρατευομένων
1770 1500 1819 1527 καὶ

1027 1543 1219 1578 χηρευσάντων
1242 1544 1290 1570 καὶ
1310 1544 1364 1571 τῶν
1377 1544 1417 1570 ἐτι
1429 1545 1458 1571 ἐν
1473 1544 1563 1580 σεμνῷ
1575 1545 1666 1580 γάμῳ.
1683 1545 1713 1571 Εἰ
1730 1545 1758 1572 δὲ
1774 1545 1818 1580 εἴη

189 1589 342 1612 versantur.
361 1585 494 1613 Secundis
506 1594 570 1614 vero
584 1587 686 1622 nuptiis
702 1587 849 1623 implicitus
871 1588 899 1615 in
921 1588 973 1615 Ec-

1028 1589 1147 1624 ἀνάγκη,
1161 1590 1208 1616 καὶ
1222 1589 1275 1616 ἀπὸ
1286 1589 1340 1617 τῶν
1359 1590 1428 1625 μετὰ
1441 1590 1555 1617 θάνατον
1569 1591 1619 1626 τῆς
1637 1590 1750 1626 πρώτης
1766 1599 1817 1625 γυ-

189 1631 272 1658 elesia
291 1632 323 1659 ad
337 1632 520 1660 sacerdotium
538 1641 592 1660 non
614 1633 784 1666 admittitur,
804 1634 912 1662 tametsi
929 1639 976 1662 aut

188 1685 250 1705 sese
266 1679 300 1706 ab
312 1686 395 1706 uxore
412 1679 562 1708 contineat.
578 1684 625 1706 aut
638 1680 674 1706 sit
689 1680 788 1707 viduus
805 1690 811 1707 :
825 1680 973 1715 ejusmodi,

188 1724 309 1760 inquam,
332 1725 365 1752 ab
385 1725 514 1761 episcopi,
532 1725 699 1761 presbyteri,
722 1725 830 1753 diaconi
859 1730 886 1754 ct
907 1726 974 1754 sub-

1028 1634 1120 1665 ναικὸς
1133 1634 1247 1670 δευτέρα
1265 1635 1454 1669 συναφθέντων
1464 1642 1471 1650 '
1502 1635 1550 1662 καὶ
1562 1635 1615 1671 γὰρ
1625 1636 1674 1662 οὐκ
1687 1635 1761 1662 ἔστιν
1781 1636 1818 1662 ἱε-

1029 1681 1091 1716 ρεὺς
1103 1681 1117 1707 ὁ
1127 1680 1313 1717 ἀναγνώστης,
1338 1681 1397 1708 ἀλλ’
1413 1681 1451 1713 ὡς
1465 1682 1648 1717 γραμματεὺς
1661 1681 1708 1708 τοῦ
1722 1681 1816 1716 λόγου.

1028 1727 1083 1754 Καὶ
1096 1727 1264 1754 διακόνισσαι
1286 1728 1342 1763 (90)
1363 1727 1392 1755 δὲ
1414 1727 1593 1756 καθίστανται
1607 1728 1646 1760 εἰς
1665 1728 1819 1763 ὑπηρεσίαν

223 1803 232 1818 ¹
250 1802 330 1831 Deest
345 1803 478 1839 βούλεται,
492 1808 539 1830 aut
553 1803 655 1838 aliquid
671 1803 817 1839 ejusmodi.
854 1805 864 1820 ²
879 1803 974 1839 σοι-[Ἧι

1028 1814 1030 1830 ι
1048 1804 1137 1833 locus.

222 1881 278 1917 (86)
299 1881 335 1917 ἰζ
352 1882 504 1915 παρθενίη.
529 1880 641 1914 Summo
661 1881 688 1908 in
715 1882 802 1916 pretio
825 1885 852 1909 et
870 1881 972 1908 honore

186 1916 302 1955 nb'ipsis
317 1916 446 1955 Ecclesia:
459 1917 632 1955 incunabulis
650 1917 771 1944 habitam
786 1917 874 1955 fuisse
889 1917 972 1950 virgi-

186 1953 312 1983 nitatem,
335 1951 488 1986 niultusque
511 1951 655 1986 utriusque
682 1959 764 1979 sexus
786 1952 858 1978 illam
870 1956 973 1986 "custo-

185 1987 286 2014 «liendo
303 1986 436 2015 coluisse.
458 1986 500 2013 vel
515 1994 550 2013 ex
569 1987 779 2020 praeclarissimo
794 1987 845 2012 hoc
862 1985 891 2013 S.
909 1985 973 2020 Epi-

186 2022 279 2056 pltanii
312 2021 467 2048 testimonio
495 2021 742 2048 demonstraretur.
771 2021 970 2055 Theologorum

187 2057 298 2091 scriptis
315 2056 488 2084 celebrantur
507 2064 538 2083 ea
558 2056 591 2091 de
610 2064 639 2083 re
654 2061 778 2084 veterum
790 2056 970 2083 conciliorunt

185 2090 322 2120 canentes:
346 2092 516 2118 celebrantur
533 2096 560 2118 et
576 2090 686 2118 Patrum
706 2091 763 2118 loca
780 2091 889 2121 eximia,
905 2090 970 2117 Am-

186 2127 270 2154 brosii
286 2127 434 2161 prtesertim
451 2131 477 2153 et
492 2126 659 2161 Hieronymi.
687 2126 802 2153 Femina:
823 2126 971 2160 virginitati

185 2163 342 2193 studebant,
357 2162 382 2188 itt
396 2162 568 2189 monasteriis
581 2163 650 2194 aliae,
663 2162 688 2188 in
701 2162 800 2195 quibus
813 2161 970 2196 aliquando,

186 2201 217 2225 ut
240 2197 329 2224 verbis
355 2197 459 2223 utar
478 2197 646 2232 Hieronymi,
665 2197 832 2231 virguncula:
846 2197 928 2224 rudes
943 2201 971 2224 et

186 2232 320 2259 edentulae
337 2232 550 2266 rccipiebantur,
566 2233 667 2259 alenda:
684 2236 711 2259 ct
724 2232 878 2259 divinarum
896 2232 970 2258 Scri-

186 2271 327 2303 pturarum
358 2267 472 2294 lectione
495 2272 521 2294 et
538 2268 704 2302 psalmorum
728 2272 822 2294 cantu.
854 2266 971 2294 I’rivatis

184 2307 212 2329 ct
235 2302 357 2336 paternis
378 2302 404 2328 in
422 2303 549 2329 domibus
573 2303 631 2329 alite
655 2303 838 2336 virginitatem
862 2310 891 2329 se
908 2309 971 2336 pro-

184 2338 256 2364 ﬁteri
273 2337 446 2364 tleclarantcs
468 2342 494 2364 et
511 2337 652 2364 muliebris
669 2339 759 2365 cultus
779 2337 968 2371 despicientia,

183 2376 212 2399 et
228 2372 296 2399 fusci
312 2373 413 2399 coloris
428 2377 512 2404 veste,
527 2372 609 2399 veluti
619 2372 780 2400 Christiana:
795 2372 972 2407 pbilosophize

185 2407 266 2440 pallio
279 2407 413 2442 quodam:
430 2413 476 2434 attt
488 2416 595 2434 sacrum
618 2409 706 2434 velum
719 2409 753 2435 :tb
767 2409 896 2442 episcopo
909 2415 970 2434 cum

184 2442 295 2477 pttblico
310 2443 361 2468 rittt
386 2443 555 2477 accipiebant
575 2443 653 2476 quasi
671 2447 871 2470 sacramentum
885 2443 973 2477 quod-

185 2477 247 2503 ulam
268 2482 295 2504 et
309 2479 526 2504 consecrationis
544 2479 660 2511 insigne.
679 2478 710 2504 lit
727 2479 777 2504 hoc
794 2478 847 2504 ritu
862 2477 972 2504 Christo

184 2519 287 2548 sponso
299 2512 494 2546 juugebantur,
513 2513 554 2539 vel
572 2514 644 2539 circa
664 2513 838 2548 pubescentis
853 2512 972 2544 juventaI

185 2547 278 2580 initia,
303 2547 344 2574 vel
366 2548 452 2574 :t'tatis
480 2555 551 2574 anno
568 2556 631 2575 xxv.
648 2548 689 2574 vrl
705 2556 748 2577 Μ..
770 2549 810 2574 vel
830 2548 911 2574 etiam
926 2556 970 2579 ut,

185 2587 266 2617 prout.
280 2582 407 2610 idoneum
423 2583 558 2618 episcopis
574 2583 725 2618 videbatur.
750 2583 786 2610 De
803 2583 876 2610 hisce
893 2584 973 2610 rebus

183 2618 312 2645 ontttibtts
329 2617 449 2645 vit'tzines
469 2618 495 2644 in
509 2619 590 2644 veteri
602 2617 722 2645 Ecclesia
741 2625 834 2645 sacras
848 2623 973 2652 spectan-

183 2653 257 2680 tibus
278 2656 387 2680 exstaut
402 2653 555 2679 certissima
570 2653 595 2678 iu
614 2659 733 2679 veterum
750 2654 860 2687 St‘l'iplls
876 2661 973 2680 moun-

183 2691 286 2720 menta,
315 2688 653 2722 norumpluracollegitad
670 2688 972 2722 tratscntctuEpiphanii

183 2723 274 2749 locum
295 2696 437 2749 (Lutarius.
458 2722 641 2749 Tltontasinus
653 2696 689 2749 be
710 2724 786 2749 veteri
807 2728 832 2749 et
847 2731 912 2749 noua
928 2723 972 2749 lic-

183 2723 274 2750 Iocutu
301 2722 437 2755 Petavius,
458 2722 641 2750 Tltontasinus
653 2722 689 2750 De
710 2724 786 2750 veleri
807 2728 832 2750 ct
847 2731 912 2750 noua
928 2723 975 2750 lic-

184 2758 270 2784 deria!
286 2758 429 2790 disciplina
455 2762 531 2793 parte
559 2765 577 2787 ι,
598 2759 643 2784 lib.
669 2766 708 2787 ιιι,
726 2767 786 2793 cap.
812 2758 865 2789 42,
898 2762 924 2785 ct
945 2762 974 2785 ttt

184 2793 286 2820 multos
303 2797 471 2828 przetereztttt,
498 2792 760 2820 NalalisAIexantlcr
773 2802 833 2828 cap.
846 2793 873 2826 5,
893 2794 973 2820 artic.

186 2827 228 2858 10,
246 2828 316 2854 Hist.
333 2835 359 2854 tv
377 2827 448 2854 Eccl.
465 2828 572 2854 Sam-ali.

220 2862 276 2898 (87)
296 2863 343 2898 Ἐκ
358 2864 415 2896 μὲν
434 2863 598 2896 παρθένων.
626 2863 740 2898 Insignis
760 2863 804 2889 hic
828 2863 972 2898 Epiphauii

184 2896 218 2923 de
239 2896 401 2924 clericorum
422 2898 590 2926 continentia
619 2896 694 2926 locus
722 2899 833 2926 maximi
851 2896 865 2924 2.
881 2896 973 2927 ‘nobis

1024 1881 1179 1918 iniciendus,
1192 1886 1275 1917 atque
1293 1883 1451 1918 jungendus
1466 1891 1528 1911 curn
1544 1890 1659 1910 numero
1671 1883 1687 1910 ι
1702 1883 1817 1912 lueresis

1023 1917 1066 1952 59,
1080 1917 1125 1944 ubi
1135 1917 1301 1952 Epiphanius
1309 1917 1477 1946 enucleatius
1487 1926 1541 1946 rem
1550 1918 1670 1946 declarat
1678 1919 1815 1946 eamdem.

1023 1951 1113 1992 Placet
1125 1951 1174 1992 loci
1184 1951 1257 1979 illius
1263 1961 1397 1994 summam
1408 1953 1456 1994 bic_
1464 1953 1761 1994 reprzesentarevcrbis
1769 1953 1818 1994 Pe:

1023 1986 1098 2023 tavii,
1111 1987 1157 2021 qui
1168 1988 1415 2023 ntrumqtte'locum
1432 1986 1555 2023 pluribus
1569 1992 1647 2015 ornat.
1659 1988 1685 2015 in
1702 1989 1762 2015 suis
1782 1989 1816 2016 ad

1023 2020 1229 2056 hxpositionem
1255 2020 1316 2049 ﬁdei
1331 2020 1631 2056 Animadversionibus.
1659 2023 1704 2049 Ait
1723 2024 1815 2051 enim:

1024 2055 1104 2083 Docet
1117 2058 1142 2083 in
1152 2057 1244 2091 primis
1257 2055 1435 2092 (Epiphanius
1444 2055 1613 2092 )episcopum,
1627 2062 1672 2084 aut
1683 2058 1817 2092 presbyte-

1024 2099 1092 2122 rum.
1102 2097 1147 2118 aut
1157 2092 1297 2119 diaconum
1306 2100 1338 2119 ea:
1348 2093 1460 2127 digamis
1469 2093 1589 2119 ordinari
1599 2094 1738 2121 nominent.
1748 2093 1816 2120 Tum

1024 2135 1106 2161 neque
1119 2127 1176 2158 hos,
1186 2135 1266 2162 neque
1277 2127 1467 2154 subdiaconum
1479 2128 1556 2154 aliter
1563 2128 1724 2157 consecrari.
1735 2136 1816 2162 quam

1024 2163 1064 2188 vel
1074 2162 1163 2196 priore
1186 2170 1266 2196 caque
1283 2163 1362 2188 unica
1386 2162 1495 2196 conjuge
1512 2168 1628 2194 mortua,
1645 2163 1683 2189 re!
1701 2162 1733 2188 ab
1745 2163 1817 2197 ejus-

1024 2197 1081 2223 dem
1108 2198 1212 2224 vivenlis
1232 2199 1364 2224 consortio
1386 2206 1416 2224 ut
1436 2198 1622 2224 consuetudine
1651 2198 1815 2230 distractos;
1848 2199 1851 2206 '

1025 2232 1075 2258 nisi
1091 2233 1205 2266 virgines
1220 2235 1326 2258 omnino
1342 2233 1410 2259 sint:
1423 2233 1572 2267 prmeriini
1589 2233 1632 2259 ubi
1643 2233 1817 2259 ecclesiastici

1024 2275 1135 2294 ranoncs
1146 2273 1270 2294 urcurate
1284 2273 1432 2294 servantur.
1452 2267 1523 2294 Nam
1537 2268 1640 2302 quodin
1656 2267 1815 2301 quibusdam

1023 2302 1087 2328 locis
1103 2303 1256 2337 presbyteri,
1269 2303 1374 2329 diaconi
1397 2308 1420 2329 ct
1444 2303 1600 2329 subtlinconi
1615 2302 1711 2328 liberos
1727 2303 1816 2329 adhuc

1022 2338 1179 2370 suscipiant,
1207 2338 1233 2363 id
1263 2338 1388 2364 abusione
1405 2339 1521 2372 quadam
1539 2347 1570 2364 ηι-
1589 2338 1736 2370 disciplinae
1753 2345 1814 2363 cor-

1022 2373 1126 2406 ruptela
1144 2373 1220 2407 ﬁeri:
1243 2377 1289 2399 aut
1316 2381 1374 2399 vero
1397 2374 1561 2404 necessitate,
1582 2373 1636 2403 ubi,
1649 2380 1696 2406 pro
1714 2373 1815 2406 ingenti

1021 2409 1177 2442 populorum
1195 2407 1375 2436 tnulliltuline.
1397 2408 1581 2434 ministrorum
1596 2408 1670 2441 copia
1684 2415 1735 2434 non
1751 2416 1815 2442 sup-

1022 2443 1095 2476 petit.
1118 2443 1187 2469 Nam
1202 2443 1301 2477 alioqui
1316 2442 1440 2469 Ecclesia:
1451 2442 1553 2470 decreto
1567 2443 1723 2469 clericorum
1742 2443 1814 2468 ordi-

1024 2478 1100 2512 nibus
1125 2478 1183 2504 istis
1208 2479 1370 2504 continentia
1394 2479 1585 2512 pru'scribilnr.
1616 2476 1679 2503 Hinc
1699 2485 1731 2504 cx
1751 2478 1813 2512 Epi-

1024 2510 1124 2547 phanio
1138 2513 1274 2543 Petavius,
1291 2521 1351 2547 qu:e
1376 2510 1401 2539 tv
1432 2513 1595 2540 decutrente
1613 2512 1742 2539 Ecclesiae
1763 2510 1814 2539 531‘-

1024 2549 1085 2574 culo
1103 2548 1130 2574 in
1147 2547 1257 2575 Oriente
1274 2548 1408 2583 vigebant.
1423 2547 1548 2582 Viguisse
1562 2552 1589 2575 et
1607 2547 1634 2574 in
1653 2547 1810 2577 Occidente.

1024 2591 1085 2609 cttm
1108 2583 1256 2609 itnttttneris
1270 2582 1418 2610 doceamur
1431 2589 1551 2610 veterum
1565 2583 1755 2613 documentis;
1771 2582 1811 2608 vel

1025 2619 1107 2646 unius
1129 2617 1157 2645 S.
1177 2617 1332 2652 Hieronymi
1351 2626 1404 2644 nott
1430 2618 1512 2645 sentel
1531 2618 1641 2648 iterata,
1665 2621 1692 2643 et
1709 2617 1812 2651 apertis

1024 2653 1115 2680 verbis
1139 2657 1220 2688 atque
1244 2653 1461 2687 conceptissimis
1480 2654 1514 2679 ab
1534 2653 1595 2687 ipso
1611 2652 1750 2678 declarata
1764 2659 1812 2679 au-

1024 2689 1136 2715 ctoritas
1152 2688 1218 2715 satis
1239 2688 1317 2722 nobis
1332 2695 1392 2715 esse
1407 2691 1505 2722 potest.

1061 2723 1116 2757 (88)
1132 2724 1165 2749 Et
1176 2723 1209 2749 δὲ
1220 2723 1263 2757 μὴ
1277 2720 1337 2749 εἷεν
1352 2720 1458 2755 (mret,
1475 2727 1526 2749 etc.
1542 2721 1661 2749 Consule
1675 2720 1704 2748 S.
1719 2721 1812 2756 Augu-

1025 2758 1088 2785 stini
1107 2757 1255 2792 Epistolatn
1272 2765 1340 2784 nova
1359 2759 1384 2784 in
1401 2758 1559 2785 recensione
1573 2757 1618 2784 00.

1060 2793 1117 2827 (89)
1132 2791 1352 2826 Δευτερόγαμῡν
1365 2793 1409 2825 δέ,
1420 2798 1473 2820 etc.
1490 2793 1619 2827 Diga‘mus
1634 2799 1648 2818 a
1664 2791 1754 2818 sacris
1769 2800 1812 2819 re-

1023 2828 1117 2863 jicitur
1131 2827 1284 2863 ordinibus.

1062 2863 1116 2898 (9U)
1132 2862 1186 2889 Kal
1201 2862 1402 2891 διιικὸνιιτσαι.
1424 2866 1476 2888 etc.
1497 2861 1728 2898 Diaconissarutn,
1743 2869 1811 2895 quas

1025 2896 1138 2934 ab_'ipso
1155 2897 1197 2926 sui
1213 2897 1325 2925 exordio
1347 2898 1484 2925 institutas
1501 2898 1588 2925 sacris
1607 2897 1634 2924 in
1648 2896 1811 2925 ministeriis
