1935 3044
234 162 285 190 ΒΞΊ
951 171 979 199 S.
1001 171 1173 199 EPIPHANII
1379 190 1383 197 ι
1824 181 1882 209 828

235 220 289 247 illis
315 229 440 256 sponsus,
457 226 518 250 tunc
528 222 687 258 jejunabunt
705 227 731 253 in
747 227 801 254 illis
824 228 914 256 diebus
929 231 948 257 ‘.
964 230 1009 258 Ne.

1070 232 1137 257 τότε
1165 231 1392 264 νηστεύσουσιν
1421 232 1455 258 ἐν
1478 232 1609 267 ἐκείναις
1639 234 1702 268 ταῖς
1728 236 1882 271 ἡμέραις,

233 273 287 299 que
306 274 370 293 vero
389 271 419 294 ιιι
434 269 457 295 ei
477 270 664 304 gratiﬁcentur
681 273 727 306 qui
744 277 839 301 nostra
855 282 939 302 causa
957 284 1020 311 pas-

234 318 282 338 sus
308 317 360 343 est.
383 313 506 341 instituta
530 320 594 342 sunt
611 316 726 351 jejunia,
752 319 798 346 sed
815 324 845 346 ut
858 321 954 349 salutis
969 330 1019 349 no-

233 359 297 382 sti-:e
323 363 406 383 causa
432 358 588 392 passionem
617 361 690 388 illam
715 363 904 398 proﬁteamur,
937 374 1018 400 quam

232 407 282 434 pro
307 401 388 428 nobis
419 401 552 431 Dominus
572 406 630 441 ipse
655 409 786 443 suscepit,
816 414 898 444 atque
917 416 946 438 ut
961 412 1019 439 hzec

231 452 246 471 a
261 445 316 472 Deo
328 446 432 480 jejunia
458 450 601 484 expiandis
621 453 724 480 nostris
743 455 899 483 sceleribus
927 457 1017 492 impu-

231 493 332 517 tentur.
362 490 447 519 Porro
473 493 630 522 istiusmodi
654 497 790 531 jejunium
818 503 874 526 toto
895 508 967 528 anno
991 500 1017 529 in

230 532 354 562 Ecclesia
383 537 519 564 catholica
548 539 692 575 diligenter
724 543 896 576 observatur.
913 546 1018 581 1105

229 584 340 613 quarta,
362 581 401 608 uti
417 582 485 614 dixi,
509 588 640 620 sextaque
666 586 735 614 feria
757 589 790 615 ad
816 590 910 617 horam
931 599 1018 626 uSque

230 631 331 651 nonam
349 646 356 658 ,
386 629 507 662 exceptis
533 630 731 666 quinquaginta
758 634 933 664 l’entecostes
960 637 1018 664 die-

230 670 291 701 bus.
307 671 408 706 quibus
426 681 514 708 neque
543 683 632 710 genua
653 677 812 711 ﬂectuntur,
836 689 925 716 neque
945 683 1017 717 jeju-

228 716 306 742 nium
335 718 476 752 indicitur,
506 728 555 755 pro
571 722 625 756 illis
640 732 704 751 vero
720 728 900 755 conventibus
919 729 966 763 qui
983 729 1015 756 ad

227 762 322 789 horam
339 771 438 791 nonani
454 768 561 800 quartis
576 769 695 797 scxtisve
712 770 789 799 feriis
805 773 939 800 celebrari
955 782 1018 801 con-

227 814 386 842 sueverunt,
406 817 454 845 per
478 812 540 839 illos
561 813 619 841 dies
636 815 750 849 perinde
765 824 797 844 ac
813 817 955 846 Dominica
974 819 1017 846 die

227 854 370 882 matutinis
403 856 480 883 horis
508 866 626 893 synaxcs
653 861 799 889 obeuntiir.
830 863 924 898 Neque
951 873 1016 892 vero

226 898 292 925 totis
309 898 362 926 illis
378 899 513 928 duntaxat
535 903 733 940 quinquaginta
761 905 939 936 Pcutecostes
959 909 1016 937 die-
1032 902 1051 929 Β

227 943 278 971 bus
295 945 361 976 ulla,
381 946 419 972 uti
435 947 504 978 dixi,
518 947 623 982 jejunia
636 952 773 982 suiit,‘sed
792 961 881 988 neque
899 954 1015 990 Epipha-

226 989 334 1016 nioruni
346 992 401 1024 die,
415 1000 469 1027 quo
482 992 614 1023 Dominus
640 997 792 1024 secundum
811 1007 918 1027 carnem
935 1005 1015 1030 natus

224 1038 277 1066 est,
298 1035 425 1070 jejunare
449 1038 523 1071 licet,
546 1042 656 1069 tametsi
677 1043 704 1070 in
721 1049 846 1078 quartam
862 1046 956 1073 feriam
973 1048 1014 1075 vel

225 1084 330 1108 sextam
354 1082 492 1110 inciderit.
519 1085 619 1121 Atqui
643 1088 738 1122 pietati
763 1090 886 1125 student,
906 1094 1014 1128 egregia

223 1124 342 1158 quadam
359 1133 391 1153 ae
408 1127 539 1156 laudabili
555 1133 706 1165 voluntate,
724 1140 855 1169 perpetuo
874 1124 952 1172 (solis
965 1124 1015 1165 ῧο-

223 1169 335 1199 minicis
348 1179 380 1199 ac
395 1171 572 1203 Pentecostes
584 1177 680 1205 diebus
692 1181 826 1216 exceptis)
839 1169 945 1216 jejvunia
958 1183 1013 1211 sibi

225 1224 257 1242 ac
272 1217 379 1252 vigilias
393 1218 549 1254 imponunt.
565 1222 633 1249 Nam
650 1224 804 1253 Doniinicas
817 1235 912 1255 omnes
929 1228 1012 1257 festas

221 1268 284 1288 esse
311 1261 468 1297 hilaresque
490 1266 625 1293 catholica
647 1269 739 1295 sanxit
759 1269 892 1304 Ecclesia,
916 1280 948 1300 ac
967 1281 1013 1301 so-

223 1304 326 1333 lemnes
353 1314 471 1341 synaxes
498 1312 639 1340 matutinis
659 1313 734 1342 horis
758 1316 863 1348 indicit,
886 1326 937 1346 nec
957 1320 1011 1347 ulla

219 1349 324 1384 jejunia
340 1352 478 1387 celebrat;
497 1355 647 1384 absurdum
665 1359 737 1386 enim
756 1366 796 1387 est
814 1362 941 1396 jejunare
957 1363 1009 1391 Do-

223 1395 326 1422 minico
346 1397 400 1424 die.
425 1398 560 1427 Caeterum
584 1407 648 1430 ante
670 1409 773 1439 septem
795 1395 938 1436 Paschalis
953 1410 1011 1438 dies

221 1439 465 1476 Quadragesiiiiani
489 1446 635 1474 observare
654 1453 737 1484 atque
769 1451 795 1478 in
811 1453 922 1487 jejuniis
949 1462 1011 1489 per-

220 1493 347 1513 severare
379 1489 473 1516 eadem
508 1494 653 1523 consuevit
682 1494 828 1528 Ecclesia;
860 1497 1010 1528 Dominicis

223 1539 290 1559 vero
311 1533 396 1561 nullis
416 1536 539 1569 omnino,
567 1538 690 1574 adeoque
718 1549 768 1569 nec
795 1542 881 1577 ipsius
902 1545 1008 1579 quidem

219 1575 444 1614 Quadragesima:
466 1581 592 1616 jejunare
619 1585 698 1612 solet.
725 1585 859 1614 Prmterca
885 1597 930 1616 sex
949 1589 1010 1618 illos

219 1622 361 1651 Paschatis
381 1625 439 1654 dies
463 1629 649 1665 xerophagia,
682 1631 733 1659 hoc
757 1637 798 1660 est
834 1634 911 1661 arido
936 1636 1010 1662 victu

219 1668 377 1704 transigunt
397 1673 488 1706 populi
510 1681 615 1706 omnes,
632 1675 682 1704 hoc
694 1681 737 1704 est
764 1686 861 1712 panem
877 1680 1010 1707 duntaxat

218 1721 280 1740 cum
307 1715 365 1743 sale
389 1720 416 1743 ct
443 1725 513 1752 aqua
539 1720 591 1747 sub
613 1729 755 1756 vesperam
782 1724 921 1752 adhibent.
952 1726 1008 1753 lmo

218 1766 283 1786 vero
298 1762 424 1788 nonnulli
440 1763 473 1789 ad
495 1764 607 1792 biduum
632 1767 672 1794 vel
695 1768 816 1795 triduum
839 1770 879 1796 vel
902 1771 1007 1805 quatri-

217 1803 300 1831 duum
317 1814 405 1841 usque
417 1807 523 1842 jcjunia
545 1816 704 1846 prorogant.
731 1813 782 1840 Alii
808 1818 894 1842 tutam
910 1803 1008 1843 hebdo-

217 1851 325 1877 niadem
341 1860 428 1887 usque
449 1854 482 1880 ad
506 1857 647 1889 sequentis
668 1857 815 1886 Domitiicze
838 1861 1006 1894 gallicinium

216 1895 277 1923 sine
291 1897 351 1923 cibo
366 1900 566 1928 transmittunt.
583 1901 728 1938 Pervigilia
744 1913 807 1932 vero
824 1914 871 1933 sex
886 1908 1004 1935 obeunt:

217 1941 336 1975 itemque
362 1951 478 1977 synaxcs
494 1945 537 1973 his
552 1954 599 1974 sex
616 1948 713 1977 diebus
728 1955 754 1977 et
770 1951 796 1978 in
812 1955 869 1978 tota
884 1953 1006 1985 Quadra-

170 2009 173 2012 .
217 1986 323 2020 sesima
335 1988 370 2015 ab
383 1989 450 2016 hora
464 1999 536 2018 nona
552 2001 639 2029 usque
651 1995 685 2022 ad
699 2004 840 2030 vesperam
855 1999 1003 2028 celebrant.

217 2030 252 2058 At
267 2032 431 2066 quibusdam
457 2036 484 2062 iii
511 2037 578 2065 locis
606 2040 632 2066 in
657 2048 688 2067 ca
713 2042 801 2068 solum
829 2048 918 2076 nocte,
946 2053 1005 2080 qum

215 2077 340 2112 quintam
360 2078 455 2107 feriam
470 2083 595 2117 sequitur
628 2089 654 2111 et
672 2085 698 2112 iu
718 2086 812 2113 I'eriani
834 2092 938 2115 sextarii
960 2090 1006 2117 de-

216 2121 283 2149 sinit
311 2127 393 2158 atque
408 2125 434 2152 in
449 2134 481 2153 ea
502 2136 563 2162 quae
583 2128 752 2158 Doniinicam
777 2134 922 2166 antecedit,
943 2143 1004 2169 per-

216 2169 341 2204 vigilant.
356 2172 434 2198 -Aliis
450 2173 476 2199 in
492 2174 560 2213 locis
578 2176 675 2210 quinta
691 2177 759 2204 feria
775 2178 860 2206 divini
881 2181 1003 2215 mysterii

1072 277 1128 302 Καὶ
1144 276 1192 311 οὐχ
1209 276 1252 302 ἵνα
1268 277 1348 312 χάριν
1363 278 1521 313 ποιήσωμεν
1537 278 1575 313 τῷ
1588 279 1658 315 ὑπὲρ
1672 280 1750 315 ἡμῶν
1765 291 1878 309 πεπον-

1071 320 1139 352 Θότι,
1185 322 1297 356 νηστεία
1322 323 1389 357 ἡμῖν
1408 323 1622 358 προστέτακταιε
1638 324 1694 350 ἀλλ’
1711 326 1788 358 ὅπως
1807 328 1881 361 ὁμο-

1070 366 1229 401 λογήσωμεν
1244 368 1284 398 εἰς
1299 367 1377 402 ἡμῶν
1392 368 1529 403 σωτηρίαν
1543 369 1573 395 τὸ
1588 370 1634 396 τοῦ
1646 370 1749 405 Κυρίου
1766 372 1878 403 πάθος.

1069 411 1267 449 ὃγὺπὲρηήμῶν
1283 412 1363 444 αὐτὸς
1387 413 1544 446 ἀνεδέξατο·
1564 415 1610 441 καὶ
1630 415 1704 447 ὅπως
1718 416 1792 451 ὑπὲρ
1816 417 1877 442 τῶν

1069 450 1148 492 ἡμῶν
1171 457 1315 493 ἁμαρτιῶν
1336 459 1365 484 αἱ
1390 461 1514 494 νηστεῖαι
1537 461 1603 495 ἡμῖν
1625 460 1777 494 εὐλόγιστοι
1809 461 1877 496 Θεῷ

1069 504 1213 537 γένωνται.
1230 505 1285 531 Καὶ
1297 505 1330 530 δι’
1345 505 1406 531 ὅλου
1431 506 1480 540 μὲν
1496 507 1541 532 τοῦ
1558 506 1635 538 ἔτους
1651 508 1667 542 ὴ
1681 508 1796 543 νηστεία
1817 517 1874 542 φυ-

1068 549 1196 575 λάττεται
1211 549 1240 575 ὲν
1254 551 1288 584 τῇ
1303 550 1370 586 αὐτῇ
1388 551 1453 587 ἁγίᾳ
1465 551 1595 588 καθολικῇ
1616 552 1775 588 Ἐκκλησία,
1793 553 1876 589 φημὶ

1069 594 1098 620 δὲ
1116 595 1226 629 τετράδι
1241 595 1289 621 καὶ
1306 596 1487 630 προσαϐϐἀτῳ
1505 596 1558 628 ἕως
1575 596 1648 633 ὥρας
1669 598 1778 633 ἐνάτης,
1804 598 1875 633 δίχα

1071 639 1156 675 μόνης
1173 640 1223 673 τῆς
1240 640 1432 675 Πεντηκοστῆς
1455 641 1519 677 ὅλης
1537 641 1591 668 τῶν
1609 643 1778 677 πεντήκοντα
1794 644 1874 678 ἠμε-

1069 685 1134 720 ρῶν.
1150 686 1179 710 ἐν
1193 683 1237 717 αἷς
1249 685 1310 712 οὕτε
1332 686 1500 719 γονυκλισίαι
1521 687 1652 721 γίνονται,
1673 687 1734 714 οὔτε
1748 689 1874 723 νηστεία

1067 729 1286 764 προστέτακται*
1312 730 1373 756 ἀντὶ
1400 730 1429 756 δὲ
1449 730 1503 757 τῶν
1527 731 1594 766 πρὸς
1610 731 1659 766 τὴν
1675 732 1775 766 ἐνάτην
1804 741 1872 758 συν-

1067 776 1154 808 άξεων
1181 776 1318 811 τετράδων
1346 776 1394 802 καὶ
1420 776 1631 810 προσαῦὂάτων,
1655 776 1693 808 di;
1715 777 1744 803 ἐν
1769 777 1870 812 ἡμέρα

1066 821 1193 856 Κυριακῇ
1209 820 1279 847 κατά
1297 820 1348 852 τὰς
1365 821 1490 856 πρωῖνάς
1514 821 1569 856 (96)
1583 822 1611 848 αἱ
1628 821 1752 854 συνάξεις
1769 823 1870 848 ἐπιτε-

1066 867 1184 894 λοῦνται.
1201 867 1261 893 Ἔτι
1277 867 1305 894 δὲ
1331 868 1361 893 ὲν
1383 869 1445 899 ταῖς
1466 870 1488 894 ν’
1510 868 1637 903 ἡμέραις,
1656 866 1699 899 αἷς
1716 870 1867 903 προεῖπον,

1065 912 1114 945 τῆς
1127 913 1320 948 Πεντηκοστῆς
1332 913 1381 939 οὐκ
1398 913 1473 939 ἐστιν
1486 912 1548 939 οὗτε
1564 914 1688 948 νηστεία·
1701 913 1766 939 οὔτε
1785 914 1817 939 ἐν
1831 915 1866 948 τῇ

1067 957 1159 992 ἡμέρᾳ
1170 957 1225 983 τῶν
1246 958 1423 991 Ἐπιφανίων.
1439 958 1483 984 ὅτε
1500 958 1629 994 ἐγεννήθη
1642 959 1670 983 ὲν
1684 959 1768 994 σαρκὶ
1778 960 1794 985 ὁ
1807 959 1867 985 Κύ-

1067 1009 1134 1035 ριος,
1152 1000 1241 1032 ἔξεστι
1256 1001 1416 1036 νηστεῦσαι,
1447 1002 1497 1028 κάν
1521 1011 1551 1028 τε
1569 1003 1702 1038 περιτύχῃ
1725 1003 1830 1037 τετρὰς
1847 1004 1864 1040 ἢ

1065 1046 1267 1081 προσάϐϐατον.
1289 1048 1453 1083 Προαιρέσει
1474 1048 1502 1074 δὲ
1518 1047 1608 1084 ἀγαθῇ
1624 1050 1648 1075 οἱ
1667 1050 1752 1083 αὐτῆς
1774 1050 1865 1084 ἀσκη-

1065 1091 1110 1117 ταὶ
1126 1091 1274 1123 διαπαντὸς
1284 1113 1291 1124 ,
1317 1093 1403 1127 χωρὶς
1417 1092 1563 1127 Κυριακῆς
1578 1093 1626 1118 καὶ
1647 1093 1843 1128 Πεντηκοστῆς
1855 1112 1863 1124 ,

1063 1135 1241 1171 νηστεύουσι,
1265 1137 1313 1163 καὶ
1337 1137 1492 1173 ἀγρυπνίας
1517 1138 1663 1169 διαπαντὸς
1690 1138 1862 1166 ἐπιτελοῦσι.

1064 1180 1120 1212 Τὰς
1140 1181 1168 1207 δὲ
1191 1182 1336 1216 Κυριακάς
1354 1182 1464 1214 ἁπάσας
1481 1182 1620 1218 τρυφερὰς
1636 1184 1742 1218 ἡγεῖται
1758 1184 1775 1219 ἡ
1794 1185 1860 1218 ἁγία

1064 1226 1133 1261 αὕτη
1155 1226 1287 1262 καθολικὴ
1307 1227 1471 1261 Ἐκκλησία,
1496 1228 1544 1253 καὶ
1561 1227 1686 1259 συνάξεις
1705 1228 1753 1262 ἀφ’
1773 1228 1861 1255 ἔωθεν

1063 1271 1198 1302 ἐπιτελεῖ,
1221 1273 1252 1298 οὐ
1279 1273 1415 1307 νηστεύει.
1449 1273 1639 1299 ’Λνακόλουθον
1654 1273 1708 1308 γάρ
1728 1274 1806 1300 ἐστιν
1829 1275 1860 1301 ἐν

1063 1316 1191 1352 κυριακῇ
1203 1316 1355 1352 νηστεύειν.
1372 1317 1428 1352 Τὴν
1443 1317 1472 1344 δὲ
1489 1318 1718 1354 Τεσσαρακοστὴν
1736 1319 1787 1353 τὴν
1805 1319 1860 1354 πρὸ

1061 1361 1116 1388 τῶν
1137 1361 1207 1388 ἑπτὰ
1224 1363 1280 1397 (97)
1305 1362 1415 1397 ἡμερῶν
1440 1362 1487 1389 τοῦ
1509 1362 1587 1396 ἁγίου
1608 1363 1703 1398 Πάσχα
1723 1363 1858 1395 ὡσαύτως

1062 1407 1209 1442 φυλάττειν
1224 1407 1319 1434 εῐωοεν
1344 1409 1361 1443 ἡ
1384 1407 1453 1443 αὐτὴ
1481 1409 1644 1443 Ἐκκλησία,
1664 1409 1694 1435 ὲν
1715 1409 1857 1444 νηστείαις

1061 1452 1235 1479 διατελοῠσα’
1249 1453 1298 1484 τὰς
1311 1453 1339 1479 δὲ
1352 1453 1494 1489 Κυριακὰς
1506 1454 1559 1480 οὐδ’
1575 1454 1653 1486 ὅλως,
1666 1454 1728 1481 οὗτε
1744 1456 1774 1480 ἐν
1785 1455 1856 1490 αὑτῇ

1061 1499 1094 1533 τῇ
1116 1498 1338 1535 Τεσσαρακοστῇ.
1355 1499 1410 1530 Τὰς
1424 1499 1452 1526 δὲ
1473 1500 1502 1533 ἓξ
1524 1501 1632 1535 ἡμέρας
1651 1501 1697 1527 τοῦ
1714 1501 1811 1536 Πάσχα
1825 1501 1856 1528 ὲν

1061 1543 1215 1579 ξηροφαγία.
1227 1544 1380 1570 διατελοῦσι
1396 1544 1497 1576 πάντες
1511 1545 1535 1571 οἱ
1548 1545 1621 1571 λαοί·
1636 1545 1708 1580 φημὶ
1731 1545 1760 1572 δὲ
1779 1546 1855 1582 ἄρτῳ

1061 1589 1108 1614 καὶ
1123 1588 1167 1615 ἁλὶ
1179 1589 1225 1615 καὶ
1240 1589 1318 1615 ὕδατι
1333 1589 1393 1615 τότε
1404 1589 1541 1625 χρώμενοι
1555 1591 1623 1625 πρὸς
1633 1591 1763 1626 ἑσπέραν.
1773 1591 1854 1618 Ἀλλὰ

1060 1634 1107 1660 καὶ
1121 1634 1145 1659 oi
1161 1633 1299 1660 σπουδαῖοι
1320 1634 1417 1667 διπλᾶς
1436 1635 1483 1661 καὶ
1496 1635 1613 1669 τριπλᾱς
1631 1635 1679 1662 καὶ
1696 1636 1852 1671 τετραπλᾶς

1059 1679 1264 1714 ὑπερτίθενται,
1289 1680 1336 1706 καὶ
1357 1680 1421 1715 ὃλην
1450 1680 1500 1715 τὴν
1528 1680 1664 1715 ἑϐδομάδα
1685 1681 1758 1712 τινὲς
1787 1681 1851 1717 ἄχρι

1059 1724 1247 1759 ἀλεκτρυόνων
1261 1725 1386 1760 κλαγγῆς
1403 1726 1453 1760 τῆς
1467 1726 1612 1762 Κυριακῆς
1628 1727 1846 1762 ὲπιφωσκούσης.

1064 1770 1230 1805 Ἀγρυπνίας
1247 1771 1275 1797 δὲ
1289 1771 1442 1798 διατελοῦσι
1458 1771 1507 1803 τὰς
1524 1771 1562 1803 ἓξ·
1577 1771 1657 1798 πάλιν
1677 1771 1706 1798 δὲ
1724 1773 1848 1805 συνάξεις

1058 1815 1210 1842 ἐπιτελοῦσι
1227 1816 1276 1848 τὰς
1298 1816 1383 1848 αὑτὰς
1398 1816 1438 1850 ἓξ,
1457 1818 1503 1844 καὶ
1524 1817 1588 1852 ὃλην
1610 1817 1658 1852 τὴν
1675 1818 1846 1853 Τεσσαρακο-

1058 1861 1122 1896 στὴν
1137 1861 1191 1888 ἀπὸ
1207 1862 1306 1896 ἐνάτης
1327 1861 1380 1893 ἕως
1402 1862 1522 1898 ἑσπέρας
1541 1862 1608 1897 (98).
1624 1862 1673 1889 Ἐν
1687 1871 1743 1888 τισι
1757 1862 1785 1888 δὲ
1799 1862 1845 1888 τό·

1057 1918 1118 1941 ποις
1142 1909 1192 1945 τὴν
1217 1910 1287 1945 μετά
1310 1910 1359 1945 τὴν
1384 1910 1513 1944 πέμπτην
1534 1909 1717 1944 ἀγρυπνοῦσιν
1743 1909 1844 1944 ἐπιφώ-

1057 1964 1174 1982 σκουσαν
1191 1956 1232 1987 εἰς
1259 1955 1290 1981 τὸ
1307 1955 1498 1990 προσάϐϐατον
1516 1956 1563 1981 καὶ
1575 1955 1624 1990 τὴν
1639 1955 1781 1990 Κυριακὴν
1795 1954 1842 1989 μό-

1055 2009 1114 2033 νας.
1137 2002 1186 2027 Ἔν
1207 2009 1262 2027 τισι
1284 2000 1312 2027 δὲ
1330 2001 1423 2032 τόποις
1445 2001 1557 2036 λατρεία
1573 1999 1729 2035 οἰκονομίας
1741 2000 1798 2035 (99)
1815 2000 1843 2026 ἐν

1054 2048 1087 2082 τῇ
1110 2046 1221 2082 πέμπτῃ
1238 2046 1341 2080 γίνεται
1357 2046 1416 2082 ὥρᾳ
1432 2046 1530 2081 ἐνάτῃ’
1552 2046 1598 2073 καὶ
1618 2045 1703 2077 οὕτως
1721 2046 1840 2079 ἀπολύει,

1056 2093 1190 2128 μενόντων
1201 2093 1229 2118 ὲν
1242 2094 1276 2128 τῇ
1290 2093 1359 2128 αὐτῇ
1371 2091 1534 2127 ξηροφαγίᾳ.
1551 2089 1596 2118 Ἐν
1612 2091 1701 2123 ἄλλοις
1713 2091 1741 2118 δὲ
1751 2092 1839 2123 τόποις

1053 2139 1084 2165 οὐ
1103 2139 1207 2172 γίνεται
1223 2138 1336 2173 λατρεία
1354 2138 1404 2172 τῆς
1425 2138 1581 2173 οἰκονομίας
1599 2138 1616 2172 ἢ
1643 2137 1723 2172 μόνον
1740 2137 1839 2171 ἐπιφω-

1055 2184 1171 2219 σκούσης
1196 2185 1244 2219 τῆς
1267 2184 1426 2219 Κυριακῆς,
1442 2184 1486 2210 ὅτε
1502 2183 1615 2210 ἀπολύει
1642 2183 1705 2218 περὶ
1720 2183 1769 2217 τὴν
1787 2183 1838 2209 τῶν

214 2214 308 2242 cultus
324 2215 391 2243 liora
408 2225 479 2244 nona
498 2219 663 2252 celebratur,
680 2225 761 2256 atque
783 2222 820 2250 ita
842 2214 936 2252 missio
954 2233 1003 2260 po-

1060 2214 1241 2263 ἱλεκτρνόνων
1256 2214 1378 2262 κλαγγὴν
1390 2214 1467 2262 τῇ
1482 2227 1659 2261 ἀναστασίμῳ
1678 2214 1780 2262 ἦμέρᾳ,
1795 2227 1839 2254 καὶ

215 2260 271 2294 puli
288 2260 331 2293 lit,
350 2266 379 2288 ut
401 2262 427 2289 in
447 2264 587 2292 aridorum
603 2274 654 2293 usu
675 2268 832 2301 pel-sistant.
850 2270 921 2297 Alibi
937 2279 1000 2298 vero

213 2305 300 2332 divitii
323 2308 446 2342 mysterii
470 2309 560 2338 cultus
582 2319 636 2339 non
662 2313 737 2347 prius
760 2315 899 2348 indicitur,
917 2325 1000 2351 quatit

215 2349 375 2380 Dominicus
397 2353 456 2382 dies
477 2355 607 2387 illuxerit,
626 2367 687 2386 cum
709 2361 762 2388 sub
782 2363 914 2396 gallorum
938 2371 1002 2390 can-

213 2400 274 2423 tum
286 2397 432 2426 dimittitur
446 2402 565 2436 populus
577 2403 604 2429 in
617 2405 676 2439 ipso
687 2404 907 2437 llesurrectionis
920 2408 1000 2442 festo,

1054 2274 1207 2308 πανηγύρει
1224 2273 1328 2308 μεγάλῃ
1346 2272 1438 2308 ἡμέρᾳ
1449 2272 1495 2299 τοῦ
1517 2273 1626 2307 Πάσχα,
1641 2272 1679 2303 ὼς
1696 2272 1838 2307 προστέτα-

1059 2328 1132 2345 κται.
1151 2319 1190 2344 Τὰ
1205 2319 1226 2344 δ’
1244 2319 1310 2345 ἄλλα
1339 2319 1477 2354 μυστήρια
1500 2320 1564 2354 περὶ
1586 2318 1698 2354 λουτροῦ
1721 2321 1766 2346 καὶ
1789 2320 1838 2345 τῶν

1055 2365 1159 2391 ἔνδοθεν
1185 2364 1361 2399 μυστηρίων,
1382 2365 1420 2396 ὼς
1442 2364 1498 2400 ἔχει
1522 2365 1538 2400 ὴ
1569 2365 1715 2400 παράδοσις
1741 2365 1787 2391 τοῦ
1810 2374 1836 2391 τε

1056 2410 1222 2444 Εὑαγγελίου
1235 2411 1280 2436 καὶ
1292 2409 1345 2436 τῶν
1360 2411 1526 2443 ἀποστόλων,
1539 2411 1625 2444 οὕτως
1637 2411 1808 2438 ἐπιτελεῖται.

213 2448 247 2468 ac
271 2443 386 2470 solemni
410 2446 644 2483 celeberrimoque
671 2450 814 2480 Paschalis
834 2453 894 2486 die,
921 2454 1152 2490 quemadmodum
1171 2455 1361 2490 praescriptum
1383 2460 1435 2483 est.
1459 2456 1536 2489 Quod
1565 2456 1598 2483 ad
1627 2457 1681 2482 alia
1712 2456 1834 2491 mysteria

214 2489 342 2522 νειίὶηει,
357 2495 386 2518 υι
401 2492 526 2528 baptismi
542 2497 649 2533 1106
660 2503 686 2526 et
700 2507 760 2534 qua:
783 2500 913 2528 interiora
931 2489 1017 2537 sunt,
1036 2510 1067 2531 ea
1092 2503 1191 2530 ritibus
1216 2503 1269 2531 illis
1297 2511 1328 2531 ac
1353 2504 1525 2532 caeremoniis
1550 2504 1695 2537 obeuntur,
1721 2512 1781 2539 qua:
1803 2513 1833 2532 ex

215 2533 362 2571 Evangelio
376 2542 402 2565 et
414 2541 600 2574 ap05tolorum
624 2533 787 2574 auctoritate
805 2555 836 2575 ac
849 2548 998 2576 traditione
1018 2548 1148 2584 profecta:
1160 2553 1236 2577 sunt.

250 2595 257 2610 ¹
273 2594 340 2622 Luc.
354 2603 379 2628 ιτ,
403 2596 448 2625 55.

250 2651 305 2694 (illi)
322 2652 404 2694 Kath
415 2654 468 2693 τᾲς
482 2654 622 2694 πράων-ἀρ
637 2655 703 2688 Qua:
728 2658 788 2694 sine
799 2657 909 2694 ’jejunio
926 2660 998 2687 cele-

213 2687 363 2727 brabantur
375 2687 522 2727 Stationes,
538 2687 672 2727 σοναξειξ,
685 2696 714 2719 ιιι
728 2687 875 2720 Dominicis
890 2694 998 2727 diebus,

215 2723 242 2760 in
263 2722 423 2760 Pentecoste
445 2729 472 2750 et
498 2725 524 2750 iii
544 2725 714 2760 Epiphania,
738 2729 879 2756 matutinis
899 2722 999 2757 ﬁebant
1030 2740 1035 2745 υ

213 2757 387 2799 lioris._llora
412 2763 502 2799 autem
525 2757 736 2789 absoli'ebantur
755 2771 836 2797 nona,
855 2772 916 2799 qua:
927 2764 999 2799 jeju-

213 2792 289 2819 ttium
307 2793 442 2820 habebant
457 2794 625 2827 adiunctum.

248 2827 308 2886 ‘97).
320 2828 380 2861 Πρὸ
390 2827 448 2854 τῶν
457 2828 543 2869 faui,
558 2833 611 2857 etc.
633 2830 778 2871 Pasrbalcs
800 2833 854 2873 illic
867 2833 998 2873 denotare

248 2862 341 2886 .Idies
357 2867 469 2886 Httltlmtl.
488 2873 543 2886 ιιιιι.
560 2873 574 2886 :I
597 2867 710 2886 enin-nm
731 2867 869 2886 νειςιιΙιιιιιε
888 2868 931 2886 dm
946 2877 995 2886 nu,

214 2862 272 2888 vult
282 2862 341 2890 dies
357 2867 470 2898 septem,
488 2866 544 2899 qui,
560 2873 575 2892 ιι
597 2867 711 2896 sulcumi
731 2867 870 2896 l’aschatis
888 2868 931 2897 die
946 2877 996 2897 nu-

1054 2661 1162 2697 merati,
1179 2662 1326 2697 insequens
1339 2663 1467 2690 desinunt
1477 2663 1504 2690 in
1521 2663 1680 2692 Sabbatum.
1697 2665 1828 2694 Autedies

1051 2695 1343 2741 illosnginta‘drag’esinia
1358 2704 1492 2741 servatur.
1569 2734 1574 2739 Ι
1633 2734 1639 2741 ¹
1693 2739 1697 2741 _
1741 2735 1747 2740 _
1767 2735 1773 2741 _
1811 2736 1824 2741 μ

1087 2731 1143 2766 (98)
1157 2732 1235 2770 ᾜως
1246 2731 1390 2770 ἑσπέρας.
1405 2733 1505 2770 Duplex
1515 2768 1520 2770 ν
1531 2734 1718 2762 animadverte
1737 2735 1824 2770 jejuuii

1050 2773 1146 2800 genus,
1158 2767 1242 2798 aliud,
1254 2769 1325 2801 quod
1342 2767 1497 2796 solvebatur
1514 2768 1579 2795 liora
1594 2777 1676 2801 nona,
1691 2767 1790 2798 utillud
1803 2779 1823 2797 tv

1050 2806 1077 2827 et
1086 2808 1111 2827 vt
1123 2801 1196 2828 fet-ia:
1209 2811 1215 2828 :
1229 2802 1302 2828 aliud
1317 2811 1391 2842 vero,
1409 2808 1438 2842 ut
1450 2804 1700 2839 Quadragcsimalc,
1712 2806 1782 2842 quod
1794 2806 1822 2833 ad

1049 2843 1176 2872 vespet'as
1191 2844 1277 2871 usque
1291 2838 1499 2872 producebatur.

1085 2870 1141 2905 συθ)
1157 2870 1276 2899 Ιιιίὶαὲιιιι
1291 2870 1398 2901 Domini
1414 2874 1507 2902 missa.
