1935 3044
200 150 248 178 831

897 148 926 176 S.
948 146 1116 175 EPIPHANII

1772 140 1838 169 832

200 209 340 240 veneﬁcia,
364 207 570 239 astronomiam,
597 207 723 242 auguria,
747 207 917 240 sortitiones,
943 209 985 235 in-

1045 206 1259 243 παρατηρήσεις,
1283 203 1440 235 ὲπαοιδίας,
1457 202 1594 237 περίαπτα
1606 221 1614 232 ,
1630 200 1666 227 τὰ
1681 200 1713 234 δὴ
1725 199 1839 226 καλού-

200 256 381 287 cantationes,
407 255 537 286 amulcta,
563 262 624 289 qua:
651 254 818 289 phylacteria
842 258 984 282 vocantur.

200 301 242 328 Ad
264 302 321 328 haec
332 321 339 333 ,
364 300 472 326 theatra
491 303 518 326 et
534 304 676 335 equestres
695 299 773 326 ludes
788 304 815 326 et
828 301 987 328 venationes

202 355 234 374 ac
258 347 381 374 musicos
400 346 521 378 damnat,
535 350 563 372 et
577 345 794 373 maledicentiam
806 353 924 378 onmem,
939 345 987 373 de-

201 393 377 425 tractionem,
397 399 515 426 pugnam
542 395 624 426 atque
650 391 749 422 rixam,
779 391 987 426 blasphemiam.

204 437 344 472 injuriam,
361 436 504 463 avaritiam
528 441 555 462 ct
573 443 696 462 usuram.
722 434 912 470 Negotiatores
933 442 989 462 non

203 483 350 510 admodum
373 482 480 517 probat,
503 481 549 509 sed
565 481 591 508 in
606 481 727 508 omnium
743 481 837 508 intimo
851 481 910 508 loco
924 488 990 508 cou-

206 527 304 555 stituit.
332 526 492 554 Oblationes
519 526 553 553 ab
579 525 633 558 his,
661 526 706 560 qui
732 526 832 562 injuria
854 527 989 553 neminem

207 573 360 605 affecerint,
383 580 471 607 neque
489 572 580 599 scelus
599 572 709 606 aliquod
725 572 920 606 perpetrarint,
941 572 989 599 sed

202 618 277 653 juste
299 618 382 645 vitam
403 618 560 649 instituant,
580 617 709 645 admittit.
730 617 830 644 Preces
852 617 885 644 ad
907 617 989 645 Deum

204 663 316 691 assidue
329 663 494 698 easdemque
509 663 747 697 frequentissimas
772 669 804 689 ac
827 662 936 690 sedulas
962 666 990 689 et

204 717 268 736 cum
285 708 474 744 genuﬂcxioue
497 709 525 735 in
549 709 707 736 constitutis
731 709 838 740 diebus,
864 712 947 735 noctu
965 713 991 735 et

205 755 324 782 interdiu
352 755 466 782 fundere
493 755 624 790 praecipit.
652 754 738 782 Porro
768 754 933 789 quibusdam
962 754 990 782 in

205 800 273 828 locis
298 800 369 827 sacri
384 804 534 828 conventus
548 805 574 828 et
586 808 704 836 synaxes
714 800 795 827 etiam
811 801 933 828 sabbatis
947 800 989 827 in-

205 845 343 872 dicuntur.
365 844 431 872 lllud
448 853 513 873 vero
532 853 586 874 non
607 846 641 873 ab
661 846 801 878 omnibus,
823 845 870 873 sed
885 853 900 872 a
915 853 985 881 prae-

206 890 387 918 stantioribus
412 890 584 921 observatur,
615 895 644 917 ut
668 897 702 918 ne
724 890 846 925 dejerent
868 890 991 922 omnino,

207 943 295 971 neque
321 935 475 962 convicium
497 936 626 970 cuiquam
648 935 759 967 faciant,
775 939 822 962 aut
837 935 991 970 imprecen-

206 986 260 1015 tur,
279 989 329 1017 pro
345 988 378 1008 eo
392 988 423 1008 ac
440 981 563 1009 Salvator
584 980 689 1016 jussit:
705 980 828 1015 adeoque
851 980 942 1015 quoad
964 980 992 1007 in

206 1027 274 1062 ipsis
303 1028 387 1054 situm
415 1031 476 1059 est,
504 1035 643 1063 nunquam
671 1027 784 1067 omnino
812 1027 990 1054 mentiantur.

206 1073 333 1108 Plerique
357 1080 421 1100 vero
441 1073 511 1100 bona
534 1080 585 1100 sua
608 1073 727 1100 vendunt
747 1076 774 1100 et
797 1072 824 1100 in
859 1080 993 1108 pauperes

207 1118 390 1147 distribuunt.

241 1173 325 1202 XXV.
345 1173 443 1201 Forma
457 1174 567 1209 quidem
580 1181 613 1201 ac
627 1178 692 1201 nota
705 1173 835 1202 Ecclesia:
850 1174 994 1202 catholicae

206 1223 250 1248 est
273 1219 494 1254 cjusmodi,cum
515 1228 547 1247 ea
574 1220 636 1248 fidei
663 1220 779 1247 formula
804 1229 886 1256 quam
911 1228 994 1255 supra

207 1265 419 1299 proposuimus;
445 1268 472 1292 et
493 1264 535 1291 ha:
559 1264 632 1299 leges
652 1272 684 1291 ac
704 1265 813 1292 decreta
835 1265 861 1292 in
877 1273 909 1293 ea
924 1266 996 1293 cele-

209 1310 332 1337 brantur.
346 1309 408 1336 Haec
420 1315 474 1342 est,
488 1309 610 1344 inquam,
625 1309 755 1338 Ecclesia:
772 1310 859 1337 forma
873 1319 906 1338 ex
925 1311 993 1346 lege,

213 1354 365 1389 prophetis,
391 1355 522 1389 apostolis
541 1359 569 1382 et
590 1356 766 1391 evangelistis
781 1357 898 1384 conﬂata
912 1366 919 1383 :
936 1364 995 1391 qua:

207 1400 338 1435 exquisiti
361 1400 504 1435 cujusdam
528 1400 643 1428 antidoti
675 1402 763 1429 instar
785 1407 838 1435 est,
852 1410 884 1429 ex
901 1403 995 1430 multis

211 1446 358 1481 unguentis
384 1446 419 1473 ad
442 1454 537 1474 eorum
564 1447 680 1474 salutem
706 1448 753 1483 qui
778 1448 818 1475 uti
835 1448 993 1481 ,volueriat,

212 1492 332 1519 confecti
346 1492 380 1519 de
396 1491 538 1519 voluntate
564 1492 655 1520 Patris
677 1496 705 1520 et
729 1493 790 1520 Filii
814 1500 846 1520 ac
874 1493 995 1528 Spiritus

210 1537 309 1564 sancti.
331 1536 395 1564 Hmc
416 1541 459 1565 est
479 1538 640 1565 venerandae
662 1538 765 1565 Christi
792 1545 900 1573 sponsa:
929 1543 993 1566 uota

210 1582 356 1617 peculiaris
382 1590 415 1610 ac
438 1583 595 1619 descriptio,
617 1584 676 1611 haec
695 1584 768 1611 illius
791 1584 841 1611 dos
864 1588 891 1611 et
909 1584 996 1611 haere-

209 1628 302 1655 ditatis
324 1633 532 1661 testamentum,
558 1629 617 1656 haec
640 1630 761 1657 caelestis
791 1629 879 1664 ipsius
904 1630 997 1665 sponsi

211 1672 276 1701 Jesu
291 1673 393 1701 Christi
415 1673 523 1701 Domini
540 1674 647 1710 1108
659 1675 796 1702 voluntas.
809 1674 861 1702 Per
876 1682 955 1710 quem
970 1679 998 1702 et

211 1726 273 1746 cum
295 1727 350 1754 quo
375 1718 449 1747 Patri
475 1720 573 1755 gloria,
597 1720 685 1747 honor
710 1725 738 1748 et
766 1720 909 1756 imperium
935 1728 996 1748 cum

213 1769 309 1793 sancto
327 1765 430 1800 Spiritu
446 1765 474 1792 in
490 1765 589 1793 sazcula
607 1766 780 1793 saeculorum.
797 1767 894 1794 Amen.

247 1822 349 1850 Omnes
365 1823 413 1858 qui
430 1823 473 1850 hic
491 1826 556 1850 sunt
578 1823 677 1850 fratres
701 1823 847 1858 plurimum
864 1831 912 1851 vos
927 1823 998 1851 salu.

212 1872 270 1895 tant
283 1878 290 1895 :
305 1869 352 1895 sed
368 1868 394 1895 in
408 1868 503 1903 primis
516 1868 670 1902 Anatolius,
685 1869 732 1904 qui
748 1869 797 1897 has
812 1872 907 1896 contra
923 1873 998 1896 octo-

214 1913 289 1948 ginta
318 1913 436 1940 lirereses
459 1913 658 1948 disputationes
681 1918 807 1940 notarum
827 1913 996 1948 compendiis

212 1965 275 1985 eum
294 1958 397 1993 ingenti
417 1958 510 1986 labore
524 1965 557 1986 ac
570 1959 674 1994 prolixa
691 1960 830 1987 voluntate
845 1960 873 1986 in
888 1959 996 1987 schedis

211 2003 337 2037 excipere
359 2008 440 2038 atque
461 2003 608 2031 emendare
632 2005 748 2031 meruit:
779 2012 886 2031 necnon
901 2009 927 2031 et
944 2004 998 2040 Hy-

211 2048 302 2082 patius
318 2048 480 2076 venerabilis
495 2049 640 2082 diaconus,
657 2049 704 2085 qui
720 2050 790 2077 idem
806 2050 872 2077 illud
887 2058 961 2085 opus
981 2058 997 2078 c

213 2092 323 2121 scltedis
344 2093 371 2120 in
387 2094 616 2128 quaternionibus
639 2094 796 2130 descripsit.
819 2094 872 2122 Pro
897 2096 996 2130 quibus

213 2138 297 2166 Deum
322 2139 467 2167 obsecrare
486 2139 646 2175 dignemini,
673 2140 815 2168 reverendi
836 2148 868 2168 ac
891 2141 997 2169 charis-

212 2184 277 2212 simi
306 2184 414 2213 fratres.
448 2185 503 2212 Pax
536 2185 641 2213 Domini
670 2187 756 2214 nostri
782 2186 847 2215 Jesu
873 2187 994 2219 Christi,

213 2231 299 2265 gratia
320 2235 346 2258 et
361 2231 462 2259 veritas
488 2231 639 2259 secundum
663 2232 723 2266 ejus
742 2232 911 2266 mandatum,
931 2241 992 2260 cum
1010 2219 1033 2247 Β

212 2276 339 2304 omnibus
353 2277 430 2305 vobis
453 2281 583 2312 perpetuo
601 2277 652 2312 sit,
677 2278 861 2306 honestissimi
880 2286 912 2305 ac
927 2278 994 2306 cha-

214 2320 317 2348 rissimi
329 2321 438 2350 fratres.
453 2322 550 2350 Amen.

1040 262 1108 289 μενα
1125 252 1306 287 φυλακτήρια.
1329 248 1527 285 ’Δποκηρύσσει
1547 248 1647 283 θέατρα
1660 268 1667 279 ,
1682 247 1729 273 καὶ
1745 247 1837 271 ἱππι-

1039 299 1121 330 κοὺς,
1143 298 1190 324 καὶ
1207 297 1324 332 κυνήγια
1335 316 1342 328 ,
1369 294 1515 330 μουσικούς
1531 302 1560 319 τε
1576 293 1622 320 καὶ
1637 293 1726 319 πᾶσαν
1738 298 1836 317 κακο-

1038 344 1130 378 λογίαν
1161 343 1208 370 καὶ
1237 342 1402 369 καταλαλιὰν
1415 361 1422 374 ,
1452 340 1499 367 καὶ
1527 340 1618 366 πᾶσαν
1647 337 1752 373 μάχην,
1781 335 1838 361 καὶ

1040 390 1214 425 βλασφημίαν
1227 409 1234 420 ,
1252 388 1358 415 ἀδικίαν
1374 395 1404 413 τε
1420 386 1466 413 καί
1483 383 1654 417 πλεονεξίαν,
1679 383 1725 410 καὶ
1747 389 1837 408 coxo-

1038 436 1146 471 ληψίαν.
1164 433 1381 471 Πραγματευτὰς
1407 432 1457 460 οὐκ
1480 431 1639 465 ἀποδέχεται
1651 449 1660 461 ,
1679 428 1746 455 ἀλλὰ
1759 428 1838 454 ὑπο-

1038 481 1195 516 δεεστέρους
1224 480 1333 507 πάντων
1363 479 1480 514 ἡγεῖται.
1504 476 1665 513 Προσφορὰς
1693 473 1838 508 λαμϐάνει

1040 527 1115 562 παρὰ
1139 527 1192 554 τῶν
1219 527 1269 553 οὐκ
1294 525 1478 555 ἀδικούντων,
1506 523 1567 550 οὐδὲ
1585 519 1835 556 παρανομούντων,

1040 572 1107 599 ἀλλὰ
1130 571 1241 602 δικαίως
1266 570 1404 605 βιούντων.
1420 568 1508 603 Εὺχὰς
1531 567 1560 594 δὲ
1581 565 1724 600 ἐνδελεχῶς
1740 571 1836 599 προσ-

1039 615 1167 642 τάσσεται
1197 614 1265 649 μετὰ
1296 614 1385 649 πάσης
1418 612 1584 647 πυκνότητος
1606 610 1652 637 καὶ
1673 609 1836 641 ὲκτενείας,

1040 661 1087 688 καὶ
1117 659 1289 694 γονυκλισιας
1320 660 1348 685 ὲν
1384 658 1444 689 ταῖς
1473 656 1653 691 τεταγμέναις
1690 653 1814 689 ἡμέραις
1828 672 1837 684 ,

1040 705 1147 740 νύκτωρ
1161 705 1207 731 καὶ
1223 704 1281 740 μεθ’
1295 703 1401 740 ἡμέραν
1424 702 1596 737 ἀναπέμπειν
1614 699 1684 735 Θεῷ.
1705 700 1753 726 Ἔν
1775 707 1837 725 τισι

1040 751 1067 777 δὲ
1078 750 1170 782 τόποις
1188 750 1235 776 καὶ
1247 750 1275 776 ὲν
1290 750 1346 781 τοῖς
1363 748 1478 776 σάϐϐασι
1503 746 1625 778 συνάξεις
1637 744 1811 772 ἐπιτελοῦσιν
1828 752 1836 758 ·

1040 796 1071 822 οὐ
1092 795 1181 830 πάντη
1203 795 1231 822 δὲ
1243 815 1251 828 ,
1269 794 1335 820 ἀλλὰ
1350 793 1425 829 παρὰ
1443 794 1498 825 τοῖς
1514 791 1647 827 ἀκρέμοσι
1664 790 1837 824 φυλάσσεται

1041 841 1072 868 τὸ
1093 841 1130 878 μὴ
1145 841 1257 877 ὀμνύναι
1280 840 1347 872 ὅλως
1358 859 1365 871 ,
1381 839 1447 874 μηδὲ
1461 837 1676 875 λοιδορήσασθαι,
1695 836 1765 872 μηδὲ
1782 844 1837 862 κα-

1007 889 1028 917 Β
1042 886 1194 922 ταρᾶσθαι,
1219 887 1251 912 ὲκ
1275 885 1485 921 προστάγματος
1514 882 1597 909 αὑτοῦ
1616 881 1662 908 τοὺ
1684 880 1836 914 Σωτῆρος,

1045 934 1113 967 μήτε
1146 931 1199 968 μὴν
1226 930 1379 966 ψεύσασθαι
1407 930 1470 956 ὅσον
1496 928 1565 955 κατὰ
1592 927 1623 954 τὸ
1651 926 1772 953 δυνατόν.
1802 924 1836 950 οι

1043 977 1151 1009 πλείους
1167 977 1196 1004 δὲ
1214 977 1399 1012 πιπράσκουσι
1421 975 1455 1001 τὰ
1477 974 1632 1009 ὑπάρχοντα
1654 972 1701 998 καὶ
1726 970 1835 998 διδόασι

1044 1024 1172 1058 πτωχοῖς.

1079 1179 1144 1206 KE'.
1164 1174 1249 1210 Οὗτος
1263 1178 1278 1205 ὀ
1296 1175 1442 1213 χαρακτὴρ
1463 1176 1565 1211 ταύτης
1590 1175 1639 1209 τῆς
1661 1173 1741 1208 ἁγίας
1761 1175 1834 1208 μετὰ

1043 1225 1094 1260 τῆς
1105 1223 1323 1259 προδηλωοείσης
1339 1223 1475 1255 πίστεως,
1493 1222 1540 1248 καὶ
1556 1217 1629 1248 οὗτοι
1649 1220 1674 1246 οἱ
1690 1219 1787 1253 θεσμοὶ
1804 1219 1834 1245 ὲν

1045 1272 1113 1306 αὑτῇ
1128 1270 1317 1305 ἀναφέρονται.
1336 1266 1419 1300 Οὗτος
1433 1267 1488 1304 γάρ
1504 1267 1578 1294 ἐστιν
1591 1268 1605 1293 ὁ
1620 1264 1761 1302 χαρακτὴρ
1782 1264 1834 1299 τῆς

1051 1316 1212 1351 Ἐκκλησίας
1223 1335 1230 1348 ,
1248 1314 1302 1341 ἀπὸ
1325 1313 1406 1348 νόμου
1423 1314 1470 1339 καὶ
1486 1312 1633 1348 προφητῶν
1650 1311 1697 1337 καὶ
1715 1309 1834 1337 ἀποστό-

1043 1362 1098 1388 λων
1111 1361 1158 1388 καὶ
1182 1359 1380 1394 εὐαγγελιστῶν
1400 1359 1583 1395 συνηγμένος”
1599 1357 1694 1392 ὥσπερ
1719 1357 1752 1383 ὲκ
1767 1355 1833 1383 πολ-

1044 1407 1097 1433 λῶν
1114 1401 1216 1442 μυρίων
1230 1405 1366 1436 ὰντίδοτος
1378 1403 1467 1439 ἀγαθὴ
1486 1405 1541 1435 τοῖς
1557 1401 1707 1439 χρωμένοις
1720 1401 1760 1433 είς
1779 1409 1833 1427 σω-

1044 1452 1141 1488 τηρίαν
1163 1450 1404 1485 κατεσκευασμένη
1431 1451 1463 1476 ὲκ
1485 1449 1635 1484 οελήματος
1659 1446 1766 1481 Πατρὸς
1785 1445 1830 1472 καὶ

1045 1498 1111 1526 Υἱοῦ
1123 1499 1169 1525 καὶ
1182 1497 1261 1532 ἁγίου
1276 1496 1345 1523 Πνεύ
1350 1504 1443 1532 ματος.
1458 1491 1537 1522 Οὗτοι
1551 1495 1575 1521 οἱ
1590 1492 1763 1529 χαρακτῆρες
1782 1490 1832 1526 τῆς

1009 1556 1030 1584 C
1047 1544 1149 1579 σεμνῆς
1177 1543 1278 1578 ταύτης
1307 1542 1416 1577 νύμφης
1446 1540 1575 1577 Χριστοῦ.
1608 1538 1682 1573 Αὕτη
1752 1535 1832 1584 προξξ

1049 1589 1096 1616 καὶ
1117 1588 1233 1624 διαθήκη
1266 1586 1448 1623 κληρονομίας
1468 1585 1514 1612 καὶ
1536 1584 1658 1620 βούλημα
1679 1582 1726 1610 τοῦ
1747 1581 1831 1617 αὐτῆς

1048 1633 1165 1669 νυμφίου
1182 1633 1230 1660 καὶ
1253 1632 1413 1668 ἐπουρανίου
1444 1630 1532 1667 Ἰησοῦ
1553 1628 1672 1665 Χριστοῦ
1702 1627 1750 1655 τοῦ
1774 1628 1830 1654 Κυ·

1050 1679 1107 1716 ρίου
1135 1677 1214 1714 ἡμῶν
1229 1685 1236 1692 ·
1261 1677 1296 1704 δι’
1310 1673 1340 1703 οὖ
1368 1676 1415 1703 καὶ
1444 1675 1502 1711 μεθ’
1520 1671 1551 1702 οὗ
1579 1673 1618 1709 τῷ
1644 1672 1732 1708 Πατρὶ
1757 1670 1828 1703 δόξα,

1047 1724 1114 1760 τιμὴ
1126 1745 1134 1757 ,
1152 1723 1253 1759 κράτος
1282 1723 1331 1749 σὺν
1348 1723 1418 1758 ἁγίῳ
1432 1721 1571 1756 Πνεύματι
1594 1720 1635 1751 είς
1649 1718 1750 1749 αιῶνας
1766 1716 1830 1744 αἰώ-

1048 1777 1114 1797 νων.
1147 1767 1244 1804 Ἀμήν.

1082 1824 1185 1856 Πάντες
1211 1823 1237 1850 οί
1266 1822 1330 1858 παρ’
1353 1822 1419 1857 ἡμῖν
1448 1821 1558 1856 ἀδελφοὶ
1585 1819 1828 1855 προσαγορεύουσιν

1048 1870 1124 1906 ὑμῶν
1141 1870 1190 1905 τὴν
1212 1869 1375 1904 τιμιότητα,
1399 1868 1515 1903 μάλιστα
1528 1866 1697 1898 ’Δνατόλιος,
1714 1866 1728 1892 ὁ
1747 1864 1790 1891 διά
1799 1872 1828 1890 τε

1049 1915 1169 1951 σημείων
1181 1915 1228 1941 καὶ
1243 1914 1392 1949 σχεδαρίων
1406 1913 1459 1940 τῶν
1470 1912 1540 1939 κατὰ
1552 1912 1607 1938 τῶν
1622 1911 1752 1946 αἱρέσεων
1771 1909 1831 1936 τούς

1046 1969 1100 1987 των
1118 1961 1172 1986 τῶν
1191 1959 1356 1994 ὀγδοήκοντά
1379 1967 1470 1993 φημι,
1495 1958 1564 1993 μετὰ
1589 1956 1686 1984 πολλοῦ
1707 1956 1827 1991 καμάτου

1047 2005 1095 2032 καὶ
1108 2005 1295 2041 προαιρέσεως
1313 2003 1458 2039 καλλίστης
1480 2003 1585 2039 γράψαι
1611 2004 1658 2029 καὶ
1682 2001 1825 2038 διορθώσα-

1049 2051 1108 2078 σθαι
1124 2051 1316 2084 καταξιωϐείς·
1334 2051 1392 2086 ἆμα
1411 2059 1441 2076 τε
1457 2049 1505 2076 καὶ
1525 2049 1653 2081 ’Υπὰτιος
1674 2049 1688 2075 ὁ
1701 2047 1827 2083 τιμιώτα-

1046 2105 1091 2128 τος
1104 2097 1274 2128 συνδιάκονος
1286 2117 1293 2130 ,
1306 2098 1320 2123 ὁ
1334 2097 1383 2132 τὴν
1401 2095 1578 2131 μεταγραφὴν
1598 2094 1652 2121 ἀπὸ
1668 2093 1723 2120 τῶν
1737 2093 1826 2128 σχεδα-

1049 2141 1113 2178 ρίων
1125 2143 1154 2168 ὲν
1168 2141 1278 2177 τετράσι
1293 2141 1474 2176 ποιησάμενος
1486 2149 1492 2156 ·
1509 2140 1579 2175 ὑπὲρ
1592 2136 1628 2166 ὧν
1640 2139 1685 2165 καὶ
1704 2137 1826 2173 εὐχεσθαι

1048 2187 1250 2220 καταξιώσατε,
1272 2187 1428 2222 τιμιώτατοι
1454 2187 1500 2213 καὶ
1515 2186 1697 2212 ποθεινότατοι
1710 2185 1825 2218 ἀδελφοὶ,

1047 2232 1084 2264 ὡς
1099 2231 1217 2267 ἀληθῶς.
1235 2232 1266 2258 'H
1277 2232 1373 2266 εἰρήνη
1387 2231 1434 2257 τοῦ
1447 2231 1549 2266 Κυρίου
1565 2229 1643 2266 ήμῶν
1662 2228 1747 2264 Ἰησοῦ
1762 2229 1825 2264 Χρι-

1048 2277 1111 2303 στοῦ
1136 2277 1182 2303 καὶ
1202 2277 1219 2313 ἡ
1246 2277 1325 2313 χάρις
1346 2277 1392 2304 καὶ
1416 2278 1433 2312 ἡ
1455 2277 1569 2312 ἀλήθεια
1583 2297 1590 2310 ,
1611 2276 1680 2303 κατὰ
1696 2276 1726 2302 τὸ
1746 2275 1824 2302 αὑτοῦ

1047 2323 1211 2358 πρόσταγμα
1237 2323 1305 2358 μετὰ
1335 2323 1444 2350 πάντων
1474 2323 1551 2359 ὑμῶν
1568 2343 1576 2356 ,
1609 2321 1825 2358 φιλοκαλιίπατοι,

1045 2367 1182 2403 ἀγαπητοὶ
1194 2367 1312 2403 ἀδελφοί.
1336 2368 1431 2404 Ἀμήν.
