1935 3044
723 126 1052 156 ΔΝᾹΟΕΡΙΙΛΜΕΟδιδ.

1626 131 1679 163 884

52 233 1662 255 m

419 313 534 357 ΤΟΥ
569 314 642 357 ΕΝ
678 311 861 357 ΑΓΙΟΙΣ
893 314 1109 358 ΠΑΤΡοΣ
1145 316 1309 361 ΗΜΩΝ

553 409 1179 496 ΕΠΙΦΑΝΙΟΥ

468 546 1269 607 ΑΝΑΚΕΦΑΛΑΙΩΣΙΣ.

413 724 493 802 S.
548 728 634 801 P.
695 726 787 802 N.
841 727 1332 803 EPIPHANII

538 871 723 949 AN‘AC
737 871 1192 929 EPHALZEOSIS

183 983 276 1014 SIVE
290 976 429 1013 EORUM
447 961 539 1018 QUE
556 983 596 1013 IN
614 982 792 1013 PANARIO
807 981 927 1012 DICTA
946 981 1046 1012 SUNT
1061 982 1203 1013 SUMMA
1222 982 1549 1014 COMPREHENSIO.

81 1066 130 1098 (Ex
144 1066 257 1091 editione
267 1063 369 1096 Joseplii
382 1063 464 1088 Maria
476 1064 606 1099 cardinalis
619 1063 743 1099 Thomasii
759 1063 784 1087 in
799 1060 990 1099 ίνιξιὶίψίρῃὶίηιε
1004 1060 1157 1099 έρεοίοθὶεζδ,
1167 1065 1237 1093 parte
1247 1069 1273 1093 ιι,
1284 1062 1366 1088 denuo
1378 1066 1529 1088 recensente
1539 1063 1652 1089 Antonio

571 1094 701 1119 Fraucisco
715 1093 811 1118 Vezzosi
822 1093 848 1118 Ο.
864 1093 892 1117 R.
909 1093 993 1117 Romae
1004 1092 1072 1122 1769,
1086 1092 1112 1118 in
1123 1093 1159 1125 4.)

92 1205 261 1239 Ἐπειδήπερ
287 1202 418 1238 μέλλομεν
443 1202 509 1237 ὑμῖν
533 1201 568 1229 τά
586 1210 616 1227 τε
642 1202 764 1238 ὀνόματα
789 1203 843 1229 τῶν

931 1203 1038 1239 1109
1054 1203 1188 1236 Quoniam
1210 1203 1350 1231 ltmreseon
1370 1203 1492 1230 omnium
1507 1203 1617 1230 nomina
1636 1203 1682 1230 de-

52 1252 185 1287 alpéoeuw
199 1249 305 1284 δηλοῦν,
318 1249 368 1280 τάς
382 1256 411 1274 τε
423 1249 487 1283 παρ’
502 1248 593 1278 αὐτοῖς
608 1246 753 1282 ἀθεμίτους
769 1248 842 1283 πρά-

52 1299 107 1331 ξεις
125 1295 326 1323 ἀνακαλύπτειν
340 1295 433 1329 ὥσπερ
453 1295 508 1325 ἰοὺς
527 1294 574 1320 καὶ
588 1294 737 1330 δηλητήρια
762 1294 841 1321 ὄντα·

52 1343 101 1369 σὺν
117 1342 211 1372 αὐτοῖς
226 1341 255 1371 δὲ
270 1340 328 1376 ἅμα
347 1339 395 1366 καὶ
421 1339 573 1370 ὰντιδότους
588 1340 743 1374 ἐφαρμόσαι
754 1359 761 1371 ,
780 1340 842 1366 ἀλε-

52 1388 200 1424 ξητηρίους
216 1387 264 1422 μὲν
284 1386 338 1412 τῶν
359 1385 550 1422 δεδηγμένων,
571 1385 844 1421 προκαταληπτικοὺς

49 1435 79 1462 δὲ
109 1433 165 1460 τῶν
184 1432 334 1468 μελλόντων
358 1432 398 1463 είς
420 1431 499 1458 τοῦτο
514 1431 662 1466 ἐμπίπτειν
677 1439 683 1445 ·
708 1431 843 1466 Πανάριον

51 1479 130 1515 (γάρ)
148 1487 175 1505 τι
189 1500 197 1512 ,
216 1479 300 1514 ἤγουν
321 1477 446 1504 κιϐώτιον
462 1477 582 1512 ἰατρικὸν
595 1477 632 1512 (4)
648 1475 703 1503 τῶν
717 1476 844 1512 θηριοδὴ-

49 1533 126 1552 κτων
156 1524 377 1559 ὲρμηνεύσομεν,
418 1521 513 1556 ὄτιπέρ
543 1521 601 1548 ἐστι
628 1530 654 1548 τι
680 1521 780 1556 βιϐλίον
800 1522 843 1548 διὰ

48 1570 137 1606 ’τριῶν
153 1569 327 1604 συγγραφὲν,
343 1567 404 1603 ἔχον
431 1568 550 1602 αἱρέσεις
570 1567 752 1602 ὀγδοήκοντα·
773 1567 843 1593 αἴτι-

48 1625 94 1648 νες
124 1615 165 1646 είς
187 1614 288 1650 θηρίων
307 1613 461 1650 ἢὲρπετῶν
486 1613 635 1648 αἰνίγματά
661 1614 727 1639 εἰσι·
754 1613 802 1648 μία
816 1612 844 1639 δὲ

51 1662 122 1698 μετὰ
148 1661 199 1692 τὰς
227 1661 391 1696 ὀγδοήκοντα
416 1660 503 1695 ἡτῆς
524 1658 653 1694 ἀληθείας
683 1658 760 1694 βάσις
786 1659 844 1692 ἅμα

49 1709 99 1735 καὶ
113 1706 273 1733 διδασκαλία
295 1707 429 1742 σωτήριος
451 1700 626 1740 πραγματεία
637 1724 644 1737 ,
661 1705 708 1731 καὶ
725 1704 842 1740 Χριστοῦ

48 1754 147 1789 νύμφη
161 1752 226 1786 ἁγία
248 1752 404 1788 Ἐκκλησία,
420 1749 487 1778 οὖσα
504 1751 553 1786 μὲν
566 1751 613 1777 ἀπ’
622 1751 725 1781 ἀἰῶνος
737 1771 743 1781 ,
759 1749 802 1776 διὰ
814 1749 843 1775 δὲ

49 1801 100 1834 τῆς
123 1798 257 1833 ἑνσάρκου
273 1796 391 1833 Χριστοῦ
417 1796 570 1831 παρουσίας
589 1796 657 1830 μετὰ
682 1795 730 1831 τὴν
756 1795 844 1822 διαδο-

49 1845 102 1880 χὴν
126 1843 174 1869 τοῦ
189 1843 286 1878 χρόνου
303 1843 385 1878 μέρος
400 1843 408 1858 ί
422 1842 475 1868 τῶν
491 1841 696 1877 προειρημένων
709 1841 844 1876 αἱρέσεων

896 1251 1026 1277 claranda
1049 1250 1127 1277 vobis
1152 1250 1203 1276 hoc
1221 1250 1247 1276 in
1261 1250 1331 1277 libro
1346 1250 1530 1283 suscepimus.
1555 1257 1605 1276 nec
1628 1257 1682 1277 non

894 1296 1063 1323 exsecranda
1093 1303 1125 1323 ac
1154 1295 1259 1322 nefaria
1288 1295 1397 1322 illarum
1423 1295 1523 1330 ﬂagitia
1552 1298 1682 1330 tanquam

894 1341 1108 1376 prmsentissima
1121 1341 1245 1376 quaedam
1260 1349 1362 1368 venena
1375 1341 1528 1376 patefacere
1539 1341 1682 1372 volumus;

895 1391 977 1422 atque
1002 1387 1045 1414 his
1071 1387 1144 1414 velut
1170 1387 1293 1414 antidota
1313 1387 1437 1421 quaedam
1452 1394 1599 1421 opponere,
1620 1393 1680 1422 qua:

893 1433 936 1459 vel
953 1433 986 1466 iis
1001 1433 1048 1468 qui
1063 1439 1156 1459 morsu
1172 1432 1247 1467 petiti
1266 1436 1330 1459 sunt
1346 1431 1465 1459 remedio
1483 1440 1544 1459 esse
1560 1432 1676 1466 possint,

894 1477 934 1504 vel
949 1485 1007 1509 eos,
1022 1478 1121 1512 quibus
1136 1484 1169 1504 ne
1184 1477 1305 1503 incidant
1325 1477 1474 1511 periculum
1491 1480 1544 1510 est,
1561 1484 1680 1511 praemu-

895 1523 972 1550 niant
990 1531 1021 1550 ac
1037 1528 1199 1550 conservent
1214 1532 1220 1550 :
1238 1522 1384 1550 Panarium
1407 1523 1464 1550 sive
1482 1523 1602 1549 arculam
1624 1530 1681 1549 me-

896 1569 998 1602 dicam,
1015 1569 1048 1596 ad
1061 1577 1156 1596 eorum
1170 1569 1216 1603 qui
1231 1577 1243 1594 a
1257 1568 1432 1602 serpentibus
1446 1568 1491 1594 icti
1509 1573 1573 1595 sunt
1592 1576 1681 1596 rente-

894 1615 981 1647 dium,
1005 1615 1067 1649 jure
1081 1623 1150 1649 opus
1166 1614 1231 1641 illud
1250 1622 1282 1640 ac
1299 1614 1397 1641 librum
1417 1614 1682 1648 interpretabimur:

894 1661 941 1696 qui
958 1661 985 1687 in
1003 1665 1059 1688 tres
1076 1665 1168 1695 partes
1187 1660 1292 1687 divisus
1315 1660 1431 1687 Latreses
1450 1660 1588 1694 octoginta
1604 1667 1681 1686 com-

895 1707 1034 1742 plectitur,
1047 1715 1107 1742 quac
1123 1710 1278 1741 serpentum
1296 1714 1327 1732 ac
1339 1706 1474 1740 rcptilium
1488 1706 1592 1733 similes
1605 1708 1678 1732 sunt.

895 1753 1051 1780 Secundum
1069 1761 1137 1788 quas
1152 1751 1277 1779 veritatis
1294 1752 1504 1783 ﬁrmamentum,
1529 1755 1557 1778 et
1576 1751 1680 1778 saluta-

894 1800 933 1826 ris
959 1798 1095 1832 doctrina,
1127 1798 1243 1833 ﬁdeique
1271 1798 1385 1824 formula
1416 1797 1537 1831 subjecta
1564 1801 1621 1829 est,
1648 1804 1680 1824 ac

894 1845 996 1872 Christi
1016 1852 1127 1879 sponsa,
1145 1848 1238 1871 sancta
1254 1844 1380 1870 videlicet
1395 1843 1517 1871 Ecclesia
1529 1843 1680 1871 declarata.

48 1888 293 1922 ἁποκαλυφθείσα,
312 1888 358 1915 καὶ
382 1888 428 1922 ὑφ’
452 1887 531 1923 ἡμῶν
552 1888 581 1913 ὲν
598 1887 775 1922 ὑπομνήμασι
800 1886 845 1913 διὰ

896 1891 962 1923 Quae
986 1898 1048 1918 cum
1067 1890 1122 1925 jam
1143 1894 1200 1917 tum
1218 1889 1251 1916 ab
1265 1890 1331 1917 orbe
1345 1889 1455 1917 condito
1476 1897 1537 1917 csse
1556 1889 1681 1924 cmperit,

49 1934 99 1962 τοῦ
121 1934 301 1970 κηρύγματος
312 1933 358 1960 τοῦ
384 1933 503 1969 Χριστοῦ
522 1932 671 1967 ταχθεῖσα·
693 1933 741 1960 καὶ
763 1932 843 1959 πάλιν

50 1981 125 2017 μετά
142 1981 232 2012 πάσας
248 1980 297 2011 τὰς
313 1980 367 2006 τῶν
393 1980 525 2014 αἱρέσεων
550 1979 653 2005 τούτων
680 1978 842 2014 μοχθηρίας,

49 2028 90 2059 ὡς
101 2026 242 2061 ἀναψυχὴν
252 2025 306 2052 τῶν
320 2025 364 2052 τὸν
380 2025 503 2060 κάματον
512 2024 567 2051 τῶν
578 2024 709 2060 αἱρέσεων
725 2023 770 2050 διὰ
793 2023 843 2059 τῆς

49 2071 234 2106 ἀναγνώσεως
245 2071 412 2102 διελθόντων,
425 2071 470 2106 ὑφ’
484 2069 561 2105 ὑμῶν
577 2071 634 2105 μετ’
648 2069 785 2104 ἐπιτομῆς
794 2068 842 2095 τοῦ

49 2119 134 2152 λόγου
150 2117 220 2144 κατὰ
243 2117 293 2152 τὴν
307 2117 360 2143 τῶν
382 2116 536 2143 ἀποστόλων
561 2115 735 2142 διδασκαλίαν
750 2115 844 2150 σαφῶς

49 2163 284 2197 ἁπαγγελθεῖσαν.
302 2163 491 2198 Παρακαλεῑτε
509 2162 518 2177 ¹
532 2161 561 2188 δὲ
575 2162 675 2193 πάντες
690 2162 715 2188 οἱ
732 2161 844 2195 φιλοκά-

48 2211 109 2241 λοις
122 2210 132 2225 ⁸
151 2209 373 2244 ἐντυγχάνοντες,
388 2207 428 2243 τῷ
440 2217 470 2234 τε
486 2207 622 2243 προοιμίῳ
639 2208 686 2234 καὶ
702 2208 762 2238 ταῖς
779 2214 844 2242 μετ-

49 2256 152 2283 έπειτα
175 2255 307 2290 αἱρέσεσι,
325 2254 372 2281 καὶ
397 2255 431 2289 τῇ
455 2254 524 2289 ὑπὲρ
538 2254 588 2288 τῆς
605 2253 733 2289 ἀληθείας
748 2253 844 2288 ὁμολο-

49 2301 99 2336 γίᾳ
111 2308 147 2326 τε
159 2299 206 2325 καὶ
216 2298 373 2334 διδασκαλίᾳ
387 2299 436 2333 τῆς
455 2298 598 2334 ἀληθείας,
620 2298 668 2324 καὶ
689 2298 779 2324 πίστει
791 2297 842 2332 τῆς

49 2346 135 2381 ἁγίας
148 2344 294 2380 καθολικῆς
314 2343 486 2379 Ἐκκλησίας.

897 1942 990 1973 postea
1016 1940 1106 1963 tamen
1136 1944 1183 1971 per
1209 1936 1311 1963 Christi
1334 1935 1441 1962 Domini
1465 1936 1681 1962 incarnationem

896 1986 1048 2017 temporum
1065 1981 1240 2009 successione
1259 1985 1320 2008 ante
1339 1984 1566 2008 commemoratas
1587 1987 1682 2007 omnes

896 2027 1013 2054 haereses
1030 2027 1138 2061 Vulgata
1156 2031 1236 2061 atque
1250 2025 1395 2061 patefacta,
1409 2025 1559 2059 eademque
1572 2032 1586 2051 a
1601 2025 1682 2052 nobis

895 2072 923 2098 in
941 2071 1152 2099 commentarios
1171 2079 1204 2098 ex
1227 2071 1329 2098 Christi
1356 2070 1548 2105 prmdicatione
1574 2070 1680 2097 relata:

895 2124 928 2144 ac
954 2124 1064 2144 rursum
1088 2120 1149 2150 post
1172 2115 1455 2150 cxplicatam1110
1478 2121 1586 2141 omnem
1614 2114 1681 2142 ista-

895 2170 956 2189 rum
970 2162 1109 2188 haerescon
1126 2161 1340 2196 improbitatem,
1356 2169 1388 2188 ex
1403 2160 1586 2196 apostolorum
1601 2159 1682 2187 disci-

895 2208 967 2243 plina
983 2211 1109 2234 aecurate
1124 2214 1156 2234 ac
1174 2208 1317 2242 perspicue
1331 2207 1404 2234 brevi
1418 2205 1535 2242 quodam
1553 2209 1595 2233 est
1606 2212 1682 2232 com-

895 2252 998 2288 pendio
1016 2253 1160 2288 subjecta;
1180 2253 1219 2280 uti
1237 2260 1269 2280 ea
1291 2261 1320 2280 re
1343 2253 1450 2280 illorum
1472 2255 1630 2280 recreentur
1648 2258 1682 2278 ae

894 2298 1052 2326 reﬁciantur
1074 2298 1170 2332 animi,
1186 2299 1233 2333 qui
1251 2298 1324 2325 hunc
1349 2299 1488 2326 hmreseon
1517 2304 1681 2334 percurren-

893 2342 990 2370 darum
1006 2343 1125 2370 laborem
1142 2343 1323 2377 susceperint.
1341 2341 1428 2369 Porro
1452 2348 1500 2369 vos
1517 2347 1612 2368 omnes
1632 2339 1681 2366 ho-

49 2397 195 2421 nestarum
208 2399 299 2421 rerum
318 2390 434 2418 studiosi
448 2391 562 2418 lectores
575 2395 684 2426 rogatos
698 2390 834 2421 volumus,
850 2393 880 2417 ut
898 2394 924 2417 et
943 2390 1105 2425 procemium
1126 2390 1225 2425 ipsum,
1257 2392 1285 2416 et
1314 2389 1514 2423 insequentium
1540 2388 1680 2414 haereseon

48 2439 264 2476 expositionem,
284 2447 317 2466 ac
335 2439 458 2466 veritatis
475 2438 677 2473 professionem
692 2442 720 2466 et
735 2438 900 2470 doctrinam,
918 2446 950 2466 ac
965 2442 1068 2466 sanctae
1093 2442 1120 2466 et
1153 2437 1294 2465 catholica:
1317 2436 1446 2465 Ecclesia:
1468 2436 1548 2463 ﬁdem
1579 2442 1595 2462 a
1628 2442 1679 2461 no-

48 2486 95 2514 bis
108 2491 267 2520 expressam
284 2491 444 2519 percurrere
456 2483 557 2512 velitis.

88 2552 98 2568 ¹
117 2550 148 2578 F.
169 2550 248 2585 μετά.
285 2552 295 2567 ¹
312 2550 344 2579 F.
359 2550 572 2585 παρακαλεῖσθε.
617 2550 628 2566 ⁸
643 2559 689 2585 γρ.
708 2549 854 2586 φιλοκάλου

902 2549 949 2578 sed
967 2549 1044 2577 locus
1061 2557 1157 2584 parum
1175 2549 1310 2577 sincerus.

85 2628 128 2663 (4)
142 2627 281 2655 Κιόὡτιον
290 2629 433 2662 ἰατρικόν.
446 2628 577 2656 Adhibita
593 2628 784 2657 similitudinis
799 2628 842 2655 in-

46 2665 178 2694 voluero,
195 2663 317 2694 Panarii.
335 2664 414 2698 cujus
426 2663 618 2698 compendium
632 2669 658 2690 et
672 2663 839 2690 breviarium

47 2699 138 2727 veluti
162 2698 297 2733 quoddam
315 2703 358 2726 est
381 2706 499 2731 praesens
517 2698 756 2733 ἀνακεφαλαίωσις
767 2718 774 2728 ,
791 2705 842 2725 no-

47 2736 95 2762 bis
121 2733 177 2761 illic
197 2734 284 2766 aperit
309 2733 485 2768 Epiphanius.
508 2733 590 2761 Hisce
618 2733 840 2768 similiarvidcsis

48 2771 77 2797 in
98 2776 131 2796 ea
151 2768 271 2802 Epistola
298 2770 331 2794 ad
346 2768 472 2795 Acacium
489 2773 514 2796 et
534 2768 649 2795 Paulum
664 2767 838 2803 presbyteros,

70 2811 137 2830 nam
165 2803 283 2830 Panaria
309 2803 474 2837 praemisisse
503 2803 683 2838 Epiphanium
721 2806 838 2838 constat.

62 2837 191 2868 iaeterum
206 2838 241 2866 de
256 2838 432 2871 usurpatione
458 2837 536 2866 vocis
558 2839 694 2865 hmreseos
718 2837 746 2865 in
765 2837 841 2865 hisce

894 2626 1037 2667 Epiphanii
1054 2626 1165 2667 scriptis
1183 2625 1240 2667 ;_de
1253 2626 1397 2667 ‘haaresum.
1403 2627 1560 2667 partitione
1574 2645 1588 2667 ,I
1602 2626 1678 2667 ejus-

893 2661 952 2697 que
972 2663 1064 2694 vitiis;
1081 2661 1158 2689 et'de
1181 2661 1304 2697 ejusdem
1329 2661 1485 2696 partitionis
1506 2661 1678 2694 discrimine,

894 2695 967 2732 quod
981 2697 1102 2725 occurrit
1118 2697 1189 2724 inter
1198 2695 1350 2732 ’Panarjuin
1363 2716 1370 2728 ,
1385 2702 1411 2723 et
1424 2697 1678 2730 Anacep/mlwosim,

893 2731 1078 2760 consulendus
1094 2739 1150 2766 prae
1164 2732 1270 2758 caeteris
1288 2731 1414 2767 Petavius
1429 2731 1481 2759 sub
1495 2731 1601 2759 initium
1616 2732 1678 2767 pul—

893 2765 1102 2807 cherrimarum’
1121 2774 1233 2794 suarum
1263 2767 1297 2793 ad
1331 2765 1479 2794 Paitm-ium
1504 2765 1679 2795 animadver-

894 2809 972 2830 sronu
977 2810 1012 2829 Ill.
