1935 3044
252 188 307 216 839

954 183 983 210 S.
1004 181 1175 210 EPII’IIANI!

1831 180 1889 207 88')

253 242 365 271 Ioannis
377 240 539 275 repudiarit:
555 240 708 272 Adamiani,
723 239 855 275 Sampsrei
871 240 917 274 qui
934 244 961 266 et
978 239 1038 267 Hel-

1092 241 1246 277 δρουγίται,
1272 238 1449 271 Πεπουζιανοὶ
1472 238 1517 264 καὶ
1539 235 1725 269 Κυντιλιανοὶ,
1750 233 1794 268 οἷς
1820 245 1889 263 συν-

252 289 350 320 οθδωὶ,
381 287 582 319 'l'heodotiani,
609 286 864 317 Melehisedeeiani,
897 285 1038 312 Bardesia-

254 334 342 364 nism,
368 332 504 364 Noeliani,
528 331 640 363 Valesii,
663 332 784 363 Cathari.
810 331 942 366 Angelici,
968 330 1039 364 Apo-

254 379 345 406 stolici
371 378 418 412 qui
445 379 526 405 etiam
557 378 722 412 Apotactici,
753 377 912 410 Sabelliani,
940 376 1037 411 Orige-

253 424 330 451 nistaa
357 423 488 450 foeditatis
517 428 644 450 auctores
659 443 667 456 ,
691 423 851 458 Origenisttc
865 423 898 449 ab
919 422 1036 457 Origene

255 469 428 497 Adamantio.
452 469 481 496 In
503 469 624 497 secundo
642 473 732 496 autem
749 474 822 496 tomo
839 469 960 502 ejusdem
976 468 1038 494 libri

251 514 364 541 secundi
379 514 446 548 (qui
461 514 552 548 priore
566 514 611 540 illa
626 513 785 540 numerandi
806 514 911 540 ratione
923 513 1036 547 quintus

251 561 303 594 est)
331 560 449 587 haereses
462 560 583 594 quinque
608 559 712 594 1113
737 563 820 586 sunt:
838 559 914 585 l‘auli
940 558 1038 586 Samo-

252 606 381 638 satcnsis,
414 605 555 632 Manichzci
576 606 623 640 qui
651 611 678 632 et
703 606 853 635 Acuanitae.
879 604 1035 637 "ierat-itte,

257 651 394 678 Melctiani
411 652 456 686 qui
475 651 502 678 in
521 651 637 686 [Egypto
649 651 768 678 schisma
784 650 1038 681 [cccrunt.‘Ariani.

252 697 341 731 Atque
376 697 433 723 haec
458 700 501 723 est
531 700 667 723 tomorum
692 695 753 723 libri
780 696 892 723 secundi
921 703 1038 722 summa.

253 742 385 770 Similiter
402 746 429 770 et
442 743 470 769 in
483 742 562 769 tertio
578 743 648 770 libro
666 742 732 769 tomi
745 741 799 768 duo
813 745 886 769 sunt.
901 741 929 768 ln
946 741 1035 776 primo

253 793 328 816 tomo
355 789 428 816 tertii
457 789 520 816 libri
548 791 638 824 (sexto
659 793 749 815 autent
774 795 814 824 eo.
827 795 906 822 quem
922 787 1040 814 diximus

254 834 359 868 ordine)
390 834 508 861 haereses
537 841 576 860 vn
603 832 843 864 sunt:Audiaui,
871 831 1039 862 Photiniani,

253 879 433 912 Marcelliani,
452 879 625 910 Setniariani,
651 878 891 906 Pneumatomachi
913 878 960 913 qui
984 877 1043 912 Spi-

255 925 321 952 ritui
355 929 452 952 sancto
485 924 684 951 contumeliose
714 924 881 954 detrahunt,
909 915 1076 956 Acriani,B

256 970 367 997 Aetiani
383 970 430 1004 qui
443 974 470 997 et
483 968 619 1001 Anommi,
638 969 689 996 hoc
705 973 747 996 est
767 968 926 1000 Dissimiles,
949 967 1041 1002 appel-

256 1017 358 1044 lantur.
377 1015 406 1043 In
421 1015 543 1043 secundo
556 1022 622 1043 vero
643 1019 718 1041 tomo
736 1014 857 1049 ejusdem
882 1013 955 1041 tertii
976 1013 1039 1040 libri

255 1061 385 1095 (septimo
407 1064 498 1087 autem
521 1067 554 1087 ex
580 1059 716 1087 divisione
741 1059 796 1091 illa,
813 1066 894 1094 quam
908 1058 1040 1092 diximus)

253 1105 372 1133 btet-eses
392 1109 510 1140 quatuor
531 1109 596 1133 sunt
611 1114 618 1132 :
634 1104 801 1137 Dimmritze,
828 1105 875 1140 qui
904 1112 958 1132 non
981 1110 1041 1140 per-

255 1146 354 1178 fectam
392 1151 495 1178 Christi
526 1151 743 1178 incarnationem
781 1151 963 1182 conﬁtentur,
992 1150 1039 1185 qui

253 1196 336 1224 etiam
354 1196 541 1232 Apollinaritze
556 1196 734 1223 nominantur
749 1205 757 1223 :
773 1200 831 1223 tum
847 1196 892 1231 qui
917 1201 1040 1223 sanctam

254 1239 367 1268 Mariam
390 1249 500 1276 semper
522 1241 666 1276 virginem,
694 1245 837 1277 postquam
870 1241 1039 1270 Salvatorem

253 1287 359 1322 genuit,
390 1294 452 1313 cum
481 1286 601 1322 Josepho
628 1288 806 1314 consucvisse
832 1287 943 1321 dicunt,
972 1295 1042 1323 quos

257 1332 548 1360 Antidicomarianitas
564 1334 739 1361 nominamus
755 1343 760 1360 :
775 1336 801 1359 et
817 1333 864 1367 qui
892 1333 919 1360 in
942 1340 1041 1360 nomen

254 1377 377 1412 ejusdem
401 1377 493 1406 Mariae
513 1379 660 1414 collylidas
683 1379 812 1410 offerunt,
837 1380 883 1413 qui
910 1382 1042 1405 vocantur

255 1421 435 1458 Collyridiani
457 1433 464 1451 ε
490 1423 658 1452 Massaliani.
695 1424 801 1457 Quibus
833 1424 962 1459 adjuncta
993 1432 1043 1459 po-

256 1471 360 1495 stremo
373 1474 414 1497 est
427 1469 567 1497 catholicae
580 1470 640 1497 lidei
659 1477 692 1497 ae
705 1468 826 1497 veritatis
840 1469 1041 1504 compendiaria

253 1513 386 1547 defensio,
417 1515 444 1542 in
470 1524 524 1550 qua
554 1521 650 1544 saneta
679 1516 813 1544 catholica
839 1519 867 1544 et
892 1516 1041 1551 apostolica

253 1559 377 1588 Ecclesia
401 1562 537 1589 consistit.

1089 287 1219 313 ἅπτονται
1239 286 1422 321 Ἀρτοτυρίται
1434 292 1440 300 ·
1456 283 1786 319 Τεσσαρεσκαιδεκατῖται
1803 283 1832 309 οι
1858 283 1891 311 τὸ

1094 331 1190 366 Πάσχα
1206 330 1269 366 μίαν
1282 331 1386 366 ἡμέραν
1401 329 1447 356 τοῦ
1463 329 1539 360 ἔτους
1551 328 1705 359 ποιοῦντες·
1724 327 1843 361 Ἀλογοι
1863 330 1890 356 οἱ

1088 376 1119 402 τὸ
1143 376 1307 410 Εὑαγγέλιον
1331 375 1378 402 καὶ
1404 375 1453 410 τὴν
1482 374 1666 409 ’Λποκάλυψιν
1690 373 1818 402 Ἰωάννου
1849 376 1889 410 μὴ

1089 422 1248 457 δεχόμενον
1286 421 1458 456 Ἀδαμιανοὶ,
1487 420 1639 456 Σαμψαῖοι,
1678 422 1888 457 Κερκεσαῖοιί,

1089 468 1268 499 Θεοδοτιανοὶ,
1289 466 1534 502 Μελχισεδεκιανοὶ,
1552 467 1790 503 Βαρδησιανισταὶ,
1809 467 1890 503 N011-

1089 515 1188 545 τιανο“ι,
1211 513 1367 549 υὺαλὴσιοι.
1387 514 1518 548 Καθαροὶ,
1549 512 1717 548 Ἀγγελικοὶ,
1750 513 1888 539 ’Λποστο-

1090 560 1160 586 λικοὶ
1175 561 1199 586 οἱ
1220 561 1267 586 καὶ
1302 560 1500 591 ¹Λποτακτίται,
1521 559 1701 591 Σαὸελλιανοὶ,
1721 559 1889 595 Ὠριγένειοι

1091 607 1269 641 αἰσχροποιολη
1290 606 1448 642 Ὠριγένειοι
1468 607 1493 632 οἱ
1513 606 1560 632 τοῦ
1588 606 1760 641 Ἀδείμαντος.
1790 604 1838 631 Ἐν
1857 605 1888 630 δὲ

1090 652 1129 688 τῷ
1143 652 1262 688 δευτέρῳ
1281 653 1357 688 τόμῳ
1371 652 1418 679 τοῦ
1434 652 1514 679 αὑτοῦ
1529 653 1652 688 δευτέρου
1670 652 1782 687 βιόλίου,
1810 651 1887 686 πέμ-

1091 707 1151 734 πτῳ
1169 699 1197 725 δὲ
1220 698 1276 726 ὓντι
1301 699 1371 726 κατὰ
1394 699 1441 725 τὸν
1464 699 1579 734 ἀριθμὸν
1601 699 1645 725 τὸν
1668 698 1884 734 προειρημένον,

1091 744 1211 780 αἱρέσεις
1228 744 1247 771 ε’
1263 744 1347 776 οὕτως
1359 753 1365 760 ·
1389 744 1494 771 Παύλου
1512 743 1556 770 τοῦ
1579 744 1769 778 Σαμοσατέως,
1794 744 1884 770 Μανι-

1091 791 1163 825 χαίοι
1176 791 1201 817 οἱ
1217 790 1263 817 καὶ
1285 791 1464 821 Ἀκουανῖται,
1491 790 1647 824 Ἰερακῖται,
1670 788 1835 815 Μελετιανοὶ
1857 789 1883 814 οἱ

1091 835 1121 861 ὲν
1135 836 1169 869 τῇ
1191 835 1320 870 Αἰγύπτῳ
1339 834 1520 870 πεποιηκότες
1543 834 1573 860 τὸ
1597 834 1709 868 σχίσμα,
1731 834 1882 869 Ἀρειανοί.

1092 879 1167 914 Αὕτη
1222 880 1269 906 τοῦ
1291 880 1417 916 δευτέρου
1437 879 1539 914 βιϐλίου
1554 879 1608 906 τῶν
1629 879 1718 914 τόμων
1737 880 1884 912 ἀνακεφα-

1090 924 1211 957 λαίωσις.
1234 919 1348 960 Ὁμοίως
1364 926 1410 952 καὶ
1424 925 1453 952 ὲν
1465 925 1504 960 τῷ
1516 925 1601 960 τρίτῳ
1622 924 1715 959 βιϐλίῳ
1731 924 1786 950 sisi
1800 924 1883 958 τόμοι

1091 971 1153 997 δύο·
1180 971 1208 996 ἐν
1224 968 1266 1005 τῷ
1287 971 1337 1006 μὲν
1361 969 1463 1005 πρώτῳ
1481 970 1555 1005 τὸμῳ
1572 968 1618 995 τοῦ
1644 969 1735 1004 τρίτου
1762 967 1881 1003 βιϐλίου,

1091 1014 1163 1050 ἕκτῳ
1177 1014 1206 1040 δὲ
1222 1015 1280 1041 ὄντι
1301 1013 1372 1041 κατὰ
1388 1014 1433 1041 τὸν
1447 1013 1571 1050 ἀριθμὸν,
1593 1013 1622 1041 ὃν
1644 1013 1823 1049 προείπομεν,
1840 1014 1883 1039 αἰ-

1092 1058 1182 1094 ρέσεις
1206 1058 1239 1090 ζ’,
1264 1058 1367 1090 οὕτως’
1392 1058 1529 1090 Δὺδιανοὶ,
1551 1059 1681 1085 Φωτιανοὶ
1705 1059 1726 1090 ⁸,
1748 1058 1880 1094 Μαρκελ-

1091 1104 1188 1136 λιανοὶ.
1211 1104 1375 1141 Ἦμιάρειοι,
1388 1105 1614 1141 Πνευματομάχοι
1624 1105 1649 1130 οἱ
1661 1104 1691 1131 τὸ
1703 1104 1816 1140 Πνεῦμα
1831 1104 1880 1131 τοῦ

1091 1149 1158 1176 Θεοῦ
1179 1150 1210 1176 τὸ
1228 1150 1305 1185 ἅγιον
1321 1150 1551 1186 βλασφημοῦντες,
1575 1151 1715 1186 Ἀεριανοὶ,
1739 1151 1840 1177 Ἀέτιοι
1855 1151 1879 1177 οἱ

1091 1198 1139 1224 καὶ
1163 1197 1308 1232 Ἀνόμοιοι.
1331 1198 1376 1224 Ἐν
1398 1198 1426 1224 δὲ
1441 1197 1479 1232 τῷ
1497 1198 1615 1233 δευτέρῳ
1630 1198 1704 1233 τόμῳ
1724 1197 1771 1224 τοῦ
1794 1197 1879 1224 αὐτοῦ

1091 1244 1184 1280 τρίτου
1199 1243 1313 1279 βιϐλίου,
1330 1243 1436 1278 ἑϐδόμῳ
1451 1243 1479 1269 δὲ
1493 1243 1549 1270 ὄντι
1561 1243 1621 1270 καθ’
1634 1243 1666 1278 ἥν
1679 1243 1793 1278 εἴπομεν
1809 1243 1880 1270 διαί-

1093 1299 1178 1326 ρεσιν,
1193 1290 1313 1326 αἱρέσεις
1335 1289 1466 1324 τέσσαρες
1488 1289 1591 1320 οὕτως·
1616 1289 1766 1324 Διμοιραῖοι
1789 1290 1814 1315 οἱ
1841 1289 1879 1324 μὴ

1091 1336 1196 1363 τελείαν
1211 1336 1260 1371 τὴν
1280 1335 1325 1362 τοῦ
1349 1335 1467 1371 Χριστοῦ
1490 1335 1694 1371 ὲνανθρώπησιν
1716 1333 1877 1369 ὁμολογοῦν-

1092 1391 1148 1414 τες,
1163 1383 1188 1409 οἱ
1204 1382 1250 1409 καὶ
1275 1381 1475 1417 Ἀπολιναρϊται
1485 1390 1491 1398 ·
1506 1382 1531 1408 οἱ
1551 1381 1596 1408 καὶ
1610 1381 1688 1415 ἁγίαν
1703 1380 1812 1416 Μαρίαν
1827 1380 1879 1415 τὴν

1091 1426 1270 1462 ἁειπάρθενον
1284 1425 1409 1459 λέγοντες
1424 1425 1491 1461 μετὰ
1511 1425 1541 1452 τὺ
1557 1426 1602 1451 τὸν
1620 1425 1732 1460 Σωτῆρα
1747 1433 1877 1459 γεγεννη-

1092 1473 1178 1505 κέναι,
1200 1472 1239 1506 τῷ
1258 1471 1356 1507 Ἰωσὴφ
1381 1471 1524 1506 συνῆφθαι,
1542 1470 1588 1502 οὓς
1602 1470 1769 1504 ἐκαλέσαμεν
1788 1471 1878 1496 Ἀντι-

1092 1516 1314 1553 δικομσριανίτας
1326 1525 1333 1532 ο
1349 1516 1396 1543 καὶ
1409 1516 1433 1542 οἱ
1449 1517 1488 1547 εἰς
1501 1515 1585 1550 ὄνομα
1599 1515 1648 1550 τῆς
1667 1515 1751 1549 αὐτῆς
1766 1514 1878 1550 Μαρίας

1093 1563 1251 1598 κολλυρίδας
1267 1562 1477 1599 προσφέροντες,
1492 1561 1588 1592 οἵτινες
1609 1561 1752 1587 καλοῦνται
1775 1560 1877 1586 Κολλυ-

255 1605 366 1640 ριδιανοί
377 1615 383 1622 ·
399 1607 595 1634 Μασσαλιανοί·
610 1607 657 1634 καὶ
671 1608 687 1643 ἡ
702 1607 827 1643 περὶτῆς
839 1606 922 1643 ὀρθῆς
943 1607 1059 1638 πίστεως
1082 1607 1129 1634 καὶ
1153 1607 1281 1643 ἀληθείας
1303 1606 1433 1641 ἀπολογία
1458 1605 1515 1642 μετ’
1525 1606 1667 1641 ἐπιτομῆς,
1681 1606 1740 1641 ἥτις
1762 1605 1836 1632 ἐστὶν
1859 1607 1875 1635 ή

254 1653 320 1688 ἁγία
335 1653 464 1687 καθολικὴ
487 1653 534 1680 καὶ
550 1653 714 1689 ἁποστολικὴ
734 1653 891 1688 Ἐκκλησία.

292 1699 432 1734 Ejusmodi
453 1704 496 1727 est
517 1708 622 1726 summa
653 1700 861 1735 comprehensio
893 1706 925 1726 ac
955 1700 1040 1726 totius

254 1745 344 1780 operis
361 1745 492 1772 adversus
507 1745 645 1780 octoginta
669 1745 786 1772 luerescs
805 1744 958 1779 inscriptio,
977 1751 1039 1771 cum

257 1790 338 1817 unica
358 1797 390 1816 ac
416 1790 546 1824 singulari
570 1789 729 1816 defensione
754 1790 893 1822 veritatis,
920 1789 971 1815 hoc
997 1792 1040 1816 est

255 1835 338 1862 unius
350 1835 477 1862 Ecclesia:
485 1840 566 1870 atque
576 1835 725 1862 catholicae.
734 1834 810 1868 Quod
821 1842 890 1869 opus
903 1834 1041 1862 distribu-

255 1885 313 1907 tum
326 1879 353 1906 in
365 1885 455 1914 partes
465 1883 532 1911 tres,
544 1884 632 1907 tomos
642 1884 743 1914 septem
753 1879 951 1914 complectitur.
963 1879 1040 1906 Nunc

255 1925 336 1952 aliam
353 1925 482 1960 deinceps
493 1925 573 1959 primi
589 1926 653 1952 tomi
668 1926 768 1960 prioris
783 1926 844 1952 libri
855 1933 991 1952 summam
1008 1933 1041 1953 ac

255 1969 445 2004 compendium
468 1969 652 2002 instituemus,
675 1978 730 2005 quo
744 1970 854 2004 quidem
870 1970 896 1996 in
917 1969 987 1997 libro
1004 1970 1041 1997 vi-

257 2015 323 2049 ginti
336 2014 453 2040 lnereses
464 2014 648 2042 continentur.
662 2013 693 2041 In
708 2015 802 2049 primis
816 2014 888 2041 enim
900 2013 1040 2042 hzereseon

255 2059 377 2087 omnium
396 2065 499 2088 matres
523 2068 556 2088 ac
572 2060 709 2096 primaria:
728 2060 924 2095 appellationes
943 2067 959 2086 a
977 2060 1040 2095 qui-

255 2104 307 2131 bus
321 2108 424 2131 caeteras
443 2105 630 2137 dimanarunt.
645 2109 710 2132 sunt
722 2105 856 2139 ejusmodi
875 2113 881 2132 :

292 2149 492 2181 Barbarismus,
507 2149 554 2184 qui
571 2157 619 2184 per
637 2149 757 2184 seipsum
774 2150 809 2176 ab
825 2149 930 2178 Adamo
944 2150 978 2178 ad
993 2151 1040 2178 de.

257 2201 315 2220 cem
335 2195 523 2229 generationes
537 2198 565 2221 et
590 2194 683 2221 Noemi
701 2199 822 2229 tunpora
844 2196 1037 2229 perseveravit.

256 2238 308 2271 Qui
321 2238 511 2266 Barbarismus
528 2243 671 2274 propterea
686 2239 798 2273 dicitur,
815 2242 889 2276 quod
906 2243 1037 2269 vetustis-

257 2284 318 2311 simi
333 2284 371 2311 illi
385 2284 540 2311 mortalium
555 2289 754 2320 nequecertum
763 2286 882 2321 aliquem
896 2291 1037 2315 auctorem

257 2329 404 2361 habebant,
429 2337 478 2356 nec
502 2330 572 2356 inter
597 2337 627 2357 se
646 2331 871 2364 consentiebant;
885 2332 932 2359 sed
951 2340 1037 2360 unus-

1125 1697 1200 1733 Αὕτη
1215 1698 1231 1733 ἡ
1251 1696 1487 1732 ἀνακεφαλαίωσις
1507 1696 1555 1733 καὶ
1568 1695 1706 1730 ἐπιγραφὴ
1721 1694 1771 1729 τῆς
1786 1695 1873 1729 πάσης

1091 1745 1162 1771 κατὰ
1183 1744 1236 1770 τῶν
1258 1743 1422 1778 ὁγδοήκοντα
1447 1742 1579 1778 αἱρέσεων
1603 1741 1803 1777 πραγματείας,
1827 1740 1871 1767 καῖ

1092 1791 1157 1825 μιᾶς
1179 1789 1229 1824 τῆς
1253 1789 1323 1824 ὑπὲρ
1348 1788 1476 1823 ἀληθείας
1498 1787 1653 1821 ἀπολογίας,
1676 1787 1797 1813 τουτέστι
1824 1785 1871 1820 τῆς

1092 1836 1176 1871 μόνης
1198 1835 1344 1870 καθολικῆς
1365 1834 1536 1869 Ἐκκλησίας,
1553 1834 1582 1859 ὲν
1598 1833 1671 1868 τρισὶ
1692 1833 1740 1867 μὲν
1762 1831 1871 1866 βιϐλίοις

1091 1879 1258 1914 ὑποκειμένη
1279 1879 1512 1914 συντεταγμένως,
1527 1877 1596 1904 ἑπτὰ
1617 1877 1645 1903 δὲ
1666 1877 1758 1912 τόμοις
1772 1877 1868 1912 διαιρε-

1091 1925 1178 1953 Θεῑσα.
1202 1925 1374 1961 Ποιησόμευα
1388 1925 1416 1951 δὲ
1432 1925 1512 1951 πάλιν
1526 1922 1760 1958 ἀνακεφαλαίωσιν
1778 1921 1871 1958 ἑτέραν

1089 1971 1136 1998 τοῦ
1152 1972 1260 2006 πρώτου
1272 1972 1355 2006 τόμου
1372 1971 1418 1997 τοῦ
1436 1971 1543 2006 πρώτου
1561 1969 1662 2006 βιϐλίου
1677 1968 1723 1995 τοῦ
1735 1968 1806 1995 κατὰ
1819 1968 1870 1994 τῶν

1090 2018 1192 2044 εἴκοσιν
1214 2018 1345 2052 αἱρέσεων
1359 2017 1596 2052 διαλαμϐάνοντος.
1614 2015 1725 2051 Πρῶτον
1750 2014 1800 2050 μὲν
1818 2014 1870 2050 γὰρ

1089 2064 1117 2090 αἱ
1140 2063 1193 2090 τῶν
1209 2063 1340 2098 αἱρέσεων
1367 2062 1461 2088 πασῶν
1487 2061 1604 2098 μητέρες
1628 2061 1674 2087 καὶ
1699 2059 1869 2096 πρωτύτυποι

1090 2108 1230 2143 ὀνομασίαι
1243 2107 1272 2140 ἐξ
1286 2105 1323 2134 ὧν
1338 2107 1415 2134 ἄλλαι
1429 2107 1542 2141 ἔφυσαν,
1557 2102 1638 2133 αὗταί
1657 2106 1729 2131 εἱσι·

1124 2154 1325 2190 Βαρὸαρισμὺς,
1342 2153 1403 2188 ἥτις
1428 2152 1488 2179 καθ’
1506 2152 1605 2186 ἑαυτήν
1628 2152 1686 2177 ἐστι
1702 2151 1868 2186 διαρκέσασα

1089 2199 1136 2233 ἀφ’
1160 2198 1271 2234 ἡμερῶν
1293 2198 1340 2225 τοῦ
1375 2199 1470 2233 Ἀδὰμ,
1495 2197 1542 2224 ἐπὶ
1563 2197 1628 2223 δέκα
1650 2197 1756 2231 γενεαῖς
1782 2196 1799 2231 ἢ
1823 2197 1868 2222 τοῦ

1089 2244 1150 2271 Νῶε
1161 2245 1181 2271 ³.
1197 2244 1387 2280 Βαρὸαρισμὸς
1413 2244 1442 2270 δὲ
1465 2243 1594 2278 κέκληται
1616 2243 1670 2269 ἀπὸ
1691 2242 1739 2269 τοῦ
1759 2242 1796 2278 μὴ
1808 2243 1867 2273 τοὺς

1087 2290 1147 2316 τότε
1163 2289 1321 2324 ἀνθρώπους
1335 2289 1455 2324 ἀρχηγόν
1479 2297 1541 2315 τινα
1559 2288 1630 2323 ἔχειν
1645 2288 1661 2323 ἢ
1682 2287 1747 2323 μίαν
1760 2295 1868 2322 συμφω-

1088 2336 1164 2363 νίαν-
1182 2335 1239 2362 ἀλλ’
1260 2334 1300 2361 ὅτι
1324 2335 1378 2366 πᾶς
1400 2343 1442 2366 τις
1458 2334 1546 2369 ἐαυτῷ
1565 2334 1690 2368 ὲστοίχει,
1717 2334 1764 2359 καὶ
1790 2334 1867 2368 νόμος

255 2375 373 2409 quisque
387 2382 436 2409 pro
451 2382 502 2402 sua
518 2375 656 2402 voluntate
671 2377 751 2402 vitam
764 2377 932 2409 instituebat,
944 2385 977 2404 ac
989 2385 1037 2412 pro

1092 2380 1176 2415 ἐαυτῷ
1197 2380 1268 2408 κατὰ
1283 2381 1333 2416 τὴν
1356 2380 1519 2415 προτίμησιν
1543 2379 1590 2405 τοῦ
1617 2378 1680 2405 ἰδίου
1703 2378 1867 2414 βουλήματος

256 2419 315 2453 lege
338 2427 418 2447 suum
451 2420 568 2454 quisque
590 2424 686 2447 nutum
716 2425 798 2456 atque
820 2422 962 2449 arbitrium
987 2423 1039 2450 sibi

256 2464 435 2499 proponebat.

293 2509 464 2544 Scythismus
481 2517 496 2536 a
510 2509 605 2538 Noemi
624 2511 793 2546 temporibus
807 2511 841 2538 ad
855 2520 942 2547 usque
954 2513 1039 2541 turris

256 2558 283 2581 et
296 2553 441 2590 Babylonis
458 2555 711 2588 ex:edilicatinnem,
727 2564 759 2583 ac
774 2560 835 2591 post
852 2558 949 2584 turrim
969 2565 1038 2592 pau-

256 2599 297 2626 cis
312 2599 401 2626 adhuc
420 2600 500 2626 armis
516 2601 645 2631 obtinuit.
662 2601 713 2627 hoc
728 2605 768 2628 est
784 2609 870 2636 usque
884 2601 916 2628 ad
936 2601 1035 2629 Phalec

257 2643 365 2679 1115
381 2648 409 2670 et
423 2644 535 2680 Rhagau
549 2664 556 2675 .
573 2645 619 2680 qni
643 2645 676 2672 ad
694 2645 829 2680 Europam
851 2651 1034 2678 transeuntes,

1088 2424 1202 2459 ἐγίνετο.

1121 2511 1272 2546 Σκυθισμὸς
1295 2512 1348 2538 ἀπὸ
1362 2511 1417 2537 τῶν
1432 2511 1544 2547 ἡμερῶν
1569 2511 1628 2538 Νῶε
1654 2510 1704 2546 (6),
1735 2512 1782 2538 καὶ
1806 2520 1862 2546 μετ-

1087 2557 1181 2584 έπειτα
1201 2558 1263 2592 ἄχρι
1277 2558 1326 2592 τῆς
1343 2557 1390 2583 τοῦ
1402 2557 1508 2592 πύργου
1526 2558 1668 2592 οἰκοδομῆς
1683 2557 1730 2583 καὶ
1747 2557 1866 2584 Βαευλῶ-

1087 2612 1142 2636 νος,
1169 2604 1216 2630 καὶ.
1237 2603 1307 2638 μετὰ
1321 2604 1367 2629 τὸν
1385 2603 1431 2629 τοῦ
1457 2603 1561 2639 πύργου
1584 2603 1679 2638 χρόνον
1702 2603 1748 2629 ἐπὶ
1771 2603 1865 2637 ὀλίγοις

1089 2646 1171 2680 ἔτεσι,
1186 2647 1325 2673 τουτέστιν
1345 2648 1397 2680 ἕως
1410 2647 1498 2675 Φαλὲκ
1517 2649 1564 2675 καὶ
1586 2647 1700 2682 Ῥαγὰε,
1713 2648 1811 2681 οἵτινες
1824 2648 1867 2676 ἐπὶ

303 2722 312 2738 ³
327 2721 390 2749 Cor.
409 2722 558 2750 Ἐλκεσαίυι
594 2723 604 2738 ⁸
619 2722 680 2750 Cor.
696 2723 876 2751 Φωτεινιανοί.
914 2722 925 2738 ³
941 2722 972 2751 F.
992 2723 1038 2759 μέ]

1092 2723 1132 2750 τοῦ
1149 2723 1222 2751 Νῶε.

289 2797 328 2832 (6)
346 2798 513 2833 Σκυθισμὸς
530 2799 590 2827 ἀπὸ
604 2799 664 2826 τῶν
677 2799 794 2834 ἡμερῶν
807 2799 878 2828 Νῶε.
902 2800 975 2829 Ordo
990 2801 1035 2828 hic

258 2837 282 2858 et
296 2835 433 2868 sectarum
451 2835 606 2868 progressio
619 2855 625 2865 .
647 2843 699 2862 non
726 2837 776 2861 hoc
796 2836 882 2862 solum
907 2836 934 2862 in
964 2837 1033 2868 loro,

257 2867 303 2894 50d
313 2871 337 2894 ct
348 2868 422 2900 alibi,
433 2869 458 2895 in
469 2867 537 2896 libro
549 2871 635 2904 primo
645 2868 922 2904 Panariiprarsertitn.
933 2870 975 2899 Cf.
984 2871 1034 2899 Pe-

1089 2801 1153 2840 tavii
1167 2802 1201 2829 de
1217 2802 1313 2840 ordine
1331 2803 1378 2830 illo
1392 2811 1427 2837 ac_
1438 2804 1782 2839 progressionejudicium,
1797 2805 1864 2840 quod

1088 2837 1203 2870 legimus
1221 2838 1292 2865 inter
1307 2838 1381 2868 illius
1394 2837 1645 2868 :miinadversiones
1657 2840 1683 2867 in
1698 2837 1779 2868 num.
1792 2837 1818 2869 8⁷.
1833 2841 1864 2867 ad

1086 2870 1250 2900 Praeludimn
1268 2874 1351 2901 totius
1365 2873 1466 2908 Oper-is.
