1935 3044
255 191 309 218 839

255 245 368 274 Joannis
380 244 541 278 repudiarit:
557 243 711 275 Adamiani,
726 243 857 278 Sampsa‘i
874 243 919 278 qui
937 247 964 270 et
981 242 1043 270 Ilcl-

255 291 332 319 ceszei
345 310 353 323 ,
384 290 563 317 'l'heodotiani
577 309 585 322 ,
612 289 846 316 Mclchisedeciaui
860 308 867 320 ,
899 289 1040 315 Uardesia-

256 337 345 367 nistaa,
370 335 506 367 Noetiaui,
530 334 643 366 Valesii,
666 335 787 366 Cathari,
813 334 945 369 Angelici,
971 334 1041 368 Apo-

257 381 348 408 stolici
374 381 421 415 qui
447 382 528 408 etiam
559 381 724 415 Apotactici,
756 380 915 413 Sabelliaui,
943 379 1039 414 Orige-

255 427 333 454 nistaa
360 426 491 453 foeditatis
520 431 646 453 auctores
662 447 669 459 ,
693 426 854 461 Origenistae
868 426 901 452 ab
922 425 1039 460 Origene

258 472 431 500 Adamantio.
455 471 483 499 In
505 473 626 500 secumlo
645 476 735 500 autem
752 477 825 499 tomo
841 472 963 506 ejusdem
979 471 1040 498 libri

254 517 367 544 socuudi
382 517 449 551 (qui
464 516 555 551 priore
569 517 613 543 illa
628 517 788 543 numerandi
809 517 914 543 ratione
926 516 1039 551 quintus

254 563 306 597 est)
333 563 451 590 lintreses
464 563 586 597 quinque
610 562 715 597 1113
740 566 823 590 sunt:
841 562 917 588 l‘auli
943 562 1040 589 Samo-

254 609 384 641 satensis,
416 608 558 635 Manichaai
578 609 626 642 qui
654 614 681 635 ct
705 609 856 639 Acuanitze,
882 607 1038 641 Hier-auita,

259 653 397 682 Melvtiani
414 655 458 688 qui
478 654 505 681 in
523 653 640 689 Aigypto
651 654 770 681 schisma
787 653 1040 684 iccerunt,'Ariaui.

254 700 344 734 Atque
378 700 436 726 haec
461 703 503 726 est
533 703 670 726 tomorum
695 699 756 726 libri
783 699 895 726 secundi
924 706 1041 725 summa.

256 745 388 772 Similiter
404 749 431 772 et
445 745 472 772 in
485 745 565 772 tertio
581 745 651 772 libro
669 745 735 772 tomi
747 745 802 772 duo
816 749 890 772 sunt.
904 745 932 771 in
949 744 1038 779 primo

256 795 330 819 tomo
358 792 431 819 tertii
459 791 523 819 libri
550 794 641 826 (sexto
662 796 752 818 autem
777 798 817 827 eo.
830 799 909 825 quem
925 790 1043 817 diximus

257 837 362 871 ordine)
393 837 510 864 haereses
539 844 578 864 vn
606 839 669 864 sunt
686 845 692 863 :
709 835 846 867 Audiaui,
874 834 1042 866 Photiniaui,

255 882 435 915 Marcelliani,
454 882 628 913 Semiariaui,
653 881 894 909 Pneumatomachi
915 881 962 916 qui
987 880 1045 915 Spi-

258 928 324 955 ritui
357 931 454 955 sancto
488 927 686 954 contumeliose
716 927 884 958 detrahunt,
911 918 1078 959 Aeriani,l3

259 973 369 1000 Aetiani
385 973 432 1008 qui
445 978 472 1000 et
485 971 622 1004 Anommi,
640 972 691 999 hoc
708 977 750 999 est
770 971 929 1004 Dissimiles,
951 971 1043 1006 appel-

259 1019 360 1046 lantur.
380 1018 409 1046 In
424 1018 545 1046 secundo
558 1025 625 1046 vero
645 1022 720 1044 tomo
738 1017 860 1052 ejusdem
885 1017 958 1044 tertii
979 1016 1042 1044 libri

257 1063 387 1098 (septimo
410 1067 500 1090 autem
524 1070 556 1090 ex
582 1063 718 1090 divisione
743 1062 799 1094 illa,
815 1070 897 1098 quam
911 1062 1042 1096 diximus)

256 1108 374 1136 hereses
395 1113 512 1143 quattuor
533 1112 621 1136 sunt:
637 1107 803 1140 DimCeritar,
831 1109 878 1143 qui
907 1115 962 1136 non
983 1115 1044 1143 per-

257 1148 356 1181 fectam
394 1154 497 1182 Christi
528 1153 746 1181 incarnationem
783 1154 966 1186 conﬁtentur,
994 1154 1042 1188 qui

256 1199 339 1226 etiam
357 1199 544 1234 Apollinarita‘.
558 1200 737 1226 nominantur
751 1208 759 1227 :
776 1203 834 1226 tum
849 1200 895 1235 qui
920 1205 1043 1227 sanctam

256 1243 369 1271 Mariam
393 1252 502 1279 semper
525 1245 668 1280 virginem,
696 1249 840 1280 postquam
873 1244 1042 1273 Salvatorem

256 1290 362 1324 genuit,
393 1297 455 1317 cum
483 1289 603 1325 Josepho
631 1291 808 1318 consuevissc
835 1291 946 1325 dicunt,
975 1298 1044 1326 quos

259 1335 551 1363 Antidicomarianitas
567 1337 742 1364 nominamus
757 1346 763 1363 :
777 1340 804 1363 et
819 1336 866 1371 qui
895 1337 921 1364 in
945 1343 1044 1364 nomen

256 1381 380 1415 ejusdem
404 1381 495 1409 Mariae
515 1382 662 1417 collyiidas
685 1382 814 1414 ollerunt,
839 1383 885 1416 qui
913 1385 1045 1409 vocantur

257 1424 466 1461 Collyridiani:
493 1427 660 1456 Massaliani.
697 1428 804 1460 Quibus
836 1428 965 1462 adjuncta
996 1435 1045 1463 po-

259 1475 362 1498 stremo
376 1477 417 1500 est
429 1472 569 1500 catholica:
583 1473 643 1501 iidei
662 1480 694 1500 ac
707 1471 828 1500 veritatis
842 1473 1044 1508 compendiaria

255 1516 389 1551 defensio,
419 1519 445 1546 in
472 1527 526 1554 qua
557 1524 652 1547 sancta
681 1519 815 1547 catholica
841 1522 869 1547 et
894 1519 1044 1554 apostolica

256 1562 379 1592 Ecclesia
404 1566 539 1592 consistit.

257 1609 369 1644 ριδιανοί
379 1618 386 1625 ·
401 1610 597 1637 Μασσαλιανοί·
613 1611 660 1637 καὶ
674 1611 689 1646 ἡ
705 1610 829 1647 περὶτῆς
841 1610 924 1646 ὀρθῆς
945 1611 1061 1642 πίστεως

257 1656 322 1690 ἁγία
337 1656 467 1690 καθολικὴ
489 1657 536 1683 καὶ
553 1657 717 1692 ἁποστολικὴ
737 1656 893 1692 Ἐκκλησία.

295 1702 435 1736 Ejusmodi
455 1707 498 1730 cst
519 1711 624 1730 summa
655 1703 864 1738 comprehensio
895 1710 928 1729 ac
957 1703 1041 1730 totius

256 1748 346 1782 operis
364 1747 495 1775 adversus
510 1748 648 1783 octoginta
671 1749 789 1775 haereses
807 1747 961 1782 inscriptio,
979 1754 1041 1775 cum

259 1793 340 1820 unica
360 1800 393 1819 ac
418 1793 548 1827 singulari
573 1793 732 1820 defensioue
756 1793 896 1825 veritatis,
922 1792 974 1818 hoc
999 1795 1043 1819 est

257 1838 341 1866 unius
353 1838 479 1866 Ecclesia:
487 1843 569 1873 atque
579 1838 728 1865 catholicae.
736 1837 813 1871 Quod
823 1845 892 1872 opus
905 1837 1043 1864 distribu-

257 1888 314 1910 tum
328 1882 355 1909 iu
367 1888 458 1917 partes
468 1887 534 1914 tres,
546 1887 634 1910 tomos
644 1887 745 1917 septem
755 1882 953 1917 complectitur.
965 1881 1042 1910 Nunc

257 1927 339 1954 aliam
356 1928 484 1962 deinceps
495 1928 575 1962 primi
591 1929 655 1955 tomi
669 1929 770 1963 prioris
784 1928 846 1955 libri
858 1936 993 1955 summam
1011 1936 1043 1956 ac

257 1972 447 2006 compendium
471 1973 654 2004 instituemus,
677 1981 732 2007 quo
746 1973 855 2007 quidem
872 1973 898 1999 in
919 1973 989 2000 libro
1006 1973 1043 2000 vi-

259 2017 326 2051 ginti
339 2017 455 2043 haereses
467 2017 650 2044 continentur.
665 2016 695 2044 In
709 2017 804 2052 primis
819 2017 890 2044 enim
901 2017 1042 2045 hereseon

258 2061 379 2089 omnium
399 2067 501 2091 matres
526 2070 558 2091 ac
575 2063 711 2098 primariae
730 2063 926 2098 appellationes
945 2070 961 2090 a
979 2063 1042 2099 qui-

257 2107 309 2134 bus
324 2111 427 2134 cantem
445 2107 632 2139 dimanarunt,
648 2112 712 2135 sunt
724 2108 859 2142 ejusmodi
877 2117 883 2135 :

294 2151 495 2184 Barbarismus,
509 2152 556 2187 qui
573 2159 621 2187 per
639 2152 760 2187 seipsum
777 2154 812 2180 ab
827 2153 932 2180 Adamo
947 2153 980 2181 ad
995 2155 1042 2181 de-

259 2203 318 2222 cem
337 2198 526 2231 generationes
539 2201 567 2224 et
592 2197 685 2224 Noemi
703 2201 824 2232 tvtnpora
846 2199 1039 2233 perseveravit.

259 2241 310 2274 Qui
323 2241 513 2269 Barbarismus
530 2246 673 2277 propterea
688 2243 800 2276 dicitur,
817 2245 892 2279 quod
908 2245 1040 2272 vetustis-

259 2287 320 2314 simi
335 2287 373 2314 illi
387 2287 542 2314 mortalium
556 2292 756 2322 nequecertum
765 2289 884 2323 aliquem
897 2294 1039 2318 auctorem

259 2331 406 2364 habebant,
431 2339 481 2359 nec
505 2332 574 2360 inter
600 2340 629 2360 se
648 2334 873 2367 consentiebant;
887 2335 934 2362 scd
953 2343 1039 2362 unus-

257 2377 375 2412 quisque
390 2384 438 2411 pro
454 2384 504 2404 sua
520 2378 657 2405 voluntate
673 2379 753 2405 vitam
766 2379 934 2411 instituebat,
946 2387 978 2406 ac
991 2388 1039 2415 pro

258 2422 317 2456 lege
340 2429 420 2450 suum
453 2423 570 2457 quisque
592 2427 688 2450 nutum
718 2427 800 2459 atque
821 2424 963 2452 arbitrium
989 2425 1041 2452 sibi

259 2467 437 2501 proponebat.

294 2512 466 2547 Scythismus
483 2520 498 2539 a
512 2512 607 2540 Nocmi
625 2514 795 2548 temporibus
809 2513 843 2541 ad
857 2522 943 2550 usque
956 2517 1041 2544 turris

257 2561 285 2583 et
297 2557 442 2593 Babylonis
460 2557 713 2590 exaedilicatiunem,
730 2566 760 2586 ac
776 2562 837 2594 post
853 2561 951 2586 turrim
971 2567 1040 2594 pau-

258 2602 298 2628 cis
313 2602 402 2628 adhuc
421 2602 501 2628 antiis
518 2603 647 2633 obtinuit.
664 2603 715 2629 hoc
729 2608 771 2631 est
786 2611 872 2638 usque
885 2603 918 2630 ad
938 2603 1037 2632 Phalec

260 2646 367 2682 1114
383 2651 411 2673 et
425 2647 539 2682 Rhagau
550 2666 557 2677 .
574 2648 621 2682 qui
644 2648 678 2674 ad
695 2648 830 2683 Europam
853 2653 1037 2681 transeuntes,

957 186 986 214 S.
1007 184 1177 213 EPII’IIANI!

1832 183 1889 210 85')

1057 247 1078 274 Λ
1093 244 1249 280 δρουγῐται,
1275 241 1452 274 Πεπουζιανοὶ
1475 241 1520 268 καὶ
1543 238 1728 272 Κυντιλιανοὶ,
1751 236 1796 271 οἷς
1822 248 1889 267 aw-

1092 290 1222 316 ἅπτονται
1242 290 1443 324 Ἀρτοτυρίται·
1459 286 1787 322 Τεσσαρεσκαιδεκατῖται
1806 286 1834 313 οι
1860 287 1892 315 τὸ

1096 335 1192 369 Πάσχα
1209 333 1272 369 μίαν
1284 334 1389 369 ἡμέραν
1403 333 1450 359 τοῦ
1466 333 1541 364 ἔτους
1554 331 1708 363 ποιοῦντες”
1727 330 1845 365 ’Δλογοι
1865 334 1891 359 οι

1091 379 1122 406 τὸ
1146 379 1310 414 Εὑαγγέλιον
1334 379 1381 405 καὶ
1407 378 1455 413 τὴν
1485 377 1669 413 Ἀποκάλυψιν
1693 377 1820 406 Ἰωάννου
1851 379 1890 414 μὴ

1091 425 1250 460 δεχόμενοι·
1288 424 1461 459 ’Λδαμιανοὶ,
1489 423 1642 460 Σαμψαῖοι,
1681 425 1852 460 Κερκεσαίοι
1869 426 1889 456 ¹,

1092 471 1270 502 Θεοδοτιανοὶ,
1291 470 1537 505 Μελχισεδεκιανοὶ,
1554 471 1792 506 Βαρδησιανισταὶ,
1812 471 1890 506 Narq-

1091 519 1191 548 τιανοὶ,
1214 517 1369 552 Οὐαλήσιοι.
1389 517 1521 552 Καθαροί,
1552 516 1720 551 Ἀγγελικοὶ,
1753 516 1890 542 Ἀποστο-

1092 563 1162 589 λικοὶ
1178 564 1202 589 οἱ
1223 564 1270 590 καὶ
1305 563 1503 595 ’Λποτακτίται,
1524 563 1704 595 Σαῦελλιανοὶ,
1724 563 1890 598 Ὦριγένειοι

1093 610 1272 644 αἰσχροποιοὶ,
1293 609 1451 645 Ὠριγὲνειοι
1471 610 1495 636 oi
1516 609 1562 635 τοῦ
1590 610 1763 644 ’Ᾱδάμαντος.
1791 608 1840 634 Ἐν
1860 608 1889 634 δὲ

1092 655 1132 691 τῷ
1146 655 1265 691 δευτέρῳ
1284 656 1360 692 τόμῳ
1373 656 1421 682 τοῦ
1437 655 1517 682 αὐτοῦ
1532 656 1656 692 δευτέρου
1673 655 1783 690 βιόλίου,
1813 655 1889 689 πέμ-

1094 711 1153 737 πτῳ
1172 702 1200 728 δὲ
1223 702 1279 729 ὕντι
1304 703 1373 729 κατὰ
1397 703 1444 729 τὸν
1466 702 1582 737 ἀριθμὸν
1603 702 1648 729 τον
1671 702 1886 737 προειρημένον,

1093 747 1214 783 αἱρέσεις
1230 747 1250 774 ε’
1266 748 1368 780 οὕτως’
1391 747 1496 774 Παύλου
1515 747 1559 774 τοῦ
1582 747 1770 782 Σαμοσατέως,
1795 747 1886 773 Μανι-

1093 794 1165 828 χαῖοι
1179 794 1204 821 οἱ
1221 794 1266 820 καὶ
1288 794 1467 825 Ἀκουανῖται,
1494 793 1650 828 Ὶερακίται,
1673 791 1837 819 Μελετιανοὶ
1859 792 1885 818 οἱ

1095 839 1124 864 ὲν
1138 839 1171 873 τῇ
1193 838 1322 873 Αἰγύπτῳ
1342 838 1522 873 πεποιηκότες
1545 837 1576 864 τὺ
1600 838 1712 872 σχίσμα,
1733 837 1883 872 ’Δρειανοί.

1095 883 1170 918 Αὕτη
1225 884 1271 910 τοῦ
1294 884 1420 920 δευτέρου
1440 883 1542 918 βιϐλίου
1556 883 1610 910 τῶν
1631 883 1721 918 τόμων
1740 884 1885 915 ἀνακεφα-

1092 927 1214 960 λαίωσις.
1237 922 1351 964 Ὁμοίως
1367 930 1414 956 καὶ
1426 929 1456 956 ἐν
1468 929 1507 964 τῷ
1519 928 1603 964 τρίτῳ
1625 928 1718 963 βιϐλίῳ
1734 927 1787 954 eis}.
1802 928 1884 962 τόμοι

1094 974 1156 1000 δύο·
1182 974 1212 1000 ὲν
1227 972 1268 1008 τῷ
1290 974 1340 1010 μὲν
1364 973 1465 1009 πρώτῳ
1483 973 1558 1008 τόμῳ
1575 972 1621 999 τοῦ
1647 973 1737 1008 τρίτου
1764 971 1883 1007 βιὸλίου,

1094 1018 1165 1053 ἕκτῳ
1180 1017 1209 1044 δὲ
1225 1018 1282 1045 ὄντι
1304 1017 1374 1044 κατὰ
1391 1018 1435 1044 τὸν
1449 1017 1574 1053 ἀριθμὸν,
1596 1017 1626 1044 ὃν
1647 1017 1825 1053 προείπομεν,
1841 1017 1884 1043 αἰ-

1095 1061 1185 1097 ρέσεις
1209 1062 1242 1094 ζ’,
1267 1062 1370 1094 οὕτως·
1395 1062 1531 1094 Δύδιανοὶ,
1554 1063 1684 1089 Φωτιανοὶ⁴
1708 1063 1728 1094 ¹,
1751 1062 1881 1097 Μαρκελ-

1093 1108 1191 1140 λιανοὶ,
1214 1108 1377 1144 Ἦμιάρειοι,
1391 1108 1616 1144 Πνευματυμάχοι
1627 1109 1652 1134 οἱ
1664 1108 1694 1135 τδ
1706 1108 1819 1144 Πνεῦμα
1832 1108 1881 1135 τοῦ

1093 1153 1160 1180 Θεοῦ
1181 1154 1212 1180 τὸ
1231 1154 1308 1188 ἅγιον
1323 1154 1553 1190 βλασφημοῦντες,
1578 1155 1718 1190 ’Δεριανοὶ,
1741 1154 1842 1180 Ἀἐτιοι
1857 1155 1880 1180 οί

1093 1201 1142 1228 καὶ
1166 1201 1310 1236 Ἀνόμοιοι.
1334 1201 1378 1228 Ἐν
1400 1201 1429 1228 δὲ
1444 1201 1482 1236 τῷ
1499 1201 1618 1236 δευτέρῳ
1633 1201 1707 1236 τόμῳ
1727 1201 1773 1227 τοῦ
1796 1201 1881 1228 αὑτοῦ

1094 1248 1187 1283 τρίτου
1201 1246 1316 1282 βισλίου,
1332 1247 1438 1282 ἑϐδόμῳ
1453 1247 1481 1273 δὲ
1495 1247 1551 1274 ὄντι
1563 1246 1624 1273 καθ’
1637 1246 1669 1282 ἥν
1681 1246 1795 1282 εἴπομεν
1812 1247 1882 1273 διαί-

1095 1302 1180 1330 ρεσιν,
1196 1293 1315 1329 αἱρέσεις
1338 1292 1469 1328 τέσσαρες
1491 1292 1594 1324 οὕτως·
1619 1293 1768 1328 Διμοιραῖοι
1791 1293 1816 1319 οἱ
1842 1292 1880 1328 μὴ

1093 1340 1198 1366 τελείαν
1213 1339 1262 1375 τὴν
1282 1339 1328 1365 τοῦ
1351 1339 1469 1374 Χριστοῦ
1492 1339 1696 1374 ὲνανθρώπησιν
1718 1337 1878 1373 ὁμολογοῦν-

1094 1395 1150 1418 τες,
1166 1386 1190 1412 οἱ
1206 1386 1253 1412 καὶ
1277 1385 1478 1420 ’Λπολιναρῖται
1488 1393 1494 1401 ·
1509 1385 1534 1411 οἱ
1553 1385 1598 1412 καὶ
1612 1385 1691 1418 ἁγίαν
1705 1383 1815 1419 Μαρίαν
1829 1384 1880 1419 τὴν

1094 1429 1273 1465 ἀειπάρθενον
1286 1429 1411 1462 λέγοντες
1427 1429 1494 1464 μετά
1514 1429 1543 1455 τὺ
1560 1429 1605 1455 τὸν
1623 1429 1734 1463 Σωτῆρα
1749 1437 1878 1463 γεγεννη-

1094 1476 1181 1508 κέναι,
1202 1475 1241 1510 τῷ
1261 1475 1358 1510 Ἰωσὴφ
1384 1475 1527 1510 συνῆφθαι,
1544 1474 1591 1506 οὓς
1605 1474 1772 1508 ἐκαλέσαμεν
1790 1474 1878 1500 Ἀντι-

1094 1520 1317 1556 δικομσριανίτας
1329 1528 1335 1535 ·
1353 1520 1398 1546 καὶ
1412 1520 1436 1545 oi
1451 1520 1490 1551 είς
1503 1519 1587 1553 ὄνομα
1601 1518 1650 1553 τῆς
1669 1518 1753 1553 αὐτῆς
1769 1518 1878 1553 Μαρίας

1095 1566 1253 1601 κολλυρίδας
1270 1565 1479 1602 προσφέροντες,
1494 1564 1590 1595 οἵτινες
1612 1564 1754 1591 καλοῦνται
1778 1563 1877 1590 Κολλυ-

1083 1611 1131 1638 καὶ
1155 1611 1283 1647 ἀληθείας
1305 1610 1436 1644 ἀπολογία
1460 1609 1518 1644 μετ’
1528 1609 1670 1644 ἐπιτομῆς,
1683 1609 1742 1644 ἣτις
1764 1608 1838 1635 ἐστὶν
1861 1610 1876 1639 ἡ

1127 1701 1202 1736 Αὕτη
1217 1702 1233 1736 ἠ
1253 1700 1490 1735 ἀνακεφαλαίωσις
1510 1699 1557 1737 καὶ
1570 1698 1709 1734 ἐπιγραφὴ
1723 1697 1773 1732 τῆς
1788 1698 1874 1732 πάσης

1093 1748 1164 1774 κατά
1185 1747 1238 1774 τῶν
1260 1746 1424 1781 ὀγδοήκοντα
1450 1745 1581 1781 αἱρέσεων
1605 1744 1806 1781 πραγματείας,
1830 1743 1872 1770 καὶ

1094 1794 1160 1828 μιᾶς
1181 1793 1231 1828 τῆς
1255 1792 1325 1828 ὑπὲρ
1350 1791 1478 1827 ἀληθείας
1500 1790 1656 1824 ἀπολογίας,
1679 1790 1800 1816 τουτέστι
1827 1789 1872 1823 τῆς

1055 1727 1076 1755 C

1094 1839 1178 1874 μόνης
1200 1838 1346 1873 καϐολικῆς
1367 1838 1538 1872 Ἑκκλησίιις1
1556 1838 1584 1863 ὲν
1601 1836 1673 1872 τρισὶ
1694 1836 1742 1871 μὲν
1765 1835 1872 1870 βιϐλίοις

1092 1883 1260 1917 ὑποκειμένη
1281 1882 1514 1917 συντεταγμένοις,
1529 1881 1598 1908 ἑπτὰ
1619 1881 1647 1906 δὲ
1668 1880 1760 1916 τόμοις
1774 1880 1870 1915 διαιρε-

1093 1929 1181 1956 θεῖσα.
1205 1928 1377 1964 Ποιησὸμευα
1390 1928 1418 1955 δὲ
1434 1928 1514 1954 πάλιν
1528 1925 1762 1961 ἀνακεφαλαίωσιν
1780 1925 1873 1961 ἑτέραν

1091 1975 1138 2002 τοῦ
1155 1975 1262 2010 πρώτου
1275 1975 1357 2010 τόμου
1374 1974 1420 2001 τοῦ
1438 1974 1544 2010 πρώτου
1564 1973 1665 2009 βιϐλίου
1679 1971 1725 1998 τοῦ
1738 1971 1809 1998 κατά
1821 1971 1872 1998 τῶν

1092 2021 1193 2048 εἴκοσιν
1216 2021 1347 2056 αἱρέσεων
1361 2020 1598 2055 διαλαμϐάνοντος.
1615 2018 1726 2054 Πρῶτον
1751 2018 1802 2053 μὲν
1820 2018 1872 2054 γὰρ

1091 2068 1119 2093 αἱ
1141 2066 1195 2093 τῶν
1211 2066 1342 2101 αἱρέσεων
1369 2065 1464 2092 πασῶν
1489 2065 1606 2101 μητέρες
1631 2065 1676 2091 καὶ
1701 2063 1871 2099 «piat/rrum;

1091 2111 1232 2146 ὀνομασίαι
1245 2111 1274 2143 ἐξ
1289 2108 1325 2138 ὧν
1340 2110 1417 2137 ἄλλαι
1431 2109 1544 2145 ἔφυσαν,
1559 2105 1640 2136 αὗταί
1660 2109 1712 2135 είσι
1724 2116 1731 2122 ·

1126 2156 1327 2193 Βαρϐαρισμδς,
1344 2157 1404 2192 ἥτις
1430 2155 1491 2183 καθ’
1508 2155 1607 2190 ἑαυτήν
1630 2156 1688 2181 ἐστι
1705 2154 1871 2189 διαρκέσασα

1091 2203 1138 2236 ἀφ’
1163 2202 1273 2237 ἡμερῶν
1295 2201 1342 2228 τοῦ
1377 2202 1473 2236 Ἀδὰμ,
1497 2201 1543 2227 ἐπὶ
1565 2200 1630 2226 δέκα
1652 2201 1757 2234 γενεαῖς
1784 2200 1800 2234 ἢ
1826 2201 1870 2227 τοῦ

1091 2247 1152 2274 Νῶε
1163 2248 1183 2274 ³.
1198 2247 1389 2283 Βαρϐαρισμὸς
1415 2247 1444 2274 δὲ
1467 2246 1596 2281 κέκληται
1619 2246 1672 2272 ἀπὸ
1693 2245 1741 2272 τοῦ
1760 2245 1798 2282 μή
1810 2247 1869 2277 τοὺς

1089 2293 1149 2320 τότε
1165 2292 1324 2327 ἀνθρώπους
1337 2293 1457 2328 ἀρχηγόν
1481 2301 1543 2318 τινα
1561 2291 1632 2327 ἔχειν
1647 2291 1663 2326 ἦ
1684 2291 1749 2326 μίαν
1762 2299 1870 2325 συμφωα

1090 2339 1166 2365 νίαν’
1184 2338 1241 2365 ἀλλ’
1262 2337 1303 2365 ὃτι
1326 2339 1380 2370 πᾶς
1402 2347 1444 2370 τις
1460 2338 1548 2373 ἐαυτῷ
1567 2338 1692 2372 ὲστοίχει.
1719 2337 1766 2362 καὶ
1791 2337 1869 2372 νόμος

1055 2388 1077 2417 [)
1091 2383 1177 2418 ἐαυτῷ
1199 2383 1270 2411 κατά
1285 2384 1335 2419 τὴν
1358 2383 1521 2418 προτίμησιν
1545 2382 1592 2408 τοῦ
1619 2382 1682 2408 ίδίου
1705 2381 1869 2417 βουλήματος

1090 2427 1204 2462 ἐγίνετο.

1124 2513 1274 2549 Σκυθισμδς
1297 2515 1350 2541 ἀπο
1364 2514 1418 2541 τῶν
1434 2515 1546 2550 ἡμερῶν
1570 2514 1631 2541 Νῶε
1656 2513 1706 2549 (6),
1737 2515 1784 2542 καὶ
1807 2523 1864 2550 μετ-

1089 2560 1183 2586 έπειτα
1203 2561 1265 2595 ἄχρι
1280 2560 1328 2595 τῆς
1345 2559 1392 2586 τοῦ
1404 2560 1510 2595 πύργου
1528 2561 1670 2595 οἰκοδομῆς
1685 2560 1732 2586 x1).
1749 2561 1867 2587 Βαῦυλῶ-

1089 2615 1144 2638 νος,
1171 2607 1218 2633 καὶ
1239 2606 1308 2641 μετά
1323 2607 1370 2632 τὸν
1386 2606 1433 2632 τοῦ
1459 2607 1563 2642 πύργου
1586 2607 1680 2642 χρόνον
1704 2606 1751 2633 ἐπὶ
1772 2607 1866 2641 ὀλίγοις

1091 2649 1173 2683 ἔτεσι,
1187 2650 1327 2677 τουτέστιν
1348 2651 1399 2682 ἓως
1413 2650 1500 2678 Φαλὲκ
1519 2652 1566 2678 καὶ
1588 2651 1701 2685 Ῥαγά6,
1715 2651 1813 2684 οῐτινες
1825 2652 1868 2679 ἐπὶ

305 2724 314 2740 ³
328 2724 392 2751 Cor.
410 2725 559 2753 Ἐλκεσαῖυι
595 2725 606 2741 ²
620 2725 681 2753 Cor.
697 2726 878 2754 Φωτεινιανοί.
916 2725 926 2741 ³
943 2725 974 2753 F.
993 2725 1041 2762 μέχ

1094 2726 1135 2753 τοῦ
1151 2726 1224 2754 Νῶε.

291 2800 330 2835 (6)
348 2801 514 2835 Σκυθισμὸς
532 2802 591 2830 ἀπὸ
606 2801 665 2829 τῶν
679 2801 796 2836 ἡμερῶν
809 2803 879 2830 Νῶε.
904 2803 977 2832 Ordo
993 2803 1037 2831 hic

260 2839 284 2861 et
298 2838 434 2871 sectarum
453 2838 608 2871 progressio
620 2858 627 2867 ,
648 2846 701 2871 non
728 2839 779 2863 hoc
797 2839 884 2865 soluat
909 2839 936 2866 in
966 2839 1035 2871 lom,

259 2870 305 2897 50d
315 2874 339 2897 el
350 2871 424 2903 alibi,
434 2872 460 2898 in
470 2872 538 2898 libro
551 2873 637 2906 primo
647 2870 924 2907 I‘anuriiprarscrtiul.
934 2873 977 2902 Cf.
985 2870 1036 2902 Peé

1091 2804 1155 2845 tavji
1169 2805 1202 2832 de
1219 2805 1379 2845 ordineillo
1394 2807 1784 2845 acAprogrcssionejudicium,
1797 2808 1864 2845 quod

1090 2841 1205 2874 legimus
1223 2841 1293 2868 inter
1309 2841 1383 2870 illius
1396 2841 1645 2871 :miiuadvcrsiones
1659 2844 1686 2870 in
1700 2851 1778 2872 uuut.
1793 2841 1819 2872 8.
1834 2844 1864 2871 ad

1088 2873 1252 2903 Prwludium
1269 2877 1352 2904 totius
1366 2876 1468 2911 Operis.
