1935 3044
145 163 207 191 ωέι

853 157 881 185 S.
903 155 1072 185 EPIPHANH

1729 159 1782 187 διε

142 220 248 248 -carnis
263 226 315 246 usu
328 226 447 253 ,pml'sus
466 216 632 243 interdicunt
650 224 656 241 :
675 215 710 241 ab
736 214 863 241 animatis
881 213 937 240 abs.

998 215 1087 240 πᾶσαν
1103 216 1291 250 σαρκοφαγίαν
1307 216 1530 252 ἀπαγορεύουσιν,
1546 216 1673 251 ἐμψύχων
1687 217 1714 243 δὲ
1726 216 1781 244 οὐδ’

157 266 255 295 liuent.
280 261 460 297 ,patriarc’has
476 267 572 287 omnes
593 258 639 294 qui
656 259 683 284 in
709 257 892 284 Pentateucho
909 257 941 282 ad

157 310 259 344 Moysis
287 307 397 335 etJesu
423 306 469 332 lilii
503 303 576 332 Nave
598 309 720 338 tempora
747 303 941 331 continentur.

158 354 299 380 ascisrunt
330 356 356 378 et
379 351 412 377 iis
440 350 517 376 [idem
542 349 690 375 adhibent:
712 347 864 381 cujusmodi
879 349 943 373 sunt

156 399 294 426 Abraham
320 402 347 424 et
385 396 459 423 lsaac
497 399 524 421 ct
552 392 638 420 'Jacob
668 394 757 427 iisque
786 392 942 426 superiores

158 452 263 474 omnes.
287 447 394 469 necnon
420 447 447 468 et
464 440 571 476 Moyses
589 440 646 474 ipse
660 447 722 466 cum
737 441 845 465 Aarone
860 441 942 472 atque

155 489 375 519 Jcsu,C:ewrum
398 486 574 513 Pentateuehi
598 485 735 512 volumina
759 483 860 519 Moysis
881 490 942 510 esse

159 545 211 563 non
230 539 342 570 putant.
360 538 387 561 ct
409 533 462 560 alia
487 533 521 559 ab
548 532 582 560 iis
596 532 703 558 diversa
719 537 803 565 penes
827 537 857 557 se
880 535 942 556 esse

151 582 289 617 jactitant.

189 625 337 654 Herodiani
355 631 417 652 cum
433 622 543 650 Iudaeos
558 622 586 649 in
600 621 729 649 omnibus
746 628 806 648 sese
827 624 941 655 praesta-

152 676 223 704 rent,
238 671 373 698 Herodem
390 669 530 697 Christum
548 676 609 696 esse
633 667 842 702 proﬁtebanturI
859 665 941 699 eique

151 717 254 745 Christi
268 716 428 752 dignitatem
447 722 479 742 ac
495 721 594 741 nomen
609 712 784 747 aliingebant.

124 755 128 759 ”
187 764 298 792 Primus
311 763 363 789 iste
382 766 474 788 tomus
492 765 535 788 est
549 759 594 794 qui
609 759 727 785 Μινυεοε
741 765 777 784 xx
793 756 916 784 continet
932 763 938 781 :

150 815 177 836 ct
202 810 229 836 in
247 808 343 835 eodem
366 807 400 834 de
426 805 614 833 incarnatione
633 803 736 831 Christi
762 810 794 830 ac
816 802 941 830 veritatis

151 854 323 889 professione
336 860 396 888 qua:
417 859 471 879 una
495 859 523 878 et
550 851 609 878 sola
633 855 675 878 est
702 850 748 877 Dei
771 855 836 876 vera
861 847 938 880 lidcs,

149 905 293 936 postremo
308 899 369 926 loco
382 897 538 925 disseritur.

186 944 325 972 llartenus
337 944 430 978 itaque
446 951 481 970 xx
500 942 608 969 illarum
626 941 765 970 haereseon
781 948 842 976 qua;
857 940 939 967 Chri-

145 997 223 1020 stum
236 995 444 1018 antecesserunt
470 990 624 1017 conlutatio
651 996 685 1015 ac
713 988 775 1016 lidei
798 992 825 1016 et
847 988 940 1015 incar-

147 1038 272 1066 nationis
286 1036 390 1064 Christi
402 1036 543 1064 declarala
558 1036 630 1063 ratio
639 1040 693 1063 est.

195 1084 307 1120 1118
336 1082 391 1110 Sed
422 1091 437 1110 e
457 1082 573 1118 vestigio
601 1081 704 1110 Christi
731 1081 796 1109 Jesu
827 1080 937 1108 Domini

146 1130 236 1158 nostri
261 1129 395 1156 adventus
423 1129 450 1154 in
475 1135 560 1154 carne
576 1130 743 1154 consecutus
757 1129 816 1159 est.
838 1126 885 1162 qui
912 1130 940 1154 et

148 1184 187 1204 vn
205 1176 267 1203 illas
291 1175 410 1202 haereses
427 1173 624 1209 Hierosolymis
641 1172 765 1204 ollendit,
782 1176 809 1200 et
826 1172 937 1200 easdem

148 1229 200 1250 sua
218 1222 244 1252 vi
258 1221 404 1257 dissipavit
416 1225 444 1248 et
459 1220 603 1248 exstinxit.
625 1219 808 1253 Quamobrem
827 1218 940 1253 reliquae

147 1275 244 1296 oues
270 1267 389 1295 haereses
409 1266 528 1294 adventu
551 1266 598 1293 illo
620 1265 788 1300 posteriores
805 1266 937 1292 luerunt:

146 1313 279 1341 nimirum
292 1317 440 1348 postquam
454 1311 539 1339 Maria
551 1311 627 1346 virgo
642 1310 770 1338 Nazareti
788 1319 802 1337 a
813 1309 939 1338 Gabriele

148 1359 289 1387 caelestem
305 1359 435 1386 nuntium
456 1357 575 1392 accepit,
594 1364 626 1384 ac
646 1356 764 1384 Verbum
785 1356 852 1384 illud
873 1363 940 1383 con-

148 1409 259 1440 ceptum
277 1408 331 1437 est,
348 1403 424 1440 quod
448 1404 559 1431 cmlitus
575 1411 591 1431 e
609 1406 725 1439 paterno
742 1402 804 1430 sinu
827 1402 938 1438 prodiit.

149 1456 214 1478 ante
241 1455 350 1486 tempus
373 1453 455 1485 atque
481 1449 589 1476 initium
612 1455 694 1476 omne
713 1448 888 1483 productum,
912 1451 940 1475 et

147 1497 278 1525 extremis
287 1496 455 1532 tempOribus
467 1494 626 1523 venirDeus
634 1493 753 1522 Verbum
767 1494 915 1526 exsistcns,
924 1501 939 1520 a

993 260 1061 291 ὅλως
1083 261 1344 295 μεταλαμϐάνουσιν.
1371 261 1452 296 ’Ἄχρι
1469 260 1497 287 δὲ
1514 262 1651 294 Μωῦσέως
1663 261 1711 289 καὶ
1728 263 1780 299 Ἰη-

994 304 1041 330 σοῦ
1058 304 1106 330 τοῦ
1121 305 1198 339 Ναυῆ
1214 306 1313 336 τοῖς.έν
1328 307 1360 340 τῇ
1376 306 1552 342 Πεντατεὺχῳ
1566 306 1654 340 ἁγίοις
1668 307 1781 342 ὀνόμασι

995 350 1171 385 πατριαρχῶν
1189 350 1353 385 κεχρημένοι
1368 360 1397 377 τε
1411 351 1456 377 καὶ
1471 351 1654 383 πιστεύοντες,
1667 352 1742 387 -φημὶ
1752 351 1780 378 δὲ

1000 394 1126 430 ’Λϐραὰμ
1143 395 1189 420 καὶ
1210 395 1304 421 Ἰσαὰκ
1321 395 1368 422 καὶ
1389 396 1486 422 Ἰακὼϐ
1505 397 1551 422 καὶ
1566 397 1620 423 τῶν
1638 398 1779 428 ἀνωτάτω.

993 440 1040 466 καὶ
1060 439 1143 466 αὑτοῦ
1166 441 1305 472 Μωῦσέως
1331 441 1377 467 καὶ
1407 441 1511 477 ’Λαρὼν
1535 442 1582 468 καὶ
1601 442 1696 477 Ἰησοῦ.
1725 443 1780 475 Τὰς

991 485 1020 512 δὲ
1049 485 1098 520 τῆς
1122 485 1306 520 Πεντατεὺχου
1332 487 1442 522 Γραφὰς
1469 487 1518 513 οὐκ
1550 485 1620 513 εἶναι
1643 488 1781 519 Μωῦσέως

992 529 1210 565 δογματίζουσιν,
1232 531 1315 563 ἄλλας
1333 531 1361 558 δὲ
1381 532 1456 568 παρὰ
1478 532 1579 563 ταύτας
1601 532 1673 568 ἔχειν
1688 533 1779 559 διαϐε-

992 575 1141 610 ϐαιοῦνται.

1032 621 1201 656 Ἥρωδιανοὶ,
1225 622 1250 648 οἳ
1273 622 1391 649 Ἰουδαῖοι
1417 623 1466 658 μὲν
1488 621 1558 658 ἦσαν
1585 623 1655 650 κατὰ
1679 623 1778 654 πάντα,

998 666 1120 702 Ἡρώδην
1143 667 1171 693 δὲ
1195 667 1311 702 Χριστόν
1329 669 1514 703 προσεδόκων,
1537 669 1583 695 καὶ
1607 669 1693 704 τούτῳ
1716 670 1780 705 περὶ

991 712 1040 739 τοῦ
1058 713 1176 748 Χριστοῦ
1193 713 1331 740 ἐπεδίδουν
1344 714 1412 750 γέρα
1427 715 1474 740 καὶ
1489 714 1584 749 ὄνομα.

1026 754 1111 790 Οὗτος
1133 759 1241 794 πρῶτος
1261 759 1344 795 τόμος
1368 761 1503 796 περιέχων
1524 761 1593 788 κατὰ
1614 760 1708 789 πασῶν
1724 761 1780 787 τῶν

990 806 1092 833 εῐκοσιν
1104 806 1251 841 αίρέσεων·
1272 806 1300 832 ὲν
1314 806 1387 841 αὐτῴ
1399 806 1426 833 δὲ
1438 807 1510 842 καὶὴ
1525 807 1589 842 περὶ
1603 807 1652 842 τῆς
1661 806 1779 842 Χριστοῦ

991 851 1120 886 ὲνδημίας
1136 852 1275 884 ὑπόθεσις,
1301 853 1348 878 καὶ
1363 853 1379 887 ἡ
1393 852 1443 888 τῆς
1458 852 1585 888 ἀληθείας
1603 852 1744 888 ὁμολογία,
1761 853 1779 887 ἡ

992 897 1041 933 μία
1054 898 1102 924 καὶ
1118 898 1185 933 μόνη
1197 895 1265 925 οὖσα
1277 898 1324 924 τοῦ
1340 898 1407 925 Θεοῦ
1422 898 1524 934 ἀληθὴς
1541 898 1643 930 πίστις.

1026 945 1082 970 Καὶ
1103 944 1155 976 ἕως
1171 945 1220 979 μὲν
1232 941 1283 971 ὦδε
1303 945 1320 980 ἠ
1336 945 1390 972 τῶν
1412 945 1465 981 πρὸ
1483 945 1601 981 Χριστοῦ
1616 945 1718 972 εἴκοσιν
1737 946 1780 972 αἱ-

993 990 1093 1026 ρέσεων
1110 991 1258 1025 ἀντιλογία,
1280 992 1328 1018 καὶ
1349 992 1414 1027 περὶ
1433 984 1552 1023 πίστεως
1569 991 1616 1018 καὶ
1639 991 1705 1027 περὶ
1729 992 1779 1028 τῆς

991 1037 1124 1073 ένσάρκου
1138 1037 1184 1064 τοῦ
1201 1037 1319 1073 Χριστοῦ
1336 1037 1497 1072 παρουσίας.

1026 1083 1114 1115 Εὐθὺς
1130 1083 1287 1118 ἐπεδήμησε
1306 1083 1377 1110 κατὰ
1391 1083 1474 1114 πόδας
1488 1084 1505 1118 ἡ
1520 1083 1566 1109 τοῦ
1582 1083 1685 1119 Κυρίου
1701 1083 1780 1119 ἡμῶν

998 1129 1085 1164 Ἰησοῦ
1102 1129 1220 1165 Χριστοῦ
1237 1128 1368 1165 ἑνσαρκος
1387 1129 1521 1165 παρουσία
1535 1130 1555 1161 ¹,
1572 1129 1632 1165 ἥτις
1647 1130 1779 1156 κατέλαϐε

992 1174 1083 1210 (πρὸς)
1098 1175 1148 1206 τὰς
1161 1175 1361 1211 προειρημένας
1375 1175 1446 1202 ἑπτα
1457 1175 1577 1210 αἱρέσεις
1588 1176 1617 1202 ὲν
1630 1175 1678 1211 (δὲ)
1699 1176 1780 1212 Ἰερο-

992 1221 1128 1256 σολύμοις,
1140 1220 1235 1247 ἔσϐεσε
1255 1221 1283 1248 δὲ
1297 1220 1398 1252 ταύτας
1412 1222 1429 1257 ή
1445 1221 1528 1248 αὑτοῦ
1540 1221 1653 1256 δύναμις
1666 1222 1714 1248 καὶ
1727 1221 1780 1248 διε-

991 1266 1115 1293 σκέδασε.
1130 1266 1229 1293 Λοιπὸν
1241 1266 1269 1293 δὲ
1284 1266 1337 1294 ἀπὸ
1352 1266 1401 1301 τῆς
1415 1266 1497 1293 αὑτοῦ
1517 1266 1676 1302 ἐπιδημίας,
1686 1267 1696 1282 ⁸
1710 1266 1780 1302 μετὰ

991 1312 1021 1338 τὸ
1041 1312 1268 1348 εὑαγγελισθῆναι
1283 1312 1400 1348 Μαριὰμ
1422 1313 1451 1339 ὲν
1473 1312 1612 1348 Ναζαρὲτ,
1631 1313 1677 1339 καὶ
1693 1321 1782 1339 συνει-

991 1357 1123 1393 ληφθέναι
1136 1358 1181 1385 τὸν
1193 1359 1278 1393 Λόγον
1291 1359 1337 1385 τὸν
1352 1359 1417 1386 ὄντα
1430 1359 1477 1386 ἀπ’
1491 1358 1608 1394 οὐρανοῦ
1624 1359 1657 1385 ὲκ
1672 1358 1780 1385 κόλπων

991 1403 1126 1440 πατρῴων
1135 1404 1333 1440 γεγεννημένον
1341 1404 1464 1441 ἁχρόνως
1471 1405 1518 1431 καὶ
1525 1405 1660 1441 ἁνὰρχως,
1670 1404 1780 1431 ἐλθόντα

989 1450 1018 1477 δὲ
1038 1450 1081 1477 ἐπ’
1107 1451 1229 1486 ἐσχάτων
1258 1451 1312 1478 τῶν
1334 1451 1445 1488 ἡμερῶν
1460 1451 1526 1479 Θεὸν
1548 1451 1633 1486 Λόγον
1651 1451 1725 1481 ὄντα,
1748 1452 1780 1478 ἐκ
1803 1466 1813 1472 κ

990 1494 1058 1522 Θεοῦ
1074 1495 1180 1530 Πατρὸς
1193 1495 1327 1530 ἀληθινῶς
1339 1496 1547 1531 γεγεννημένον,
1562 1495 1703 1531 όμοούσιον
1714 1495 1781 1522 ὄντα

149 1543 204 1571 Deo
228 1543 307 1571 Patre
338 1549 431 1570 revera
467 1542 576 1577 genitus
609 1539 787 1576 ejusdemque
807 1547 869 1567 cum
893 1539 937 1567 illa

994 1540 1028 1576 τῷ
1042 1541 1139 1577 Πατρὶ,
1159 1543 1206 1568 καὶ
1218 1541 1294 1568 οὐδὲν
1309 1542 1384 1578 παρὰ
1395 1542 1440 1569 τὸν
1456 1542 1567 1578 Πατέρα
1586 1542 1778 1577 ἠλλοιωμένον,

147 1589 321 1620 subsuuitize.
343 1597 392 1616 nec
409 1589 464 1616 ulla
481 1596 509 1616 re
522 1596 536 1615 a
549 1587 630 1616 Patre
645 1592 776 1620 mutatus,
790 1587 837 1615 sed
853 1586 937 1614 vicis-

148 1635 278 1663 situdinis
296 1643 328 1662 ac
343 1634 507 1663 mutationis
522 1637 547 1661 cl
565 1633 718 1661 alTectionis
734 1633 824 1661 omnis
840 1640 937 1668 expers

147 1686 174 1709 ct
196 1681 266 1709 citra
283 1681 366 1708 ullam
389 1681 472 1708 animi
500 1681 724 1708 commotionem.
738 1678 790 1712 Qui
808 1687 870 1706 cum
890 1687 937 1714 ge-

150 1728 226 1756 neris
250 1727 338 1755 nostri
359 1727 489 1755 misertus
512 1726 593 1758 fdret,
609 1725 754 1754 descendit
773 1733 788 1753 e
810 1725 891 1758 ctelo,
907 1732 939 1752 ac

152 1774 182 1800 t'e
208 1773 311 1808 Spiritu
335 1778 441 1804 saneto,
455 1780 510 1799 non
523 1780 539 1799 e
559 1772 631 1799 virili
657 1771 763 1799 semine
777 1775 937 1807 conceptus,

143 1827 243 1855 [rerum
255 1818 361 1854 lcorpus
377 1826 393 1846 e
410 1818 494 1845 Maria
512 1817 644 1853 suscepit,
661 1825 724 1845 cum
737 1825 753 1845 e
768 1823 864 1845 sancto
878 1818 939 1852 ejus

149 1871 230 1894 utero
248 1872 359 1892 carnem
381 1863 434 1891 sibi
450 1863 588 1895 tinxisset,
600 1863 804 1896 humanamque
819 1864 938 1891 animam

147 1918 175 1940 et
198 1917 315 1939 mentem
340 1910 494 1943 induisset;
515 1918 548 1937 ac
570 1909 704 1945 quidquid
719 1910 832 1937 omnino
856 1910 940 1937 homo

148 1963 200 1990 est,
222 1961 323 1992 praeter
342 1959 488 1991 peccaturo
501 1976 509 1988 ,
528 1963 622 1983 secum
651 1963 684 1983 ac
706 1963 768 1982 cum
796 1955 940 1983 divinitate

149 2011 200 2031 sua
214 2002 381 2038 copulasset.
405 2001 471 2029 Inde
492 2001 659 2028 Bethlehemi
677 2001 704 2028 in
723 2001 811 2028 lucem
828 2000 938 2033 editus,

152 2054 234 2084 atque
251 2048 445 2080 circumcisus,
470 2046 666 2082 Hierosolymis
683 2046 792 2073 oblatus
809 2050 867 2079 est;
890 2046 941 2073 ibi-

150 2103 203 2130 que
213 2102 232 2122 a
244 2094 379 2130 Symeone
396 2093 466 2121 inter
480 2092 591 2120 brachia
608 2097 763 2127 susceptus,
771 2096 798 2120 et
815 2093 849 2120 ab
862 2092 940 2119 Anna

148 2143 298 2170 Phanuelis
319 2141 372 2168 lilia
392 2140 568 2176 prophetissa
583 2139 759 2175 praedicatus,
777 2139 940 2167 Nazaretum

148 2193 308 2225 reportatus
323 2192 376 2216 est.
393 2187 463 2214 Tum
484 2195 558 2214 anno
583 2186 708 2221 sequenti
727 2194 758 2213 sc
771 2193 865 2213 coram
883 2185 940 2212 Deo

149 2234 376 2270 repraesentavit,
402 2237 485 2267 atque
510 2232 573 2259 inde
601 2231 805 2259 Bethlehemum
829 2236 940 2266 propter

150 2281 260 2316 generis
285 2280 517 2315 propinquitatem
541 2286 556 2305 τι
581 2283 667 2305 matre
688 2278 795 2306 delatus
816 2282 867 2306 cst.
885 2277 938 2305 Sed

153 2333 262 2354 rursum
282 2325 444 2352 Nazaretum
467 2325 587 2357 rediens,
609 2332 682 2352 anno
705 2324 789 2352 altero
803 2327 934 2355 vertente,

151 2370 377 2406 Hierosolymam.
385 2374 510 2405 gestante
521 2373 618 2406 matre,
629 2369 778 2404 perductus
789 2374 842 2397 est.
856 2368 939 2396 Beth-

146 2416 247 2444 lehemi
277 2423 359 2451 porro
377 2424 439 2443 eum
464 2416 498 2443 ad
515 2417 587 2444 aedes
615 2416 748 2452 quasdam
774 2424 836 2444 eum
853 2421 939 2444 matre

149 2470 182 2490 ac
202 2461 321 2497 Josepho
335 2462 501 2494 divertisset,
515 2462 562 2497 qui
578 2461 635 2497 jam
656 2463 767 2498 grandis
785 2467 849 2490 uatu
869 2470 931 2489 cum

185 2541 194 2556 ‘
210 2540 310 2568 Eadem
327 2540 373 2567 lib.
390 2548 398 2567 ι
419 2539 529 2567 Panarii
555 2539 693 2574 leguntur.

149 2577 222 2610 λέγω
237 2576 280 2612 δή.
294 2575 354 2603 Mox
371 2574 548 2611 συνειλῆφθαι
568 2575 620 2610 leg.
660 2575 669 2590 '
685 2575 746 2602 Scr.
761 2576 954 2611 ἀπενεχθέντα.

186 2633 242 2668 (12)
260 2633 384 2668 Γέρονῖι
409 2631 482 2668 ὄντι.
506 2630 700 2668 Animadverte
716 2639 807 2668 senem
824 2632 858 2659 ab
874 2631 936 2667 Epi-

170 2667 252 2696 hanio
273 2668 327 2695 diei
351 2667 500 2701 .Iosephum
528 2667 647 2701 Virginis
676 2667 767 2695 Marha
793 2674 935 2702 sponsum.

171 2677 252 2696 llilnlo
273 2677 327 2695 (“Cl
351 2677 500 2701 ιθδεμιιιιιιι
531 2677 647 2701 ΥΙΓΒΙΙΙΙΕ
676 2677 767 2695 marha
793 2677 935 2702 sponsum.

150 2677 248 2730 {isdem
264 2703 375 2730 omnino
392 2702 482 2729 verbis
495 2701 528 2729 de
538 2702 590 2737 illo
605 2702 726 2737 loquitur
739 2707 766 2730 et
781 2703 806 2728 in
821 2702 937 2729 Pauario

152 2739 185 2764 de
206 2739 396 2765 incarnatione
417 2737 518 2764 Christi
538 2736 648 2764 Domini
665 2745 764 2770 agens,
778 2744 854 2764 num.
868 2738 878 2764 l
890 2746 896 2770 ς
910 2737 938 2765 in

151 2774 246 2800 lmresi
265 2774 309 2803 5|,
325 2781 401 2800 num.
420 2772 461 2804 10,
481 2772 570 2807 ipsum
590 2774 795 2808 octogenarium
813 2773 887 2799 facit.

189 2808 243 2839 (l3)
264 2808 305 2840 Τῷ
316 2807 445 2842 δευτέρῳ
461 2809 531 2835 ἔτει.
555 2808 592 2834 Ea
611 2807 754 2843 Epiphanii
770 2808 864 2842 opinio
882 2812 936 2838 est.

153 2842 262 2870 biennio
277 2851 292 2869 a
306 2844 349 2871 sui
374 2844 514 2871 uativitate
529 2851 623 2879 magos
638 2844 779 2878 excepisse
797 2843 938 2880 Christum

988 1588 1046 1615 ἀλλ’
1061 1588 1197 1624 ἄτρεπτον
1214 1589 1280 1616 ὄντα
1299 1589 1345 1616 καὶ
1362 1589 1540 1617 ἀναλλοίωτον
1551 1589 1643 1624 ἀπαθῆ
1659 1598 1688 1615 τε
1700 1589 1778 1620 ὅλως,

990 1634 1185 1670 συμπάσχοντα
1202 1635 1231 1661 δὲ
1250 1634 1288 1670 τῷ
1303 1635 1430 1671 ἡμετέρῳ
1452 1635 1536 1670 γένει,
1550 1636 1597 1662 καὶ
1608 1635 1719 1662 ἐλθόντα
1731 1635 1780 1661 ἀπ’

989 1680 1116 1715 οὐρανοῦ.
1138 1680 1359 1716 ὲγκυμονηθέντα
1372 1682 1422 1708 οὐκ
1438 1681 1492 1708 ἀπὸ
1504 1681 1660 1717 σπέρματος
1671 1680 1780 1716 ἀνδρὸς,

989 1727 1046 1753 ἀλλ’
1059 1726 1112 1753 ἀπὸ
1127 1726 1283 1761 Πνεύματος
1296 1727 1384 1761 ἁγίου,
1401 1726 1534 1763 ἀληθινῶς
1551 1727 1629 1763 σῶμα
1644 1728 1697 1754 ἀπὸ
1719 1729 1780 1755 Μα-

991 1773 1050 1808 ρίας
1063 1772 1209 1808 ἐσχηκότα,
1224 1773 1418 1800 ἀναπλάσαντα
1442 1773 1531 1809 ἑαυτῷ
1552 1774 1601 1809 τὴν
1616 1774 1706 1809 σάρκα
1726 1775 1781 1801 ἀπὸ

989 1820 1038 1854 τῆς
1057 1819 1163 1854 μήτρας
1175 1819 1224 1853 τῆς
1240 1817 1333 1852 ἁγίας,
1348 1819 1438 1855 ψυχὴν
1452 1821 1502 1856 τὴν
1517 1819 1691 1855 ἀνθρωπίνην
1707 1821 1780 1856 εἱλη-

990 1865 1059 1899 φότα
1070 1865 1117 1892 καὶ
1127 1865 1190 1891 νοῦν
1201 1865 1246 1891 καὶ
1259 1866 1314 1892 πᾶν
1327 1865 1353 1891 εἴ
1363 1865 1389 1892 τί
1405 1866 1478 1892 ἐστιν
1493 1866 1647 1901 ἄνθρωπος,
1662 1867 1702 1899 είς
1716 1867 1780 1893 ἐαυ-Δ

990 1912 1035 1938 τὸν
1049 1913 1081 1947 τῇ
1096 1911 1192 1938 ἑαυτοῦ
1208 1911 1315 1948 θειότητι
1329 1912 1528 1946 συνενώσαντα,
1542 1913 1739 1949 γεγεννημένον
1751 1922 1779 1940 τε

991 1956 1021 1981 έν
1037 1955 1170 1991 Βηθλεὲμ,
1191 1957 1404 1992 περιτμηθέντα,
1421 1958 1636 1993 προσενεχθέντα
1655 1959 1684 1985 ἐν
1701 1959 1781 1993 Ἰερο-

992 2001 1130 2036 σολύμοις,
1150 2002 1379 2035 ὲναγκαλισθέντα
1399 2003 1451 2029 ὑπὸ
1462 2002 1583 2038 Συμεὼν,
1600 2004 1780 2040 ἀνθομολογη-

992 2047 1072 2074 θέντα
1089 2047 1141 2074 ὑπὸ
1157 2049 1256 2084 ’Λννης
1270 2049 1320 2083 τῆς
1334 2049 1382 2075 τοῦ
1393 2049 1514 2085 Φανουὴλ
1531 2051 1705 2086 προφήτιδος,
1727 2051 1781 2077 λει-

991 2094 1117 2129 φθένταί*
1139 2096 1179 2127 εἰς
1200 2095 1343 2131 Ναζαρὲτ,
1371 2096 1483 2123 ἐλθόντα
1507 2096 1547 2131 τῷ
1571 2097 1636 2131 ἑξῆς
1665 2096 1781 2133 ἐνιαυτῷ

991 2140 1107 2175 ὀφθῆναι
1121 2140 1234 2167 ἐνώπιον
1249 2141 1351 2177 Κυρίου
1361 2162 1368 2172 ,
1395 2142 1541 2176 γενόμενόν
1557 2151 1586 2168 τε
1608 2143 1637 2168 ὲν
1658 2142 1781 2178 Βηθλεὲμ

992 2187 1035 2213 διὰ
1051 2186 1101 2222 τὴν
1122 2187 1281 2221 συγγένειαν
1305 2187 1358 2214 ὑπὸ
1377 2188 1426 2223 τῆς
1448 2188 1550 2223 μητρὸς
1569 2187 1780 2223 βασταζόμενον,

993 2231 1070 2264 αὖθις
1082 2232 1163 2260 πάλιν
1174 2233 1214 2265 είς
1227 2233 1355 2269 Ναζαρὲτ
1365 2233 1535 2270 ἀπαρθέντα,
1549 2234 1595 2261 καὶ
1607 2233 1678 2261 κατὰ
1689 2234 1781 2260 δευτέ-

993 2287 1044 2314 ραν
1063 2278 1187 2314 περίοδον
1201 2278 1332 2306 ὲνιαυτῶν
1344 2279 1386 2310 εὶς
1398 2279 1432 2306 τὰ
1450 2278 1623 2314 Ἱεροσόλυμα
1635 2278 1783 2314 ἐληλυθότα

993 2324 1193 2360 βασταζόμενον
1207 2325 1260 2351 ὑπὸ
1274 2325 1323 2360 τῆς
1342 2325 1410 2356 ίὸίας
1429 2326 1531 2360 μητρός
1543 2334 1550 2340 ·
1569 2325 1598 2351 ὲν
1612 2324 1736 2360 Βηθλεὲμ
1754 2326 1783 2351 ὲν

991 2370 1066 2406 οἰκίᾳ
1078 2369 1242 2397 κατελθόντα
1267 2371 1316 2397 σὺν
1337 2371 1369 2405 τῇ
1392 2370 1444 2406 ἰδίᾳ
1460 2370 1544 2407 μητρὶ¹
1559 2370 1605 2397 καὶ
1630 2370 1728 2405 Ἰωσὴφ
1740 2369 1784 2404 γέ-

994 2425 1066 2452 ροντι
1083 2416 1140 2443 sm
1159 2415 1227 2452 (l2),
1238 2417 1286 2442 σὺν
1351 2416 1467 2451 Μαριὰμ
1482 2416 1510 2443 δὲ
1531 2416 1601 2442 δντιο
1617 2416 1729 2443 κάκεῖσε
1745 2416 1784 2451 τῷ

988 2463 1107 2500 δευτέρῳ
1129 2463 1251 2500 έτειμό)
1274 2463 1325 2498 τῆς
1344 2463 1426 2490 αὑτοῦ
1453 2465 1606 2500 γεννήσεως
1632 2472 1783 2490 κατοπτευ-

745 2540 755 2555 ¹
769 2540 937 2575 Supplendur

994 2550 1015 2569 εκ
1042 2541 1088 2568 lib.
1105 2549 1124 2574 I,
1140 2541 1169 2568 αί
1199 2541 1347 2576 μετέπειτα
1370 2542 1456 2568 πᾶσαι
1480 2541 1624 2575 γεγόνασιν
1646 2541 1782 2576 αἱρέσεις·

991 2631 1156 2664 Dominum;
1172 2638 1254 2665 quam
1281 2638 1335 2658 non
1357 2631 1446 2658 solum
1467 2630 1512 2658 hic
1527 2630 1664 2662 insinuat.
1692 2630 1741 2658 sed
1758 2636 1782 2658 et

991 2668 1019 2694 in
1043 2666 1109 2693 locis
1138 2673 1223 2701 supra
1244 2666 1389 2699 indicatis,
1415 2666 1516 2700 quibus
1541 2665 1609 2693 adde
1636 2673 1712 2693 num.
1740 2666 1784 2698 l0,

991 2702 1092 2729 Haeres.
1111 2701 1156 2727 78.
1174 2702 1249 2728 Illam
1267 2701 1383 2729 fortasse
1401 2701 1538 2728 concessit
1561 2701 1589 2728 in
1615 2701 1784 2735 opinionem.

991 2737 1064 2772 quod
1089 2741 1278 2771 praecouccpta
1300 2736 1600 2772 Matthaeirnarratione
1616 2735 1649 2772 de
1667 2735 1785 2768 Herode.

993 2771 1040 2808 Qui
1057 2772 1144 2808 iratus
1161 2773 1302 2799 mandavit
1317 2772 1411 2808 necari
1427 2771 1565 2803 infantes,
1582 2771 1628 2808 qui
1644 2772 1784 2808 biennium

992 2805 1114 2835 nondum
1130 2811 1318 2842 excesserant,
1331 2807 1413 2842 juxta
1425 2812 1526 2840 tempus
1541 2805 1610 2841 quod
1623 2807 1785 2840 exquisierat

992 2851 1009 2870 α
1023 2842 1106 2877 magis
1122 2841 1234 2876 (Matth.
1252 2851 1282 2876 ιι,
1299 2841 1362 2879 l6);
1386 2846 1540 2877 temporum
1558 2842 1678 2869 rationcs
1701 2842 1784 2876 negli-
