1935 3044
76 162 132 191 875

733 157 1062 187 ANACEPIIALEOSIS.

1665 157 1716 185 δτι

114 219 153 247 Ζ¹.
176 218 317 247 ’Δετιανοὶ.
339 219 371 245 Οἱ
391 218 445 245 ἀπὸ
470 218 574 245 Ἀετίου
597 217 645 244 τοῦ
670 217 784 246 Κίλικος
799 217 874 244 λδια-

962 217 1018 244 νιι.
1040 216 1158 244 Aetiani.
1185 216 1272 251 Hujus
1297 216 1409 244 lizercsis
1424 216 1520 244 Aetius
1541 216 1651 252 quidam
1675 219 1717 246 in.

77 265 161 301 κόχου
174 264 323 300 γενομένου
346 264 399 291 ὑπὸ
421 264 559 301 Γεωργίου
578 264 625 291 τοῦ
648 263 702 291 τῶν
725 263 873 298 ’Δρειανῶν

77 311 234 338 ἐπισκόπου
255 310 305 346 τῆς
328 310 541 346 Ἀλεξανδρείας,
559 311 583 337 οἱ
604 311 651 337 καὶ
670 310 805 346 ’Λνόμοιοι
826 318 875 336 κα-

77 356 219 391 λούμενοι,
241 357 318 392 παρά
340 365 410 383 τισιν
426 357 590 391 Εὑνομιανοὶ
607 356 641 383 δι’
656 356 789 391 Εὐνόμιον
813 365 874 382 τινα.

80 404 210 440 μαθητὴν
232 404 335 430 Ἀετίου
357 403 513 438 γενόμενον,
530 403 577 429 καὶ
601 402 642 429 ἔτι
664 403 804 438 περιόντα.
823 403 876 429 Σὺν

79 450 177 482 αὐτοῖς
192 450 221 476 δὲ
241 447 276 484 ἦν
293 450 341 476 καὶ
355 449 480 482 Εὑδόξιος
500 448 687 484 Ἀρειανὶζων,
703 449 771 475 ἀλλὰ
797 449 876 484 δῆθεν

78 495 126 522 διὰ
140 495 185 522 τὸν
201 494 271 530 πρὸς
303 494 352 520 τὸν
368 495 480 530 βασιλέα
495 495 699 521 Κωνσταντῖνον
714 494 807 529 φόϐον,
824 495 877 528 ἀφ-

79 540 182 577 ώρισεν
196 540 301 572 ἑαυτὸν,
315 540 360 567 καὶ
380 540 459 576 μόνος
477 540 578 571 ’Ᾱέτιος
597 539 741 575 ἐξωρίσθη.
764 539 877 574 ’Ἔμεινε

81 586 205 623 μέντοιό
226 586 351 619 Εὐδόξιος
368 587 554 622 Ἀρειανίζων,
571 586 602 613 οὐ
632 586 724 621 μέντοι
741 594 774 626 γε
807 585 878 612 κατὰ

78 632 127 659 τὸν
147 632 261 659 Ἀέτιον.
287 629 367 659 Οὗτοι
381 633 406 658 οι
435 632 569 667 Ἀνόμοιοι
583 632 629 658 καὶ
659 631 792 658 Ἀετιανοὶ
807 639 877 657 παν-

79 676 186 703 τάπασι
201 676 320 711 Χριστὸν
336 677 382 703 καὶ
398 676 428 703 τὺ
443 677 520 710 ἆγιον
536 676 649 712 Πνεῦμα
665 675 877 711 ἀπαλλοτριοῦσι

81 721 162 754 Θεοῦ,
175 721 285 748 κτιστὸν
297 721 378 748 αὑτὸν
391 721 637 756 διαϐεϐαιούμενοι,
650 721 696 748 καὶ
710 721 772 747 οὐδὲ
784 721 876 756 ὁμοιό-

80 768 154 803 τητά
179 776 239 794 τινα
269 768 341 803 ἔχειν
366 767 502 801 λέγουσιν.
534 768 580 793 Ἐκ
608 767 796 802 συλλογισμῶν
822 767 877 802 γὰρ

88 814 314 848 Ἀριστοτελικῶν
338 814 385 840 καὶ
408 813 604 849 γεωμετρικῶν
619 813 664 840 τὸν
680 813 747 839 Θεὸν
764 813 875 848 Πατέρα

81 861 221 896 παριστᾷν
238 859 388 895 βούλονται,
406 860 454 886 καὶ
472 859 590 894 Χριστὸν
607 858 644 894 μὴ
657 857 787 885 δύνασθαι
805 855 877 884 εἶναι

926 268 1022 289 rentor
1040 261 1157 294 exstitit,
1175 269 1275 297 genere
1294 261 1363 288 Cilix
1375 281 1381 292 .
1407 261 1452 296 qui
1473 269 1488 288 a
1506 261 1623 297 Georgio
1640 261 1718 289 Aria-

925 311 1024 336 norum
1036 308 1207 336 Alexandrim
1218 308 1347 343 episeopo
1359 307 1491 335 diaconus
1507 308 1650 336 ordinatus
1665 314 1717 336 est.

926 356 1075 382 Anommos
1093 354 1153 382 illos
1174 354 1322 388 appellant,
1343 353 1388 381 alii
1404 353 1590 381 Eunomianos
1612 355 1718 390 1132

927 400 962 427 ab
979 399 1112 426 Eunomio
1132 399 1251 434 quodam
1268 398 1338 426 Aetii
1359 398 1505 433 discipulo,
1523 399 1568 433 qui
1585 399 1637 426 hoc
1652 404 1718 427 tem-

928 453 993 481 pore
1017 449 1151 480 superest.
1177 445 1245 471 Cum
1265 445 1306 472 eis
1325 449 1384 471 erat
1404 449 1431 472 et
1456 444 1596 472 Eudoxius
1622 446 1718 472 Ariani

928 493 1065 528 dogmatis
1079 501 1085 518 ε
1101 491 1150 519 sed
1164 491 1318 518 Constantii
1335 491 1509 526 imperatoris
1530 495 1602 518 metu
1620 491 1654 519 ab
1666 491 1720 519 illis

929 547 958 566 se
971 539 1133 574 segregavit,
1148 546 1180 565 ac
1197 538 1274 566 solus
1291 537 1386 565 Aetius
1410 538 1546 573 relegatus
1561 543 1612 570 est,
1630 545 1720 573 quan-

928 591 1009 618 quam
1036 583 1063 610 in
1084 584 1186 610 Ariano
1209 583 1336 618 dogmate
1354 583 1495 611 Eudoxius
1515 584 1719 618 perseveravit,

929 630 977 657 sed
988 630 1096 657 Aetium
1113 630 1225 657 minime
1240 634 1352 657 secutus
1363 633 1415 657 est.
1429 629 1514 657 Porro
1525 630 1650 657 Anon-(ei
1663 631 1721 658 sive

927 676 1037 704 Aetiani
1060 676 1199 703 Christum
1216 680 1244 703 et
1258 675 1389 710 Spiritum
1415 680 1540 703 sanctum
1555 684 1570 703 a
1587 675 1643 703 Deo
1659 676 1722 703 l'un—

928 723 1002 750 ditus
1026 722 1145 749 alienum
1164 730 1226 750 esse
1243 722 1408 757 prtedicant,
1434 729 1503 757 quos
1517 726 1625 749 creatos
1640 730 1720 754 esse,

929 776 1020 803 neque
1052 768 1203 803 quidquam
1235 768 1335 796 habere
1366 767 1555 796 similitudinis
1581 773 1719 797 asserunt.

929 814 1035 850 Quippe
1050 814 1218 850 syllogismis
1235 814 1398 849 quibusdam
1416 814 1598 841 Aristotclicis
1612 822 1643 841 ac
1657 821 1722 849 geo—

929 861 1052 888 metricis
1075 861 1160 888 Deum
1177 859 1286 887 Patrem
1310 860 1498 888 demonstrare
1521 860 1650 892 student;
1671 861 1722 888 iis-

81 906 115 931 ἐκ
149 905 217 932 Θεοῦ
248 905 293 931 διὰ
319 904 440 932 τοιοῦτον
467 904 578 940 τρόπον.
616 905 648 930 0i
672 903 701 930 δὲ
720 903 768 930 ἀπ’
795 903 877 930 αὑτοῦ

935 906 1048 941 denique
1068 906 1184 941 probare
1201 905 1340 933 Christum
1358 913 1373 932 a
1390 905 1446 932 Deo
1462 906 1528 933 oriri
1549 914 1603 932 non
1629 913 1720 941 posse.

81 951 247 986 Εὐνομιανοὶ
269 951 442 986 καλούμενοι,
459 949 674 982 ἀναῧαπτίζουσι
696 950 801 982 πάντας
814 950 878 982 τοὺς

82 995 154 1031 πρὸς
172 995 272 1027 αὐτοὺς
294 995 470 1031 ἐρχομένους,
493 995 524 1022 οὐ
553 995 633 1030 μόνον
652 994 720 1021 ἀλλὰ
746 995 794 1021 καὶ
815 995 879 1026 τοὺς

88 1041 249 1077 Ἀρειανῶν.
273 1041 502 1074 Ἀναΰαπτίζουσι
515 1041 544 1068 δὲ
568 1040 640 1068 κατὰ
665 1040 804 1076 κεφαλῆς,
822 1040 880 1068 ἄνω

82 1087 147 1118 τοὺς
162 1087 249 1119 πόδας
266 1087 429 1122 στρέφοντες
442 1087 497 1115 τῶν
513 1086 729 1122 βαπτιζομένων,
742 1085 781 1118 ὡς
795 1086 879 1117 πολὺς

82 1133 175 1169 ᾄδεται
196 1133 285 1167 λόγος.
302 1133 339 1160 Τὸ
365 1134 395 1161 δὲ
413 1133 548 1169 σφαλῆναι
572 1142 634 1160 τινα
661 1133 691 1160 ὲν
721 1132 837 1168 πορνείᾳ
860 1133 876 1169 ἦ

82 1180 168 1216 ἑτέρᾳ
182 1180 317 1216 ἁμαρτίᾳ,
339 1180 416 1207 οὐδὲν
432 1178 503 1207 εἷναί
519 1189 601 1215 φασιν
611 1187 619 1194 θ
635 1179 713 1206 οὐδὲν
725 1178 780 1214 γὰρ
801 1178 880 1215 ζητεί

82 1228 98 1254 ὸ
113 1227 192 1258 Θεὸς,
205 1227 273 1254 ἀλλὰ
287 1227 317 1254 τὸ
331 1225 402 1254 εἷναί
413 1235 474 1254 τινα
491 1228 520 1254 ὲν
535 1228 569 1263 τῇ
584 1226 675 1255 αὐτῶν
689 1227 781 1254 πίστει
797 1226 877 1262 μόνον

83 1273 223 1307 λέγουσιν.

118 1315 206 1346 Λῦταί
221 1320 290 1345 εἱσιν
305 1318 408 1353 ὁμοίως
422 1318 471 1346 καὶ
485 1318 514 1345 αἱ
532 1317 581 1345 τοῦ
602 1318 695 1353 τρίτου
711 1317 816 1353 βιϐλίου
831 1316 879 1344 τοῦ

84 1364 197 1398 πρώτου
211 1365 308 1400 τόμου,
327 1365 408 1391 ἕκτου
427 1364 456 1390 δὲ
470 1364 547 1397 ὖντος
557 1363 629 1391 κατὰ
644 1363 694 1400 τὴν
707 1363 879 1396 ἀκολουθίαν,

84 1419 217 1446 αιρεσεις.

931 951 1095 979 Eunomiani
1110 959 1174 980 vero
1188 953 1222 980 ab
1239 953 1300 988 ipso
1314 952 1440 988 profecti,
1457 961 1553 981 omnes
1573 953 1621 988 qui
1642 953 1676 980 ad
1692 961 1723 981 se

932 998 1063 1030 veniunt,
1090 998 1188 1026 iterato
1214 998 1364 1033 baptizant,
1383 1006 1437 1026 non
1455 999 1607 1027 catholicos
1632 1000 1723 1027 solum

933 1043 981 1071 sed
994 1044 1037 1072 vel
1060 1043 1178 1071 Arianos
1193 1044 1279 1079 ipsos,
1299 1044 1382 1079 idque
1395 1051 1428 1071 eo
1444 1045 1525 1072 modo
1535 1065 1542 1076 ,
1564 1049 1593 1072 ut
1607 1045 1723 1080 pedibus

933 1095 1044 1116 sursum
1059 1088 1201 1116 conversis
1215 1089 1244 1116 in
1255 1089 1345 1124 capite
1358 1089 1419 1116 ilics
1434 1089 1587 1124 baptizent;
1603 1089 1676 1125 quod
1689 1090 1724 1118 de

932 1133 988 1161 illis
1003 1134 1172 1168 percrebuit.
1193 1133 1414 1162 Fornicationem
1432 1139 1479 1161 aut
1491 1135 1564 1162 aliud
1581 1135 1724 1170 quodlibet

932 1183 1074 1214 peceatum
1097 1180 1166 1207 nihil
1187 1188 1248 1208 sese
1265 1181 1392 1208 dictitant
1410 1189 1520 1216 :neque
1540 1182 1613 1210 enim
1638 1181 1723 1210 Deum

931 1225 1005 1253 aliud
1032 1233 1164 1260 quaerere,
1180 1233 1262 1261 quam
1283 1230 1313 1254 ut
1329 1227 1357 1254 in
1372 1234 1404 1254 ea
1419 1227 1477 1254 sola
1493 1235 1575 1263 quam
1590 1228 1641 1263 ipsi
1658 1235 1725 1263 pra:-

932 1269 1036 1304 dicant,
1056 1271 1108 1299 ﬁde
1122 1277 1322 1307 perseveretur.

969 1318 1016 1346 Hae
1036 1323 1100 1347 sunt
1113 1318 1233 1348 haereses
1253 1320 1320 1348 torni
1336 1319 1345 1346 I
1361 1320 1424 1347 libri
1440 1320 1514 1349 tertii
1529 1320 1577 1356 qui
1594 1320 1724 1349 instituto

932 1365 1030 1393 ordine
1045 1370 1141 1393 sextus
1156 1370 1211 1394 est.

621 1483 814 1514 HERESES
835 1482 938 1513 TOMI
960 1480 989 1511 Il
1018 1480 1123 1511 LIBRI
1142 1481 1198 1512 Ill.

127 1554 172 1581 'Ev
186 1553 214 1581 δὲ
235 1553 275 1589 τῷ
291 1553 410 1589 δευτέρῳ
439 1553 515 1589 τόμῳ
538 1553 585 1580 τοῦ
613 1553 695 1580 αὐτοῦ
722 1554 813 1590 τρίτου
842 1553 879 1589 βι-

971 1553 1094 1588 Denique
1108 1553 1169 1580 libri
1187 1560 1216 1579 Ill
1233 1557 1323 1580 tomus
1336 1552 1369 1586 11,
1387 1553 1434 1587 qui
1459 1557 1501 1581 est
1519 1557 1655 1582 tomorum
1680 1564 1725 1585 or-

85 1601 174 1632 ελίου,
190 1599 298 1635 ἑϐδόμῳ
316 1599 344 1625 δὲ
357 1598 414 1626 ὄντι
436 1599 497 1626 καθ’
509 1601 542 1635 ἢν
561 1599 675 1635 εἴπομεν
689 1600 832 1636 διαίρεσιν,
851 1601 880 1627 έν

85 1643 108 1680 ᾧ
123 1647 173 1673 καὶ
185 1646 216 1672 τὸ
229 1645 305 1677 τέλος
322 1645 413 1680 πάσης
436 1645 497 1672 ἐστὶ
512 1646 562 1682 τῆς
581 1646 784 1682 πραγματείας,
806 1646 882 1682 αἱρέι

86 1701 145 1724 σεις
156 1693 212 1719 εἰσὶ
228 1692 370 1726 τέσσαρες,
387 1690 487 1723 οὕτως·

120 1739 161 1765 A'.
178 1739 333 1773 Διμοιρῖται
346 1738 371 1764 οἱ
390 1737 437 1763 καὶ
451 1737 679 1772 Ἀπολλιναρίται,
689 1739 716 1765 οἱ
727 1738 765 1773 μὴ
775 1738 882 1764 τελείαν

85 1785 136 1820 τὴν
155 1783 203 1810 τοῦ
229 1783 347 1818 Χριστοῦ
370 1782 577 1818 ὲνανθρώπησιν
603 1783 815 1819 ὁμολογοῦντες·
844 1781 882 1810 ὧν

86 1839 159 1861 τινες
169 1829 314 1865 ὀμοούσιον
330 1831 363 1865 τῇ
380 1829 486 1864 θεότητι
500 1830 531 1856 τὸ
545 1830 624 1864 σῶμα
635 1829 769 1863 λέγουσιν.
790 1830 880 1856 Ἑτόλ-

89 1884 180 1910 μησαν
199 1875 228 1901 δέ
245 1874 310 1901 ποτέ
331 1883 406 1906 τινες
421 1874 451 1906 ἐξ
467 1874 556 1902 αὐτῶν
570 1875 617 1901 καὶ
632 1874 712 1901 τοῦτο
729 1876 826 1907 εἰπεῖν,
841 1875 882 1902 ὅτι

86 1921 177 1956 ψυχὴν
190 1921 242 1946 οὐκ
264 1919 375 1954 εἴληφεν
389 1920 403 1945 ὁ
424 1919 552 1955 Χριστὸς,
576 1920 714 1946 καὶτοῦτο
734 1920 881 1956 ἠρνοῦντο.

86 1966 165 1997 Τινὲς
177 1965 205 1992 δὲ
218 1964 262 1992 διὰ
277 1965 323 1992 τοῦ
338 1965 423 2000 ῥητοῦ
437 1965 478 1997 τὸ,
502 1965 527 1991 '0
545 1966 641 2000 Λόγος
659 1966 739 2000 σὰρξ
753 1966 881 2000 ἐγένετο,

87 2012 303 2048 ἐπερειδόμενοι,
321 2013 329 2027 ¹
352 2012 383 2038 τὸ
410 2012 465 2038 ἀπὸ
494 2012 606 2046 κτιστῆς
630 2012 743 2047 σαρκὸς,
759 2012 883 2039 τουτέστι

87 2058 207 2093 Μαρίας,
221 2058 273 2093 (τὸ)
304 2057 395 2093 σάρκα
416 2057 497 2084 αὑτὸν
523 2058 679 2093 εἰληφέναι⁴
702 2059 783 2093 μόνον
807 2059 883 2093 φιλο-

87 2105 185 2135 νείκως
197 2105 207 2119 ²
222 2103 315 2137 ελεγον
327 2103 372 2130 τὸν
382 2104 469 2138 Λόγον
477 2104 566 2139 σάρκα
575 2105 749 2139 γεγενῆσθαι·
766 2104 881 2141 ὕστερον

87 2149 291 2184 διανοούμενοι,
310 2149 361 2175 οὐκ
387 2147 445 2175 οἶδα
467 2149 514 2175 δ’ὁ
526 2158 562 2183 τι,
578 2149 640 2176 νοῦν
663 2150 744 2176 αὐτόν
758 2157 824 2184 φασι
845 2150 883 2185 μὴ

89 2195 242 2231 εἰληφέναι.

121 2286 160 2312 B'.
184 2285 486 2320 ’Λντιδικομαριανίται,
504 2285 528 2311 οἱ
548 2284 597 2320 τὴν
615 2284 696 2319 ἁγίαν
707 2284 819 2320 Μαρίαν
830 2283 880 2318 τὴν

87 2331 269 2366 ἁειπάρυενον
287 2329 356 2365 μετὰ
380 2329 410 2356 τὸ
424 2329 471 2356 τὸν
489 2330 605 2366 Σωτῆρα
629 2330 823 2365 γεγεννηκέναι
842 2329 881 2364 τῷ

94 2377 195 2411 Ἰωσὴφ
209 2375 344 2410 συνῆφθαι
360 2375 495 2410 λέγοντες.

122 2423 161 2449 I".
183 2421 398 2456 Κολλυριδιανοὶ,
422 2422 446 2448 οἱ
474 2422 514 2453 εἰς
531 2421 616 2456 ὄνομα
637 2421 686 2456 τῆς
710 2420 797 2456 αὐτῆς
820 2421 881 2447 Μα-

89 2468 150 2504 ρίας
164 2468 194 2494 ἐν
211 2466 304 2502 ἡμέρα
315 2466 363 2493 τοῦ
380 2465 457 2498 ἔτους
478 2467 531 2493 τινὶ
553 2465 763 2502 ἀποτεταγμένῃ
784 2465 880 2492 κολλυ-

89 2514 164 2549 ρίδας
184 2512 259 2544 τινὰς
273 2512 484 2548 προσφέροντες.
506 2509 554 2543 Οἷς
570 2511 724 2546 ἐπεθέμεθα
740 2512 826 2546 ὄνομα
847 2512 880 2547 τῇ

89 2559 189 2595 πράξει
202 2558 292 2585 αὐτῶν
307 2558 464 2591 ἀκόλουθον,
476 2557 701 2593 Κολλυριδιανοὺς
711 2558 811 2589 αὐτοὺς
823 2558 882 2584 ὀνο-

90 2606 238 2641 μάσαντες.

123 2653 161 2677 Δ’.
182 2648 387 2680 Μασσαλιανοὶ,
411 2648 498 2680 οὕτως
509 2648 725 2683 ὲρμηνευόμενοι
745 2649 770 2674 οἱ
785 2649 880 2682 Εὐκό-

87 2695 377 2730 μενοι.Συνάπτονται
391 2694 419 2721 δὲ
429 2693 534 2725 τούτοις
545 2694 593 2720 καὶ
608 2693 662 2720 τῶν
675 2693 729 2720 ἀπὸ
744 2693 881 2729 Ἐλλήνων

89 2740 340 2775 ὲπιτετηδευμένων
360 2740 494 2775 αἱρέσεων
512 2740 538 2766 οἱ
564 2739 706 2776 λεγόμενοι
724 2740 879 2775 Εὑφημῖται

90 2786 138 2813 καὶ
152 2786 341 2821 Μαρτυριανοὶ
355 2786 401 2812 καὶ
418 2776 586 2812 Σατανιᾶνοί.

127 2900 135 2916 ¹
147 2899 307 2934 Supplcnda
322 2906 372 2925 vox
388 2898 527 2935 ὴρνοῦντρ.

254 2945 390 2975 Pauor.
415 2946 473 2976 Gn.
504 2946 602 2976 XLII.

932 1599 995 1626 dine
1011 1597 1068 1629 VII,
1094 1598 1122 1626 in
1139 1605 1194 1633 quo
1213 1599 1299 1626 totius
1320 1600 1412 1634 operis
1438 1600 1501 1628 linis
1527 1605 1579 1634 est,
1605 1602 1725 1632 haireses

933 1645 1056 1672 continet
1072 1643 1114 1671 IV.

969 1733 990 1761 l.
1011 1733 1160 1761 Dimmritie
1173 1733 1218 1766 qui
1233 1737 1260 1761 et
1274 1731 1489 1769 Apollinaristaa,
1508 1735 1555 1770 qui
1572 1735 1723 1771 perlectam

932 1780 1035 1807 Christi
1047 1779 1266 1807 incarnationem
1279 1781 1390 1808 minime
1406 1781 1573 1809 conﬁtentur
1585 1792 1592 1810 :
1604 1790 1723 1818 quorum

932 1827 978 1854 alii
1005 1826 1242 1854 eonsubstantiale
1268 1826 1407 1854 divinitati
1435 1835 1497 1855 esse
1524 1835 1626 1863 corpus
1653 1828 1725 1856 allir-

934 1877 1019 1905 mant,
1045 1873 1090 1899 alii
1109 1880 1173 1900 vero
1189 1872 1336 1900 defendere
1361 1873 1434 1900 istud
1459 1874 1542 1901 etiam
1563 1875 1623 1902 ausi
1647 1881 1722 1909 sunt,

934 1917 1073 1945 Christum
1095 1925 1267 1953 nequaquam
1284 1918 1403 1945 animam
1421 1919 1624 1954 assumpsisse;
1643 1921 1725 1956 idque

933 1971 1034 1999 negare
1058 1964 1247 2002 instituerunt.
1271 1963 1387 1997 Quidam
1411 1965 1454 1993 liis
1476 1965 1616 2002 Evangelii
1633 1968 1724 1996 verbis

934 2011 1034 2042 innixi,
1058 2009 1169 2037 Verbum
1185 2019 1248 2037 caro
1262 2011 1363 2045 factum
1376 2016 1414 2038 est
1426 2012 1437 2027 ³
1452 2021 1458 2039 :
1474 2019 1507 2039 ex
1523 2017 1616 2040 creata
1629 2022 1723 2047 carne,

934 2057 987 2084 hoc
1013 2061 1056 2084 est
1080 2056 1182 2088 Maria,
1210 2064 1321 2084 carnem
1345 2057 1380 2084 ab
1405 2057 1452 2084 illo
1479 2064 1636 2093 susceptam
1661 2068 1725 2089 esse

933 2106 1088 2138 negarunt;
1102 2103 1151 2130 scd
1170 2103 1258 2130 solum
1273 2101 1393 2130 Verbum
1410 2110 1521 2130 carnem
1542 2111 1604 2132 esse
1622 2105 1723 2133 factum

933 2148 1113 2184 pertinaciter
1142 2151 1345 2183 asseverarunt.
1369 2147 1467 2176 Postea
1493 2157 1558 2176 vero
1579 2157 1661 2184 quam
1688 2152 1724 2178 ob

934 2200 1045 2219 causam
1075 2193 1180 2225 nescio,
1211 2197 1328 2220 mentem
1352 2193 1429 2220 illum
1459 2202 1513 2222 non
1538 2196 1724 2231 assumpsisse

898 2234 920 2261 Ι)
933 2238 1072 2266 dixerunt.

971 2284 1004 2310 Il.
1023 2284 1310 2312 Antidicomarianitae
1328 2285 1435 2312 beatam
1455 2293 1618 2322 semperque
1639 2288 1724 2323 virgi-

935 2338 997 2358 nem
1014 2329 1126 2357 Mariam
1145 2334 1207 2364 post
1218 2330 1323 2357 editum
1342 2330 1513 2360 Salvatorem
1528 2340 1590 2360 eum
1603 2333 1725 2369 Josepho

933 2377 1114 2405 consuevisse
1130 2380 1238 2411 putant.

972 2423 1078 2458 1133
1092 2422 1135 2450 Ill.
1162 2423 1351 2458 Collyridiani,
1372 2424 1419 2458 qui
1443 2424 1470 2451 in
1492 2424 1615 2460 ejusdem
1633 2426 1725 2455 Mariae

934 2477 1034 2497 nomen
1050 2474 1124 2497 stato
1141 2470 1204 2496 anni
1218 2469 1262 2497 die
1277 2470 1426 2506 collyridas
1441 2472 1573 2506 quasdam
1589 2472 1722 2507 oflerunl;

934 2516 1036 2551 quibus
1057 2520 1272 2543 consentaneum
1293 2523 1326 2543 ex
1343 2523 1375 2543 ea
1397 2523 1426 2543 re
1444 2525 1543 2545 nomen
1561 2518 1723 2549 indidimus.

934 2562 999 2589 dum
1016 2561 1218 2597 Collyriilianos
1234 2561 1297 2589 illos
1311 2563 1522 2597 appellavimus.

969 2647 1013 2675 IV.
1045 2647 1223 2680 Massaliani.
1255 2658 1325 2685 quos
1358 2651 1533 2688 interpretari
1574 2661 1723 2688 possumus

936 2692 1088 2720 I’recantes.
1105 2693 1152 2721 His
1165 2694 1353 2729 adjunguntur
1366 2703 1381 2723 e
1394 2698 1535 2731 gentilium
1547 2698 1641 2730 sectis,
1653 2705 1723 2736 quos

934 2738 1112 2773 Eupliemitas
1141 2744 1169 2767 et
1204 2739 1385 2777 Martyrianos
1414 2746 1442 2770 et
1474 2742 1638 2771 Satanianos
1671 2751 1722 2772 no—

933 2785 1048 2812 mittant.

575 2901 584 2916 '
598 2899 659 2935 Log.
687 2900 767 2935 μόνον
783 2900 811 2926 δὲ
829 2899 875 2934 φιλ

935 2899 989 2928 mlo
1008 2900 1090 2927 etiam
1106 2903 1168 2927 ante
1179 2899 1210 2926 τὸ
1227 2899 1298 2927 κατὰ
1313 2899 1411 2934 σάρκα.
1450 2900 1460 2916 ³
1477 2899 1555 2928 Joan.
1573 2909 1592 2932 ι.
1607 2900 1651 2929 ιι.

1557 2947 1598 2978 28
