1935 3044
211 175 263 205 875

909 169 937 196 S.
967 169 1138 196 EPlPllANll

1794 174 1846 201 876

248 235 362 262 Summa
375 234 433 261 ltmc
444 237 487 262 est
510 233 575 260 tomi
601 232 709 268 septimi
723 239 755 259 ac
772 232 854 258 trium
869 231 1001 258 librorttm

1090 230 1164 266 Λῦτη
1187 231 1234 258 καὶ
1257 232 1273 266 ὴ
1297 232 1344 258 τοῦ
1368 231 1483 267 ἑϐδόμου
1496 233 1578 268 τόμον
1595 233 1846 268 ἀνακεφαλαίωσις.

213 281 284 312 linis,
313 280 480 315 coll‘guntur
501 279 620 306 hzcrcscs
640 286 721 305 Lxxx.
745 278 802 305 Sub
827 278 907 304 linem
929 277 1002 304 tertii

213 326 276 352 libri
309 325 473 360 septimique
495 324 574 354 tomi,
596 323 715 350 formula
733 322 794 349 fidei
813 329 895 357 quam
913 320 1004 348 Eccle—

213 373 253 399 sia
270 371 409 398 catholica
432 370 587 405 proﬁtetur,
612 368 735 403 subjecta
752 372 805 400 est,
828 375 859 394 ac
880 366 1003 394 veritatis

213 416 348 448 defensio,
365 420 392 443 et
410 416 550 450 Evangelii
567 415 671 442 Christi
687 414 864 450 praedicatio;
881 421 912 440 ac
927 413 1004 440 deni-

212 469 265 496 que
277 461 420 488 catholica:
437 461 567 488 Ecclesiae
583 460 680 492 forma,
699 468 760 495 quae
773 467 835 486 cutn
853 460 887 486 ab
899 463 1004 487 aeterno

213 505 306 537 fuerit.
328 505 505 533 successione
529 511 681 539 temporttm
704 509 765 539 post
786 505 1002 532 incarnationem

213 551 315 579 Christi
328 551 534 579 evidentissimc
550 551 686 586 patefacta
701 555 755 578 est.

249 636 336 670 Quam
364 638 449 664 multa
477 645 542 665 vero
565 637 751 675 abqhumanis
771 637 889 673 ingeniis
914 637 1002 673 colligi

215 687 333 718 possunt
351 683 386 710 dc
400 683 436 711 iis
450 684 497 718 qui
516 684 584 710 tanti
600 691 631 710 ac
647 688 700 710 tam
716 684 881 711 excellentes
902 683 1004 711 haben-

218 734 276 763 tur,
290 734 317 757 et
332 730 378 764 qui
396 731 429 757 ad
444 730 621 757 laudabilium
636 730 901 758 atlolescentularum
918 738 1005 765 genus

215 776 317 803 ascribi
330 776 559 811 debettt,quarum
572 784 626 803 non
640 780 682 803 est
698 777 846 803 numerus!
863 775 930 802 Nam
946 777 1005 803 alia:

215 821 440 849 commendanda:
466 825 548 854 sunt,
577 821 638 849 alite
669 822 872 856 vituperatione
896 821 1003 856 dignae;

216 874 279 893 nam
293 867 418 894 nonnulli
436 867 644 901 reperiuntur‘,
661 867 708 902 qui
723 875 756 894 ex
773 867 881 905 privato
894 867 1005 903 ingenio

216 920 340 940 severam
358 913 513 947 quamtlam‘
523 913 585 940 vita:
609 913 785 948 disciplinam
810 921 842 940 ac
861 913 947 948 legem
964 914 1003 941 si-
1021 908 1043 936 Β

217 958 370 993 bimetipsis
385 958 586 991 condiderunt,
604 965 635 985 ac
651 958 798 993 prolixiore
820 966 898 986 coma
916 959 1004 993 palam

216 1008 244 1032 et
271 1004 298 1031 itt
319 1004 440 1031 omnium
465 1004 553 1032 oculis
575 1004 744 1039 procedunt;
769 1005 814 1032 alii
836 1012 899 1032 vero
919 1006 1007 1033 sancti

218 1051 322 1078 lratres
345 1050 373 1078 itt
389 1050 480 1078 cilicio
502 1055 530 1078 et
557 1051 651 1078 cinere
670 1051 743 1078 domi
770 1059 831 1078 sese
846 1052 1006 1085 continent;

217 1097 263 1124 alii
281 1097 400 1132 denique
416 1097 568 1132 asperrittto
587 1096 694 1124 vivendi
713 1097 848 1130 instituto,
868 1105 900 1124 ac
915 1097 1008 1125 duris—

217 1143 297 1170 simis
313 1142 428 1178 jejuttiis
450 1147 477 1170 et
507 1143 648 1171 laboribus
675 1142 722 1171 Dei
747 1150 831 1170 causa
859 1143 1006 1178 susceptis,

217 1188 330 1224 juvenili
342 1189 461 1224 quadam
477 1188 637 1216 fortitudine
664 1194 690 1216 ct
704 1189 825 1224 perfecta
840 1196 904 1224 erga
919 1188 1009 1224 Spon-

219 1243 281 1262 sum
304 1236 486 1267 conscientia.
508 1236 638 1263 omnibus
655 1236 778 1263 numeris
795 1236 949 1264 absolutam
972 1237 1010 1263 vi-

218 1286 276 1308 tam
290 1282 462 1316 exprimunt:
477 1282 524 1308 alii
539 1281 660 1313 demum,
677 1281 750 1316 qttod
768 1282 849 1316 paulo
864 1286 928 1309 ante
942 1282 1008 1313 dixi,

220 1335 276 1355 non
295 1327 412 1361 sincere,
429 1327 477 1355 sed
490 1327 677 1355 obstinatione
690 1328 809 1362 quadam
829 1328 924 1359 animi,
937 1327 1011 1354 velut

223 1374 378 1409 tyranttice,
395 1377 492 1408 praeter
506 1373 647 1412 veritatem
670 1373 820 1401 insolenter
836 1373 988 1401 eﬂeruutur
1002 1382 1009 1399 :

220 1419 358 1454 ejusmodi
374 1420 578 1448 Zacchazusille
589 1421 651 1453 fuit,
668 1422 716 1456 qui
731 1429 819 1456 ttupcr
837 1422 863 1448 in
881 1425 1010 1448 montana

222 1466 334 1501 regione
356 1466 389 1493 ad
416 1466 604 1502 Hierosolyma
631 1471 758 1494 mortttus
780 1472 841 1499 est;
873 1468 920 1502 qtti
947 1475 1009 1494 cutn

222 1512 330 1539 nemine
346 1519 467 1547 unquam
485 1512 614 1548 precandi
628 1513 822 1539 communione
838 1513 966 1547 conjungi
983 1521 1012 1540 se

1054 277 1102 302 καὶ
1118 277 1194 308 τέλος
1217 277 1273 303 τῶν
1293 277 1377 313 τριῶν
1393 277 1513 312 βιόλίων,
1531 278 1601 313 ὁμοῦ
1617 278 1646 304 δὲ
1660 280 1746 306 πᾶσαι
1761 279 1790 305 ai
1806 280 1847 306 al.-

1055 321 1145 357 ρὲσεις
1159 322 1334 356 ὀγδοήκοντα.
1344 323 1388 349 Ἐν
1402 323 1477 358 αὐτῷ
1493 323 1521 349 δὲ
1537 323 1576 358 τῷ
1592 323 1664 350 τέλει
1686 324 1733 350 τοῦ
1753 324 1847 359 τρίτου

1056 367 1170 402 βιϐλίου,
1186 368 1292 404 ἑϐδόμῳ
1316 369 1344 395 δὲ
1367 369 1454 404 τόμῳ,
1480 370 1510 395 ὲν
1532 369 1638 404 ὑστέρῳ
1655 370 1671 403 ἡ
1689 368 1782 401 πίστις
1798 369 1847 404 τῆς

1054 413 1202 449 καθολικῆς
1223 414 1397 449 Ἐκκλησίας,
1415 415 1463 441 καὶ
1474 415 1606 449 ἀπολογία
1621 415 1692 450 ὑπὲρ
1706 415 1846 450 ἀληθείας,

1055 459 1102 485 καὶ
1114 459 1246 495 κήρυγμα
1260 460 1307 486 τοῦ
1322 460 1486 494 Εὐαγγελίου
1498 460 1627 496 Χριστοῦ,
1643 461 1689 487 καὶ
1703 461 1848 496 χαρακτὴρ

1054 505 1103 540 τῆς
1125 505 1271 540 καθολικῆς
1296 505 1459 541 Ἐκκλησίας
1488 506 1538 541 τῆς
1561 506 1727 538 ἀπ’,αίῶνος
1752 506 1847 543 οὔσης,

1055 550 1126 577 κατὰ
1144 550 1172 577 δὲ
1185 551 1312 586 διαδοχὴν
1328 552 1432 587 χρόνων
1446 551 1625 586 φανερώτατα
1635 553 1664 578 ὲν
1681 553 1714 588 τῇ
1729 552 1848 587 Χριστοῦ

1055 597 1181 632 ἑνσάρκῳ
1197 598 1335 633 παρουσίᾳ
1351 597 1602 633 ἀποκαλυφθείσης.

1091 643 1145 669 Καὶ
1169 643 1240 670 πόσα
1264 644 1409 679 δυνήσεται
1425 644 1481 679 (51)
1503 644 1518 670 ὁ
1543 643 1604 675 νοῦς
1627 643 1680 670 τῶν
1696 644 1850 679 ἀνθρώπων

1056 688 1199 722 συλλέγειν
1214 689 1268 716 τῶν
1280 690 1416 717 τοσούτων
1429 690 1476 717 καὶ
1490 691 1616 726 μεγάλων
1628 690 1848 726 ὀνομαζομένων,

1055 734 1102 760 καὶ
1116 735 1145 761 ὲν
1159 736 1220 767 ταῖς
1233 736 1444 771 ἐπαινουμέναις
1461 737 1520 763 ὅσαι
1538 737 1591 763 εἰσὶ
1606 737 1733 772 διαφοραὶ
1758 737 1848 764 νεανί-

1055 779 1119 811 δων,
1136 777 1174 806 ὧν
1194 781 1243 807 οὐκ
1264 781 1337 808 ἐστιν
1352 782 1485 818 ἀριθμόςί
1502 783 1561 809 Τῶν
1575 783 1623 818 μὲν
1645 783 1710 819 προς
1726 783 1849 816 ἔπαινον,

1056 825 1144 852 ἄλλων
1167 826 1196 852 δὲ
1222 826 1259 862 μὴ
1282 827 1503 863 ἐπαινουμένων·
1521 828 1577 863 (52)
1594 829 1648 855 τῶν
1670 829 1698 855 δὲ
1721 830 1770 855 ἀπ’
1785 829 1850 856 ίδίου

1056 869 1116 901 νοὸς
1132 869 1166 896 τὰ
1179 870 1247 905 πρὸς
1266 871 1406 898 πολιτείαν
1422 873 1467 899 καὶ
1483 872 1599 908 ἄσκησιν
1615 873 1662 899 καὶ
1676 873 1778 909 θεσμὸν
1789 873 1852 900 ἐαυ-

1058 915 1114 946 τοῖς
1135 914 1330 949 συλλεγόντων,
1343 917 1373 942 ὲν
1396 916 1497 951 κόμαις
1510 925 1539 946 τε
1555 917 1699 953 προύπτως
1721 925 1854 954 προερχο-

1060 959 1147 994 μένων
1157 969 1163 975 -
1182 960 1270 987 ἄλλων
1286 961 1315 987 δὲ
1335 961 1420 996 ἁγίων
1434 962 1556 997 ἀδελφᾶν
1573 964 1601 990 ὲν
1617 963 1712 998 σάκκῳ
1724 964 1772 990 καὶ
1788 972 1854 990 σπο-

1058 1003 1096 1038 δῷ
1109 1004 1200 1030 οἴκαδε
1215 1005 1404 1039 καθεζομένων
1414 1015 1420 1021 ”
1439 1007 1487 1033 καὶ
1504 1007 1544 1034 ἔτι
1558 1008 1645 1035 ἄλλων
1659 1008 1688 1035 ὲν
1701 1008 1853 1040 πολιτείαις

1059 1050 1106 1076 καὶ
1137 1052 1275 1085 νηστείαις
1305 1050 1540 1088 ὐπερὸα).λού”σαις
1566 1053 1613 1080 καὶ
1638 1054 1755 1090 καμάτῳ
1786 1055 1853 1090 πρὸς

1059 1093 1135 1126 Θεὸν,
1161 1097 1190 1122 ὲν
1213 1096 1365 1132 νεανιότητι
1387 1098 1419 1132 τῇ
1442 1097 1511 1133 πρὸς
1534 1097 1581 1124 τὸν
1596 1098 1723 1133 Νυμφίον
1745 1099 1855 1126 τελείαν

1061 1142 1250 1178 συνείδησιν³ν
1273 1143 1376 1179 ἐτέρων
1400 1143 1439 1175 δὲ,
1455 1144 1493 1175 ὡς
1516 1145 1659 1179 προεῖπον,
1677 1145 1727 1170 οὐκ
1750 1145 1852 1180 ὀρθῶς,

1060 1187 1128 1215 ἀλλὰ
1140 1188 1210 1215 κατά
1224 1196 1285 1214 τινα
1297 1188 1431 1223 πρόληψιν
1444 1189 1513 1221 νοὸς,
1531 1189 1700 1225 τυραννικῶς
1713 1190 1791 1225 παρὰ
1806 1190 1855 1226 τὴν

1060 1234 1188 1269 ἀλήθειαν
1204 1235 1418 1270 νεανιευομένων
1429 1244 1436 1249 -
1455 1235 1494 1266 ὡς
1507 1236 1642 1270 Ζακχαῖος
1657 1235 1713 1270 (55)
1728 1236 1780 1271 μὲν
1802 1237 1856 1271 πρὸ

1062 1280 1184 1316 βραχέως
1197 1281 1361 1316 τελευτήσας
1375 1282 1403 1307 ἐν
1417 1283 1451 1317 τῇ
1464 1282 1554 1317 ὀρεινῇ
1569 1283 1601 1317 τῇ
1619 1281 1727 1316 περὶτὰ
1741 1282 1856 1317 Ἰεροσό-

1061 1327 1145 1362 λυμα,
1163 1326 1192 1359 ὃς
1209 1327 1298 1354 οὐδενὶ
1313 1326 1381 1358 ὅλως
1396 1327 1592 1362 συνευχόμενος
1605 1327 1766 1355 διετέλεσεν.
1776 1326 1856 1356 Ἀλλὰ

1062 1373 1109 1399 καὶ
1125 1373 1170 1400 διὰ
1187 1373 1236 1408 τὴν
1250 1373 1336 1408 αὐτὴν
1350 1373 1478 1400 ὑπόθεσιν
1489 1373 1632 1408 τολμηρῶς
1647 1374 1732 1407 ἁγίων
1750 1381 1856 1409 μυστη-

1064 1419 1129 1454 ρίων
1146 1419 1255 1454 ψαύειν,
1271 1420 1318 1446 καὶ
1334 1421 1491 1456 ἱερουργίαν
1507 1420 1600 1451 λαῖκὺς
1613 1420 1650 1447 ὢν
1663 1420 1783 1454 ἀφειδῶς
1808 1421 1856 1446 ἐπ-

1062 1465 1290 1500 εχείρει.’¹Ετερος
1313 1466 1341 1492 δέ
1363 1474 1416 1498 τις,
1428 1466 1503 1497 ὅστις
1518 1466 1584 1492 ποτὲ
1604 1463 1638 1501 ἦν
1656 1467 1726 1502 ἀνὴρ
1740 1467 1854 1498 ἐκεῖνος,

1063 1512 1110 1538 καὶ
1124 1512 1178 1538 τῶν
1186 1512 1335 1539 δοκούντων
1350 1513 1379 1538 ἐν
1392 1512 1523 1547 ἁκρότητι
1539 1511 1595 1547 βίου
1613 1512 1854 1548 πεπολιτευμένος,

222 1565 321 1592 passus
346 1564 408 1585 est:
429 1559 483 1586 itno
506 1567 571 1586 vero
592 1566 624 1585 ex
649 1559 744 1586 eodem
764 1559 890 1586 instituto
915 1560 1007 1586 divina

1065 1557 1133 1594 πρὸς
1148 1557 1197 1593 τὴν
1210 1558 1347 1592 Αἴγυπτον
1368 1558 1414 1585 ἐπὶ
1435 1558 1470 1585 τὰ
1495 1559 1615 1594 ὲρημικὰ
1639 1560 1808 1594 κατοικήσας
1829 1561 1856 1586 ἐν

223 1605 365 1640 mysteria,
380 1613 441 1632 cttttt
461 1605 546 1633 laicus
559 1611 642 1638 esset,
660 1607 804 1641 attingere.
824 1614 855 1633 ac
873 1607 1009 1634 sacriﬁcia

223 1651 362 1678 celebrare
380 1651 487 1679 nefario
501 1659 569 1679 ausu
585 1660 616 1679 ac
635 1654 780 1680 temerario
797 1657 838 1680 est
851 1660 1010 1687 aggressus.

223 1697 354 1725 Inventus
371 1702 413 1725 est
435 1702 462 1725 et
484 1699 564 1730 alius,
581 1699 738 1734 quicunque
761 1699 806 1727 ille
821 1699 930 1727 tandem
949 1699 1011 1732 fuit,

223 1743 368 1770 excellenti
392 1735 510 1778 quodam
534 1744 596 1770 vita:
624 1751 740 1779 genere,
769 1744 815 1779 qui
846 1744 873 1770 in
902 1744 1012 1780 Egypti

224 1788 372 1815 solitudine
398 1788 426 1815 in
452 1788 621 1816 monasterio
636 1789 767 1824 degebat;
794 1789 859 1817 item
885 1790 957 1818 alius
979 1791 1012 1817 tul

226 1833 319 1860 Sinam
336 1837 455 1862 montem
472 1835 609 1862 habitans.
633 1835 683 1868 Qui
702 1836 783 1863 ambo
800 1837 893 1864 nescio
913 1836 1014 1871 quibus

228 1880 344 1906 somniis
353 1887 386 1907 eo
397 1880 560 1908 temeritatis
571 1881 680 1908 adducti
690 1885 764 1912 sunt,
778 1885 816 1913 ut,
824 1883 834 1896 '
843 1883 969 1916 suscepta
980 1881 1013 1908 ad

225 1924 348 1959 episcopi
366 1925 534 1953 {unctionem
554 1934 685 1954 manuum
705 1928 889 1962 impositione,
905 1929 1013 1960 sedere,

196 1974 209 1988 ξ
226 1975 254 1998 et
278 1971 471 2006 episcoporum
486 1972 593 2008 1134
608 1981 708 2000 munus
726 1974 803 2010 obire
829 1981 882 2001 non
905 1974 1016 2002 dubita-

198 2036 205 2050 .
227 2016 293 2043 rint.
314 2016 408 2051 Alii,et
425 2017 451 2044 lti
466 2018 576 2053 quidem
602 2026 656 2045 non
674 2018 764 2053 pauci,
779 2022 902 2046 castrare
918 2023 1017 2046 semet-

228 2063 303 2097 ipsos
329 2067 425 2090 contra
456 2063 529 2098 leges
550 2063 664 2099 juvenili
689 2065 807 2099 quadam
833 2064 934 2092 ferocia
957 2065 1015 2092 ausi

228 2113 302 2136 sunt.
323 2109 385 2140 Alii,
409 2109 456 2144 qui
474 2109 635 2137 audaciores
657 2110 795 2141 videntur,
813 2118 846 2138 ex
869 2111 1018 2138 catholico-

228 2161 289 2181 rum
304 2155 439 2188 partibus,
457 2155 562 2189 privata
579 2155 632 2182 sibi
647 2155 767 2192 factione
779 2155 905 2188 conﬂata,
920 2160 1018 2191 printer

228 2195 360 2225 Ecclesiae
377 2199 619 2232 consuetudinem,
637 2207 669 2227 ac
682 2200 751 2226 citra
769 2201 933 2229 universalis
951 2209 1018 2229 cett-

1066 1603 1251 1639 μοναστηρίῳ,
1263 1605 1309 1630 καὶ
1322 1604 1400 1636 ἄλλος
1418 1605 1486 1640 πρὸς
1501 1605 1539 1640 τῷ
1552 1605 1650 1640 Σιναίῳ
1659 1614 1666 1621 ·
1679 1605 1703 1631 οἳ
1717 1606 1774 1632 ἀπὸ
1788 1607 1856 1632 ὀνει-

1065 1649 1153 1684 ράτων
1170 1649 1388 1682 ὲνεανιεύσαντο,
1407 1651 1559 1684 ἐπισκοπῆς
1577 1650 1719 1685 δεξάμενοι
1735 1651 1857 1686 χειροθε-

1064 1695 1124 1721 σίαν
1135 1695 1155 1727 ⁸,
1170 1695 1306 1730 καθῆσθαί
1326 1704 1355 1722 τε
1377 1696 1424 1722 καὶ
1437 1695 1472 1722 τὰ
1485 1696 1641 1723 ἐπισκόπων
1662 1697 1795 1731 πράττειν
1811 1699 1856 1725 καὶ

1063 1741 1140 1767 αὐτοὶ
1158 1740 1441 1777 ὲπεχείρουν.”Ετεροι
1465 1741 1494 1767 δὲ
1515 1741 1565 1767 οὐκ
1588 1742 1672 1775 ὀλίγοι
1691 1743 1856 1778 εὖνουχίξειν

1064 1787 1177 1818 ἑαυτοὺς
1192 1786 1268 1821 παρὰ
1279 1786 1313 1813 τὰ
1331 1786 1555 1822 προστεταγμένα
1571 1787 1650 1822 δῆθεν
1664 1788 1856 1823 νεανιεύματος

1064 1831 1145 1866 χάριν
1167 1831 1332 1867 ἐτόλμησαν.
1342 1831 1450 1867 ’Έτεροι
1472 1832 1501 1858 δὲ
1517 1832 1658 1864 δοκοῦντες
1673 1834 1856 1861 νεανιεύεσθαι

1064 1877 1185 1912 τολμῶσι
1198 1878 1273 1914 παρὰ
1283 1878 1347 1910 τοὺς
1358 1878 1439 1910 ὄντας
1448 1879 1467 1910 ⁵,
1481 1878 1519 1910 ὡς
1535 1879 1590 1905 ἀπὸ
1603 1879 1752 1914 όρθοδόξων
1766 1881 1857 1916 ὁρμώ-

1067 1932 1154 1960 μενοι,
1166 1924 1294 1958 σύλλογον
1306 1925 1412 1956 ἑαυτοῖς
1425 1925 1639 1958 ἐπισπάσασθαι,
1654 1926 1722 1952 ἀλλὰ
1735 1927 1783 1953 καὶ
1794 1927 1856 1953 ἄνευ

1066 1970 1230 2005 ἐπικρίσεως
1248 1970 1358 1996 συνόδου
1379 1971 1572 2006 οἱκουμενικῆς
1593 1970 1788 2003 ἀναὸαπτίζειν
1802 1973 1856 2007 (54)

1066 2017 1130 2048 τοὺς
1146 2016 1311 2052 ἐρχομένους
1328 2016 1396 2052 πρὸς
1416 2016 1514 2048 αὐτοὺς
1525 2017 1605 2052 δῆθεν
1618 2017 1672 2044 ἀπὸ
1692 2017 1838 2053 Ἀρειανῶν
1848 2025 1856 2032 ·

1069 2062 1182 2098 μηδέπω
1192 2062 1238 2089 τοῦ
1254 2063 1417 2099 πράγματος
1429 2063 1458 2095 ἐξ
1470 2057 1642 2098 ἐπικρίσεως,
1655 2062 1693 2094 rb;
1704 2063 1786 2098 ἔφην,
1798 2072 1859 2091 συν-

1068 2109 1128 2135 όδου
1143 2109 1303 2144 τμηθέντος,
1315 2109 1359 2135 διὰ
1381 2108 1411 2135 τὺ
1433 2108 1533 2143 ἀναμὶξ
1552 2109 1615 2140 τοὺς
1631 2108 1712 2140 λαοὺς
1725 2109 1859 2145 ὑπάρχειν

1069 2154 1108 2181 ἔτι
1121 2154 1211 2190 δεῦρο,
1228 2155 1274 2181 καὶ
1286 2155 1400 2186 πολλοὺς
1413 2154 1463 2190 μὲν
1476 2152 1546 2181 εἶναι
1562 2153 1730 2189 ὀρθοδόξους,
1748 2156 1820 2182 κατὰ
1833 2155 1860 2182 δὲ

1071 2203 1217 2238 ὑπόκρισιν
1233 2202 1300 2238 πρὸς
1314 2202 1377 2233 τοὺς
1394 2201 1585 2238 ίερατεύοντας
1599 2201 1861 2236 συνημμένους,ἓως

229 2243 285 2270 cilii
305 2244 457 2275 decretum.
480 2253 527 2272 eos
547 2245 593 2281 qui
609 2247 643 2274 ab
661 2247 770 2274 Arianis
792 2247 825 2274 ad
845 2255 910 2275 suos
928 2252 1011 2283 partes

1073 2248 1105 2275 ἂν
1120 2248 1271 2283 ἀφορισμὺς
1278 2247 1395 2282 ιγένηται
1411 2247 1462 2282 τῆς
1473 2247 1599 2282 τοιαύτης
1611 2246 1774 2281 βλασφήμου
1789 2248 1862 2283 αἰρὲ-

231 2295 388 2323 transeunt,
417 2292 515 2319 ilerunt
536 2291 677 2327 baptizare
701 2293 768 2320 nihil
784 2299 930 2326 verentur;
958 2303 1019 2322 cttm

231 2337 351 2363 nondum
366 2345 398 2364 ea
413 2345 467 2369 res.
484 2342 512 2364 ut
529 2338 596 2370 dixi,
621 2339 785 2367 universalis
805 2341 902 2376 synodi
917 2341 1022 2375 judicio

231 2382 323 2409 decisa
347 2384 393 2415 sit,
409 2384 481 2418 quod
499 2384 589 2412 adhuc
605 2387 697 2421 populi
727 2387 883 2421 promiscue
912 2387 945 2414 ad
970 2387 1019 2414 lto-

230 2428 356 2456 diernum
388 2438 475 2465 usque
509 2436 617 2466 tempus
651 2432 805 2459 habeantur
826 2433 920 2459 :inter
951 2441 1021 2468 quos

232 2476 310 2502 mulli
328 2476 436 2510 quidem
459 2481 523 2504 sunt
544 2477 684 2510 catholici,
702 2477 750 2505 sed
770 2477 832 2505 ﬁcte
858 2485 890 2506 ac
909 2486 957 2514 per
982 2479 1019 2506 si-

233 2522 408 2550 mulationem
423 2530 486 2550 eum
510 2523 700 2553 sacerdotibus
717 2528 782 2552 sunt
797 2525 950 2560 conjuncti,
969 2526 1018 2554 do-

269 2600 368 2627 ‘Cant.
396 2609 432 2632 vt,
460 2600 486 2627 'l.
537 2600 592 2627 ‘F.
617 2608 683 2628 non.

233 2636 243 2651 '
258 2635 288 2663 F.
304 2636 419 2667 κανόνας
433 2643 482 2671 pro
496 2635 585 2667 ὄντας.

267 2713 323 2748 (5i)
340 2713 395 2741 Kal
407 2714 489 2740 πόσα
497 2712 740 2749 δυνήσετωυῐιαξο
754 2717 781 2741 et
796 2721 856 2748 quae
869 2718 1022 2749 sequuntur

234 2749 269 2777 ad
285 2750 364 2777 lioetn
379 2756 465 2783 usque
484 2748 575 2783 operis
590 2748 686 2775 iisdem
700 2748 785 2776 ferme
801 2748 914 2776 exarata
931 2749 1023 2777 verbis

234 2784 356 2812 invenies
374 2784 401 2810 in
425 2783 596 2819 Expositione
614 2783 677 2818 ﬁdei
707 2792 722 2811 a
739 2792 814 2812 num.
831 2784 875 2816 15,
904 2784 938 2811 ad
955 2784 1025 2812 inte-

151 2826 184 2849 ς,
235 2827 313 2854 grunt
332 2827 418 2854 usque
432 2827 538 2846 numer.
556 2819 599 2846 18.

271 2853 327 2889 (52)
343 2853 443 2890 Cortler
454 2862 516 2882 eum
531 2854 593 2882 istis
606 2861 666 2890 qua:
679 2855 807 2890 leguntur
832 2861 908 2882 num.
924 2854 958 2882 l5
971 2854 1027 2882 Ea:-

236 2889 374 2921 pasilionis
389 2889 462 2923 ﬁdei.

738 2601 748 2618 ³
762 2611 806 2636 γερ.
833 2601 923 2637 τελείᾳ
942 2602 1094 2638 συνειδήσει
1130 2599 1408 2638 πληροφορουμένων.

1071 2302 1151 2325 σεως,
1168 2294 1215 2321 καὶ
1237 2294 1297 2320 τότε
1324 2295 1385 2320 κατ’
1400 2293 1486 2328 αὐτῆς
1501 2293 1685 2329 ὁρισθήσεται.
1696 2293 1742 2320 Ἐκ
1759 2294 1862 2320 τούτων

1070 2340 1098 2366 δὲ
1127 2340 1181 2366 τῶν
1205 2340 1291 2371 οὕτως
1320 2339 1559 2372 ἁναὸαπτιζόντων
1595 2339 1643 2365 ἀπ’
1670 2339 1736 2365 ἰδίου
1767 2340 1863 2366 κελεύ-

1071 2393 1184 2420 σματος,
1215 2386 1255 2416 εἰς
1284 2386 1421 2420 ἡμετέρας
1451 2384 1536 2416 ἀκοὰς
1557 2385 1671 2419 ἀφῖκται
1704 2382 1744 2416 εἷς
1776 2386 1863 2421 ὑπάρ-

1071 2440 1129 2466 χειν
1162 2432 1190 2457 ὲν
1210 2433 1243 2467 τῇ
1269 2431 1323 2457 τῶν
1341 2432 1448 2457 Λυκίων
1474 2430 1551 2466 χώρᾳ
1577 2430 1772 2466 πρεσῦύτερος.
1805 2431 1864 2458 Εἰσὶ

1072 2478 1099 2505 δὲ
1125 2479 1171 2504 καὶ
1192 2478 1275 2509 ἄλλοι.
1312 2474 1350 2505 ὧν
1380 2478 1493 2508 ἕκαστος
1527 2477 1588 2503 καθ’
1617 2477 1713 2503 ἑαυτὸν
1743 2476 1863 2512 εὔχεται,

1073 2525 1120 2552 καὶ
1155 2525 1186 2552 οὖ
1217 2525 1285 2559 μετά
1312 2532 1384 2555 τινος
1405 2523 1436 2550 τὸ
1471 2523 1610 2556 παρὰπαν.
1639 2523 1749 2557 Ἕτεροι
1780 2523 1809 2549 δὲ
1838 2525 1865 2549 ὲν

1457 2600 1466 2616 ⁸
1484 2598 1514 2626 F.
1540 2599 1570 2626 οὐ
1605 2599 1700 2634 δεξάμ.
1728 2600 1862 2636 χειροθεσ.

1109 2712 1166 2748 (55)
1187 2712 1234 2745 Ὠς
1256 2711 1413 2748 Ζακχαῖος.
1439 2710 1505 2738 Vide
1519 2718 1580 2745 quae
1603 2711 1637 2738 de
1655 2710 1709 2738 isto
1730 2711 1864 2748 Zaccltmo

1072 2746 1264 2776 adnotavimus
1281 2746 1315 2774 ad
1332 2751 1512 2774 memoratum
1526 2754 1612 2780 nuper
1628 2754 1705 2774 nttnt.
1725 2746 1768 2774 l5.

1108 2783 1163 2819 (5-5)
1187 2781 1413 2819 qué‘qxtlé'sw,
1431 2780 1532 2819 etc._
1546 2781 1591 2809 hic
1608 2781 1767 2819 recolantur
1782 2789 1863 2819 oper:

1072 2816 1183 2853 tet‘qtiaz
1194 2818 1364 2853 scripsimus
1378 2816 1413 2844 ad
1431 2816 1599 2853 simillimum
1621 2817 1713 2845 locum
1741 2825 1817 2844 num.
1832 2816 1864 2844 15

1073 2851 1178 2882 laudati
1196 2853 1224 2880 in
1243 2851 1415 2887 Expositione
1427 2851 1501 2887 ﬁdei.
