1935 3044
161 199 213 227 ΒἺἹ

807 198 987 225 ANACEPHA
993 197 1136 226 LIEOSIS.

1738 194 1792 223 878

160 257 259 288 κλοιοῖς
343 256 417 292 παρὰ
430 257 474 284 τδν
490 257 588 292 θεσμὸν
605 257 654 292 τῆς
668 257 839 292 Ἐκκλησίας.
856 259 950 293 Διόπερ

1007 266 1058 285 nec
1078 256 1246 285 exsecranda
1271 256 1316 284 illa
1339 259 1416 283 secta
1440 255 1475 283 ab
1502 254 1631 282 Ecclesia!
1652 254 1792 282 consortio

159 303 205 327 ἐπὶ
219 302 290 328 τέλει
309 303 410 334 παντὸς
431 304 477 330 τοῦ
500 303 580 338 λόγου
600 303 722 335 νεάνιδας
735 304 813 338 ἔφην,
825 304 862 339 μὴ
875 303 954 339 ἐχού-

161 355 211 378 σας
239 347 366 382 ἀριθμὸν,
379 349 428 380 τάς
454 358 484 375 τε
506 350 576 376 κατὰ
589 349 638 384 τὴν
655 349 724 376 ίδίαν
738 349 844 376 ἔννοιαν
860 349 958 380 αὑταῖς

159 393 347 425 νεανιζούσας,
361 395 391 421 οὐ
406 395 459 430 μὴν
486 395 525 426 εἰς
550 396 580 421 τὸ
607 395 721 429 ἀγαθὸν,
734 397 774 427 εἰς
787 396 818 422 τὸ
833 395 953 423 τελειοῦν

159 438 209 472 τῆς
229 439 326 473 σοφίας
347 439 380 465 τὰ
401 439 471 475 εἴδη,
490 441 647 475 φρονήσεώς
665 449 694 467 τε
711 442 756 468 καὶ
771 441 896 476 ἀνδρείας
907 442 954 468 καὶ

161 483 340 518 σωφροσύνης
350 485 396 510 καὶ
409 484 594 520 δικαιοσύνης.
613 485 657 517 Ἐξ
672 482 709 511 ὧν
721 486 797 513 ἄλλαι
815 486 952 518 νεανίζου-

161 536 207 554 σαι
230 529 275 555 ἐπὶ
298 529 329 556 τὸ
351 530 594 567 τυραννικώτερον,
618 532 666 558 καὶ
679 532 733 559 ἀπὸ
750 533 800 567 τῆς
822 532 952 567 ἀληθείας

159 574 261 607 ἑαυτὰς
274 576 447 611 ἐκτρέπουσι,
461 577 531 604 ὥστε
546 578 583 613 μὴ
597 576 666 604 εἶναι
693 578 810 613 ἀριθμὸν
835 577 948 605 τούτων.

1007 308 1174 339 segregetur,
1200 307 1230 330 ut
1247 306 1312 330 tunc
1333 302 1436 337 aliquid
1455 302 1490 328 de
1505 301 1552 329 illa
1577 303 1726 328 statuatur.
1752 298 1790 326 Ex

1006 349 1042 376 iis
1056 349 1101 384 qui
1116 353 1213 384 suapte
1233 349 1394 376 auctoritate
1417 347 1515 375 iterum
1531 346 1583 374 hoc
1603 345 1684 374 modo
1705 346 1794 380 bapti-

1006 400 1078 427 zant,
1098 396 1180 422 audio
1192 395 1337 430 quemdam
1362 394 1390 421 in
1407 393 1491 428 Lycia
1507 392 1697 428 presbyterum
1720 399 1792 420 esse.

1006 441 1058 468 Sed
1075 446 1102 468 et
1118 441 1181 468 aliis
1205 441 1231 467 in
1248 440 1319 468 locis
1341 440 1519 475 reperiuntur
1532 439 1591 471 alii,
1606 438 1653 472 qui
1670 438 1794 472 singilla—

1005 486 1052 513 tim
1082 493 1114 513 ac
1143 485 1262 520 separati
1293 493 1388 521 preces
1416 485 1537 517 obeunt,
1566 489 1593 512 et
1623 485 1791 519 reliquorum

1005 531 1226 558 communionem
1240 538 1349 558 omnem
1368 535 1509 566 respuunt.
1529 530 1582 557 Alii
1605 530 1724 557 eollaria.
1739 529 1792 557 sibi

1004 582 1102 613 praeter
1120 576 1249 604 Ecclesia:
1264 578 1337 612 leges
1356 579 1506 604 innectunt.
1524 576 1611 610 Quam
1625 576 1661 603 ob
1679 583 1791 603 causam

160 621 375 657 disputationem
388 632 497 652 omnem
509 625 561 652 hac
590 627 725 653 sententia
755 626 888 658 conclusi,
919 625 1138 653 adolescentulus
1168 632 1230 652 esse
1260 625 1337 652 nullo
1353 632 1469 652 numero
1481 624 1794 659 comprehensas'2qua:

161 669 269 704 privato
284 671 401 698 consilio
417 671 550 699 audacter
565 672 768 707 insolenterque
784 681 814 700 se
838 677 951 708 gerunt;
973 680 1027 699 non
1045 677 1074 700 ut
1088 672 1153 700 boni
1168 672 1268 707 aliquid
1285 676 1499 708 consequantur,
1528 677 1576 698 aut
1593 671 1735 706 sapientia
1762 670 1791 697 in

161 725 222 745 sese
249 726 335 753 genus
367 719 478 754 aliquod
508 722 669 756 expoliant,
703 726 766 757 puta
784 723 947 758 prudentiae.
965 722 1149 753 fortitudinis,
1170 720 1368 756 temperantiae,
1382 719 1506 753 justitiae.
1523 717 1584 751 Quo
1610 726 1643 745 ex
1676 725 1792 745 numero

161 764 306 799 tyrannica
324 772 402 792 more
424 766 548 801 quaedam
570 766 733 800 efferuntur,
757 773 839 804 atque
859 776 874 796 a
891 769 1003 796 veritate
1022 767 1178 799 deﬂectunt.
1194 766 1270 794 nullo
1283 769 1313 792 ut
1334 771 1448 792 numero
1464 763 1596 791 contineri
1619 762 1736 797 possint.

193 809 268 845 Αὕτη
293 810 321 837 δὲ
341 811 361 846 ἡ
382 812 437 846 μία
457 815 618 848 περιστερὰ
639 815 685 841 καὶ
713 816 780 850 ἁγία
816 816 950 852 παρθένος

158 856 225 883 Θεὸν
236 857 370 892 ὁμολογεῖ,
384 858 493 894 Πατέρα
507 859 554 886 καὶ
568 859 632 886 Υἰὺν
652 861 700 887 καὶ
720 861 798 895 ἅγιον
815 861 928 898 Πνεῦμα
941 870 948 876 ·

158 902 269 938 Πατέρα
284 902 396 936 τέλειον,
413 903 477 930 Υἰὸν
489 904 602 937 τέλειον,
618 906 731 941 Πνεῦμα
743 907 821 941 ἅγιον
835 908 947 934 τέλειον

157 948 300 983 ὀμοούσιον
311 949 360 984 τὴν
372 949 485 985 Τριάδα.
495 950 574 977 Ἀλλὰ
583 951 630 977 τὸν
641 951 705 979 Υῑὸν
717 953 749 979 ἐκ
762 953 869 989 Πατρδς
879 954 947 990 ἀλη-

157 994 240 1025 θινῶς
255 995 464 1031 γεγεννημένον,
483 996 571 1022 καὶτὸ
584 996 662 1031 ἆγιον
679 997 791 1033 Πνεῦμα
806 999 856 1025 οὑκ
871 999 948 1026 ἁλλό-

156 1047 232 1074 τριον
246 1040 353 1076 Πατρὺς
369 1041 415 1067 καὶ
426 1041 505 1068 Υἰοῠ·
520 1039 603 1069 οὖσαν
614 1043 642 1069 δὲ
659 1043 702 1070 ἀεὶ
715 1044 765 1079 τὴν
778 1044 892 1080 Τριάδα,
902 1047 949 1072 καὶ

159 1084 292 1119 μηδέποτε
315 1086 475 1122 προσθήκην
500 1088 711 1124 ὲπιδεχομὲνην·
730 1090 767 1125 μὴ
791 1090 904 1125 ἔχουσαν
919 1091 948 1118 δέ

156 1138 183 1156 τι
195 1131 224 1157 ὲν
235 1130 303 1166 αὐτῇ
318 1132 496 1168 ὑποϐεϐηκὸς,
509 1134 549 1165 είς
561 1134 625 1169 μίαν
638 1134 666 1160 δὲ
677 1135 791 1170 ἑνότητα
812 1137 859 1162 κοιλ⁸
883 1137 948 1172 μίαν

157 1176 244 1212 ἀρχὴν
257 1177 304 1204 τοῦ
318 1177 386 1204 Θεοῦ
400 1179 446 1206 καὶ
462 1179 569 1216 Πατρὸς
583 1179 765 1215 ἀναγομένην.
778 1182 831 1208 Καὶ
844 1183 876 1209 ὲκ
884 1183 949 1209 ταύ-

156 1229 207 1256 της
221 1223 271 1257 τῆς
287 1223 401 1258 Τριάδος
426 1224 532 1259 Πατρὸς
557 1225 604 1252 καὶ
620 1225 686 1252 Υἱοῦ
702 1227 750 1252 καὶ
768 1227 846 1261 ἁγίου
862 1228 949 1254 Πνεύ-

158 1275 243 1301 ματος
255 1268 290 1294 τὰ
304 1268 393 1295 πάντα
408 1270 560 1302 ἐκτίσθαιῆ
580 1272 630 1298 οὐκ
646 1272 711 1299 ὄντα
726 1273 800 1304 ποτὲ,
810 1272 872 1299 οὔτε
883 1282 948 1300 συν-

156 1313 221 1339 όντα
238 1313 278 1348 τῷ
302 1313 372 1349 Θεῷ,
388 1315 450 1342 οὔτε
475 1317 700 1353 προῠπάρξαντα,
715 1319 845 1354 γινόμενα
865 1320 894 1346 δὲ
916 1320 948 1347 ὲκ

155 1359 203 1385 τοῦ
220 1360 256 1395 μὴ
273 1360 349 1392 om;
364 1362 403 1394 είς
418 1362 448 1388 τὸ
463 1360 533 1390 εἶναι
558 1363 612 1390 ἀπὸ
632 1365 738 1400 Πατρὺς
759 1366 805 1392 καὶ
819 1366 884 1392 Υἱοῦ
902 1367 948 1393 καὶ

156 1406 235 1440 ἁγίου
253 1406 421 1442 Πνεύματος.
444 1409 498 1435 Καὶ
520 1409 614 1436 τοῦτον
630 1410 675 1436 τὸν
691 1410 802 1446 Πατέρα
821 1412 868 1438 καὶ
884 1412 947 1439 Υἰὸν

156 1453 203 1478 καὶ
214 1453 291 1486 ἅγιον
303 1452 415 1488 Πνεῦμα
428 1456 485 1486 τοῖς
498 1455 581 1482 αὑτοῦ
596 1456 684 1490 ἁγίοις
698 1457 904 1489 καταξιώσαντα
919 1459 948 1485 ὲν

156 1498 300 1531 ὀπτασίαις
323 1501 449 1536 φανῆναι,
472 1501 597 1538 καθάπερ
620 1502 734 1537 ἠδύνατο
753 1503 868 1536 ἕκαστος
893 1513 948 1539 χω-

158 1546 226 1579 ρεῖν.
241 1545 312 1572 κατὰ
327 1546 358 1572 τὸ
371 1547 491 1582 χάρισμα
504 1548 552 1583 τῆς
565 1548 647 1575 αὑτοῦ
661 1548 776 1585 δυνατῆς
790 1549 947 1586 βεότητος¹⁷

1039 815 1101 842 Haec
1126 820 1217 842 autent
1243 822 1295 840 una
1321 812 1370 839 illa
1396 811 1518 839 columba
1545 815 1695 846 sanctaque
1715 811 1792 846 virgo

1002 861 1086 888 Deum
1102 861 1248 888 conlitetur
1258 859 1366 886 Patrem
1387 863 1413 886 et
1427 857 1525 885 Filium
1542 863 1568 884 et
1582 857 1714 892 Spiritum
1728 865 1793 885 san-

966 925 988 952 η
1002 911 1076 934 ctum
1097 915 1104 933 :
1123 906 1232 933 Patrem
1254 904 1415 940 perfectum,
1437 903 1536 930 Filium
1554 902 1722 952 perfectum;

1002 953 1103 981 fectum
1118 952 1249 987 Spiritum
1263 955 1400 983 sanctum,
1417 949 1680 978 consubstantialem
1701 948 1792 976 Trini-

1001 1003 1094 1026 tatem.
1110 998 1163 1025 Sed
1175 997 1273 1025 Filium
1285 1004 1348 1024 vere
1363 1003 1378 1022 a
1390 995 1470 1024 Patre
1479 996 1610 1031 genitum,
1621 999 1648 1022 et
1661 994 1792 1030 Spiritum

1001 1050 1128 1072 sanctum
1145 1052 1160 1071 a
1177 1044 1257 1071 Patre
1286 1042 1410 1077 Filioque
1432 1049 1486 1070 non
1505 1042 1626 1069 alienum
1643 1051 1650 1068 :
1671 1041 1791 1068 Trinita-

1001 1096 1067 1123 tem,
1092 1091 1213 1125 inquam.
1228 1096 1290 1124 qua
1303 1095 1412 1123 semper
1424 1088 1470 1120 sit,
1485 1095 1574 1121 neque
1599 1087 1681 1114 ullam
1695 1094 1791 1114 acees-

1001 1138 1106 1165 sionem
1138 1135 1238 1170 capiat,
1264 1141 1353 1169 neque
1374 1134 1522 1168 quidquam
1550 1133 1577 1160 in
1595 1140 1657 1160 sese
1676 1132 1792 1160 inferius

1002 1183 1115 1214 habeat;
1130 1188 1244 1216 quaeque
1261 1180 1295 1206 ad
1318 1179 1483 1213 singularem
1499 1178 1642 1210 unitatem,
1664 1178 1791 1205 unicum-

1001 1235 1054 1262 que
1072 1227 1118 1253 Dei
1139 1234 1170 1253 ac
1185 1225 1276 1252 Patris
1291 1223 1456 1259 principium
1472 1222 1617 1250 referatur.
1640 1222 1681 1250 Ah
1696 1222 1791 1250 eadem

1001 1273 1136 1299 Trinitate
1162 1271 1241 1298 Patre
1264 1274 1291 1297 et
1317 1268 1387 1296 Filio
1407 1272 1434 1295 et
1461 1267 1564 1304 Spiritu
1585 1273 1682 1296 sancto
1699 1272 1791 1296 creata

1001 1325 1062 1346 esse
1078 1322 1186 1349 cuncta,
1207 1323 1268 1350 qua».
1292 1314 1439 1349 aliquando
1458 1322 1512 1341 non
1527 1314 1682 1346 exstabant,
1703 1321 1792 1349 neque

1001 1371 1064 1391 cum
1082 1363 1137 1390 Deo
1152 1367 1241 1394 erant,
1261 1369 1311 1389 nec
1334 1365 1398 1388 ante
1410 1360 1588 1392 exsistchant,
1607 1361 1654 1388 sed
1674 1367 1690 1388 θ
1706 1360 1792 1388 nihilo

1002 1410 1103 1445 aliquid
1130 1417 1192 1436 esse
1225 1412 1379 1443 cmperunt,
1402 1415 1417 1434 a
1439 1407 1519 1434 Patre
1531 1411 1557 1435 et.
1575 1406 1642 1434 Filio
1655 1411 1682 1434 et
1696 1411 1792 1434 sancto

1003 1456 1106 1492 Spiritu
1128 1455 1278 1491 producta;
1290 1459 1316 1481 et
1331 1454 1403 1480 hunc
1423 1452 1529 1488 1135
1542 1453 1631 1488 ipsum
1644 1453 1750 1481 Patrem
1764 1457 1793 1480 et

1002 1502 1100 1530 Filium
1124 1505 1152 1528 et
1172 1501 1303 1536 Spiritum
1317 1504 1440 1528 sanctum
1463 1499 1566 1527 sanctis
1586 1500 1644 1528 suis
1660 1500 1688 1527 in
1709 1500 1793 1527 visio-

1001 1549 1083 1576 nibus
1113 1555 1245 1583 apparere
1273 1546 1413 1581 dignatum
1441 1553 1513 1578 esse,
1538 1550 1671 1581 quantum
1694 1554 1792 1582 capere

156 1591 225 1626 ὅπερ
241 1590 382 1626 ἐχαρίζετο
395 1593 502 1628 ἑκάστῳ
517 1593 572 1620 τῶν
587 1595 820 1630 καταξιουμένων.
841 1597 883 1631 Ili;
899 1597 947 1632 μὲν

1002 1594 1119 1629 quisque
1138 1597 1254 1627 poterat,
1271 1592 1421 1626 secundum
1439 1592 1540 1619 donum
1556 1593 1674 1628 potentis
1693 1593 1792 1620 divini-

157 1637 267 1673 Πατέρα
280 1637 428 1665 Θεάσασθαι
446 1638 537 1671 καθὼς
551 1639 674 1674 ἠδύνατο,
693 1639 808 1667 ἀκοῦσαι
823 1641 873 1676 τῆς
889 1650 946 1676 φω-

157 1683 207 1718 νῆς
231 1683 314 1722 αυτοῦ
337 1684 374 1716 ὡς
397 1684 513 1720 ἐχώρει·
532 1685 570 1717 ὡς
583 1686 612 1712 ὲν
627 1685 743 1721 στόματι
767 1686 814 1713 τοῦ
835 1687 946 1714 Ἡσαΐου

157 1730 264 1764 ἔλεγεν·
286 1730 360 1757 Ἰδοὺ
384 1730 514 1763 συνήσει
539 1733 555 1758 ό
581 1731 652 1765 παῖς
673 1741 733 1766 μου
747 1733 763 1759 d
777 1733 946 1766 ἀναπητός·

157 1775 236 1803 τοῦτο
261 1776 337 1812 φωνὴ
367 1776 482 1812 Πατρός.
510 1777 564 1803 Καὶ
581 1777 619 1809 ὡς
635 1778 649 1804 ὁ
660 1777 773 1813 Δανιὴλ,
787 1776 876 1805 Εἷδεν
895 1779 948 1805 τὸν

157 1822 291 1849 Παλαιὸν
304 1821 363 1848 τῶν
379 1822 511 1857 ἡμερῶν·
527 1823 606 1850 τοῦτο
621 1823 738 1851 ὸπτασία
761 1824 809 1851 τοῦ
831 1824 946 1860 Πατρός.

163 1868 208 1899 Ὠς
223 1869 252 1894 δὲ
267 1870 296 1894 ὲν
314 1868 353 1904 τῷ
367 1869 493 1905 προφήτῃ
511 1869 610 1896 πὸιλιν⁵
630 1869 701 1904 Ἐγὼ
715 1869 837 1904 ὁράσεις
850 1870 946 1905 ἐπλή-

157 1915 245 1945 θυνα,
266 1913 315 1940 καὶ
334 1914 369 1940 ἐν
389 1914 474 1948 χερσὶ
496 1915 658 1949 προφητῶν
677 1915 847 1950 ὠμοιώθην·
869 1915 948 1942 τοῦτο

158 1959 234 1994 φωνὴ
248 1959 378 1992 Υίοῦ.”Ως
393 1960 420 1987 δὲ
433 1961 461 1987 ἐν
476 1960 620 1996 Ἰεζεκιήλ·
638 1962 692 1989 Καὶ
703 1962 793 1990 ἔλαϐέ
804 1971 843 1997 με
854 1963 948 1990 Πνεῦ-

155 2015 199 2040 μα
216 2007 300 2037 Θεοῦ,
312 2007 360 2034 καὶ
373 2008 499 2040 ἐξέϐαλέ
509 2017 548 2043 με
561 2010 605 2041 είς
614 2009 647 2035 τὸ
661 2009 780 2036 πεδίον·
795 2009 874 2036 τοῦτο
885 2010 949 2045 περὶ

157 2051 204 2078 τοῦ
223 2052 301 2086 ἁγίου
319 2053 485 2088 Πνεύματος.
503 2054 557 2080 Καὶ
581 2054 668 2081 πολλὰ
691 2054 748 2082 ἐστι
775 2055 886 2082 τοιαῦτα
902 2055 947 2082 λέ-

157 2105 227 2130 γειν,
239 2094 276 2123 ὧν
288 2097 385 2132 ὀλίγων
400 2097 454 2124 ἀπὸ
470 2099 569 2134 μέρους
580 2099 800 2135 ὑπομνησθέντες
813 2101 842 2127 ὲν
857 2109 948 2137 παρα-

156 2142 243 2178 δρομῇ
260 2143 299 2174 εἰς
310 2143 341 2169 τὸ
355 2143 439 2176 δεῖξαι
453 2143 499 2170 τὸν
515 2145 679 2180 χαρακτῆρα
701 2145 751 2180 τῆς
774 2146 947 2182 Ἐκκλησίας,

157 2189 191 2215 τὰ
204 2189 251 2215 δύο
267 2190 377 2224 ῥήματα
390 2191 576 2225 παρεθέμεθα,
598 2192 702 2226 μυρίων
718 2192 803 2219 ὄντων
828 2193 875 2218 καὶ
899 2193 949 2218 ὲπο

157 2235 250 2261 ἐκεινα
271 2235 324 2261 τῶν
345 2237 446 2271 ὁμοίων
467 2236 571 2268 τούτοις
591 2237 622 2263 ὲν
639 2239 700 2268 ταῖς
720 2238 805 2270 θείαις
827 2239 950 2274 Γραφαῖς

999 1640 1064 1667 tatis
1090 1638 1187 1673 ipsius,
1204 1639 1277 1673 quod
1295 1639 1440 1674 unicuique
1461 1646 1556 1666 eorum
1579 1639 1625 1674 qui
1639 1639 1714 1674 digni
1728 1639 1790 1667 facti

1000 1684 1118 1715 fuerant,
1128 1685 1268 1719 impertiit.
1284 1684 1322 1711 ita
1331 1684 1420 1711 Patris
1432 1689 1558 1719 aspectus
1572 1685 1718 1720 unicuique
1721 1693 1792 1720 ρεξτ-

999 1731 1101 1758 missus
1113 1734 1166 1762 est,
1182 1735 1314 1765 quantum
1342 1737 1435 1758 vocem
1453 1731 1525 1758 illius
1543 1730 1638 1757 audire
1661 1738 1693 1758 ac
1710 1736 1791 1766 prout

1001 1783 1100 1811 capere
1120 1779 1247 1811 poterat;
1275 1780 1304 1803 ut
1329 1783 1391 1803 cum
1411 1783 1459 1810 per
1472 1775 1569 1803 Isaiam
1593 1777 1628 1803 ita
1648 1777 1788 1812 loquitur:

999 1824 1067 1849 Ecce
1093 1821 1221 1857 intelliget
1250 1830 1314 1856 puer
1333 1830 1406 1849 meus
1429 1821 1540 1849 dilectus
1557 1822 1567 1838 ³
1589 1831 1596 1848 :
1618 1831 1678 1858 quae
1700 1823 1791 1852 Patris

1000 1869 1086 1904 ipsius
1099 1869 1180 1896 verba
1198 1872 1271 1896 sunt.
1286 1868 1331 1895 Sic
1352 1867 1464 1895 Daniel:
1485 1868 1545 1895 Vidi
1570 1869 1715 1905 Antiquam
1734 1870 1791 1897 dien

1000 1914 1193 1949 rum‘:quod
1220 1915 1307 1942 visum
1333 1915 1424 1943 Patris
1452 1915 1591 1950 propriqu
1628 1915 1688 1942 fuit.
1717 1916 1790 1949 Quin

999 1961 1081 1988 etiam
1096 1960 1167 1995 apud
1184 1960 1267 1987 alium
1282 1961 1441 1996 prophetam
1457 1971 1464 1988 :
1482 1961 1547 1996 Ego.
1565 1962 1665 1997 inquit,
1679 1963 1790 1990 visiones

1000 2006 1185 2041 multiplicari,
1199 2013 1223 2033 el
1235 2008 1262 2033 in
1280 2007 1402 2035 manilius
1421 2008 1607 2041 prophetarum
1624 2009 1790 2036 assimilatas

1001 2061 1060 2080 sum
1073 2053 1094 2080 ⁵.
1112 2052 1149 2080 Ea
1175 2061 1225 2080 vox
1251 2059 1292 2080 est
1310 2052 1370 2080 Filii
1389 2055 1509 2089 propria.
1525 2055 1603 2089 Apud
1620 2055 1789 2083 Ezechiele-ni

1000 2107 1065 2126 vero
1082 2105 1089 2124 :
1110 2097 1143 2124 Et
1153 2100 1295 2133 assumpsit
1313 2108 1362 2132 me,
1378 2100 1476 2134 inquit,
1490 2099 1605 2134 Spiritus
1621 2100 1679 2132 Dei,
1701 2106 1726 2127 et
1740 2101 1791 2132 eie-

1002 2143 1036 2170 cit
1048 2152 1088 2170 me
1099 2144 1258 2179 inrumpunt
1270 2145 1280 2160 °
1291 2145 1377 2179 :quod
1393 2145 1425 2172 ad
1442 2144 1574 2180 Spiritum
1590 2150 1715 2174 sanctum
1733 2154 1792 2182 per-

1003 2191 1079 2217 tinet.
1098 2189 1236 2224 Ejusmudi
1255 2191 1307 2217 alia
1319 2191 1436 2225 proferri
1451 2193 1651 2227 quamplurima
1662 2198 1789 2228 possunt;

1001 2244 1016 2264 e
1028 2237 1128 2271 quibus
1146 2244 1229 2271 pauca
1242 2238 1366 2272 qutedam
1382 2238 1471 2265 obiter
1487 2239 1689 2273 proposuimus.
1703 2240 1792 2275 Atque

158 2278 279 2310 Ιιαλαιᾶς
299 2289 329 2306 τε
343 2281 389 2307 καὶ
402 2282 505 2316 Καινῆς
523 2282 660 2318 Διαϐήκης
676 2284 879 2318 ἐμφερομένων.
896 2285 950 2311 Καὶ

1004 2287 1034 2309 ιιι
1054 2283 1192 2318 propriam
1215 2282 1344 2311 Ecclesiae
1361 2284 1476 2321 formam
1499 2293 1531 2312 ac
1545 2289 1625 2313 notas
1637 2287 1792 2314 ostendere-

157 2325 198 2352 ὃτι
213 2325 293 2357 αὐτὸς
309 2326 411 2361 Κύριος
425 2327 524 2354 ἔπλασε
536 2328 566 2354 τὸ
582 2327 662 2362 σῶμα
675 2328 713 2363 τῷ
733 2329 829 2364 Ἀδὰμ,
843 2329 889 2356 καὶ
899 2330 949 2356 ὲν-

156 2371 307 2398 έπνευσεν
319 2372 354 2398 ἐν
365 2372 444 2405 αὐτῷ
461 2373 560 2407 πνοὴν
575 2373 657 2408 ζωῆς,
668 2375 763 2407 κτίσας
774 2375 848 2410 αὐτῷ
861 2376 950 2411 ψυχὴν

157 2416 258 2448 ζῶσαν.
273 2418 326 2444 Καὶ
345 2419 385 2444 ὅτι
405 2419 487 2450 αὐτὸς
503 2418 603 2446 δέδωκε
621 2420 667 2446 τὸν
684 2421 765 2456 νόμον
784 2421 823 2456 τῷ
845 2422 949 2458 Μωῡσῇ

156 2463 171 2487 ό
186 2462 262 2493 Θεὸς,
284 2463 379 2498 Πατὴρ
389 2464 436 2490 καὶ.
454 2463 518 2496 Υἱὸς
532 2465 579 2492 καὶ
592 2464 669 2499 ἅγιον
685 2465 808 2500 Πνεῦμα,
824 2466 873 2501 μία
892 2466 950 2494 Θεό-

156 2516 216 2542 της.
231 2508 285 2535 Καὶ
304 2509 345 2535 ὅτι
369 2510 394 2535 οἱ
411 2510 550 2545 προφῆται
574 2511 626 2537 ὑπὸ
646 2510 696 2546 τῆς
723 2512 808 2546 αὐτῆς
823 2512 950 2548 θεότητος

157 2555 361 2589 ἀπεστάλησαν,
377 2556 431 2582 Καὶ
442 2556 483 2582 ὅτι
496 2556 576 2588 αὐτὸς
589 2557 654 2592 ἡμῖν
671 2558 686 2583 ὸ
699 2557 775 2590 Θεὸς,
788 2558 803 2584 ὁ
817 2558 950 2586 Ἰουδαίων

156 2607 188 2626 τε
214 2601 261 2626 καὶ
284 2601 454 2636 Χριστιανῶν
469 2601 507 2628 ὢν
530 2602 607 2635 Θεὸς,
617 2603 760 2636 Ἰουδαίους
781 2612 812 2631 τε
833 2605 951 2637 καλέσας

156 2647 198 2677 el;
211 2646 384 2682 δικαιοσύνην
396 2648 461 2678 τοὺς
475 2648 512 2683 μὴ
526 2649 713 2684 ἀρνουμένους
726 2650 776 2684 τὴν
788 2651 835 2677 τοῦ
846 2651 949 2686 Κυρίου

157 2691 238 2726 ἡμῶν
260 2691 347 2727 Ἰησοῦ
361 2692 478 2728 Χριστοῦ
493 2695 654 2729 παρουσίαν.
669 2696 724 2722 Καὶ
736 2696 840 2728 πάντας
855 2696 949 2728 σώζων

154 2801 164 2818 ⁸
184 2801 281 2832 Ειὶξέιι.
299 2814 340 2838 Ill,
355 2801 400 2838 Η,
419 2807 463 2833 22.
499 2801 686 2840 '7-Gc'll..ll,l7.

218 2779 261 2811 rp:
276 2770 451 2811 tisatt'ixc‘tleul.~
475 2771 484 2784 '
496 2781 545 2811 rp;
559 2772 682 2811 χάρισμα
702 2774 786 2801 αὑτοῦ
806 2775 850 2803 διὰ
869 2775 919 2811 τῆς
937 2775 1008 2803 Θεότ.

1001 2338 1072 2361 mus,
1090 2330 1144 2357 duo
1159 2330 1243 2357 triave
1257 2331 1338 2358 verba
1353 2331 1380 2358 in
1396 2331 1514 2358 medium
1522 2331 1663 2359 attulimus
1678 2340 1711 2359 ex
1727 2332 1791 2359 inti—

1001 2377 1067 2404 nitis
1079 2377 1156 2408 locis,
1171 2385 1231 2412 qua:
1251 2377 1358 2405 illorum
1374 2377 1470 2405 similia
1483 2378 1510 2405 in
1526 2377 1675 2412 Scripturis
1688 2386 1720 2406 ac
1734 2383 1790 2406 tam

1002 2423 1098 2451 Vetere
1108 2431 1189 2458 quam
1207 2423 1282 2451 Novo
1296 2423 1472 2451 Testamento
1492 2424 1628 2460 leguntur.
1642 2424 1709 2452 Illud
1726 2434 1790 2454 vero

1001 2469 1113 2504 insuper
1126 2469 1246 2498 Ecclesia
1263 2470 1568 2504 proﬁtetur,Dominum
1585 2471 1674 2505 ipsum
1690 2479 1791 2507 corpus

1001 2517 1106 2544 Adamn
1118 2517 1278 2549 fabricasse,
1297 2522 1323 2544 et
1335 2517 1480 2551 inspirasse
1495 2517 1535 2544 illi
1549 2519 1673 2551 spiritum
1692 2519 1752 2546 vita:
1767 2520 1789 2550 ⁷,

1001 2570 1064 2589 cum
1090 2563 1225 2590 viventem
1243 2564 1267 2590 ei
1285 2567 1440 2597 procrearet
1457 2563 1585 2591 animam.
1612 2564 1680 2591 Tum
1705 2564 1789 2599 Moysi

1001 2608 1087 2643 legem
1108 2609 1255 2637 tradidisse
1272 2609 1354 2636 Deum
1370 2611 1458 2644 ipsum
1476 2610 1593 2642 Patrem,
1616 2616 1643 2637 et
1655 2610 1752 2637 Filium
1765 2615 1791 2638 et

1002 2652 1135 2688 Spiritum
1149 2660 1354 2690 sanctum,qu:e
1365 2660 1406 2683 est
1419 2664 1473 2683 una
1488 2656 1628 2683 divinitas.
1646 2656 1746 2683 Deinde
1756 2657 1791 2683 ab
1836 2652 1841 2658 “

1001 2698 1096 2726 eadem
1121 2699 1265 2728 divinitate
1295 2702 1441 2737 prophetas
1465 2710 1526 2730 esse
1546 2703 1656 2729 missos.
1676 2702 1715 2728 Ad
1735 2703 1791 2729 luce

1068 2779 1078 2794 ³
1092 2778 1144 2807 lsa.
1158 2787 1207 2813 ιιι,
1228 2781 1271 2809 t5.
1326 2782 1337 2798 ⁸
1350 2781 1420 2810 Dan.
1434 2790 1483 2815 vn,
1504 2782 1531 2810 9.
1584 2783 1594 2799 '
1610 2781 1672 2810 Ose.
1684 2790 1733 2815 ιιι,
1748 2783 1790 2810 Ιυ.

201 2862 247 2889 55»
267 2863 315 2888 Ἑν
330 2863 454 2903 κέοιρῖς.
471 2866 523 2903 etc.
543 2865 575 2903 ln_
592 2863 761 2898 Expositione
783 2867 856 2900 ﬁdei,
872 2867 955 2895 citato
971 2875 1051 2896 num.‘
1068 2868 1109 2902 l5,
1129 2869 1206 2899 locus
1227 2871 1277 2899 iste
1291 2870 1384 2899 Latine
1404 2870 1536 2903 redditur,
1558 2870 1613 2898 Alii
1638 2870 1708 2898 collo
1733 2871 1790 2898 οἱιμ

189 2865 247 2923 ⁵55»
267 2865 315 2888 Ἐν
330 2865 454 2895 κλοιοῖς,
471 2866 523 2890 etc.
543 2865 571 2890 In
592 2865 712 2898 Expositi

154 2904 187 2924 cu
200 2907 215 2924 α
234 2903 329 2931 preter
346 2898 471 2925 Ecclesiae
489 2899 554 2932 leges
567 2901 712 2927 ἱηηεςιιιηι.
