1935 3044
146 173 198 202 ετξ)

849 170 878 197 S.
901 168 1071 197 EPIPHANII

1717 169 1773 197 R80

144 231 224 258 nobis
238 229 322 258 Deum
347 237 408 258 esse
427 229 502 257 illum
522 229 568 264 qui
583 228 740 256 Judaeorum
755 235 786 255 ac
800 227 934 255 Christia-

991 229 1047 260 τοὺς
1065 228 1134 256 κατά
1157 229 1207 265 τὴν
1229 229 1357 265 ἀληθινὴν
1371 228 1453 256 αὐτοῦ
1470 229 1560 255 πίστιν
1579 227 1713 263 βιοῦντας,
1726 230 1776 256 καὶ

145 283 241 302 norum
253 280 295 303 est
312 275 398 307 Deus;
416 274 581 310 quiJudzeos
595 274 627 301 ad
639 274 775 309 justitiam
790 281 837 301 eos
852 281 934 300 voca-

144 322 193 353 vit,
214 321 260 355 qui
288 321 504 347 incarnationem
529 320 616 355 ipsam
637 319 744 346 Domini
765 319 851 346 nostri
869 317 934 346 Jcsu

143 366 245 394 Christi
262 373 432 401 nequaquam
447 366 614 401 abnegarent
630 376 637 393 :
653 366 754 401 quique
770 372 866 392 omnes
879 365 934 392 sal-

145 416 198 444 vat,
216 412 263 447 qui
276 419 310 439 ex
322 419 393 439 veras
406 411 493 447 ipsius
510 411 571 438 ﬁdei
588 411 749 446 praescripto
759 411 841 441 vitam
856 409 935 437 insti-

144 462 234 488 tuunt.
263 465 352 492 neque
371 464 441 485 verat
463 462 491 485 et
517 458 680 493 evangelica:
703 457 776 484 illius
802 456 935 484 doctrina:

145 502 318 536 prmlicatum
346 502 447 537 ubique
466 502 566 537 dogma
587 506 731 537 respuunt.
754 501 833 529 Venit
849 500 933 532 enim.

144 549 217 574 venit
234 547 507 583 Unigenitus,itaque
520 552 607 576 mater
623 552 718 576 nostra
735 547 856 575 Ecclesia
873 555 935 581 pro‘

144 595 244 620 litetur.
255 593 320 626 Quae
330 594 494 629 tranquillus
505 594 581 628 pacis
593 597 688 628 portus
698 596 741 621 est
755 602 762 620 :
775 597 802 620 et
813 593 935 620 suavitas

987 274 1025 310 μὴ
1041 275 1224 310 ἀρνουμένους
1247 275 1296 311 τὴν
1321 275 1450 311 ἀλήθειαν
1466 275 1512 301 τοῦ
1530 275 1706 311 κηρύγματος
1726 276 1775 311 τῆς

985 319 1115 355 ἀληθείας
1137 321 1184 348 καὶ
1204 321 1386 357 εὐαγγελικῆς
1407 321 1490 349 αὐτοῦ
1503 319 1776 352 διδασκαλίας.ἾΙλθε

986 365 1051 401 γὰρ,
1066 363 1150 402 ἦλθεν
1173 368 1188 393 ὁ
1209 367 1383 402 Μονογενης·
1406 367 1454 394 καὶ
1479 365 1566 398 οὕτως
1577 366 1633 401 ἔχει
1649 368 1666 401 ὴ
1684 367 1778 402 μήτηρ

986 411 1064 446 ἡμῶν
1084 411 1268 447 Ἐκκλησία.ὀ
1293 412 1374 448 λιμὴν
1398 413 1413 438 ὁ
1436 411 1522 444 εὔδιος
1548 411 1598 446 τῆς
1624 412 1746 446 εἰρήνης,
1760 411 1778 446 ή

986 457 1122 492 εὺςρρασία
1146 459 1163 492 ἠ
1190 458 1309 493 πνέουσα
1330 458 1375 484 τὸν
1398 457 1503 493 κύπρον
1518 457 1568 492 τῆς
1581 456 1716 491 ἀμπέλου,
1731 454 1779 482 καὶ

988 502 1086 538 βότρυν
1100 503 1221 539 φέρουσα
1235 492 1308 540 ἡμῖν
1317 504 1367 539 τῆς
1379 503 1516 537 εὐλογίας,
1532 502 1620 530 καὶτὸ
1634 502 1779 530 λυσίπονον

986 549 1052 583 ἡμῖν
1075 550 1152 585 πόμα
1169 550 1229 577 καθ’
1242 551 1360 585 ἑκάστην
1375 550 1493 586 ἡμέραν,
1509 547 1578 585 αἷμα
1594 548 1711 585 Χριστοῦ
1727 557 1777 584 χα·

986 592 1114 629 ριζομένη
1132 594 1376 630 άκρατον,ἀληθές.

142 639 267 673 quadam
300 647 414 675 cyprum
435 639 500 667 vitis
532 639 669 672 redolens,
688 643 715 667 et
739 639 849 666 botrum
883 637 965 665 nobis
986 639 1188 668 benedictionis
1216 641 1361 676 proferens
1377 641 1402 674 ¹;
1416 648 1522 668 necnon
1545 645 1573 667 et
1596 639 1777 675 pra-semissi-

144 695 217 714 mum
235 687 300 715 illud
312 687 498 722 abstergendo
517 687 629 714 mmrori
656 691 762 722 potum,
794 693 900 714 merum
933 686 1034 714 scilicet
1064 694 1096 715 ac
1123 695 1217 715 verum
1249 687 1351 715 Christi
1380 688 1541 723 sanguinem
1573 687 1696 722 quotidie
1724 687 1777 713 lar-

143 742 234 768 gtens.

176 779 311 807 Praeterea
325 779 464 808 Christum
472 787 488 807 e
497 778 581 806 Maria
596 786 705 814 semper
723 779 828 814 virgine
840 785 935 807 revera

143 829 237 853 natum
249 833 311 854 esse
317 816 548 860 credit,eSpiritu
562 828 730 858 sancto,non
743 833 777 853 ex
791 825 867 853 virili
890 832 936 852 se-

144 872 225 904 mine,
238 871 285 899 sed
300 871 456 906 exipsamet
471 875 647 899 sacrosancta
657 869 785 906 Virgine;
798 878 830 898 ac
842 871 935 906 reipsa

143 925 254 953 corpus,
267 924 323 944 non
343 919 434 952 specie
446 917 735 952 duntaxataccepisse,
752 917 860 953 1136
871 924 935 944 car-

146 971 220 996 nem,
234 963 357 998 inquam,
371 970 475 995 veram,
491 970 592 997 corpus
600 970 694 991 verum
708 970 771 990 cum
785 963 895 992 ossibus
906 970 939 991 ac

143 1010 252 1041 nervis.
281 1009 449 1045 reliquisque
474 1017 536 1045 quas
570 1009 651 1037 nobis
679 1010 775 1038 insunt
797 1009 938 1042 omnibus,

144 1055 211 1082 nihil
225 1059 256 1082 ut
271 1063 286 1082 a
300 1055 381 1083 nobis
409 1055 488 1091 ipsis,
507 1060 693 1092 praterquam
711 1056 856 1083 excellenti
871 1063 939 1091 qua-

143 1101 206 1129 dam
223 1102 380 1130 sanctitatis
392 1109 425 1129 ac
441 1101 594 1130 divinitatis
606 1102 694 1138 gloria
710 1102 859 1138 discrepet,
880 1105 938 1129 tum

143 1147 217 1182 quod
235 1148 391 1176 sanctitatis
408 1155 457 1177 vas
475 1149 521 1176 sit.
538 1148 626 1177 Habet
642 1152 733 1177 autem
747 1148 839 1176 omnia
851 1149 939 1184 perle-

142 1195 268 1222 ctissime
278 1195 347 1222 citra
363 1199 518 1230 peccatum.
538 1194 630 1228 Quare
647 1194 768 1222 humana
782 1201 878 1222 revera
896 1198 940 1221 est

143 1241 235 1268 anima
246 1241 389 1275 praeditus,
403 1240 578 1275 hutnanaque
587 1244 678 1268 mente
690 1240 716 1267 in
731 1240 848 1268 veritate
860 1250 866 1267 :
884 1247 939 1266 non

143 1287 216 1321 quod
232 1291 350 1314 mentem
368 1286 530 1322 hypostasin
544 1294 606 1314 esse
617 1285 751 1319 dicamus,
761 1291 791 1314 ut
805 1285 940 1313 allirmant

144 1333 202 1361 alii.
229 1333 365 1360 Caeterum
397 1333 474 1360 nulla
507 1333 610 1367 peccati
632 1333 795 1368 contagione
821 1330 941 1359 ftedatus

145 1383 198 1410 cst,
226 1385 367 1414 nunquam
390 1385 423 1406 os
441 1378 516 1406 illius
533 1378 679 1405 mentitum
691 1381 744 1410 est,
762 1385 852 1412 neque
869 1377 940 1404 labia

148 1425 242 1452 dolum
268 1424 359 1452 locuta
373 1427 438 1451 sunt
453 1424 474 1456 ',
492 1431 540 1451 cor
553 1423 587 1452 ad
606 1423 769 1451 irritandum
790 1430 845 1450 non
859 1422 942 1450 decli-

148 1472 234 1504 navit,
247 1478 325 1499 mens
336 1471 372 1498 ad
380 1478 412 1498 ea
424 1477 486 1505 quae
499 1469 576 1498 nefas
593 1475 646 1502 est,
662 1477 716 1497 non
733 1469 859 1503 deﬂexit;
877 1477 943 1497 caro

150 1517 219 1545 nihil
238 1524 333 1545 eorum
356 1523 418 1551 quae
436 1516 470 1544 ad
498 1516 589 1543 carnis
605 1515 773 1551 voluptatem
793 1515 941 1550 pertinent,

145 1610 256 1638 homine
274 1609 409 1637 habitaret
425 1609 556 1642 advenit;
577 1608 626 1636 sed
643 1607 764 1636 Verbum
780 1608 870 1644 ipsum
886 1607 937 1635 ho-

146 1656 248 1684 minem
270 1655 370 1688 induit,
385 1662 440 1682 non
464 1658 563 1682 natura
578 1659 725 1687 mutatum,
741 1653 789 1682 sed
806 1661 867 1681 eam
877 1662 938 1689 quae

147 1701 267 1729 hominis
277 1702 388 1737 propria
404 1705 457 1735 est,
470 1709 532 1728 cum
548 1701 691 1728 divinitate
707 1701 889 1736 complexum.
909 1700 937 1727 In

146 1746 267 1782 Virginis
294 1752 372 1774 utero
389 1753 484 1774 revera
500 1746 621 1781 genitus,
641 1753 749 1781 suoque
763 1749 887 1780 tempore
911 1745 938 1771 in

148 1797 225 1820 utero
241 1797 470 1828 portatus,acper
481 1791 612 1827 genitales
623 1791 765 1819 meatusin
781 1791 868 1818 lucem
881 1790 939 1817 edi-

148 1842 192 1865 tus
203 1837 263 1864 sine
278 1837 333 1864 ulla
341 1837 521 1872 turpitudine,
532 1837 656 1864 fmditale
665 1836 791 1864 vellabe:
807 1840 869 1871 post
883 1836 940 1863 haec

146 1882 278 1909 educatus
295 1886 377 1916 atque
395 1889 412 1908 a
425 1881 561 1917 Symeone
575 1885 603 1909 et
622 1881 701 1908 Anna
718 1881 746 1908 in
760 1881 833 1908 ulnis
848 1885 940 1916 gesta-

148 1934 190 1956 tus
209 1938 216 1955 :
235 1935 250 1955 ι
262 1927 347 1955 Maria
370 1932 504 1962 portatus,
525 1928 575 1956 iter
592 1932 686 1963 postea
710 1927 827 1962 pedibus
846 1928 940 1956 conte-

148 1974 195 2007 cit,
211 1973 402 2009 peregrinatus
418 1977 471 2005 est,
491 1973 525 2001 ad
542 1973 687 2008 pueritiam
706 1973 840 2007 pervenit,
862 1976 941 2000 aetate

147 2020 342 2048 corroboratus
354 2023 408 2053 est,
426 2020 546 2047 humana
561 2020 589 2046 in
606 2027 636 2047 se
650 2019 742 2046 omnia
757 2018 877 2054 perfecte
894 2019 941 2046 ha-

149 2067 217 2099 huit,
246 2074 380 2095 annorum
400 2073 514 2094 numero
540 2073 652 2099 census,
674 2066 808 2093 mensium
826 2072 941 2092 numero

148 2114 176 2140 iu
191 2113 358 2149 praegnantis
370 2116 450 2141 utero
464 2116 597 2147 gestatus,
614 2112 702 2146 factus
715 2119 748 2139 ea:
765 2112 882 2144 muliere,
903 2112 942 2146 fa-

147 2164 206 2185 ctus
226 2158 273 2185 sub
286 2159 339 2193 lege
353 2158 372 2186 ³.
392 2157 495 2185 Deinde
522 2157 555 2184 ad
574 2156 721 2184 Jordanem
735 2157 874 2192 prolectus
888 2159 940 2189 est,

149 2203 304 2239 ibidemque
333 2211 348 2231 a
372 2202 478 2231 Joanne
492 2203 659 2238 baptilatus,
674 2210 736 2229 cum
757 2202 858 2229 lotione
872 2202 940 2228 nihil

148 2259 217 2284 opus
227 2251 349 2283 haberet.
365 2250 412 2278 sed
431 2256 459 2277 ut
470 2257 513 2282 ea,
531 2256 591 2284 qua
607 2252 739 2284 susceptae
753 2248 873 2276 hominis
892 2255 940 2275 na-

150 2302 218 2324 tura:
239 2302 423 2324 consentanea
454 2299 529 2327 sunt,
550 2299 682 2327 servaret,
713 2294 827 2328 justitia:
849 2294 936 2329 legem

151 2343 312 2379 perturbare
332 2342 429 2375 noluit,
459 2346 487 2369 ut
512 2341 689 2376 impleretur,
709 2340 939 2375 quemadmodum

150 2392 209 2425 ipse
227 2389 303 2422 dicit,
319 2388 409 2416 omnis
426 2388 534 2423 justitia
547 2387 568 2419 δ,
585 2391 667 2422 atque
679 2394 771 2414 veram
791 2393 806 2413 a
833 2394 862 2414 se
880 2393 939 2413 car-

151 2444 211 2463 nem
241 2442 387 2469 veramque
411 2434 530 2461 hominis
546 2437 675 2460 naturam
704 2435 860 2467 susceptam
878 2439 940 2458 esse

149 2485 321 2509 monstraret.
349 2479 433 2514 Igitur
448 2479 482 2506 ad
503 2486 589 2514 aquas
604 2477 756 2509 descendit,
786 2477 822 2504 ita
848 2480 938 2504 tamen

150 2532 178 2553 ut
193 2526 330 2554 conferret
340 2524 441 2559 aliquid
456 2525 546 2559 potius
559 2531 641 2559 quam
657 2524 808 2558 acciperet;
825 2522 940 2558 largire-

149 2577 194 2599 tur
224 2571 309 2606 magis
334 2577 415 2605 quant
436 2570 474 2597 rei
487 2570 641 2605 cujuspiam
668 2569 820 2604 indigeret:
838 2569 939 2604 quippe

148 2617 258 2645 easdem
276 2617 338 2652 illas
364 2624 448 2650 aquas
467 2623 516 2644 sua
531 2617 591 2643 luce
602 2615 785 2647 collustrarit,
806 2619 834 2643 ct
846 2615 879 2642 ad
892 2623 938 2642 eo-

149 2671 209 2690 rum
229 2670 289 2698 qune
314 2663 340 2689 in
356 2670 417 2690 sese
433 2661 599 2698 perﬁcienda
613 2664 702 2694 erant,
723 2661 938 2688 adumbrandam

150 2710 305 2744 imaginem,
321 2708 467 2744 quamdam
483 2707 535 2734 vim
553 2707 606 2734 illis
620 2707 762 2742 impertiit,
777 2712 804 2734 ut
823 2708 869 2743 qui
888 2708 940 2742 ipsi

149 2762 243 2783 revera
273 2754 426 2788 crederent,
446 2761 478 2781 ac
492 2753 617 2781 veritatis
638 2758 731 2781 essent
752 2753 804 2781 tide
822 2753 938 2789 praediti,

1025 776 1086 804 Ὅτι
1110 776 1238 813 ἀληθινὸς
1255 778 1266 794 ³
1278 780 1286 795 ¹
1299 777 1430 813 ἐγεννήθη
1454 777 1572 812 Χριστὸς
1588 778 1642 804 ἀπὸ
1668 777 1778 812 Μαρίας

988 823 1039 858 τῆς
1066 823 1247 860 ἀειπαρθένου
1276 824 1320 852 διὰ
1346 825 1506 861 Πνεύματος
1536 824 1626 859 ἁγίου,
1649 825 1700 851 οὐκ
1724 824 1781 851 ἀπὸ

952 886 974 914 Β
989 869 1149 905 σπέρματος
1162 870 1270 906 ἀνδρὸς,
1284 870 1342 898 ἀλλ’
1357 871 1405 898 ἀπ’
1416 871 1502 907 αὐτῆς
1515 871 1566 907 τῆς
1579 871 1659 906 ἁγίας
1673 870 1779 906 Παρθι-

988 924 1035 943 νου
1049 915 1140 943 λαϐὼν
1154 916 1184 942 τὺ
1199 916 1278 952 σῶμα
1298 917 1327 944 έν
1345 916 1470 953 ἀληθείᾳ,
1486 916 1534 944 καὶ
1548 916 1599 944 οὐκ
1614 917 1644 944 ἐν
1658 916 1780 952 δοκήσει,

990 961 1079 996 σάρκα
1096 960 1241 997 ἀληθινῶς,
1267 961 1347 997 σῶμα
1369 961 1516 998 ἀληθινῶς,
1542 962 1590 989 σὺν
1613 962 1717 994 ὀστέοις
1732 962 1781 989 καὶ

988 1007 1095 1043 νεύροις
1112 1008 1158 1035 καὶ
1184 1008 1252 1035 πᾶσι
1275 1009 1331 1040 τοῖς
1348 1008 1504 1044 ἡμετέροις,
1530 1008 1614 1044 μηδὲν
1635 1008 1682 1042 ἀφ’
1700 1007 1782 1044 ἡμῶν

988 1048 1193 1090 διηλλαγμένος,
1210 1054 1227 1089 ἢ
1247 1054 1326 1090 μόνον
1340 1055 1371 1081 τὸ
1385 1054 1489 1087 ἔνδοξον
1501 1054 1550 1090 τῆς
1564 1053 1646 1081 αὐτοῦ
1667 1054 1775 1089 ἁγιότη-

989 1108 1035 1132 τος
1051 1099 1098 1126 καὶ
1113 1099 1249 1135 θεότητος.
1268 1100 1316 1127 καὶ
1333 1100 1448 1132 σκεύους
1466 1100 1630 1135 ἁγιωσύνης,
1651 1100 1699 1127 καὶ
1715 1100 1781 1127 ἁνα-

991 1146 1138 1182 μαρτήτως
1166 1145 1201 1172 τὰ
1226 1145 1316 1173 πάντα
1342 1146 1454 1178 τελείως
1483 1146 1564 1181 ἔχων,
1588 1146 1636 1173 καὶ
1655 1145 1782 1181 ἐσχηκὼς

989 1191 1078 1228 ψυχὴν
1093 1192 1266 1228 ἀνθρωπίνην
1279 1193 1309 1219 ὲν
1325 1192 1449 1228 ἀληθείᾳ,
1467 1192 1530 1220 νοῦν
1544 1192 1589 1219 τὸν
1611 1191 1782 1228 ἀνθρώπινον

990 1239 1020 1264 ὲν
1036 1237 1167 1274 ἀληθείᾳ’
1182 1239 1233 1273 οὐχ
1246 1238 1283 1271 ὼς
1300 1238 1379 1274 ἡμῶν
1393 1238 1640 1274 διαϐεϐαιουμένων
1659 1237 1704 1265 τὸν
1719 1238 1782 1265 νοῦν

990 1281 1059 1311 εἶναι
1077 1284 1236 1317 ὑπόστασιν,
1260 1284 1350 1317 καθὼς
1364 1284 1439 1312 ἄλλοι
1455 1284 1573 1319 λέγουσι.
1592 1284 1672 1312 Κατὰ
1692 1285 1782 1312 πάντα

990 1329 1018 1356 δὲ
1033 1329 1070 1365 μὴ
1083 1330 1233 1365 χρανθέντα
1249 1331 1278 1358 ὲν
1290 1331 1421 1367 ἁμαρτίᾳ,
1440 1331 1528 1366 στόμα
1549 1331 1586 1367 μὴ
1599 1331 1782 1367 ψευσάμενον.

991 1375 1067 1410 χείλη
1093 1375 1130 1411 μὴ
1145 1375 1302 1411 λαλήσαντα
1326 1376 1411 1410 δόλον,
1433 1377 1547 1413 καρδίαν
1563 1377 1600 1413 μὴ
1618 1377 1783 1405 ὲκκλίνασαν

992 1420 1031 1451 είς
1046 1420 1200 1456 έρεθισμὸν,
1219 1420 1282 1448 νοῦν
1302 1420 1340 1456 μὴ
1362 1421 1534 1457 ἐκτραπέντα
1557 1422 1597 1453 είς
1611 1421 1630 1448 ἃ.
1655 1422 1692 1457 μὴ
1717 1421 1782 1458 χρὴ.

993 1465 1083 1501 σάρκα
1099 1465 1137 1501 μὴ
1153 1466 1202 1502 τὴν
1223 1466 1324 1502 σαρκὸς
1338 1466 1434 1502 ἡδονὴν
1458 1467 1664 1503 ἐργασαμένηνυ
1679 1467 1783 1499 τέλειος

992 1511 1096 1538 ἄνωθεν
1124 1511 1202 1543 Θεὸς,
1221 1512 1272 1538 οὐκ
1295 1511 1380 1538 ἐλθὼν
1402 1512 1564 1548 κατοικῆσαι
1588 1513 1617 1539 έν
1633 1511 1782 1548 ἀνθρώπως

89 1570 93 1575 ”
148 1563 271 1591 admisit.
289 1562 363 1591 Deus
389 1563 423 1590 ab
447 1567 551 1595 aeterno
572 1562 722 1597 perfectus,
740 1563 786 1597 qui
802 1569 856 1589 non
869 1561 938 1589 utin

993 1557 1050 1583 ἀλλ’
1074 1557 1155 1589 αὐτὸς
1179 1557 1239 1589 ὃλος
1257 1557 1268 1573 ⁸
1293 1557 1517 1593 ὲνανθρωπήσας,
1542 1558 1574 1584 ού
1595 1558 1711 1594 τραπεὶς
1733 1559 1783 1593 τὴν

989 1603 1080 1637 φύσιν,
1098 1603 1340 1639 συμπεριειληῳὼς
1356 1603 1385 1630 δὲ
1400 1603 1459 1639 ἅμα
1473 1604 1506 1639 τῇ
1524 1603 1631 1639 θεότητι
1645 1604 1695 1638 τὴν
1715 1603 1784 1630 ἰδίαν

989 1648 1207 1684 ὲνανθρώπ-ησιν.
1239 1648 1284 1675 Ἐν
1314 1649 1407 1685 μήτρᾳ
1439 1648 1581 1685 Παρθένου
1609 1649 1731 1684 γεγονὼς
1754 1651 1784 1677 ὲν

989 1694 1112 1730 ἀληθείᾳ,
1124 1695 1303 1731 κυοφορηθεὶς
1311 1695 1357 1722 τὸν
1367 1695 1473 1731 χρόνον,
1485 1688 1624 1731 γεννηθεὶς
1633 1695 1678 1723 διά
1689 1704 1784 1732 γεννη-

988 1739 1074 1766 τικῶν
1090 1739 1184 1775 πόρων
1195 1739 1430 1775 ἀνεπαισχύντως,
1443 1741 1595 1776 ἀχράντως,
1610 1741 1783 1776 ἀμολύντως·

989 1787 1167 1823 ἀνατραφεὶς,
1184 1788 1230 1814 καὶ
1244 1787 1450 1822 έναγκαλισθεὶς
1466 1788 1517 1814 ὑπό
1529 1796 1559 1814 τε
1571 1787 1714 1823 Συμεῶνος
1736 1788 1785 1814 καὶ

992 1833 1100 1868 Ἀννης,
1123 1832 1287 1868 βασταχθεὶς
1302 1832 1354 1860 ὑπὸ
1369 1833 1489 1869 Μαρίας,
1509 1832 1655 1865 πεζεύσας,
1678 1832 1785 1860 ὁδοιπο-

993 1879 1089 1915 ρήσας,
1113 1879 1220 1906 παιδίον
1241 1879 1372 1913 γεγονὼς,
1399 1879 1547 1914 ἀνδρωθεὶς
1573 1880 1606 1915 τῇ
1629 1879 1733 1914 ἡλικίᾳ,
1749 1879 1786 1906 τά

991 1926 1080 1952 πάντα
1096 1926 1165 1961 ἔχων
1179 1926 1207 1952 ἐν
1221 1925 1310 1960 ἑαυτῷ
1328 1926 1357 1951 ὲν
1369 1925 1528 1962 τελειότητι,
1546 1926 1576 1951 ὲν
1592 1924 1702 1960 ἀριθμῷ
1715 1925 1785 1952 ἐτῶν

990 1972 1136 2006 λογισθεὶς,
1152 1972 1180 1998 ὲν
1205 1971 1314 2007 ἀριθμῷ
1330 1971 1421 2007 μηνῶν
1437 1972 1466 1998 ὲν
1486 1971 1576 2007 κοιλίᾳ
1590 1971 1784 2007 κυοφορηθεὶς,

991 2018 1152 2052 γενόμενος
1170 2018 1204 2045 ὲκ
1229 2019 1381 2053 γυναικὸς,
1407 2019 1569 2053 γενόμενος
1593 2018 1652 2045 ὑπὸ
1670 2018 1783 2053 νόμον·

991 2063 1076 2091 ἐλθὼν
1091 2064 1137 2091 ἐπὶ
1159 2065 1205 2092 τὸν
1229 2065 1374 2100 Ἰορδάνην,
1395 2064 1552 2100 βαπτισθεὶς
1576 2064 1628 2091 ὑπο
1649 2065 1784 2097 Ἰωάννου,

991 2111 1042 2138 οὐκ
1056 2110 1229 2146 έπιδεόμενος
1245 2110 1358 2146 λουτροῦ
1369 2120 1376 2127 ·
1392 2111 1435 2138 διὰ
1447 2111 1475 2138 δὲ
1490 2112 1520 2138 τὸ
1533 2111 1679 2139 ἀκόλουθον
1692 2111 1743 2147 τῆς
1756 2112 1786 2138 ὲν

992 2156 1066 2192 νόμῳ
1084 2156 1314 2193 ὲνανθρωπήσεως
1329 2157 1365 2192 μὴ
1380 2157 1524 2193 ταράσσων
1540 2157 1570 2184 τὺ
1583 2157 1697 2189 δίκαιον,
1710 2158 1786 2189 ὅπως

993 2202 1135 2238 πληρωθῇ,
1151 2203 1189 2235 ὡς
1201 2203 1282 2235 αὐτὸς
1296 2204 1359 2238 ἔφη,
1376 2204 1451 2229 πᾶσα
1467 2203 1635 2239 δικαιοσύνη,
1649 2203 1693 2229 ἵνα
1707 2203 1786 2239 δείξῃ

992 2248 1035 2274 ὅτι
1059 2248 1188 2283 ἀληθινὴν
1208 2249 1300 2284 σάρκα
1323 2249 1475 2282 ἐνεδύσατο,
1499 2249 1627 2285 ἀληθινὴν
1645 2249 1786 2286 ὲνανθρὼ-

993 2303 1087 2329 πησιν.
1114 2295 1320 2330 Κατερχόμενος
1345 2296 1385 2327 εὶς
1413 2295 1447 2322 τὰ
1472 2295 1572 2328 ὕδατα,
1596 2296 1682 2327 διδοὺς
1713 2296 1786 2332 ἥπερ

993 2340 1148 2375 λαμϐάνων,
1164 2341 1350 2376 παρεχόμενος
1366 2341 1438 2377 ἤπερ
1455 2341 1638 2376 ὲπιδεόμενος,
1658 2341 1786 2376 φωτίζων

993 2386 1073 2416 αὐτὰ,
1089 2386 1246 2421 ένδυναμῶν
1265 2386 1335 2413 αὐτὰ
1355 2387 1394 2418 εὶς
1416 2386 1501 2413 τύπον
1524 2386 1577 2413 τῶν
1591 2386 1742 2422 μελλόντων
1756 2388 1786 2414 έν

993 2433 1067 2467 αὑτῴ
1087 2432 1272 2460 τελειοῦσθαι·
1298 2433 1372 2464 ὃπως
1394 2433 1420 2459 οἱ
1435 2433 1509 2468 αὐτῷ
1529 2433 1742 2465 πεπιστευκότες
1755 2434 1787 2460 ὲν

993 2479 1116 2515 ἀληθείᾳ,
1140 2479 1186 2506 καὶ
1205 2479 1312 2514 ἔχοντες
1332 2479 1382 2515 τὴν
1400 2479 1491 2506 πίστιν
1507 2479 1556 2514 τῆς
1575 2479 1715 2514 ἀληθείας.
1735 2478 1788 2514 μά-

993 2525 1076 2552 θωσιν
1100 2526 1141 2552 ὃτι
1158 2525 1293 2561 ἀληθινῶς
1318 2525 1541 2562 ὲνηνθρώπησεν,
1566 2525 1702 2561 ἀληθινῶς
1717 2525 1786 2552 ὲὸα-

993 2571 1093 2607 πτίσθη
1104 2581 1110 2586 ·
1126 2572 1173 2598 καὶ
1186 2571 1273 2603 οὕτως
1282 2571 1326 2598 διὰ
1338 2572 1388 2606 τῆς
1397 2570 1481 2598 αὐτοῦ
1497 2570 1722 2605 συγκαταθέσεως
1737 2571 1787 2598 καὶ

992 2617 1069 2644 αὐτοὶ
1087 2617 1240 2653 ἐρχόμενοι,
1259 2617 1362 2644 λάὸωσι
1374 2617 1424 2652 τῆς
1439 2617 1522 2644 αὐτοῦ
1536 2617 1715 2648 καταϐάσεως
1735 2616 1786 2652 τὴν

992 2663 1116 2698 δύναμιν,
1132 2664 1180 2690 καὶ
1205 2663 1377 2698 φωτισθῶσιν
1403 2663 1459 2690 ἀπὸ
1481 2663 1531 2698 τῆς
1547 2662 1631 2689 αὑτοῦ
1649 2671 1785 2697 φωταγω-

993 2709 1055 2742 γίας
1066 2717 1072 2724 ·
1094 2709 1266 2745 πληροφορού
1271 2718 1347 2745 μενοι
1369 2709 1408 2744 τῷ
1422 2709 1451 2736 ὲν
1465 2708 1504 2744 τῷ
1519 2709 1652 2744 Προφήτῃ
1669 2708 1746 2744 ρητῷ
1760 2709 1783 2724 ⁷³

994 2756 1046 2788 Είς
1071 2755 1268 2790 μεταλλαγὴν
1291 2755 1456 2790 δυνάμεως,
1487 2756 1530 2788 είς
1563 2754 1702 2789 παροχὴν
1725 2762 1785 2782 σω-

185 2832 195 2848 ¹
210 2832 289 2870 Cant:
305 2841 325 2864 ι,
343 2833 399 2870 15.-
425 2833 435 2848 ⁸
450 2831 460 2857 l
473 2830 548 2870 Pc_tr.
559 2838 588 2864 tt,
603 2817 658 2858 22..
687 2831 698 2847 ³
716 2831 803 2859 Ualat.
817 2840 853 2865 IV,
865 2832 891 2859 ι.
930 2834 938 2848 ⁴¹

991 2833 1051 2860 Itth.
1066 2840 1095 2870 ιιι
1124 2833 1166 2864 15.
1198 2835 1261 2868 ⁸γρ.
1275 2834 1419 2868 ἀληθινῶς.
1454 2835 1463 2851 ⁸
1477 2843 1522 2869 γρ.
1542 2835 1556 2861 ὁ
1575 2834 1670 2869 Λόγος.
1710 2833 1721 2850 ⁷
1738 2842 1785 2869 π).

148 2865 336 2902 πληρουμένου
355 2866 532 2903 τοῦ,..ρητοῦ.
