1935 3044
167 160 220 189 881

829 164 1158 195 ANACEPIlAL/EOSIS.

1758 169 1813 197 889.

166 219 272 253 σηρίας
295 219 351 253 τῆς
375 219 530 254 δυνάμεως
559 222 613 249 τοῦ
633 223 724 257 ἄρτου
744 224 803 251 ἀπὸ
828 224 881 259 τῆς
914 225 957 252 Ἰε-

1017 225 1200 261 intelligerent
1213 234 1267 254 non
1281 227 1356 254 illum
1375 226 1435 254 ﬁcte
1450 227 1597 254 humanam
1620 227 1742 256 induisse
1758 236 1808 255 na-

165 264 330 335 pgvaaliuc
357 266 598 302 λαμϐανομένης,
623 269 672 295 καὶ
696 269 750 304 τῆς
773 270 882 305 ἰσχύος
908 271 962 298 τοῦ

167 309 187 335 ὓ
207 317 290 335 ator.

167 309 290 342 ὓδατος.

1017 274 1119 303 turam,
1135 279 1225 307 neque
1240 272 1303 299 ﬁcte
1317 279 1378 300 esse
1394 272 1474 307 aquis
1485 273 1630 300 intinctam
1645 273 1810 308 :eadeinque

1015 321 1043 345 ct
1060 317 1112 352 ipsi
1131 318 1238 345 ratione
1254 326 1301 352 per
1313 325 1374 345 eain
1394 326 1474 353 quam
1491 318 1536 345 ille
1553 326 1608 353 pra:
1624 326 1686 346 sese
1699 319 1808 350 tulerat,

167 356 450 385 accoiiiiiiodationeiii
484 359 656 394 accedentes,
679 362 792 390 inditam
812 363 886 391 illius
899 364 1081 392 descensione
1101 365 1156 392 vim
1182 366 1211 392 in
1243 373 1304 393 sese
1337 365 1516 398 transferant,
1544 366 1723 401 ejusdemque
1750 367 1810 395 luce

167 403 369 439 perfuiidantur
386 415 392 432 :
413 406 519 442 1137
527 416 582 443 quo
594 410 783 445 propheticum
798 412 943 447 impleatur
960 413 1101 441 oraculum
1115 423 1121 441 :
1139 413 1181 440 Ad
1203 414 1398 442 immutandum
1412 415 1536 442 virtutem
1559 416 1809 451 conciliandamque

167 452 282 479 salutem
296 461 329 479 ea:
346 453 395 480 illa
411 456 489 488 panis
501 456 607 488 virtute,
621 466 680 493 qua:
707 460 740 486 ab
756 459 908 487 Jerusalem
924 461 1065 495 accipitur,
1079 470 1262 497 aquarumque
1284 470 1318 490 in.

210 497 344 525 Ἐνταῦθα
368 498 396 525 δὲ
428 500 457 526 ὲν
481 501 592 537 Χριστῷ
619 503 886 540 ἰσχυροποιουμένων
914 506 965 541 τῆς

167 543 309 579 δυνάμεως
322 545 370 571 τοῦ
383 546 478 581 ἄρτου,
496 548 544 574 καὶ
558 549 607 584 τῆς
619 549 666 576 τοῦ
682 550 779 583 ὕδατος
794 553 886 588 ἰσχύος
896 561 902 568 ·
920 553 965 580 ἴνα

166 589 219 615 οὐκ
234 589 316 624 ἄρτος
331 591 396 626 ἡμῖν
413 591 525 627 γένηται
545 593 670 630 δύναμις,
694 596 762 623 ἀλλὰ
783 597 898 633 δύναμις
912 597 963 634 ἄρ-

167 643 216 661 του
228 643 234 649 ·
250 636 297 662 καὶ
312 636 415 672 βρῶσις
433 639 483 673 μὲν
495 640 509 665 ὁ
528 639 620 676 ἄρτος,
642 642 659 677 ἡ
675 642 704 669 δὲ
716 642 830 679 δύναμις
847 645 876 670 ὲν
889 644 963 679 αὐτῷ

168 681 209 712 εἰς
221 680 394 717 ζωογόνησιν.
409 682 460 710 Καὶ
476 684 525 720 οὐχ
541 685 583 712 ἵνα
603 685 634 712 τὸ
650 686 721 723 ὕδωρ
735 689 809 723 ἡμᾶς
825 689 962 725 καθαρίσῃ

169 726 261 761 μόνον,
277 727 335 753 ἀλλ’
354 728 397 755 ἴνα
417 729 446 756 ἐν
460 731 493 766 τῇ
519 731 592 766 ίσχὺῖ
606 732 654 759 τοῦ
670 732 765 765 ὓδατος
785 734 829 762 διὰ
848 735 898 770 τῆς
917 735 962 762 πί-

168 781 255 804 στεως
276 773 323 800 καὶ
353 775 510 810 ἐνεργείας,
533 779 580 805 καὶ
603 778 778 814 ὲλπίδος,καὶ
806 781 963 817 μυστηρίων

168 817 345 851 τελειώσεως,
365 821 412 846 καὶ
434 822 582 857 ὀνομασίας
599 824 648 859 τῆς
667 825 836 859 ἁγιαστείας,
850 827 962 862 γένηται

167 863 234 898 ἡμῖν
259 865 299 896 εις
322 865 462 894 τελείωσιν
492 869 639 904 σωτηρίας.
675 871 806 898 Ἀνελθὼν
836 873 890 898 ἀπὸ
913 872 959 898 τοῦ

1050 506 1099 534 llic
1115 507 1188 534 enim
1219 507 1246 534 in
1272 507 1383 535 Christo
1413 508 1491 543 panis
1514 508 1601 535 virtus
1621 515 1652 535 ac
1671 508 1711 536 vis
1730 516 1809 543 aqum

1015 552 1223 585 corroboratur,
1248 557 1277 580 ut
1304 561 1357 579 non
1377 553 1456 588 panis
1471 553 1530 588 ipse
1554 554 1590 580 sit
1613 553 1692 581 nobis
1709 554 1806 587 virtus,

1013 598 1061 625 scd
1079 599 1167 626 virtus
1181 606 1196 625 a
1212 607 1282 634 pane
1293 599 1432 634 profecta;
1450 607 1481 626 ac
1493 599 1572 628 cibus
1585 600 1693 634 quidem
1713 604 1807 627 uoster

1012 643 1090 678 panis
1103 649 1154 676 est,
1169 644 1215 671 sed
1231 645 1258 671 in
1279 644 1338 679 ipso
1358 645 1449 672 vitalis
1466 644 1590 679 quaedam
1607 646 1694 673 virtus
1712 646 1802 673 couti-

1012 692 1101 716 netur.
1118 689 1212 725 Neque
1222 690 1248 717 id
1265 691 1354 717 solum
1370 693 1460 717 actum
1472 694 1618 722 est,utnos
1633 698 1701 725 aqua
1711 699 1807 725 repur-

1013 739 1100 769 garet,
1117 735 1164 763 sed
1182 739 1212 762 ut
1236 743 1314 770 aqua:
1334 736 1368 768 vi,
1387 743 1435 770 per
1461 735 1541 763 Iidem
1565 740 1591 763 et
1613 736 1747 763 actionem
1779 741 1805 763 et

1011 789 1098 816 spem.
1111 789 1142 808 ac
1152 782 1346 817 mysteriorum
1361 781 1540 808 initiationein
1550 785 1577 809 et
1588 782 1806 810 consecrationis

1012 827 1235 861 appellationem,
1266 827 1416 862 perfectam
1452 827 1662 863 absolutamque
1688 829 1804 856 salutem

1013 873 1092 900 nobis
1110 874 1177 908 ipsis
1189 873 1337 901 conferret.
1350 873 1422 908 Ergo
1437 873 1565 902 Christus
1577 875 1701 902 ascendit
1715 883 1729 901 e
1741 874 1804 902 Jor-

174 908 306 955 Ἰορδάνου
316 910 433 940 ,ἀκούων
448 914 540 949 φωνὴν
548 915 654 948 Πατρδς
669 916 709 948 είς
721 916 806 952 ἀκοὴν
819 917 957 952 παρόντων

1012 919 1092 950 dane,
1106 906 1199 946 vocem
1226 919 1315 947 Patris
1339 906 1436 952 audiit,
1457 927 1538 954 quam
1557 924 1584 948 et
1605 920 1732 955 discipuli
1759 921 1804 955 qui

167 954 221 980 τῶν
242 955 372 990 μαθητῶν
393 958 432 989 είς
444 957 474 984 τὸ
491 959 627 992 ὑποδεῖξαι
641 961 681 992 τίς
696 961 710 987 ὁ
727 961 961 997 μαρτυρούμενος,

168 999 216 1025 καὶ
230 1000 276 1026 τοῦ
288 1001 367 1036 ἁγίου
382 1003 539 1039 Πνεύματος
558 1006 587 1032 ἐν
609 1007 674 1033 εῐδει
689 1008 853 1043 περιστερᾶς
867 1016 963 1043 κατερ-

168 1045 294 1080 χομένου,
318 1047 444 1084 καθάπερ
459 1051 488 1076 ἑν
506 1051 617 1083 πολλαῖς
630 1052 769 1087 αἱρέσεσιν
792 1054 959 1088 εἰρήκαμεν·

167 1090 211 1116 ἵνα
228 1090 266 1126 μὴ
282 1092 430 1129 συναλοιφὴ
451 1095 467 1130 ἡ
483 1095 568 1130 Τριὰς
581 1096 708 1132 νομισοῇ,
725 1097 961 1133 σχηματιζομὲνου

165 1136 215 1162 τοῦ
230 1137 389 1172 Πνεύματος
406 1140 434 1166 ὲν
460 1139 512 1176 ἰδία
540 1141 705 1168 ὑποστάσει·
729 1142 960 1178 ὲπιχαθεζομένου

165 1183 195 1209 δὲ
218 1183 264 1209 τοῦ
291 1184 461 1220 Πνεύματος,
486 1187 534 1213 καὶ
556 1188 705 1223 ἐρχομένου
732 1189 775 1215 ἐπ’
801 1189 893 1222 αὐτὸν,
917 1190 961 1216 ἵνα

166 1227 236 1264 ὀφθῇ
257 1229 272 1255 ὁ
294 1231 533 1267 μαρτυρούμενος·
551 1233 594 1259 ἵνα
611 1233 679 1269 σὰρξ
696 1235 712 1270 ή
729 1235 793 1269 ἁγία
812 1234 877 1271 φίλη
894 1233 961 1262 οὖσα

166 1273 214 1300 καὶ
230 1274 423 1312 εὐδοκουμένη,
439 1277 491 1304 ύπδ
513 1278 560 1305 τοῦ
581 1279 687 1315 Πατρδς
709 1281 757 1307 καὶ
770 1279 818 1307 τοῦ
836 1281 961 1316 Πνεύμα-

165 1328 213 1352 τος
236 1322 442 1358 μαρτυρηθείη·
467 1325 510 1351 ἵνα
529 1326 543 1351 ὁ
566 1326 661 1362 Πατὴρ
687 1327 836 1363 εὐδοκητὴς
859 1325 887 1364 ᾗ,
912 1328 959 1354 καὶ

166 1367 256 1403 κῆρυξ
269 1367 320 1402 τῆς
335 1368 381 1395 τοῦ
399 1369 461 1397 Υἱοῦ
476 1371 609 1408 ἐνσάρκου
623 1373 791 1409 παρουσίας·
808 1374 851 1400 ἵνα
863 1375 878 1400 ὁ
896 1374 959 1407 Υἱὸς

165 1412 294 1446 ἀληθινὸς
316 1413 403 1449 ὀφθῇ,
429 1415 476 1441 καὶ
501 1415 635 1453 πληρώσῃ
663 1418 693 1444 τὸ
717 1418 878 1454 εἰρημένον·
903 1419 959 1446 Καὶ

162 1458 239 1492 μετὰ
258 1459 351 1486 ταῦτα
365 1460 416 1487 ἐπὶ
432 1461 487 1495 τῆς
502 1461 558 1497 γῆς
575 1462 669 1497 ὤφθη,
685 1464 734 1490 καὶ
743 1464 819 1498 μετὰ
832 1465 892 1492 τῶν
904 1466 959 1492 ἀν-

165 1503 289 1537 θρώπων
302 1507 551 1541 συνανεστράςση.
574 1509 705 1536 Ἀνελθὼν
721 1510 775 1537 ἀπὸ
789 1510 835 1537 τοῦ
859 1511 958 1547 Ἰορδά-

165 1558 222 1580 νου,
240 1550 333 1585 σαφῶς
355 1552 401 1578 καὶ
425 1552 560 1588 ἀληθινῶς
574 1555 629 1581 ἀπὸ
648 1554 696 1581 τοῦ
717 1555 839 1582 διαϐόλου
863 1566 957 1593 πειρα-

165 1595 240 1626 σοεὶς
259 1596 288 1622 ὲν
302 1597 336 1632 τῇ
361 1598 467 1633 ἐρήμῳ,
494 1600 542 1626 καὶ
567 1601 698 1632 πεινάσας
714 1601 827 1637 ὕστερον
842 1603 886 1629 διὰ
907 1604 957 1639 τὴν

163 1640 326 1668 ἀκολουθίαν
351 1643 396 1670 καὶ
418 1644 547 1680 ἀλήθειαν
562 1646 614 1681 τῆς
637 1647 770 1682 ὲνσάρκου
786 1649 937 1684 παρουσίας
948 1658 955 1665 ·

164 1689 213 1716 καὶ
229 1690 424 1726 ἐπιλεξάμενος
446 1692 580 1727 μαθητὰς,
604 1694 651 1721 καὶ
671 1695 792 1731 κηρύξας
815 1696 955 1732 ἀλήθειαν,

165 1734 212 1761 καὶ
226 1735 373 1771 ίασάμενος
385 1737 419 1764 τὰ
434 1737 520 1773 πάθη,
537 1738 719 1775 καθευδήσας,
736 1740 877 1775 πεινάσας,
892 1742 957 1768 ὁδοι-

164 1781 298 1816 πορήσας,
316 1781 478 1818 οεοσημείας
501 1785 509 1799 ¹
531 1785 730 1820 ἐργασάμενος,
749 1787 862 1822 νεκροὺς
883 1787 956 1821 ἐγει-

166 1834 226 1861 ρας,
250 1827 360 1861 τυφλοῖς
376 1829 407 1855 τὸ
426 1829 536 1864 βλέπειν
551 1830 712 1866 παρασχὼν,
726 1832 829 1867 χωλοὺς
842 1833 889 1859 καὶ
903 1841 957 1860 πα-

166 1872 328 1906 ραλυτικοὺς
349 1875 577 1911 ίσχυροποιήσας”
609 1877 639 1908 ὃς
668 1868 785 1914 ἐκήρυξε
808 1879 839 1905 τὸ
865 1879 956 1914 Εὐαγ-

164 1917 264 1952 γέλιον,
287 1919 336 1954 τὴν
358 1919 498 1955 ἀλήθειαν,
514 1921 563 1957 τὴν
584 1922 724 1958 βασιλείαν
742 1924 797 1951 τῶν
820 1925 954 1960 οὐρανῶν,

163 1963 214 1998 τὴν
229 1964 313 1991 αὐτοῦ
337 1965 544 2001 φιλανθρωπίαν
561 1969 608 1995 καὶ
632 1969 679 1996 τοῦ
705 1970 813 2007 Πατρδς
836 1972 883 1999 καὶ
907 1971 956 1999 τοῦ

163 2009 242 2044 ἁγίου
256 2010 427 2047 Πνεύματος.

204 2143 241 2191 '07
252 2143 336 2191 ὑπὲρ
349 2145 428 2181 ἡμῶν
443 2146 475 2173 τὸ
499 2147 586 2179 πάθος
605 2148 757 2184 ὑπομείνας
775 2150 805 2177 ὲν
826 2151 954 2191 ἀληθεία,

162 2189 192 2216 ἐν
210 2190 244 2225 τῇ
261 2190 344 2226 σαρκὶ
357 2191 404 2218 καὶ
420 2192 449 2218 ὲν
460 2194 493 2228 τῇ
510 2193 602 2230 τελείᾳ
614 2195 821 2231 ὲνανθρωπήσει
834 2216 842 2229 ,
858 2189 953 2224 παθὼν

1012 966 1136 997 aderant,
1152 966 1332 998 audierunt‘,
1354 970 1384 993 ut
1398 966 1461 1001 quis
1473 967 1518 994 ille
1532 966 1600 993 foret
1619 967 1668 993 cui
1682 967 1806 994 testimo-

1011 1010 1086 1038 nium
1109 1010 1175 1038 illud
1203 1011 1382 1046 pratheretur.
1412 1016 1602 1047 agnoscerent.
1629 1010 1698 1038 Tum
1723 1012 1804 1039 etiam

1013 1056 1133 1091 Spiritus
1161 1062 1273 1084 sanctus
1301 1057 1435 1084 columba:
1469 1057 1559 1092 specie
1582 1057 1712 1093 delapsus
1742 1062 1804 1089 est,

1011 1102 1240 1136 quemadmodum
1258 1105 1284 1130 in
1300 1104 1447 1132 multarum
1466 1104 1604 1132 Incrcseon
1619 1104 1806 1131 eoiil‘utatioue

1011 1147 1142 1174 diximus.
1175 1147 1213 1175 Ac
1243 1156 1276 1175 nc
1304 1143 1427 1177 Trinitas
1451 1150 1509 1184 ipsa
1531 1149 1557 1176 in
1580 1157 1665 1176 unum
1694 1149 1804 1176 redacta

1011 1193 1181 1229 confusaque
1195 1195 1363 1227 crederetur,
1379 1195 1498 1230 Spiritus
1516 1196 1627 1231 propria
1643 1197 1670 1223 in
1687 1204 1803 1230 persona

1013 1239 1126 1274 ﬁguram
1153 1240 1226 1267 illam
1249 1240 1347 1272 induit,
1362 1247 1388 1268 et
1399 1249 1481 1276 super
1499 1241 1574 1268 illiilli
1592 1242 1704 1273 resedit,
1720 1250 1804 1277 seque

1012 1284 1038 1310 in
1056 1286 1144 1320 ipsum
1173 1285 1333 1317 insinuavit,
1362 1292 1390 1313 ut
1416 1287 1439 1314 is
1461 1286 1505 1313 cui
1528 1287 1714 1314 testimonium
1737 1287 1803 1314 illuil

1011 1331 1223 1366 sull‘ragabatur,
1254 1332 1423 1367 conspicuus
1454 1336 1543 1364 esset;
1559 1336 1641 1367 utque
1658 1341 1804 1360 sacrosan-

1010 1381 1083 1404 ctam
1101 1378 1174 1404 illam
1197 1385 1308 1405 carnem
1330 1379 1446 1407 amicam
1464 1386 1525 1406 esse
1544 1383 1571 1406 et
1598 1379 1706 1414 placere
1736 1379 1802 1411 Deo,

1010 1423 1099 1451 Patris
1126 1431 1159 1450 ac
1180 1423 1300 1459 Spiritus
1327 1424 1492 1452 auctoritate
1516 1428 1666 1456 constaret,
1680 1429 1710 1452 iit
1724 1425 1804 1452 Pater

1011 1469 1180 1503 complaeeat
1209 1469 1262 1497 sibi
1295 1463 1323 1496 in
1344 1468 1429 1501 Filio,
1454 1474 1481 1498 et
1505 1470 1706 1498 lncariiati0iiis
1730 1471 1804 1498 illius

1011 1521 1100 1548 przrco
1115 1521 1176 1541 esse
1195 1514 1337 1547 videatur;
1356 1521 1388 1541 ac
1403 1514 1523 1550 denique
1538 1523 1620 1543 verus
1641 1521 1669 1543 ut
1689 1524 1799 1550 appare-

1011 1563 1051 1587 ret
1073 1559 1170 1592 Filius,
1194 1564 1221 1587 et
1239 1560 1305 1588 illud
1321 1561 1460 1596 propheta:
1481 1561 1641 1588 vaticinium
1658 1562 1802 1596 expleret:

1012 1605 1044 1632 Et
1055 1611 1113 1641 post
1124 1606 1179 1634 lucc
1194 1607 1221 1633 in
1235 1612 1306 1634 terra
1318 1608 1389 1634 visus
1400 1612 1451 1639 est,
1470 1613 1494 1634 el
1513 1616 1571 1634 cum
1581 1607 1729 1634 hominibus
1745 1616 1804 1634 cau<

1009 1655 1129 1678 versatus
1159 1656 1197 1678 est
1214 1651 1234 1677 ³.
1260 1651 1343 1686 Igitur
1369 1659 1385 1678 a
1408 1650 1526 1678 Jnrilane
1551 1651 1703 1686 digressus,
1727 1656 1803 1678 certo

1009 1703 1127 1730 vereque
1157 1703 1173 1722 a
1195 1696 1305 1724 diabolo
1321 1697 1348 1723 in
1361 1696 1471 1724 deserto
1484 1701 1607 1724 tentatus
1622 1701 1682 1730 est;
1697 1701 1724 1724 et
1741 1701 1803 1731 post

1007 1741 1141 1777 jejunium
1169 1741 1266 1769 esuriit
1277 1743 1298 1774 ⁸,
1322 1745 1351 1769 ιιι
1367 1742 1439 1777 quod
1464 1750 1535 1769 vera:
1564 1742 1640 1770 carni
1668 1746 1803 1777 suscepta:

1008 1791 1226 1814 consentaneum
1236 1791 1279 1813 est
1293 1787 1468 1822 exprimeret.
1489 1787 1645 1814 Secundum
1657 1787 1713 1814 hinc
1723 1788 1803 1815 disci-

1009 1833 1088 1868 pulos
1103 1833 1193 1868 elegit,
1205 1833 1348 1860 veritatem
1365 1833 1533 1868 prmdicavit,
1559 1833 1735 1868 aegritudines
1758 1841 1802 1860 sa-

1007 1878 1095 1911 navit,
1110 1878 1233 1910 dormiit,
1251 1878 1358 1910 esnriit,
1371 1878 1421 1906 iter
1441 1878 1514 1911 fecit,
1536 1878 1658 1914 prodigia
1673 1878 1800 1913 patravit.

1008 1929 1132 1952 mortuos
1147 1925 1284 1957 excitavit,
1297 1925 1378 1953 cacis
1389 1925 1478 1953 visum
1495 1925 1710 1960 repncsciitavit,
1724 1925 1800 1951 clau-

1007 1971 1051 1999 dis
1066 1975 1093 1999 et
1115 1971 1275 2007 paralyticis
1298 1972 1372 1999 vires
1393 1971 1514 1999 restituit
1532 1972 1600 2007 :qui
1613 1970 1802 2006 Evangeliuin.

1006 2017 1161 2050 veritatemI
1173 2025 1288 2052 regnum
1304 2017 1450 2050 caelorum,
1470 2025 1548 2045 suam
1567 2017 1653 2052 ipsius
1665 2020 1693 2043 et
1711 2015 1802 2044 Patris

1006 2069 1034 2091 et
1049 2063 1167 2099 Spiritus
1181 2063 1272 2091 sancti
1290 2063 1443 2091 bonitatem
1463 2063 1717 2098 humanitatemque
1732 2070 1801 2097 prae-

1005 2107 1118 2136 dicavit.

1041 2153 1113 2181 ldein
1139 2153 1183 2181 ille
1203 2161 1286 2189 porro
1308 2161 1402 2182 revera
1421 2154 1576 2189 passionem
1601 2153 1628 2180 in
1648 2160 1697 2181 sua
1716 2161 1800 2181 carne

1004 2204 1031 2227 et
1046 2198 1165 2231 perfecta
1181 2199 1299 2227 hominis
1317 2204 1415 2227 natura
1432 2200 1576 2232 sustinuit,
1595 2207 1658 2227 vere
1673 2200 1701 2227 in
1716 2207 1800 2228 cruce

162 2236 192 2261 ὲν
207 2235 320 2272 ἀληθείᾳ
329 2237 375 2264 ἐπὶ
390 2238 437 2264 τοῦ
454 2239 583 2275 σταυροῦ,
593 2241 726 2277 συνούσης
740 2242 814 2278 αὐτῷ
830 2243 880 2279 τῆς
893 2244 952 2271 θεός

1010 2253 1103 2280 passus
1117 2249 1182 2274 est:
1200 2246 1236 2273 ita
1257 2245 1367 2280 quidem
1387 2250 1417 2273 ut
1440 2246 1468 2273 in
1483 2254 1516 2274 eo
1537 2245 1667 2274 divinitas
1681 2246 1798 2274 exsiste-

161 2291 242 2317 τητος
254 2303 261 2314 ,
276 2283 333 2310 ἀλλ’
353 2284 384 2310 οὺ
399 2285 551 2322 τραπείσης
565 2287 606 2318 είς
626 2287 656 2313 τὸ
671 2288 787 2323 πάσχειν
797 2310 804 2321 ,
822 2289 906 2325 οὔσης
923 2291 953 2318 δὲ

162 2328 284 2361 ἀπαθοῦς
303 2330 350 2357 καὶ
365 2331 512 2367 ἀτρέπτου.
539 2332 600 2358 Τῶν
616 2332 662 2359 δύο
676 2333 843 2362 ἁῐιολουθιῶν
860 2336 954 2371 σαφῶς

161 2375 396 2409 κατα-νοουμένων,
413 2376 531 2412 Χριστοῦ
546 2377 696 2413 πάσχοντος
710 2379 780 2415 ὑπὲρ
794 2380 874 2416 ἡμῶν
887 2390 953 2418 σαρ-

161 2419 200 2452 κὶ,
216 2419 339 2450 ἀπαθοῦς
354 2420 382 2446 δὲ
399 2421 524 2456 μένοντος
547 2423 576 2449 ὲν
591 2422 714 2459 θεότητιο
731 2426 761 2452 οὺ
777 2426 824 2452 τοῦ
843 2427 951 2463 ἀνθρώ-

160 2471 212 2489 που
237 2465 297 2490 κατ’
315 2464 382 2492 ἰδίαν
396 2465 503 2500 δντος¹,
519 2467 586 2494 ἀλλὰ
602 2469 734 2505 συνούσης
748 2471 798 2505 τῆς
813 2471 950 2507 θεότητος,

161 2509 198 2544 μὴ
221 2510 379 2546 πασχούσης
402 2511 430 2538 δὲ
451 2512 495 2539 διὰ
514 2513 544 2539 τὸ
558 2514 708 2549 ἀκραιφνὲς
724 2516 771 2542 καὶ
784 2517 950 2554 ἀσύγκριτον

158 2555 208 2590 τῆς
226 2555 322 2587 οὐσίας
336 2564 343 2572 ’
359 2557 510 2592 πάσχοντος
523 2559 552 2585 δὲ
567 2559 596 2586 ὲν
613 2561 705 2596 σαρκὶ,
723 2562 769 2588 καὶ
781 2562 949 2598 θανατουμέ-

159 2608 204 2626 νου
222 2601 251 2628 ὲν
267 2602 367 2637 σαρκὶ,
388 2602 489 2635 ζῶντος
505 2603 534 2630 δὲ
553 2604 597 2631 ἀεὶ
613 2605 642 2632 ὲν
670 2605 793 2642 θεότητι,
812 2609 858 2635 καὶ
878 2610 951 2644 ἐγεί-

160 2655 252 2681 ροντος
273 2648 336 2679 τοὺς
350 2649 464 2684 νεκρούς
474 2658 481 2664 ·
497 2650 544 2676 τοῦ
559 2651 684 2686 σώματος
702 2653 833 2687 ταφέντος
844 2655 873 2681 ὲν
888 2655 950 2691 ἀλη-

159 2691 219 2727 θείᾳ
230 2713 237 2725 ,
255 2694 302 2719 καὶ
317 2693 421 2729 ἀψύχου
448 2695 589 2730 μείναντος
605 2697 635 2723 τὸ
650 2699 800 2735 τριήμερον
814 2700 899 2727 ἄπνου
918 2710 949 2728 τε

158 2737 206 2763 καὶ
225 2738 366 2774 ἀκινήτου,
386 2740 568 2776 ὲνειληθέντος
586 2742 614 2768 δὲ
629 2743 673 2770 διὰ
683 2744 734 2779 τῆς
751 2745 883 2780 σινδόνος,
897 2756 948 2774 κα-

206 2825 215 2863 _‘
233 2835 278 2863 γρ.
295 2826 365 2854 Θεοῦ
379 2830 490 2863 σημεῖα.

157 2867 168 2883 ι
185 2860 281 2889 Matth.
296 2869 333 2895 iv,
350 2863 362 2890 Ι
379 2860 441 2899 sqq.

546 2832 555 2847 '
567 2830 643 2859 Adde
661 2832 708 2860 καὶ
728 2833 778 2868 τῆς
803 2833 928 2871 θεότητος
955 2837 1015 2863 κατ’
1035 2837 1113 2865 ιδίανκ

1006 2295 1058 2323 ret,
1071 2291 1118 2319 sed
1133 2291 1165 2318 ad
1185 2291 1343 2327 patiendum
1358 2292 1471 2320 minime
1488 2292 1596 2328 1138
1608 2300 1670 2320 sese
1684 2300 1799 2320 conver-

1006 2340 1085 2368 teret.
1101 2337 1148 2364 sed
1165 2337 1300 2371 passionis
1314 2345 1412 2372 expers
1424 2343 1447 2365 cl
1469 2337 1648 2366 immutabilis
1665 2343 1795 2366 maneret.

1005 2381 1064 2414 Qua
1084 2382 1111 2409 iii
1128 2390 1157 2410 re
1181 2381 1235 2409 duo
1257 2383 1302 2410 illa
1325 2388 1510 2411 consentanea
1529 2384 1683 2412 certissime
1697 2384 1798 2412 intelli—

1004 2433 1115 2463 gunlur,
1132 2432 1161 2455 ιιι
1176 2433 1202 2456 et
1221 2429 1346 2457 Christus
1363 2437 1413 2464 pro
1430 2430 1508 2457 nobis
1528 2437 1611 2457 carne
1630 2430 1666 2458 sit
1686 2438 1796 2466 passus,

1005 2478 1031 2501 et
1049 2475 1185 2509 passionis
1207 2483 1305 2510 expers
1327 2476 1354 2502 in
1380 2476 1522 2504 divinitate
1541 2481 1723 2511 permaneat:
1743 2485 1796 2503 non

1003 2520 1075 2555 quod
1096 2520 1215 2548 hominis
1235 2524 1333 2548 natura
1361 2529 1393 2548 ac
1416 2521 1547 2548 divinitas
1573 2526 1705 2557 separatae
1729 2529 1745 2548 a
1767 2529 1797 2548 se

1003 2565 1118 2593 invicem
1138 2567 1282 2598 exsistant,
1300 2568 1345 2595 sed
1367 2568 1476 2595 tametsi
1497 2575 1550 2595 una
1575 2576 1637 2595 cum
1659 2567 1702 2594 illa
1723 2572 1795 2594 esset

1002 2610 1143 2642 divinitas.
1161 2612 1227 2639 nihil
1244 2613 1280 2640 ob
1297 2614 1432 2641 sinceram
1448 2619 1475 2641 et
1491 2612 1729 2648 incomparabilem
1747 2620 1795 2639 iia-

1002 2661 1091 2683 tiiram
1107 2662 1150 2685 est
1164 2666 1305 2693 perpessa.
1323 2659 1358 2686 At
1377 2659 1504 2687 Christus
1526 2663 1554 2686 et
1573 2658 1600 2685 in
1622 2665 1705 2685 carne
1730 2665 1792 2692 pas-

1003 2711 1053 2732 sus
1069 2709 1123 2737 est,
1143 2709 1167 2732 el
1194 2706 1220 2732 in
1238 2714 1320 2733 carne
1336 2710 1423 2734 morte
1445 2710 1487 2734 est
1503 2705 1625 2736 all‘ectus,
1646 2711 1707 2730 cum
1722 2703 1792 2730 inte-

1003 2749 1057 2777 rimi
1071 2749 1214 2778 divinitate
1236 2751 1293 2786 ipsa
1322 2751 1425 2778 viveret
1445 2758 1477 2778 ac
1501 2753 1624 2784 mortuos
1643 2748 1790 2781 excitaret;

1169 2839 1179 2854 ³
1190 2838 1284 2866 Matth.
1304 2847 1345 2872 iii,
1359 2839 1392 2866 15
1408 2846 1468 2873 sqq.
1521 2837 1531 2853 ⁸
1547 2836 1650 2865 Bzirucli
1681 2844 1721 2869 iii,
1737 2834 1774 2863 58
