  <div class='ocr_page' id='page_1' title='image "/cluster/home/n/w/nwhite01/storage/ocr_20150623/42/njp.32101077772588/461.png"; bbox 0 0 1935 3044; ppageno 0'>
   <div class='ocr_carea' id='block_1_1' title="bbox 152 177 204 207">
    <p class='ocr_par' dir='ltr' id='par_1_1' title="bbox 152 177 204 207">
     <span class='ocr_line' id='line_1_1' title="bbox 152 177 204 207; baseline -0.019 -1"><span class='ocrx_word' id='word_1_1' title='bbox 152 177 204 207; x_wconf 69' lang='grc' dir='ltr'><strong>δτι)</strong></span> 
     </span>
    </p>
   </div>
   <div class='ocr_carea' id='block_1_2' title="bbox 855 173 1077 203">
    <p class='ocr_par' dir='ltr' id='par_1_2' title="bbox 855 173 1077 203">
     <span class='ocr_line' id='line_1_2' title="bbox 855 173 1077 203; baseline -0.005 0"><span class='ocrx_word' id='word_1_2' title='bbox 855 175 883 203; x_wconf 87' lang='lat' dir='ltr'><strong>S.</strong></span> <span class='ocrx_word' id='word_1_3' title='bbox 906 173 1077 202; x_wconf 81' lang='lat' dir='ltr'><strong>EPIPHANII</strong></span> 
     </span>
    </p>
   </div>
   <div class='ocr_carea' id='block_1_3' title="bbox 1724 175 1778 203">
    <p class='ocr_par' dir='ltr' id='par_1_3' title="bbox 1724 175 1778 203">
     <span class='ocr_line' id='line_1_3' title="bbox 1724 175 1778 203; baseline 0.019 -1"><span class='ocrx_word' id='word_1_4' title='bbox 1724 175 1778 203; x_wconf 61' lang='lat'><strong>880</strong></span> 
     </span>
    </p>
   </div>
   <div class='ocr_carea' id='block_1_4' title="bbox 150 232 942 271">
    <p class='ocr_par' dir='ltr' id='par_1_4' title="bbox 150 232 940 269">
     <span class='ocr_line' id='line_1_4' title="bbox 150 232 940 269; baseline -0.003 -7"><span class='ocrx_word' id='word_1_5' title='bbox 150 235 229 262; x_wconf 75' lang='lat' dir='ltr'><strong>nobis</strong></span> <span class='ocrx_word' id='word_1_6' title='bbox 244 234 327 262; x_wconf 88' lang='lat' dir='ltr'><strong>Deum</strong></span> <span class='ocrx_word' id='word_1_7' title='bbox 352 241 414 262; x_wconf 87' lang='lat' dir='ltr'><strong>esse</strong></span> <span class='ocrx_word' id='word_1_8' title='bbox 432 234 507 262; x_wconf 90' lang='lat' dir='ltr'><strong>illum</strong></span> <span class='ocrx_word' id='word_1_9' title='bbox 527 233 574 269; x_wconf 89' lang='lat' dir='ltr'><strong>qui</strong></span> <span class='ocrx_word' id='word_1_10' title='bbox 589 233 745 261; x_wconf 73' lang='lat' dir='ltr'><strong>Judaeorum</strong></span> <span class='ocrx_word' id='word_1_11' title='bbox 760 240 791 260; x_wconf 83' lang='lat' dir='ltr'><strong>ac</strong></span> <span class='ocrx_word' id='word_1_12' title='bbox 805 232 940 261; x_wconf 86' lang='lat' dir='ltr'><strong>Christia-</strong></span> 
     </span>
    </p>
   </div>
   <div class='ocr_carea' id='block_1_5' title="bbox 995 232 1781 271">
    <p class='ocr_par' dir='ltr' id='par_1_5' title="bbox 995 233 1781 271">
     <span class='ocr_line' id='line_1_5' title="bbox 995 233 1781 271; baseline 0.001 -11"><span class='ocrx_word' id='word_1_13' title='bbox 995 235 1053 266; x_wconf 77' lang='grc' dir='ltr'>τοὺς</span> <span class='ocrx_word' id='word_1_14' title='bbox 1070 234 1139 261; x_wconf 83' lang='grc' dir='ltr'><strong>κατά</strong></span> <span class='ocrx_word' id='word_1_15' title='bbox 1163 235 1212 270; x_wconf 87' lang='grc' dir='ltr'>τὴν</span> <span class='ocrx_word' id='word_1_16' title='bbox 1234 234 1363 271; x_wconf 81' lang='grc' dir='ltr'>ἀληθινὴν</span> <span class='ocrx_word' id='word_1_17' title='bbox 1376 234 1458 262; x_wconf 76' lang='grc' dir='ltr'>αὑτοῦ</span> <span class='ocrx_word' id='word_1_18' title='bbox 1475 235 1566 261; x_wconf 78' lang='grc' dir='ltr'>πίστιν</span> <span class='ocrx_word' id='word_1_19' title='bbox 1584 233 1718 269; x_wconf 74' lang='grc' dir='ltr'><strong>βιοῦντας,</strong></span> <span class='ocrx_word' id='word_1_20' title='bbox 1733 237 1781 262; x_wconf 78' lang='grc' dir='ltr'>καὶ</span> 
     </span>
    </p>
   </div>
   <div class='ocr_carea' id='block_1_6' title="bbox 151 279 939 314">
    <p class='ocr_par' dir='ltr' id='par_1_6' title="bbox 151 279 939 314">
     <span class='ocr_line' id='line_1_6' title="bbox 151 279 939 314; baseline -0.001 -8"><span class='ocrx_word' id='word_1_21' title='bbox 151 287 247 307; x_wconf 91' lang='lat' dir='ltr'><strong>norum</strong></span> <span class='ocrx_word' id='word_1_22' title='bbox 258 284 301 307; x_wconf 88' lang='lat' dir='ltr'><strong>est</strong></span> <span class='ocrx_word' id='word_1_23' title='bbox 318 279 404 311; x_wconf 83' lang='lat' dir='ltr'><strong>Deus;</strong></span> <span class='ocrx_word' id='word_1_24' title='bbox 422 279 587 314; x_wconf 65' lang='lat' dir='ltr'><strong>quiJudaeos</strong></span> <span class='ocrx_word' id='word_1_25' title='bbox 601 279 633 306; x_wconf 89' lang='lat' dir='ltr'><strong>ad</strong></span> <span class='ocrx_word' id='word_1_26' title='bbox 645 279 780 314; x_wconf 71' lang='lat' dir='ltr'><strong>justitiam</strong></span> <span class='ocrx_word' id='word_1_27' title='bbox 795 286 843 306; x_wconf 89' lang='lat' dir='ltr'><strong>eos</strong></span> <span class='ocrx_word' id='word_1_28' title='bbox 857 287 939 306; x_wconf 84' lang='lat' dir='ltr'><strong>voca-</strong></span> 
     </span>
    </p>
   </div>
   <div class='ocr_carea' id='block_1_7' title="bbox 150 323 940 360">
    <p class='ocr_par' dir='ltr' id='par_1_7' title="bbox 150 323 940 360">
     <span class='ocr_line' id='line_1_7' title="bbox 150 323 940 360; baseline -0.001 -9"><span class='ocrx_word' id='word_1_29' title='bbox 150 326 198 357; x_wconf 86' lang='lat' dir='ltr'><strong>vit,</strong></span> <span class='ocrx_word' id='word_1_30' title='bbox 219 325 266 360; x_wconf 87' lang='lat' dir='ltr'><strong>qui</strong></span> <span class='ocrx_word' id='word_1_31' title='bbox 293 326 510 352; x_wconf 76' lang='lat' dir='ltr'><strong>incarnationem</strong></span> <span class='ocrx_word' id='word_1_32' title='bbox 535 325 622 360; x_wconf 81' lang='lat' dir='ltr'><strong>ipsam</strong></span> <span class='ocrx_word' id='word_1_33' title='bbox 644 324 750 351; x_wconf 91' lang='lat' dir='ltr'><strong>Domini</strong></span> <span class='ocrx_word' id='word_1_34' title='bbox 771 324 856 351; x_wconf 84' lang='lat' dir='ltr'><strong>nostri</strong></span> <span class='ocrx_word' id='word_1_35' title='bbox 875 323 940 352; x_wconf 85' lang='lat' dir='ltr'><strong>Jesu</strong></span> 
     </span>
    </p>
   </div>
   <div class='ocr_carea' id='block_1_8' title="bbox 148 370 940 406">
    <p class='ocr_par' dir='ltr' id='par_1_8' title="bbox 148 370 940 406">
     <span class='ocr_line' id='line_1_8' title="bbox 148 370 940 406; baseline -0.001 -9"><span class='ocrx_word' id='word_1_36' title='bbox 148 371 250 399; x_wconf 86' lang='lat' dir='ltr'><strong>Christi</strong></span> <span class='ocrx_word' id='word_1_37' title='bbox 267 378 438 406; x_wconf 82' lang='lat' dir='ltr'><strong>nequaquam</strong></span> <span class='ocrx_word' id='word_1_38' title='bbox 453 371 620 405; x_wconf 77' lang='lat' dir='ltr'><strong>abnegarent</strong></span> <span class='ocrx_word' id='word_1_39' title='bbox 636 381 642 398; x_wconf 90' lang='lat'>:</span> <span class='ocrx_word' id='word_1_40' title='bbox 658 371 759 406; x_wconf 85' lang='lat' dir='ltr'><strong>quique</strong></span> <span class='ocrx_word' id='word_1_41' title='bbox 775 377 871 398; x_wconf 86' lang='lat' dir='ltr'><strong>omnes</strong></span> <span class='ocrx_word' id='word_1_42' title='bbox 885 370 940 397; x_wconf 87' lang='lat' dir='ltr'><strong>sal-</strong></span> 
     </span>
    </p>
   </div>
   <div class='ocr_carea' id='block_1_9' title="bbox 150 415 941 451">
    <p class='ocr_par' dir='ltr' id='par_1_9' title="bbox 150 415 941 451">
     <span class='ocr_line' id='line_1_9' title="bbox 150 415 941 451; baseline 0 -9"><span class='ocrx_word' id='word_1_43' title='bbox 150 421 203 448; x_wconf 84' lang='lat' dir='ltr'><strong>vat,</strong></span> <span class='ocrx_word' id='word_1_44' title='bbox 222 417 269 451; x_wconf 91' lang='lat' dir='ltr'><strong>qui</strong></span> <span class='ocrx_word' id='word_1_45' title='bbox 282 424 315 443; x_wconf 77' lang='lat' dir='ltr'><strong>ex</strong></span> <span class='ocrx_word' id='word_1_46' title='bbox 328 423 398 444; x_wconf 64' lang='lat' dir='ltr'><strong>verae</strong></span> <span class='ocrx_word' id='word_1_47' title='bbox 412 416 499 451; x_wconf 82' lang='lat' dir='ltr'><strong>ipsius</strong></span> <span class='ocrx_word' id='word_1_48' title='bbox 516 416 576 443; x_wconf 89' lang='lat' dir='ltr'><strong>ﬁdei</strong></span> <span class='ocrx_word' id='word_1_49' title='bbox 594 417 754 451; x_wconf 66' lang='lat' dir='ltr'><strong>praescripto</strong></span> <span class='ocrx_word' id='word_1_50' title='bbox 764 416 846 443; x_wconf 83' lang='lat' dir='ltr'><strong>vitam</strong></span> <span class='ocrx_word' id='word_1_51' title='bbox 862 415 941 442; x_wconf 91' lang='lat' dir='ltr'><strong>insti-</strong></span> 
     </span>
    </p>
   </div>
   <div class='ocr_carea' id='block_1_10' title="bbox 149 461 940 498">
    <p class='ocr_par' dir='ltr' id='par_1_10' title="bbox 149 461 940 498">
     <span class='ocr_line' id='line_1_10' title="bbox 149 461 940 498; baseline -0.001 -10"><span class='ocrx_word' id='word_1_52' title='bbox 149 466 239 492; x_wconf 84' lang='lat' dir='ltr'><strong>tuunt,</strong></span> <span class='ocrx_word' id='word_1_53' title='bbox 269 469 357 497; x_wconf 77' lang='lat' dir='ltr'><strong>neque</strong></span> <span class='ocrx_word' id='word_1_54' title='bbox 376 469 446 489; x_wconf 69' lang='lat' dir='ltr'><strong>vera:</strong></span> <span class='ocrx_word' id='word_1_55' title='bbox 469 467 496 490; x_wconf 88' lang='lat' dir='ltr'><strong>et</strong></span> <span class='ocrx_word' id='word_1_56' title='bbox 522 463 685 498; x_wconf 57' lang='lat' dir='ltr'><strong>evangelicae</strong></span> <span class='ocrx_word' id='word_1_57' title='bbox 708 462 782 490; x_wconf 89' lang='lat' dir='ltr'><strong>illius</strong></span> <span class='ocrx_word' id='word_1_58' title='bbox 807 461 940 489; x_wconf 74' lang='lat' dir='ltr'><strong>doctrina:</strong></span> 
     </span>
    </p>
   </div>
   <div class='ocr_carea' id='block_1_11' title="bbox 150 506 938 542">
    <p class='ocr_par' dir='ltr' id='par_1_11' title="bbox 150 506 938 542">
     <span class='ocr_line' id='line_1_11' title="bbox 150 506 938 542; baseline 0 -10"><span class='ocrx_word' id='word_1_59' title='bbox 150 507 324 541; x_wconf 59' lang='lat' dir='ltr'><strong>prtellcalutl‘t</strong></span> <span class='ocrx_word' id='word_1_60' title='bbox 352 506 452 541; x_wconf 85' lang='lat' dir='ltr'><strong>ubique</strong></span> <span class='ocrx_word' id='word_1_61' title='bbox 471 507 571 542; x_wconf 85' lang='lat' dir='ltr'><strong>dogma</strong></span> <span class='ocrx_word' id='word_1_62' title='bbox 593 511 737 542; x_wconf 87' lang='lat' dir='ltr'><strong>respuunt.</strong></span> <span class='ocrx_word' id='word_1_63' title='bbox 759 506 838 534; x_wconf 85' lang='lat' dir='ltr'><strong>Venit</strong></span> <span class='ocrx_word' id='word_1_64' title='bbox 854 506 938 538; x_wconf 88' lang='lat' dir='ltr'><strong>enim,</strong></span> 
     </span>
    </p>
   </div>
   <div class='ocr_carea' id='block_1_12' title="bbox 149 552 941 588">
    <p class='ocr_par' dir='ltr' id='par_1_12' title="bbox 149 552 941 588">
     <span class='ocr_line' id='line_1_12' title="bbox 149 552 941 588; baseline -0.001 -9"><span class='ocrx_word' id='word_1_65' title='bbox 149 553 222 579; x_wconf 87' lang='lat' dir='ltr'><strong>venit</strong></span> <span class='ocrx_word' id='word_1_66' title='bbox 239 552 512 588; x_wconf 85' lang='lat' dir='ltr'><strong>Unigenitus,itaque</strong></span> <span class='ocrx_word' id='word_1_67' title='bbox 526 557 613 580; x_wconf 86' lang='lat' dir='ltr'><strong>mater</strong></span> <span class='ocrx_word' id='word_1_68' title='bbox 629 557 724 580; x_wconf 86' lang='lat' dir='ltr'><strong>nostra</strong></span> <span class='ocrx_word' id='word_1_69' title='bbox 739 552 861 580; x_wconf 81' lang='lat' dir='ltr'><strong>Ecclesia</strong></span> <span class='ocrx_word' id='word_1_70' title='bbox 878 560 941 586; x_wconf 89' lang='lat' dir='ltr'><strong>pro-</strong></span> 
     </span>
    </p>
   </div>
   <div class='ocr_carea' id='block_1_13' title="bbox 149 598 940 634">
    <p class='ocr_par' dir='ltr' id='par_1_13' title="bbox 149 598 940 634">
     <span class='ocr_line' id='line_1_13' title="bbox 149 598 940 634; baseline 0 -10"><span class='ocrx_word' id='word_1_71' title='bbox 149 599 250 625; x_wconf 84' lang='lat' dir='ltr'><strong>litetur.</strong></span> <span class='ocrx_word' id='word_1_72' title='bbox 260 598 324 631; x_wconf 70' lang='lat' dir='ltr'><strong>Qua:</strong></span> <span class='ocrx_word' id='word_1_73' title='bbox 335 599 500 634; x_wconf 90' lang='lat' dir='ltr'><strong>tranquillus</strong></span> <span class='ocrx_word' id='word_1_74' title='bbox 511 599 586 633; x_wconf 82' lang='lat' dir='ltr'><strong>pacis</strong></span> <span class='ocrx_word' id='word_1_75' title='bbox 599 602 694 634; x_wconf 89' lang='lat' dir='ltr'><strong>portus</strong></span> <span class='ocrx_word' id='word_1_76' title='bbox 703 601 746 626; x_wconf 88' lang='lat' dir='ltr'><strong>est</strong></span> <span class='ocrx_word' id='word_1_77' title='bbox 760 607 767 625; x_wconf 72' lang='grc' dir='ltr'><strong>ε</strong></span> <span class='ocrx_word' id='word_1_78' title='bbox 780 602 807 625; x_wconf 88' lang='lat' dir='ltr'><strong>et</strong></span> <span class='ocrx_word' id='word_1_79' title='bbox 818 598 940 625; x_wconf 87' lang='lat' dir='ltr'><strong>suavitas</strong></span> 
     </span>
    </p>
   </div>
   <div class='ocr_carea' id='block_1_14' title="bbox 993 280 1780 317">
    <p class='ocr_par' dir='ltr' id='par_1_14' title="bbox 993 280 1780 317">
     <span class='ocr_line' id='line_1_14' title="bbox 993 280 1780 317; baseline 0.001 -11"><span class='ocrx_word' id='word_1_80' title='bbox 993 280 1030 315; x_wconf 87' lang='grc' dir='ltr'>μὴ</span> <span class='ocrx_word' id='word_1_81' title='bbox 1047 281 1229 316; x_wconf 79' lang='grc' dir='ltr'><strong>ἀρνουμένους</strong></span> <span class='ocrx_word' id='word_1_82' title='bbox 1252 281 1301 317; x_wconf 82' lang='grc' dir='ltr'>τὴν</span> <span class='ocrx_word' id='word_1_83' title='bbox 1326 281 1456 317; x_wconf 85' lang='grc' dir='ltr'>ἀλήθειαν</span> <span class='ocrx_word' id='word_1_84' title='bbox 1471 281 1518 307; x_wconf 81' lang='grc' dir='ltr'><strong>τοῦ</strong></span> <span class='ocrx_word' id='word_1_85' title='bbox 1535 281 1712 317; x_wconf 80' lang='grc' dir='ltr'><strong>κηρύγματος</strong></span> <span class='ocrx_word' id='word_1_86' title='bbox 1733 282 1780 316; x_wconf 79' lang='grc' dir='ltr'>τῆς</span> 
     </span>
    </p>
   </div>
   <div class='ocr_carea' id='block_1_15' title="bbox 991 325 1781 362">
    <p class='ocr_par' dir='ltr' id='par_1_15' title="bbox 991 325 1781 362">
     <span class='ocr_line' id='line_1_15' title="bbox 991 325 1781 362; baseline 0.003 -11"><span class='ocrx_word' id='word_1_87' title='bbox 991 325 1120 360; x_wconf 80' lang='grc' dir='ltr'><strong>ἀληθείας</strong></span> <span class='ocrx_word' id='word_1_88' title='bbox 1142 327 1189 353; x_wconf 78' lang='grc' dir='ltr'><strong>καὶ</strong></span> <span class='ocrx_word' id='word_1_89' title='bbox 1209 327 1390 362; x_wconf 85' lang='grc' dir='ltr'>εὐαγγελικῆς</span> <span class='ocrx_word' id='word_1_90' title='bbox 1413 327 1495 354; x_wconf 80' lang='grc' dir='ltr'>αὑτοῦ</span> <span class='ocrx_word' id='word_1_91' title='bbox 1508 325 1781 358; x_wconf 78' lang='grc' dir='ltr'>διδασκαλίας.Ἷίλοε</span> 
     </span>
    </p>
   </div>
   <div class='ocr_carea' id='block_1_16' title="bbox 992 369 1783 408">
    <p class='ocr_par' dir='ltr' id='par_1_16' title="bbox 992 369 1783 408">
     <span class='ocr_line' id='line_1_16' title="bbox 992 369 1783 408; baseline 0.001 -11"><span class='ocrx_word' id='word_1_92' title='bbox 992 371 1056 406; x_wconf 83' lang='grc' dir='ltr'>γὰρ,</span> <span class='ocrx_word' id='word_1_93' title='bbox 1070 369 1155 407; x_wconf 79' lang='grc' dir='ltr'>ἦλθεν</span> <span class='ocrx_word' id='word_1_94' title='bbox 1179 373 1193 398; x_wconf 83' lang='grc' dir='ltr'><strong>ό</strong></span> <span class='ocrx_word' id='word_1_95' title='bbox 1214 373 1371 408; x_wconf 84' lang='grc' dir='ltr'>Μονογενής</span> <span class='ocrx_word' id='word_1_96' title='bbox 1382 381 1388 387; x_wconf 90' lang='grc'><strong>·</strong></span> <span class='ocrx_word' id='word_1_97' title='bbox 1411 373 1460 399; x_wconf 70' lang='grc' dir='ltr'><strong>καὶ</strong></span> <span class='ocrx_word' id='word_1_98' title='bbox 1485 371 1571 403; x_wconf 79' lang='grc' dir='ltr'>οὕτως</span> <span class='ocrx_word' id='word_1_99' title='bbox 1582 372 1639 407; x_wconf 76' lang='grc' dir='ltr'>ἔχει</span> <span class='ocrx_word' id='word_1_100' title='bbox 1655 374 1672 407; x_wconf 83' lang='grc' dir='ltr'>ὴ</span> <span class='ocrx_word' id='word_1_101' title='bbox 1690 373 1783 408; x_wconf 88' lang='grc' dir='ltr'><strong>μήτηρ</strong></span> 
     </span>
    </p>
   </div>
   <div class='ocr_carea' id='block_1_17' title="bbox 991 416 1783 454">
    <p class='ocr_par' dir='ltr' id='par_1_17' title="bbox 991 416 1783 454">
     <span class='ocr_line' id='line_1_17' title="bbox 991 416 1783 454; baseline 0 -11"><span class='ocrx_word' id='word_1_102' title='bbox 991 416 1070 452; x_wconf 86' lang='grc' dir='ltr'>ἡμῶν</span> <span class='ocrx_word' id='word_1_103' title='bbox 1089 416 1273 452; x_wconf 81' lang='grc' dir='ltr'>Ἐκκλησία.ό</span> <span class='ocrx_word' id='word_1_104' title='bbox 1297 418 1379 454; x_wconf 86' lang='grc' dir='ltr'>λιμὴν</span> <span class='ocrx_word' id='word_1_105' title='bbox 1403 419 1418 444; x_wconf 90' lang='grc' dir='ltr'>ὁ</span> <span class='ocrx_word' id='word_1_106' title='bbox 1441 417 1528 449; x_wconf 76' lang='grc' dir='ltr'>εὔδιος</span> <span class='ocrx_word' id='word_1_107' title='bbox 1553 418 1604 452; x_wconf 81' lang='grc' dir='ltr'><strong>τῆς</strong></span> <span class='ocrx_word' id='word_1_108' title='bbox 1629 417 1783 452; x_wconf 82' lang='grc' dir='ltr'>είρήνη;,ὴ</span> 
     </span>
    </p>
   </div>
   <div class='ocr_carea' id='block_1_18' title="bbox 991 460 1784 499">
    <p class='ocr_par' dir='ltr' id='par_1_18' title="bbox 991 460 1784 499">
     <span class='ocr_line' id='line_1_18' title="bbox 991 460 1784 499; baseline -0.001 -11"><span class='ocrx_word' id='word_1_109' title='bbox 991 462 1127 497; x_wconf 77' lang='grc' dir='ltr'>εὑφρασία</span> <span class='ocrx_word' id='word_1_110' title='bbox 1151 464 1168 497; x_wconf 86' lang='grc' dir='ltr'><strong>ἠ</strong></span> <span class='ocrx_word' id='word_1_111' title='bbox 1195 463 1314 499; x_wconf 75' lang='grc' dir='ltr'>πνέουσα</span> <span class='ocrx_word' id='word_1_112' title='bbox 1335 464 1380 490; x_wconf 77' lang='grc' dir='ltr'><strong>τὸν</strong></span> <span class='ocrx_word' id='word_1_113' title='bbox 1403 463 1508 499; x_wconf 80' lang='grc' dir='ltr'><strong>κύπρον</strong></span> <span class='ocrx_word' id='word_1_114' title='bbox 1523 463 1573 498; x_wconf 84' lang='grc' dir='ltr'>τῆς</span> <span class='ocrx_word' id='word_1_115' title='bbox 1587 462 1721 497; x_wconf 84' lang='grc' dir='ltr'>ἀμπέλου,</span> <span class='ocrx_word' id='word_1_116' title='bbox 1736 460 1784 488; x_wconf 76' lang='grc' dir='ltr'>καὶ</span> 
     </span>
    </p>
   </div>
   <div class='ocr_carea' id='block_1_19' title="bbox 992 498 1784 545">
    <p class='ocr_par' dir='ltr' id='par_1_19' title="bbox 992 498 1784 545">
     <span class='ocr_line' id='line_1_19' title="bbox 992 498 1784 545; baseline 0 -11"><span class='ocrx_word' id='word_1_117' title='bbox 992 508 1091 543; x_wconf 83' lang='grc' dir='ltr'><strong>βότρυν</strong></span> <span class='ocrx_word' id='word_1_118' title='bbox 1105 509 1226 545; x_wconf 81' lang='grc' dir='ltr'>φέρουσα</span> <span class='ocrx_word' id='word_1_119' title='bbox 1240 498 1313 545; x_wconf 60' lang='grc' dir='ltr'>ἡμῖν</span> <span class='ocrx_word' id='word_1_120' title='bbox 1321 509 1372 545; x_wconf 79' lang='grc' dir='ltr'>τῆς</span> <span class='ocrx_word' id='word_1_121' title='bbox 1385 509 1521 544; x_wconf 83' lang='grc' dir='ltr'>εὐλογίας,</span> <span class='ocrx_word' id='word_1_122' title='bbox 1537 509 1584 536; x_wconf 80' lang='grc' dir='ltr'>καὶ</span> <span class='ocrx_word' id='word_1_123' title='bbox 1596 508 1625 535; x_wconf 85' lang='grc' dir='ltr'>τὸ</span> <span class='ocrx_word' id='word_1_124' title='bbox 1640 508 1784 535; x_wconf 79' lang='grc' dir='ltr'>λυσίπονον</span> 
     </span>
    </p>
   </div>
   <div class='ocr_carea' id='block_1_20' title="bbox 991 553 1782 591">
    <p class='ocr_par' dir='ltr' id='par_1_20' title="bbox 991 553 1782 591">
     <span class='ocr_line' id='line_1_20' title="bbox 991 553 1782 591; baseline 0.001 -11"><span class='ocrx_word' id='word_1_125' title='bbox 991 554 1057 588; x_wconf 74' lang='grc' dir='ltr'>ἡμῖν</span> <span class='ocrx_word' id='word_1_126' title='bbox 1081 555 1157 590; x_wconf 81' lang='grc' dir='ltr'>πόμα</span> <span class='ocrx_word' id='word_1_127' title='bbox 1174 556 1234 582; x_wconf 74' lang='grc' dir='ltr'>καθ’</span> <span class='ocrx_word' id='word_1_128' title='bbox 1247 557 1365 591; x_wconf 78' lang='grc' dir='ltr'>εκάστην</span> <span class='ocrx_word' id='word_1_129' title='bbox 1380 556 1498 591; x_wconf 82' lang='grc' dir='ltr'>ἡμέραν,</span> <span class='ocrx_word' id='word_1_130' title='bbox 1514 553 1583 591; x_wconf 75' lang='grc' dir='ltr'>αἷμα</span> <span class='ocrx_word' id='word_1_131' title='bbox 1599 554 1717 591; x_wconf 78' lang='grc' dir='ltr'>Χριστοῦ</span> <span class='ocrx_word' id='word_1_132' title='bbox 1732 563 1782 590; x_wconf 79' lang='grc' dir='ltr'><strong>χα-</strong></span> 
     </span>
    </p>
   </div>
   <div class='ocr_carea' id='block_1_21' title="bbox 992 597 1381 636">
    <p class='ocr_par' dir='ltr' id='par_1_21' title="bbox 992 597 1381 636">
     <span class='ocr_line' id='line_1_21' title="bbox 992 597 1381 636; baseline 0.005 -12"><span class='ocrx_word' id='word_1_133' title='bbox 992 597 1119 634; x_wconf 79' lang='grc' dir='ltr'>ριζομένη</span> <span class='ocrx_word' id='word_1_134' title='bbox 1137 600 1381 636; x_wconf 80' lang='grc' dir='ltr'>ἀκρατον,ἀληοἐς.</span> 
     </span>
    </p>
   </div>
   <div class='ocr_carea' id='block_1_22' title="bbox 147 643 1782 681">
    <p class='ocr_par' dir='ltr' id='par_1_22' title="bbox 147 643 1782 681">
     <span class='ocr_line' id='line_1_22' title="bbox 147 643 1782 681; baseline 0.001 -11"><span class='ocrx_word' id='word_1_135' title='bbox 147 643 271 677; x_wconf 67' lang='lat' dir='ltr'><strong>quaedam</strong></span> <span class='ocrx_word' id='word_1_136' title='bbox 305 652 419 680; x_wconf 88' lang='lat' dir='ltr'><strong>cyprum</strong></span> <span class='ocrx_word' id='word_1_137' title='bbox 441 644 505 672; x_wconf 91' lang='lat' dir='ltr'><strong>vitis</strong></span> <span class='ocrx_word' id='word_1_138' title='bbox 537 645 674 677; x_wconf 86' lang='lat' dir='ltr'><strong>redolens,</strong></span> <span class='ocrx_word' id='word_1_139' title='bbox 693 648 720 672; x_wconf 90' lang='lat' dir='ltr'><strong>et</strong></span> <span class='ocrx_word' id='word_1_140' title='bbox 744 645 854 672; x_wconf 88' lang='lat' dir='ltr'><strong>botrum</strong></span> <span class='ocrx_word' id='word_1_141' title='bbox 889 643 970 670; x_wconf 92' lang='lat' dir='ltr'><strong>nobis</strong></span> <span class='ocrx_word' id='word_1_142' title='bbox 991 644 1193 674; x_wconf 81' lang='lat' dir='ltr'><strong>benedictionis</strong></span> <span class='ocrx_word' id='word_1_143' title='bbox 1221 647 1366 681; x_wconf 81' lang='lat' dir='ltr'><strong>proterens</strong></span> <span class='ocrx_word' id='word_1_144' title='bbox 1382 647 1407 680; x_wconf 67' lang='grc' dir='ltr'><strong>ις</strong></span> <span class='ocrx_word' id='word_1_145' title='bbox 1421 654 1527 674; x_wconf 90' lang='lat' dir='ltr'><strong>necnon</strong></span> <span class='ocrx_word' id='word_1_146' title='bbox 1550 651 1578 673; x_wconf 88' lang='lat' dir='ltr'><strong>et</strong></span> <span class='ocrx_word' id='word_1_147' title='bbox 1601 645 1782 681; x_wconf 61' lang='lat' dir='ltr'><strong>prtesentissi-</strong></span> 
     </span>
    </p>
   </div>
   <div class='ocr_carea' id='block_1_23' title="bbox 148 691 1782 729">
    <p class='ocr_par' dir='ltr' id='par_1_23' title="bbox 148 691 1782 729">
     <span class='ocr_line' id='line_1_23' title="bbox 148 691 1782 729; baseline 0.001 -11"><span class='ocrx_word' id='word_1_148' title='bbox 148 700 222 719; x_wconf 87' lang='lat' dir='ltr'><strong>mum</strong></span> <span class='ocrx_word' id='word_1_149' title='bbox 240 692 306 719; x_wconf 87' lang='lat' dir='ltr'><strong>illud</strong></span> <span class='ocrx_word' id='word_1_150' title='bbox 317 692 503 727; x_wconf 81' lang='lat' dir='ltr'><strong>abstergendo</strong></span> <span class='ocrx_word' id='word_1_151' title='bbox 523 692 634 719; x_wconf 74' lang='lat' dir='ltr'><strong>mmrori</strong></span> <span class='ocrx_word' id='word_1_152' title='bbox 661 697 767 728; x_wconf 92' lang='lat' dir='ltr'><strong>potum,</strong></span> <span class='ocrx_word' id='word_1_153' title='bbox 798 699 905 719; x_wconf 86' lang='lat' dir='ltr'><strong>merum</strong></span> <span class='ocrx_word' id='word_1_154' title='bbox 938 691 1039 720; x_wconf 86' lang='lat' dir='ltr'><strong>scilicet</strong></span> <span class='ocrx_word' id='word_1_155' title='bbox 1069 700 1102 720; x_wconf 90' lang='lat' dir='ltr'><strong>ac</strong></span> <span class='ocrx_word' id='word_1_156' title='bbox 1128 700 1223 721; x_wconf 91' lang='lat' dir='ltr'><strong>verum</strong></span> <span class='ocrx_word' id='word_1_157' title='bbox 1254 693 1357 721; x_wconf 82' lang='lat' dir='ltr'><strong>Christi</strong></span> <span class='ocrx_word' id='word_1_158' title='bbox 1385 694 1546 729; x_wconf 80' lang='lat' dir='ltr'><strong>sanguinem</strong></span> <span class='ocrx_word' id='word_1_159' title='bbox 1578 693 1702 728; x_wconf 86' lang='lat' dir='ltr'><strong>quotidie</strong></span> <span class='ocrx_word' id='word_1_160' title='bbox 1729 693 1782 719; x_wconf 87' lang='lat' dir='ltr'><strong>lar-</strong></span> 
     </span>
    </p>
   </div>
   <div class='ocr_carea' id='block_1_24' title="bbox 148 746 239 772">
    <p class='ocr_par' dir='ltr' id='par_1_24' title="bbox 148 746 239 772">
     <span class='ocr_line' id='line_1_24' title="bbox 148 746 239 772; baseline 0.011 -8"><span class='ocrx_word' id='word_1_161' title='bbox 148 746 239 772; x_wconf 76' lang='lat' dir='ltr'><strong>gtens.</strong></span> 
     </span>
    </p>
   </div>
   <div class='ocr_carea' id='block_1_25' title="bbox 182 783 940 820">
    <p class='ocr_par' dir='ltr' id='par_1_25' title="bbox 182 783 940 820">
     <span class='ocr_line' id='line_1_25' title="bbox 182 783 940 820; baseline 0 -10"><span class='ocrx_word' id='word_1_162' title='bbox 182 783 316 812; x_wconf 65' lang='lat' dir='ltr'><strong>Praterea</strong></span> <span class='ocrx_word' id='word_1_163' title='bbox 330 784 469 812; x_wconf 81' lang='lat' dir='ltr'><strong>Christum</strong></span> <span class='ocrx_word' id='word_1_164' title='bbox 477 792 493 812; x_wconf 83' lang='lat' dir='ltr'><strong>e</strong></span> <span class='ocrx_word' id='word_1_165' title='bbox 502 783 586 811; x_wconf 77' lang='lat' dir='ltr'><strong>Maria</strong></span> <span class='ocrx_word' id='word_1_166' title='bbox 601 792 709 820; x_wconf 82' lang='lat' dir='ltr'><strong>semper</strong></span> <span class='ocrx_word' id='word_1_167' title='bbox 728 784 834 820; x_wconf 77' lang='lat' dir='ltr'><strong>virgine</strong></span> <span class='ocrx_word' id='word_1_168' title='bbox 845 791 940 812; x_wconf 83' lang='lat' dir='ltr'><strong>revera</strong></span> 
     </span>
    </p>
   </div>
   <div class='ocr_carea' id='block_1_26' title="bbox 148 820 940 866">
    <p class='ocr_par' dir='ltr' id='par_1_26' title="bbox 148 820 940 866">
     <span class='ocr_line' id='line_1_26' title="bbox 148 820 940 866; baseline 0.001 -9"><span class='ocrx_word' id='word_1_169' title='bbox 148 834 242 858; x_wconf 85' lang='lat' dir='ltr'><strong>natum</strong></span> <span class='ocrx_word' id='word_1_170' title='bbox 255 838 315 858; x_wconf 86' lang='lat' dir='ltr'><strong>esse</strong></span> <span class='ocrx_word' id='word_1_171' title='bbox 322 820 553 866; x_wconf 69' lang='lat' dir='ltr'><strong>credit,eSpiritu</strong></span> <span class='ocrx_word' id='word_1_172' title='bbox 567 833 734 863; x_wconf 84' lang='lat' dir='ltr'><strong>sancto,non</strong></span> <span class='ocrx_word' id='word_1_173' title='bbox 748 837 781 858; x_wconf 82' lang='lat' dir='ltr'><strong>ex</strong></span> <span class='ocrx_word' id='word_1_174' title='bbox 796 830 872 858; x_wconf 85' lang='lat' dir='ltr'><strong>virili</strong></span> <span class='ocrx_word' id='word_1_175' title='bbox 895 837 940 858; x_wconf 83' lang='lat' dir='ltr'><strong>se-</strong></span> 
     </span>
    </p>
   </div>
   <div class='ocr_carea' id='block_1_27' title="bbox 1029 782 1783 819">
    <p class='ocr_par' dir='ltr' id='par_1_27' title="bbox 1029 782 1783 819">
     <span class='ocr_line' id='line_1_27' title="bbox 1029 782 1783 819; baseline 0 -10"><span class='ocrx_word' id='word_1_176' title='bbox 1029 782 1091 809; x_wconf 83' lang='grc' dir='ltr'>’Ὀτι</span> <span class='ocrx_word' id='word_1_177' title='bbox 1115 782 1243 819; x_wconf 81' lang='grc' dir='ltr'>ἀληθινὸς</span> <span class='ocrx_word' id='word_1_178' title='bbox 1260 784 1271 799; x_wconf 79' lang='grc'>⁸</span> <span class='ocrx_word' id='word_1_179' title='bbox 1283 786 1291 801; x_wconf 72' lang='grc' dir='ltr'><strong><em>θ</em></strong></span> <span class='ocrx_word' id='word_1_180' title='bbox 1304 783 1435 818; x_wconf 76' lang='grc' dir='ltr'><strong>ἐγεννήθη</strong></span> <span class='ocrx_word' id='word_1_181' title='bbox 1460 783 1577 817; x_wconf 80' lang='grc' dir='ltr'>Χριστὸς</span> <span class='ocrx_word' id='word_1_182' title='bbox 1593 783 1647 810; x_wconf 76' lang='grc' dir='ltr'>ἀπὸ</span> <span class='ocrx_word' id='word_1_183' title='bbox 1674 783 1783 818; x_wconf 80' lang='grc' dir='ltr'><strong>Μαρίας</strong></span> 
     </span>
    </p>
   </div>
   <div class='ocr_carea' id='block_1_28' title="bbox 992 828 1785 866">
    <p class='ocr_par' dir='ltr' id='par_1_28' title="bbox 992 828 1785 866">
     <span class='ocr_line' id='line_1_28' title="bbox 992 828 1785 866; baseline 0.001 -11"><span class='ocrx_word' id='word_1_184' title='bbox 992 828 1044 864; x_wconf 82' lang='grc' dir='ltr'><strong>τῆς</strong></span> <span class='ocrx_word' id='word_1_185' title='bbox 1071 829 1252 865; x_wconf 79' lang='grc' dir='ltr'>ἀειπαρθένου</span> <span class='ocrx_word' id='word_1_186' title='bbox 1280 830 1325 857; x_wconf 87' lang='grc' dir='ltr'><strong>διὰ</strong></span> <span class='ocrx_word' id='word_1_187' title='bbox 1351 831 1512 866; x_wconf 87' lang='grc' dir='ltr'>Πνεύματος</span> <span class='ocrx_word' id='word_1_188' title='bbox 1541 830 1631 865; x_wconf 80' lang='grc' dir='ltr'>ἁγίου,</span> <span class='ocrx_word' id='word_1_189' title='bbox 1654 831 1705 857; x_wconf 83' lang='grc' dir='ltr'>οὐκ</span> <span class='ocrx_word' id='word_1_190' title='bbox 1729 830 1785 856; x_wconf 85' lang='grc' dir='ltr'><strong>ἀπὺ</strong></span> 
     </span>
    </p>
   </div>
   <div class='ocr_carea' id='block_1_29' title="bbox 149 874 942 919">
    <p class='ocr_par' dir='ltr' id='par_1_29' title="bbox 149 874 940 912">
     <span class='ocr_line' id='line_1_29' title="bbox 149 874 940 912; baseline -0.001 -9"><span class='ocrx_word' id='word_1_191' title='bbox 149 877 230 909; x_wconf 86' lang='lat' dir='ltr'><strong>mine,</strong></span> <span class='ocrx_word' id='word_1_192' title='bbox 243 876 290 904; x_wconf 89' lang='lat' dir='ltr'><strong>sed</strong></span> <span class='ocrx_word' id='word_1_193' title='bbox 305 876 461 911; x_wconf 76' lang='lat' dir='ltr'><strong>exipsamet</strong></span> <span class='ocrx_word' id='word_1_194' title='bbox 475 880 651 904; x_wconf 82' lang='lat' dir='ltr'><strong>sacrosancta</strong></span> <span class='ocrx_word' id='word_1_195' title='bbox 662 874 790 912; x_wconf 70' lang='lat' dir='ltr'><strong>Virgine;</strong></span> <span class='ocrx_word' id='word_1_196' title='bbox 802 883 835 904; x_wconf 89' lang='lat' dir='ltr'><strong>ac</strong></span> <span class='ocrx_word' id='word_1_197' title='bbox 847 875 940 911; x_wconf 78' lang='lat' dir='ltr'><strong>reipsa</strong></span> 
     </span>
    </p>
   </div>
   <div class='ocr_carea' id='block_1_30' title="bbox 995 874 1784 919">
    <p class='ocr_par' dir='ltr' id='par_1_30' title="bbox 995 875 1784 913">
     <span class='ocr_line' id='line_1_30' title="bbox 995 875 1784 913; baseline 0.003 -12"><span class='ocrx_word' id='word_1_198' title='bbox 995 875 1153 911; x_wconf 86' lang='grc' dir='ltr'>σπέρματος</span> <span class='ocrx_word' id='word_1_199' title='bbox 1167 875 1275 912; x_wconf 78' lang='grc' dir='ltr'>ἀνδρὸς,</span> <span class='ocrx_word' id='word_1_200' title='bbox 1288 876 1347 904; x_wconf 77' lang='grc' dir='ltr'>ἀλλ’</span> <span class='ocrx_word' id='word_1_201' title='bbox 1361 877 1409 903; x_wconf 81' lang='grc' dir='ltr'>ἀπ’</span> <span class='ocrx_word' id='word_1_202' title='bbox 1421 877 1506 913; x_wconf 79' lang='grc' dir='ltr'>αὐτῆς</span> <span class='ocrx_word' id='word_1_203' title='bbox 1520 877 1571 912; x_wconf 84' lang='grc' dir='ltr'><strong>τῆς</strong></span> <span class='ocrx_word' id='word_1_204' title='bbox 1584 877 1665 911; x_wconf 77' lang='grc' dir='ltr'>ἁγίας</span> <span class='ocrx_word' id='word_1_205' title='bbox 1678 875 1784 912; x_wconf 70' lang='grc' dir='ltr'>Παρθέ-</span> 
     </span>
    </p>
   </div>
   <div class='ocr_carea' id='block_1_31' title="bbox 147 922 940 958">
    <p class='ocr_par' dir='ltr' id='par_1_31' title="bbox 147 922 940 958">
     <span class='ocr_line' id='line_1_31' title="bbox 147 922 940 958; baseline 0.001 -10"><span class='ocrx_word' id='word_1_206' title='bbox 147 930 258 958; x_wconf 76' lang='lat' dir='ltr'><strong>corpus,</strong></span> <span class='ocrx_word' id='word_1_207' title='bbox 272 929 327 949; x_wconf 91' lang='lat' dir='ltr'><strong>non</strong></span> <span class='ocrx_word' id='word_1_208' title='bbox 348 924 439 957; x_wconf 89' lang='lat' dir='ltr'><strong>specie</strong></span> <span class='ocrx_word' id='word_1_209' title='bbox 450 922 583 950; x_wconf 82' lang='lat' dir='ltr'><strong>duntaxat</strong></span> <span class='ocrx_word' id='word_1_210' title='bbox 591 922 740 958; x_wconf 86' lang='lat' dir='ltr'><strong>accepisse,</strong></span> <span class='ocrx_word' id='word_1_211' title='bbox 757 922 864 958; x_wconf 74' lang='lat'><strong>1136</strong></span> <span class='ocrx_word' id='word_1_212' title='bbox 876 929 940 949; x_wconf 85' lang='lat' dir='ltr'><strong>car—</strong></span> 
     </span>
    </p>
   </div>
   <div class='ocr_carea' id='block_1_32' title="bbox 151 968 943 1003">
    <p class='ocr_par' dir='ltr' id='par_1_32' title="bbox 151 968 943 1003">
     <span class='ocr_line' id='line_1_32' title="bbox 151 968 943 1003; baseline 0.003 -9"><span class='ocrx_word' id='word_1_213' title='bbox 151 976 224 1000; x_wconf 80' lang='lat' dir='ltr'><strong>nem,</strong></span> <span class='ocrx_word' id='word_1_214' title='bbox 238 968 361 1003; x_wconf 83' lang='lat' dir='ltr'><strong>inquam,</strong></span> <span class='ocrx_word' id='word_1_215' title='bbox 375 975 480 1000; x_wconf 86' lang='lat' dir='ltr'><strong>veram,</strong></span> <span class='ocrx_word' id='word_1_216' title='bbox 496 975 596 1002; x_wconf 86' lang='lat' dir='ltr'><strong>corpus</strong></span> <span class='ocrx_word' id='word_1_217' title='bbox 604 975 699 996; x_wconf 85' lang='lat' dir='ltr'><strong>verum</strong></span> <span class='ocrx_word' id='word_1_218' title='bbox 713 975 776 996; x_wconf 92' lang='lat' dir='ltr'><strong>cum</strong></span> <span class='ocrx_word' id='word_1_219' title='bbox 790 968 900 996; x_wconf 86' lang='lat' dir='ltr'><strong>ossibus</strong></span> <span class='ocrx_word' id='word_1_220' title='bbox 911 976 943 996; x_wconf 87' lang='lat' dir='ltr'><strong>ac</strong></span> 
     </span>
    </p>
   </div>
   <div class='ocr_carea' id='block_1_33' title="bbox 148 1013 942 1050">
    <p class='ocr_par' dir='ltr' id='par_1_33' title="bbox 148 1013 942 1050">
     <span class='ocr_line' id='line_1_33' title="bbox 148 1013 942 1050; baseline 0.001 -9"><span class='ocrx_word' id='word_1_221' title='bbox 148 1014 256 1046; x_wconf 81' lang='lat' dir='ltr'><strong>nervis,</strong></span> <span class='ocrx_word' id='word_1_222' title='bbox 285 1014 454 1050; x_wconf 78' lang='lat' dir='ltr'><strong>reliquisque</strong></span> <span class='ocrx_word' id='word_1_223' title='bbox 478 1021 540 1050; x_wconf 58' lang='lat' dir='ltr'><strong>quae</strong></span> <span class='ocrx_word' id='word_1_224' title='bbox 574 1013 655 1042; x_wconf 88' lang='lat' dir='ltr'><strong>nobis</strong></span> <span class='ocrx_word' id='word_1_225' title='bbox 683 1014 779 1043; x_wconf 91' lang='lat' dir='ltr'><strong>insunt</strong></span> <span class='ocrx_word' id='word_1_226' title='bbox 802 1015 942 1047; x_wconf 86' lang='lat' dir='ltr'><strong>omnibus,</strong></span> 
     </span>
    </p>
   </div>
   <div class='ocr_carea' id='block_1_34' title="bbox 149 1059 944 1096">
    <p class='ocr_par' dir='ltr' id='par_1_34' title="bbox 149 1059 944 1096">
     <span class='ocr_line' id='line_1_34' title="bbox 149 1059 944 1096; baseline 0.001 -10"><span class='ocrx_word' id='word_1_227' title='bbox 149 1059 216 1087; x_wconf 78' lang='lat' dir='ltr'><strong>nihil</strong></span> <span class='ocrx_word' id='word_1_228' title='bbox 230 1064 260 1087; x_wconf 91' lang='lat' dir='ltr'><strong>ut</strong></span> <span class='ocrx_word' id='word_1_229' title='bbox 275 1067 290 1087; x_wconf 87' lang='lat' dir='ltr'><strong>a</strong></span> <span class='ocrx_word' id='word_1_230' title='bbox 304 1060 385 1088; x_wconf 86' lang='lat' dir='ltr'><strong>nobis</strong></span> <span class='ocrx_word' id='word_1_231' title='bbox 414 1060 492 1095; x_wconf 83' lang='lat' dir='ltr'><strong>ipsis,</strong></span> <span class='ocrx_word' id='word_1_232' title='bbox 511 1064 698 1096; x_wconf 64' lang='lat' dir='ltr'><strong>praeterquam</strong></span> <span class='ocrx_word' id='word_1_233' title='bbox 716 1061 860 1089; x_wconf 76' lang='lat' dir='ltr'><strong>excellenti</strong></span> <span class='ocrx_word' id='word_1_234' title='bbox 876 1068 944 1096; x_wconf 89' lang='lat' dir='ltr'><strong>qua-</strong></span> 
     </span>
    </p>
   </div>
   <div class='ocr_carea' id='block_1_35' title="bbox 147 1105 942 1143">
    <p class='ocr_par' dir='ltr' id='par_1_35' title="bbox 147 1105 942 1143">
     <span class='ocr_line' id='line_1_35' title="bbox 147 1105 942 1143; baseline 0 -10"><span class='ocrx_word' id='word_1_235' title='bbox 147 1105 210 1133; x_wconf 85' lang='lat' dir='ltr'><strong>dam</strong></span> <span class='ocrx_word' id='word_1_236' title='bbox 227 1106 384 1135; x_wconf 82' lang='lat' dir='ltr'><strong>sanctitatis</strong></span> <span class='ocrx_word' id='word_1_237' title='bbox 397 1114 429 1134; x_wconf 87' lang='lat' dir='ltr'><strong>ac</strong></span> <span class='ocrx_word' id='word_1_238' title='bbox 445 1106 598 1135; x_wconf 83' lang='lat' dir='ltr'><strong>divinitatis</strong></span> <span class='ocrx_word' id='word_1_239' title='bbox 610 1107 698 1143; x_wconf 72' lang='lat' dir='ltr'><strong>gloria</strong></span> <span class='ocrx_word' id='word_1_240' title='bbox 714 1106 863 1142; x_wconf 85' lang='lat' dir='ltr'><strong>discrepet,</strong></span> <span class='ocrx_word' id='word_1_241' title='bbox 884 1111 942 1134; x_wconf 91' lang='lat' dir='ltr'><strong>tum</strong></span> 
     </span>
    </p>
   </div>
   <div class='ocr_carea' id='block_1_36' title="bbox 148 1152 944 1188">
    <p class='ocr_par' dir='ltr' id='par_1_36' title="bbox 148 1152 944 1188">
     <span class='ocr_line' id='line_1_36' title="bbox 148 1152 944 1188; baseline 0.001 -9"><span class='ocrx_word' id='word_1_242' title='bbox 148 1152 221 1186; x_wconf 84' lang='lat' dir='ltr'><strong>quod</strong></span> <span class='ocrx_word' id='word_1_243' title='bbox 239 1153 396 1181; x_wconf 87' lang='lat' dir='ltr'><strong>sanctitatis</strong></span> <span class='ocrx_word' id='word_1_244' title='bbox 411 1160 461 1182; x_wconf 89' lang='lat' dir='ltr'><strong>vas</strong></span> <span class='ocrx_word' id='word_1_245' title='bbox 480 1153 525 1181; x_wconf 79' lang='lat' dir='ltr'><strong>sit.</strong></span> <span class='ocrx_word' id='word_1_246' title='bbox 543 1153 630 1182; x_wconf 82' lang='lat' dir='ltr'><strong>Habet</strong></span> <span class='ocrx_word' id='word_1_247' title='bbox 647 1157 738 1182; x_wconf 88' lang='lat' dir='ltr'><strong>autem</strong></span> <span class='ocrx_word' id='word_1_248' title='bbox 752 1153 843 1181; x_wconf 90' lang='lat' dir='ltr'><strong>omnia</strong></span> <span class='ocrx_word' id='word_1_249' title='bbox 855 1154 944 1188; x_wconf 81' lang='lat' dir='ltr'><strong>perfe-</strong></span> 
     </span>
    </p>
   </div>
   <div class='ocr_carea' id='block_1_37' title="bbox 147 1199 944 1235">
    <p class='ocr_par' dir='ltr' id='par_1_37' title="bbox 147 1199 944 1235">
     <span class='ocr_line' id='line_1_37' title="bbox 147 1199 944 1235; baseline 0.001 -10"><span class='ocrx_word' id='word_1_250' title='bbox 147 1199 272 1227; x_wconf 77' lang='lat' dir='ltr'><strong>ctissime</strong></span> <span class='ocrx_word' id='word_1_251' title='bbox 282 1199 352 1226; x_wconf 85' lang='lat' dir='ltr'><strong>citra</strong></span> <span class='ocrx_word' id='word_1_252' title='bbox 367 1203 522 1235; x_wconf 83' lang='lat' dir='ltr'><strong>peccatum.</strong></span> <span class='ocrx_word' id='word_1_253' title='bbox 543 1199 635 1233; x_wconf 82' lang='lat' dir='ltr'><strong>Quare</strong></span> <span class='ocrx_word' id='word_1_254' title='bbox 651 1199 772 1227; x_wconf 86' lang='lat' dir='ltr'><strong>humana</strong></span> <span class='ocrx_word' id='word_1_255' title='bbox 786 1206 882 1226; x_wconf 86' lang='lat' dir='ltr'><strong>revera</strong></span> <span class='ocrx_word' id='word_1_256' title='bbox 901 1203 944 1226; x_wconf 86' lang='lat' dir='ltr'><strong>est</strong></span> 
     </span>
    </p>
   </div>
   <div class='ocr_carea' id='block_1_38' title="bbox 148 1244 943 1280">
    <p class='ocr_par' dir='ltr' id='par_1_38' title="bbox 148 1244 943 1280">
     <span class='ocr_line' id='line_1_38' title="bbox 148 1244 943 1280; baseline 0.001 -9"><span class='ocrx_word' id='word_1_257' title='bbox 148 1246 238 1272; x_wconf 84' lang='lat' dir='ltr'><strong>anima</strong></span> <span class='ocrx_word' id='word_1_258' title='bbox 250 1245 393 1279; x_wconf 74' lang='lat' dir='ltr'><strong>praeditus,</strong></span> <span class='ocrx_word' id='word_1_259' title='bbox 407 1244 582 1280; x_wconf 87' lang='lat' dir='ltr'><strong>ltutnanaque</strong></span> <span class='ocrx_word' id='word_1_260' title='bbox 592 1249 682 1273; x_wconf 83' lang='lat' dir='ltr'><strong>tuente</strong></span> <span class='ocrx_word' id='word_1_261' title='bbox 694 1245 721 1272; x_wconf 91' lang='lat' dir='ltr'><strong>in</strong></span> <span class='ocrx_word' id='word_1_262' title='bbox 736 1245 852 1273; x_wconf 84' lang='lat' dir='ltr'><strong>veritate</strong></span> <span class='ocrx_word' id='word_1_263' title='bbox 864 1254 871 1272; x_wconf 92' lang='lat'>:</span> <span class='ocrx_word' id='word_1_264' title='bbox 889 1252 943 1272; x_wconf 86' lang='lat' dir='ltr'><strong>non</strong></span> 
     </span>
    </p>
   </div>
   <div class='ocr_carea' id='block_1_39' title="bbox 148 1290 944 1326">
    <p class='ocr_par' dir='ltr' id='par_1_39' title="bbox 148 1290 944 1326">
     <span class='ocr_line' id='line_1_39' title="bbox 148 1290 944 1326; baseline -0.001 -8"><span class='ocrx_word' id='word_1_265' title='bbox 148 1291 220 1325; x_wconf 88' lang='lat' dir='ltr'><strong>quod</strong></span> <span class='ocrx_word' id='word_1_266' title='bbox 236 1295 354 1318; x_wconf 88' lang='lat' dir='ltr'><strong>mentem</strong></span> <span class='ocrx_word' id='word_1_267' title='bbox 372 1291 534 1326; x_wconf 80' lang='lat' dir='ltr'><strong>hypostasin</strong></span> <span class='ocrx_word' id='word_1_268' title='bbox 549 1298 611 1319; x_wconf 85' lang='lat' dir='ltr'><strong>esse</strong></span> <span class='ocrx_word' id='word_1_269' title='bbox 621 1290 755 1324; x_wconf 84' lang='lat' dir='ltr'><strong>dicamus,</strong></span> <span class='ocrx_word' id='word_1_270' title='bbox 765 1296 795 1319; x_wconf 90' lang='lat' dir='ltr'><strong>ut</strong></span> <span class='ocrx_word' id='word_1_271' title='bbox 810 1290 944 1318; x_wconf 82' lang='lat' dir='ltr'><strong>allirmant</strong></span> 
     </span>
    </p>
   </div>
   <div class='ocr_carea' id='block_1_40' title="bbox 148 1335 945 1372">
    <p class='ocr_par' dir='ltr' id='par_1_40' title="bbox 148 1335 945 1372">
     <span class='ocr_line' id='line_1_40' title="bbox 148 1335 945 1372; baseline -0.001 -8"><span class='ocrx_word' id='word_1_272' title='bbox 148 1338 206 1365; x_wconf 86' lang='lat' dir='ltr'><strong>alii.</strong></span> <span class='ocrx_word' id='word_1_273' title='bbox 233 1337 369 1365; x_wconf 56' lang='lat' dir='ltr'><strong>Caeterum</strong></span> <span class='ocrx_word' id='word_1_274' title='bbox 401 1337 479 1364; x_wconf 84' lang='lat' dir='ltr'><strong>nulla</strong></span> <span class='ocrx_word' id='word_1_275' title='bbox 511 1337 615 1372; x_wconf 87' lang='lat' dir='ltr'><strong>peccati</strong></span> <span class='ocrx_word' id='word_1_276' title='bbox 636 1337 800 1372; x_wconf 76' lang='lat' dir='ltr'><strong>contagione</strong></span> <span class='ocrx_word' id='word_1_277' title='bbox 826 1335 945 1364; x_wconf 71' lang='lat' dir='ltr'><strong>ftedatus</strong></span> 
     </span>
    </p>
   </div>
   <div class='ocr_carea' id='block_1_41' title="bbox 150 1382 945 1418">
    <p class='ocr_par' dir='ltr' id='par_1_41' title="bbox 150 1382 945 1418">
     <span class='ocr_line' id='line_1_41' title="bbox 150 1382 945 1418; baseline -0.003 -8"><span class='ocrx_word' id='word_1_278' title='bbox 150 1387 202 1415; x_wconf 84' lang='lat' dir='ltr'><strong>est,</strong></span> <span class='ocrx_word' id='word_1_279' title='bbox 230 1390 371 1418; x_wconf 88' lang='lat' dir='ltr'><strong>nunquam</strong></span> <span class='ocrx_word' id='word_1_280' title='bbox 395 1390 427 1410; x_wconf 85' lang='lat' dir='ltr'><strong>os</strong></span> <span class='ocrx_word' id='word_1_281' title='bbox 445 1383 521 1410; x_wconf 91' lang='lat' dir='ltr'><strong>illius</strong></span> <span class='ocrx_word' id='word_1_282' title='bbox 537 1382 683 1410; x_wconf 89' lang='lat' dir='ltr'><strong>mentitum</strong></span> <span class='ocrx_word' id='word_1_283' title='bbox 695 1386 748 1415; x_wconf 80' lang='lat' dir='ltr'><strong>est,</strong></span> <span class='ocrx_word' id='word_1_284' title='bbox 767 1389 856 1417; x_wconf 87' lang='lat' dir='ltr'><strong>neque</strong></span> <span class='ocrx_word' id='word_1_285' title='bbox 873 1382 945 1409; x_wconf 81' lang='lat' dir='ltr'><strong>labia</strong></span> 
     </span>
    </p>
   </div>
   <div class='ocr_carea' id='block_1_42' title="bbox 152 1427 946 1460">
    <p class='ocr_par' dir='ltr' id='par_1_42' title="bbox 152 1427 946 1460">
     <span class='ocr_line' id='line_1_42' title="bbox 152 1427 946 1460; baseline -0.003 -4"><span class='ocrx_word' id='word_1_286' title='bbox 152 1429 246 1456; x_wconf 83' lang='lat' dir='ltr'><strong>dolum</strong></span> <span class='ocrx_word' id='word_1_287' title='bbox 272 1429 363 1456; x_wconf 86' lang='lat' dir='ltr'><strong>locuta</strong></span> <span class='ocrx_word' id='word_1_288' title='bbox 378 1432 442 1456; x_wconf 85' lang='lat' dir='ltr'><strong>sunt</strong></span> <span class='ocrx_word' id='word_1_289' title='bbox 456 1429 478 1460; x_wconf 74' lang='lat'><strong>’,</strong></span> <span class='ocrx_word' id='word_1_290' title='bbox 496 1435 545 1456; x_wconf 92' lang='lat' dir='ltr'><strong>cor</strong></span> <span class='ocrx_word' id='word_1_291' title='bbox 557 1428 591 1456; x_wconf 88' lang='lat' dir='ltr'><strong>ad</strong></span> <span class='ocrx_word' id='word_1_292' title='bbox 610 1428 773 1456; x_wconf 85' lang='lat' dir='ltr'><strong>irritandum</strong></span> <span class='ocrx_word' id='word_1_293' title='bbox 794 1436 849 1455; x_wconf 87' lang='lat' dir='ltr'><strong>non</strong></span> <span class='ocrx_word' id='word_1_294' title='bbox 863 1427 946 1455; x_wconf 89' lang='lat' dir='ltr'><strong>decli-</strong></span> 
     </span>
    </p>
   </div>
   <div class='ocr_carea' id='block_1_43' title="bbox 152 1473 947 1510">
    <p class='ocr_par' dir='ltr' id='par_1_43' title="bbox 152 1473 947 1510">
     <span class='ocr_line' id='line_1_43' title="bbox 152 1473 947 1510; baseline 0 -8"><span class='ocrx_word' id='word_1_295' title='bbox 152 1476 238 1508; x_wconf 78' lang='lat' dir='ltr'><strong>navit,</strong></span> <span class='ocrx_word' id='word_1_296' title='bbox 251 1483 329 1503; x_wconf 86' lang='lat' dir='ltr'><strong>mens</strong></span> <span class='ocrx_word' id='word_1_297' title='bbox 340 1475 375 1502; x_wconf 89' lang='lat' dir='ltr'><strong>ad</strong></span> <span class='ocrx_word' id='word_1_298' title='bbox 383 1482 416 1502; x_wconf 88' lang='lat' dir='ltr'><strong>ea</strong></span> <span class='ocrx_word' id='word_1_299' title='bbox 427 1482 489 1510; x_wconf 69' lang='lat' dir='ltr'><strong>qua:</strong></span> <span class='ocrx_word' id='word_1_300' title='bbox 502 1474 580 1502; x_wconf 77' lang='lat' dir='ltr'><strong>nefas</strong></span> <span class='ocrx_word' id='word_1_301' title='bbox 597 1479 650 1507; x_wconf 80' lang='lat' dir='ltr'><strong>est,</strong></span> <span class='ocrx_word' id='word_1_302' title='bbox 665 1482 720 1502; x_wconf 90' lang='lat' dir='ltr'><strong>non</strong></span> <span class='ocrx_word' id='word_1_303' title='bbox 737 1473 863 1508; x_wconf 80' lang='lat' dir='ltr'><strong>deﬂexit;</strong></span> <span class='ocrx_word' id='word_1_304' title='bbox 881 1482 947 1502; x_wconf 88' lang='lat' dir='ltr'><strong>caro</strong></span> 
     </span>
    </p>
   </div>
   <div class='ocr_carea' id='block_1_44' title="bbox 154 1520 945 1556">
    <p class='ocr_par' dir='ltr' id='par_1_44' title="bbox 154 1520 945 1556">
     <span class='ocr_line' id='line_1_44' title="bbox 154 1520 945 1556; baseline -0.004 -7"><span class='ocrx_word' id='word_1_305' title='bbox 154 1521 223 1549; x_wconf 88' lang='lat' dir='ltr'><strong>nihil</strong></span> <span class='ocrx_word' id='word_1_306' title='bbox 242 1529 336 1549; x_wconf 90' lang='lat' dir='ltr'><strong>eorutn</strong></span> <span class='ocrx_word' id='word_1_307' title='bbox 360 1528 422 1556; x_wconf 71' lang='lat' dir='ltr'><strong>qua:</strong></span> <span class='ocrx_word' id='word_1_308' title='bbox 440 1521 473 1548; x_wconf 83' lang='lat' dir='ltr'><strong>ad</strong></span> <span class='ocrx_word' id='word_1_309' title='bbox 502 1520 593 1548; x_wconf 87' lang='lat' dir='ltr'><strong>carnis</strong></span> <span class='ocrx_word' id='word_1_310' title='bbox 609 1520 777 1555; x_wconf 86' lang='lat' dir='ltr'><strong>voluptatem</strong></span> <span class='ocrx_word' id='word_1_311' title='bbox 797 1521 945 1555; x_wconf 83' lang='lat' dir='ltr'><strong>pertinent,</strong></span> 
     </span>
    </p>
   </div>
   <div class='ocr_carea' id='block_1_45' title="bbox 148 1612 941 1648">
    <p class='ocr_par' dir='ltr' id='par_1_45' title="bbox 148 1612 941 1648">
     <span class='ocr_line' id='line_1_45' title="bbox 148 1612 941 1648; baseline -0.001 -7"><span class='ocrx_word' id='word_1_312' title='bbox 148 1614 260 1642; x_wconf 82' lang='lat' dir='ltr'><strong>homine</strong></span> <span class='ocrx_word' id='word_1_313' title='bbox 278 1614 413 1641; x_wconf 86' lang='lat' dir='ltr'><strong>habitaret</strong></span> <span class='ocrx_word' id='word_1_314' title='bbox 429 1613 560 1646; x_wconf 78' lang='lat' dir='ltr'><strong>advenit;</strong></span> <span class='ocrx_word' id='word_1_315' title='bbox 580 1612 630 1641; x_wconf 89' lang='lat' dir='ltr'><strong>sed</strong></span> <span class='ocrx_word' id='word_1_316' title='bbox 647 1612 768 1641; x_wconf 79' lang='lat' dir='ltr'><strong>Verbum</strong></span> <span class='ocrx_word' id='word_1_317' title='bbox 785 1613 874 1648; x_wconf 83' lang='lat' dir='ltr'><strong>ipsum</strong></span> <span class='ocrx_word' id='word_1_318' title='bbox 890 1612 941 1640; x_wconf 92' lang='lat' dir='ltr'><strong>bo-</strong></span> 
     </span>
    </p>
   </div>
   <div class='ocr_carea' id='block_1_46' title="bbox 149 1658 942 1694">
    <p class='ocr_par' dir='ltr' id='par_1_46' title="bbox 149 1658 942 1694">
     <span class='ocr_line' id='line_1_46' title="bbox 149 1658 942 1694; baseline -0.003 -6"><span class='ocrx_word' id='word_1_319' title='bbox 149 1660 251 1688; x_wconf 87' lang='lat' dir='ltr'><strong>minem</strong></span> <span class='ocrx_word' id='word_1_320' title='bbox 273 1659 373 1692; x_wconf 87' lang='lat' dir='ltr'><strong>induit,</strong></span> <span class='ocrx_word' id='word_1_321' title='bbox 388 1667 443 1687; x_wconf 89' lang='lat' dir='ltr'><strong>non</strong></span> <span class='ocrx_word' id='word_1_322' title='bbox 468 1663 567 1686; x_wconf 89' lang='lat' dir='ltr'><strong>natttra</strong></span> <span class='ocrx_word' id='word_1_323' title='bbox 582 1663 729 1692; x_wconf 82' lang='lat' dir='ltr'><strong>mutatum,</strong></span> <span class='ocrx_word' id='word_1_324' title='bbox 745 1658 793 1686; x_wconf 90' lang='lat' dir='ltr'><strong>sed</strong></span> <span class='ocrx_word' id='word_1_325' title='bbox 810 1666 871 1686; x_wconf 85' lang='lat' dir='ltr'><strong>eam</strong></span> <span class='ocrx_word' id='word_1_326' title='bbox 882 1667 942 1694; x_wconf 73' lang='lat' dir='ltr'><strong>quae</strong></span> 
     </span>
    </p>
   </div>
   <div class='ocr_carea' id='block_1_47' title="bbox 151 1705 942 1741">
    <p class='ocr_par' dir='ltr' id='par_1_47' title="bbox 151 1705 942 1741">
     <span class='ocr_line' id='line_1_47' title="bbox 151 1705 942 1741; baseline -0.001 -8"><span class='ocrx_word' id='word_1_327' title='bbox 151 1706 271 1733; x_wconf 76' lang='lat' dir='ltr'><strong>hominis</strong></span> <span class='ocrx_word' id='word_1_328' title='bbox 280 1706 391 1741; x_wconf 88' lang='lat' dir='ltr'><strong>propria</strong></span> <span class='ocrx_word' id='word_1_329' title='bbox 408 1709 461 1739; x_wconf 88' lang='lat' dir='ltr'><strong>est,</strong></span> <span class='ocrx_word' id='word_1_330' title='bbox 473 1713 536 1733; x_wconf 90' lang='lat' dir='ltr'><strong>cum</strong></span> <span class='ocrx_word' id='word_1_331' title='bbox 552 1706 695 1733; x_wconf 87' lang='lat' dir='ltr'><strong>divinitate</strong></span> <span class='ocrx_word' id='word_1_332' title='bbox 711 1705 893 1741; x_wconf 85' lang='lat' dir='ltr'><strong>complexum.</strong></span> <span class='ocrx_word' id='word_1_333' title='bbox 913 1705 942 1732; x_wconf 93' lang='lat' dir='ltr'><strong>ln</strong></span> 
     </span>
    </p>
   </div>
   <div class='ocr_carea' id='block_1_48' title="bbox 150 1750 942 1787">
    <p class='ocr_par' dir='ltr' id='par_1_48' title="bbox 150 1750 942 1787">
     <span class='ocr_line' id='line_1_48' title="bbox 150 1750 942 1787; baseline -0.001 -10"><span class='ocrx_word' id='word_1_334' title='bbox 150 1750 270 1787; x_wconf 71' lang='lat' dir='ltr'><strong>Virginis</strong></span> <span class='ocrx_word' id='word_1_335' title='bbox 298 1756 375 1779; x_wconf 87' lang='lat' dir='ltr'><strong>utero</strong></span> <span class='ocrx_word' id='word_1_336' title='bbox 393 1758 487 1779; x_wconf 88' lang='lat' dir='ltr'><strong>revera</strong></span> <span class='ocrx_word' id='word_1_337' title='bbox 504 1751 625 1786; x_wconf 75' lang='lat' dir='ltr'><strong>genitus,</strong></span> <span class='ocrx_word' id='word_1_338' title='bbox 646 1758 753 1786; x_wconf 86' lang='lat' dir='ltr'><strong>suoque</strong></span> <span class='ocrx_word' id='word_1_339' title='bbox 767 1754 891 1785; x_wconf 87' lang='lat' dir='ltr'><strong>tempore</strong></span> <span class='ocrx_word' id='word_1_340' title='bbox 915 1750 942 1776; x_wconf 95' lang='lat' dir='ltr'><strong>in</strong></span> 
     </span>
    </p>
   </div>
   <div class='ocr_carea' id='block_1_49' title="bbox 152 1795 943 1832">
    <p class='ocr_par' dir='ltr' id='par_1_49' title="bbox 152 1795 943 1832">
     <span class='ocr_line' id='line_1_49' title="bbox 152 1795 943 1832; baseline -0.003 -8"><span class='ocrx_word' id='word_1_341' title='bbox 152 1801 229 1824; x_wconf 87' lang='lat' dir='ltr'><strong>utero</strong></span> <span class='ocrx_word' id='word_1_342' title='bbox 244 1801 380 1832; x_wconf 85' lang='lat' dir='ltr'><strong>portatus,</strong></span> <span class='ocrx_word' id='word_1_343' title='bbox 388 1804 419 1824; x_wconf 90' lang='lat' dir='ltr'><strong>ac</strong></span> <span class='ocrx_word' id='word_1_344' title='bbox 426 1805 474 1832; x_wconf 90' lang='lat' dir='ltr'><strong>per</strong></span> <span class='ocrx_word' id='word_1_345' title='bbox 484 1796 616 1832; x_wconf 77' lang='lat' dir='ltr'><strong>genitales</strong></span> <span class='ocrx_word' id='word_1_346' title='bbox 627 1801 733 1824; x_wconf 88' lang='lat' dir='ltr'><strong>meatus</strong></span> <span class='ocrx_word' id='word_1_347' title='bbox 741 1796 769 1823; x_wconf 92' lang='lat' dir='ltr'><strong>in</strong></span> <span class='ocrx_word' id='word_1_348' title='bbox 784 1796 872 1823; x_wconf 91' lang='lat' dir='ltr'><strong>lucem</strong></span> <span class='ocrx_word' id='word_1_349' title='bbox 885 1795 943 1823; x_wconf 94' lang='lat' dir='ltr'><strong>edi-</strong></span> 
     </span>
    </p>
   </div>
   <div class='ocr_carea' id='block_1_50' title="bbox 151 1841 944 1877">
    <p class='ocr_par' dir='ltr' id='par_1_50' title="bbox 151 1841 944 1877">
     <span class='ocr_line' id='line_1_50' title="bbox 151 1841 944 1877; baseline 0 -9"><span class='ocrx_word' id='word_1_350' title='bbox 151 1846 195 1869; x_wconf 84' lang='lat' dir='ltr'><strong>tus</strong></span> <span class='ocrx_word' id='word_1_351' title='bbox 207 1842 266 1868; x_wconf 88' lang='lat' dir='ltr'><strong>sine</strong></span> <span class='ocrx_word' id='word_1_352' title='bbox 281 1841 336 1869; x_wconf 87' lang='lat' dir='ltr'><strong>ulla</strong></span> <span class='ocrx_word' id='word_1_353' title='bbox 345 1841 525 1877; x_wconf 88' lang='lat' dir='ltr'><strong>turpitudine,</strong></span> <span class='ocrx_word' id='word_1_354' title='bbox 535 1841 659 1869; x_wconf 65' lang='lat' dir='ltr'><strong>foeditate</strong></span> <span class='ocrx_word' id='word_1_355' title='bbox 669 1841 709 1869; x_wconf 90' lang='lat' dir='ltr'><strong>vel</strong></span> <span class='ocrx_word' id='word_1_356' title='bbox 718 1841 794 1869; x_wconf 87' lang='lat' dir='ltr'><strong>labe:</strong></span> <span class='ocrx_word' id='word_1_357' title='bbox 811 1845 873 1876; x_wconf 89' lang='lat' dir='ltr'><strong>post</strong></span> <span class='ocrx_word' id='word_1_358' title='bbox 887 1841 944 1868; x_wconf 59' lang='lat' dir='ltr'><strong>haec</strong></span> 
     </span>
    </p>
   </div>
   <div class='ocr_carea' id='block_1_51' title="bbox 150 1886 943 1922">
    <p class='ocr_par' dir='ltr' id='par_1_51' title="bbox 150 1886 943 1922">
     <span class='ocr_line' id='line_1_51' title="bbox 150 1886 943 1922; baseline -0.001 -9"><span class='ocrx_word' id='word_1_359' title='bbox 150 1887 281 1914; x_wconf 78' lang='lat' dir='ltr'><strong>educatus</strong></span> <span class='ocrx_word' id='word_1_360' title='bbox 298 1891 380 1921; x_wconf 84' lang='lat' dir='ltr'><strong>atque</strong></span> <span class='ocrx_word' id='word_1_361' title='bbox 399 1893 414 1913; x_wconf 90' lang='lat' dir='ltr'><strong>a</strong></span> <span class='ocrx_word' id='word_1_362' title='bbox 428 1886 565 1922; x_wconf 84' lang='lat' dir='ltr'><strong>Symeone</strong></span> <span class='ocrx_word' id='word_1_363' title='bbox 578 1890 607 1914; x_wconf 87' lang='lat' dir='ltr'><strong>et</strong></span> <span class='ocrx_word' id='word_1_364' title='bbox 626 1886 704 1913; x_wconf 80' lang='lat' dir='ltr'><strong>Anna</strong></span> <span class='ocrx_word' id='word_1_365' title='bbox 722 1886 750 1913; x_wconf 89' lang='lat' dir='ltr'><strong>in</strong></span> <span class='ocrx_word' id='word_1_366' title='bbox 764 1886 837 1913; x_wconf 91' lang='lat' dir='ltr'><strong>ulnis</strong></span> <span class='ocrx_word' id='word_1_367' title='bbox 852 1890 943 1921; x_wconf 77' lang='lat' dir='ltr'><strong>gesta-</strong></span> 
     </span>
    </p>
   </div>
   <div class='ocr_carea' id='block_1_52' title="bbox 152 1932 944 1968">
    <p class='ocr_par' dir='ltr' id='par_1_52' title="bbox 152 1932 944 1968">
     <span class='ocr_line' id='line_1_52' title="bbox 152 1932 944 1968; baseline 0.001 -9"><span class='ocrx_word' id='word_1_368' title='bbox 152 1938 193 1960; x_wconf 89' lang='lat' dir='ltr'><strong>tus</strong></span> <span class='ocrx_word' id='word_1_369' title='bbox 212 1942 219 1960; x_wconf 90' lang='lat'><strong>:</strong></span> <span class='ocrx_word' id='word_1_370' title='bbox 238 1940 253 1959; x_wconf 79' lang='lat' dir='ltr'><strong>a</strong></span> <span class='ocrx_word' id='word_1_371' title='bbox 265 1932 350 1959; x_wconf 82' lang='lat' dir='ltr'><strong>Maria</strong></span> <span class='ocrx_word' id='word_1_372' title='bbox 373 1937 507 1967; x_wconf 86' lang='lat' dir='ltr'><strong>portatus,</strong></span> <span class='ocrx_word' id='word_1_373' title='bbox 528 1933 579 1960; x_wconf 87' lang='lat' dir='ltr'><strong>iter</strong></span> <span class='ocrx_word' id='word_1_374' title='bbox 595 1937 690 1968; x_wconf 88' lang='lat' dir='ltr'><strong>postea</strong></span> <span class='ocrx_word' id='word_1_375' title='bbox 713 1932 831 1968; x_wconf 89' lang='lat' dir='ltr'><strong>pedibus</strong></span> <span class='ocrx_word' id='word_1_376' title='bbox 850 1933 944 1961; x_wconf 84' lang='lat' dir='ltr'><strong>conle-</strong></span> 
     </span>
    </p>
   </div>
   <div class='ocr_carea' id='block_1_53' title="bbox 151 1978 945 2013">
    <p class='ocr_par' dir='ltr' id='par_1_53' title="bbox 151 1978 945 2013">
     <span class='ocr_line' id='line_1_53' title="bbox 151 1978 945 2013; baseline 0 -9"><span class='ocrx_word' id='word_1_377' title='bbox 151 1978 198 2011; x_wconf 91' lang='lat' dir='ltr'><strong>cit,</strong></span> <span class='ocrx_word' id='word_1_378' title='bbox 214 1978 405 2013; x_wconf 76' lang='lat' dir='ltr'><strong>peregrinatus</strong></span> <span class='ocrx_word' id='word_1_379' title='bbox 422 1982 474 2010; x_wconf 86' lang='lat' dir='ltr'><strong>est,</strong></span> <span class='ocrx_word' id='word_1_380' title='bbox 494 1978 528 2006; x_wconf 90' lang='lat' dir='ltr'><strong>ad</strong></span> <span class='ocrx_word' id='word_1_381' title='bbox 544 1978 691 2013; x_wconf 85' lang='lat' dir='ltr'><strong>pueritiam</strong></span> <span class='ocrx_word' id='word_1_382' title='bbox 709 1978 844 2012; x_wconf 91' lang='lat' dir='ltr'><strong>pervenit,</strong></span> <span class='ocrx_word' id='word_1_383' title='bbox 865 1981 945 2005; x_wconf 67' lang='lat' dir='ltr'><strong>aetate</strong></span> 
     </span>
    </p>
   </div>
   <div class='ocr_carea' id='block_1_54' title="bbox 151 2024 944 2059">
    <p class='ocr_par' dir='ltr' id='par_1_54' title="bbox 151 2024 944 2059">
     <span class='ocr_line' id='line_1_54' title="bbox 151 2024 944 2059; baseline -0.003 -7"><span class='ocrx_word' id='word_1_384' title='bbox 151 2025 345 2052; x_wconf 81' lang='lat' dir='ltr'><strong>corroboratus</strong></span> <span class='ocrx_word' id='word_1_385' title='bbox 358 2028 411 2057; x_wconf 82' lang='lat' dir='ltr'><strong>est,</strong></span> <span class='ocrx_word' id='word_1_386' title='bbox 429 2025 549 2052; x_wconf 83' lang='lat' dir='ltr'><strong>humana</strong></span> <span class='ocrx_word' id='word_1_387' title='bbox 564 2025 591 2051; x_wconf 93' lang='lat' dir='ltr'><strong>in</strong></span> <span class='ocrx_word' id='word_1_388' title='bbox 609 2032 639 2052; x_wconf 89' lang='lat' dir='ltr'><strong>se</strong></span> <span class='ocrx_word' id='word_1_389' title='bbox 654 2025 745 2052; x_wconf 88' lang='lat' dir='ltr'><strong>omnia</strong></span> <span class='ocrx_word' id='word_1_390' title='bbox 761 2024 880 2059; x_wconf 83' lang='lat' dir='ltr'><strong>perfecte</strong></span> <span class='ocrx_word' id='word_1_391' title='bbox 897 2024 944 2051; x_wconf 81' lang='lat' dir='ltr'><strong>ha-</strong></span> 
     </span>
    </p>
   </div>
   <div class='ocr_carea' id='block_1_55' title="bbox 153 2071 944 2104">
    <p class='ocr_par' dir='ltr' id='par_1_55' title="bbox 153 2071 944 2104">
     <span class='ocr_line' id='line_1_55' title="bbox 153 2071 944 2104; baseline 0 -6"><span class='ocrx_word' id='word_1_392' title='bbox 153 2071 220 2103; x_wconf 86' lang='lat' dir='ltr'><strong>buit,</strong></span> <span class='ocrx_word' id='word_1_393' title='bbox 249 2078 384 2099; x_wconf 88' lang='lat' dir='ltr'><strong>annorutn</strong></span> <span class='ocrx_word' id='word_1_394' title='bbox 403 2077 518 2098; x_wconf 88' lang='lat' dir='ltr'><strong>numero</strong></span> <span class='ocrx_word' id='word_1_395' title='bbox 543 2078 656 2104; x_wconf 88' lang='lat' dir='ltr'><strong>census,</strong></span> <span class='ocrx_word' id='word_1_396' title='bbox 677 2071 812 2098; x_wconf 90' lang='lat' dir='ltr'><strong>mensium</strong></span> <span class='ocrx_word' id='word_1_397' title='bbox 830 2078 944 2098; x_wconf 85' lang='lat' dir='ltr'><strong>numero</strong></span> 
     </span>
    </p>
   </div>
   <div class='ocr_carea' id='block_1_56' title="bbox 151 2117 946 2153">
    <p class='ocr_par' dir='ltr' id='par_1_56' title="bbox 151 2117 946 2153">
     <span class='ocr_line' id='line_1_56' title="bbox 151 2117 946 2153; baseline -0.003 -8"><span class='ocrx_word' id='word_1_398' title='bbox 151 2118 179 2145; x_wconf 85' lang='lat' dir='ltr'><strong>in</strong></span> <span class='ocrx_word' id='word_1_399' title='bbox 194 2117 361 2153; x_wconf 69' lang='lat' dir='ltr'><strong>praegnantis</strong></span> <span class='ocrx_word' id='word_1_400' title='bbox 373 2121 453 2145; x_wconf 87' lang='lat' dir='ltr'><strong>utero</strong></span> <span class='ocrx_word' id='word_1_401' title='bbox 467 2121 600 2152; x_wconf 73' lang='lat' dir='ltr'><strong>gestatus,</strong></span> <span class='ocrx_word' id='word_1_402' title='bbox 617 2117 706 2151; x_wconf 75' lang='lat' dir='ltr'><strong>factus</strong></span> <span class='ocrx_word' id='word_1_403' title='bbox 718 2125 751 2144; x_wconf 76' lang='lat' dir='ltr'><strong>ea;</strong></span> <span class='ocrx_word' id='word_1_404' title='bbox 768 2117 886 2150; x_wconf 82' lang='lat' dir='ltr'><strong>muliere,</strong></span> <span class='ocrx_word' id='word_1_405' title='bbox 907 2117 946 2151; x_wconf 80' lang='lat' dir='ltr'><strong>fa-</strong></span> 
     </span>
    </p>
   </div>
   <div class='ocr_carea' id='block_1_57' title="bbox 150 2161 943 2198">
    <p class='ocr_par' dir='ltr' id='par_1_57' title="bbox 150 2161 943 2198">
     <span class='ocr_line' id='line_1_57' title="bbox 150 2161 943 2198; baseline -0.001 -9"><span class='ocrx_word' id='word_1_406' title='bbox 150 2168 210 2190; x_wconf 68' lang='lat' dir='ltr'><strong>rm:</strong></span> <span class='ocrx_word' id='word_1_407' title='bbox 229 2163 276 2190; x_wconf 78' lang='lat' dir='ltr'><strong>sub</strong></span> <span class='ocrx_word' id='word_1_408' title='bbox 289 2163 342 2198; x_wconf 79' lang='lat' dir='ltr'><strong>lege</strong></span> <span class='ocrx_word' id='word_1_409' title='bbox 357 2163 375 2191; x_wconf 83' lang='lat'><strong>&#39;.</strong></span> <span class='ocrx_word' id='word_1_410' title='bbox 395 2162 498 2189; x_wconf 85' lang='lat' dir='ltr'><strong>Deinde</strong></span> <span class='ocrx_word' id='word_1_411' title='bbox 525 2162 559 2189; x_wconf 83' lang='lat' dir='ltr'><strong>ad</strong></span> <span class='ocrx_word' id='word_1_412' title='bbox 577 2161 723 2189; x_wconf 86' lang='lat' dir='ltr'><strong>Jordanem</strong></span> <span class='ocrx_word' id='word_1_413' title='bbox 738 2161 877 2196; x_wconf 84' lang='lat' dir='ltr'><strong>profectus</strong></span> <span class='ocrx_word' id='word_1_414' title='bbox 891 2165 943 2194; x_wconf 90' lang='lat' dir='ltr'><strong>est,</strong></span> 
     </span>
    </p>
   </div>
   <div class='ocr_carea' id='block_1_58' title="bbox 152 2206 944 2243">
    <p class='ocr_par' dir='ltr' id='par_1_58' title="bbox 152 2206 944 2243">
     <span class='ocr_line' id='line_1_58' title="bbox 152 2206 944 2243; baseline -0.003 -8"><span class='ocrx_word' id='word_1_415' title='bbox 152 2208 307 2243; x_wconf 85' lang='lat' dir='ltr'><strong>ibidemque</strong></span> <span class='ocrx_word' id='word_1_416' title='bbox 336 2216 351 2235; x_wconf 90' lang='lat' dir='ltr'><strong>a</strong></span> <span class='ocrx_word' id='word_1_417' title='bbox 375 2206 481 2236; x_wconf 82' lang='lat' dir='ltr'><strong>Joanne</strong></span> <span class='ocrx_word' id='word_1_418' title='bbox 496 2208 662 2242; x_wconf 81' lang='lat' dir='ltr'><strong>baptizatus,</strong></span> <span class='ocrx_word' id='word_1_419' title='bbox 677 2215 740 2234; x_wconf 91' lang='lat' dir='ltr'><strong>cum</strong></span> <span class='ocrx_word' id='word_1_420' title='bbox 760 2207 862 2235; x_wconf 87' lang='lat' dir='ltr'><strong>lotione</strong></span> <span class='ocrx_word' id='word_1_421' title='bbox 875 2207 944 2234; x_wconf 86' lang='lat' dir='ltr'><strong>nihil</strong></span> 
     </span>
    </p>
   </div>
   <div class='ocr_carea' id='block_1_59' title="bbox 151 2253 943 2289">
    <p class='ocr_par' dir='ltr' id='par_1_59' title="bbox 151 2253 943 2289">
     <span class='ocr_line' id='line_1_59' title="bbox 151 2253 943 2289; baseline -0.003 -8"><span class='ocrx_word' id='word_1_422' title='bbox 151 2263 219 2288; x_wconf 88' lang='lat' dir='ltr'><strong>opus</strong></span> <span class='ocrx_word' id='word_1_423' title='bbox 230 2255 352 2287; x_wconf 83' lang='lat' dir='ltr'><strong>haberet,</strong></span> <span class='ocrx_word' id='word_1_424' title='bbox 368 2255 415 2282; x_wconf 83' lang='lat' dir='ltr'><strong>sed</strong></span> <span class='ocrx_word' id='word_1_425' title='bbox 434 2260 461 2281; x_wconf 88' lang='lat' dir='ltr'><strong>ut</strong></span> <span class='ocrx_word' id='word_1_426' title='bbox 473 2261 516 2286; x_wconf 86' lang='lat' dir='ltr'><strong>ea,</strong></span> <span class='ocrx_word' id='word_1_427' title='bbox 534 2261 594 2289; x_wconf 75' lang='lat' dir='ltr'><strong>qua:</strong></span> <span class='ocrx_word' id='word_1_428' title='bbox 610 2257 743 2289; x_wconf 75' lang='lat' dir='ltr'><strong>susceptte</strong></span> <span class='ocrx_word' id='word_1_429' title='bbox 757 2253 877 2281; x_wconf 89' lang='lat' dir='ltr'><strong>hominis</strong></span> <span class='ocrx_word' id='word_1_430' title='bbox 896 2261 943 2280; x_wconf 88' lang='lat' dir='ltr'><strong>na-</strong></span> 
     </span>
    </p>
   </div>
   <div class='ocr_carea' id='block_1_60' title="bbox 152 2299 939 2334">
    <p class='ocr_par' dir='ltr' id='par_1_60' title="bbox 152 2299 939 2334">
     <span class='ocr_line' id='line_1_60' title="bbox 152 2299 939 2334; baseline -0.001 -7"><span class='ocrx_word' id='word_1_431' title='bbox 152 2306 221 2329; x_wconf 64' lang='lat' dir='ltr'><strong>turae</strong></span> <span class='ocrx_word' id='word_1_432' title='bbox 242 2306 426 2329; x_wconf 86' lang='lat' dir='ltr'><strong>consentanea</strong></span> <span class='ocrx_word' id='word_1_433' title='bbox 457 2304 531 2331; x_wconf 88' lang='lat' dir='ltr'><strong>sunt.</strong></span> <span class='ocrx_word' id='word_1_434' title='bbox 553 2304 685 2331; x_wconf 82' lang='lat' dir='ltr'><strong>servaret,</strong></span> <span class='ocrx_word' id='word_1_435' title='bbox 716 2299 830 2334; x_wconf 64' lang='lat' dir='ltr'><strong>justitia:</strong></span> <span class='ocrx_word' id='word_1_436' title='bbox 853 2299 939 2334; x_wconf 75' lang='lat' dir='ltr'><strong>legem</strong></span> 
     </span>
    </p>
   </div>
   <div class='ocr_carea' id='block_1_61' title="bbox 154 2345 942 2383">
    <p class='ocr_par' dir='ltr' id='par_1_61' title="bbox 154 2345 942 2383">
     <span class='ocr_line' id='line_1_61' title="bbox 154 2345 942 2383; baseline -0.005 -8"><span class='ocrx_word' id='word_1_437' title='bbox 154 2348 314 2383; x_wconf 86' lang='lat' dir='ltr'><strong>perturbare</strong></span> <span class='ocrx_word' id='word_1_438' title='bbox 336 2347 432 2380; x_wconf 87' lang='lat' dir='ltr'><strong>noluit,</strong></span> <span class='ocrx_word' id='word_1_439' title='bbox 461 2351 490 2373; x_wconf 88' lang='lat' dir='ltr'><strong>ut</strong></span> <span class='ocrx_word' id='word_1_440' title='bbox 515 2346 692 2380; x_wconf 88' lang='lat' dir='ltr'><strong>impleretur,</strong></span> <span class='ocrx_word' id='word_1_441' title='bbox 712 2345 942 2380; x_wconf 86' lang='lat' dir='ltr'><strong>quemadmodum</strong></span> 
     </span>
    </p>
   </div>
   <div class='ocr_carea' id='block_1_62' title="bbox 154 2392 942 2430">
    <p class='ocr_par' dir='ltr' id='par_1_62' title="bbox 154 2392 942 2430">
     <span class='ocr_line' id='line_1_62' title="bbox 154 2392 942 2430; baseline -0.004 -9"><span class='ocrx_word' id='word_1_442' title='bbox 154 2396 212 2430; x_wconf 84' lang='lat' dir='ltr'><strong>ipse</strong></span> <span class='ocrx_word' id='word_1_443' title='bbox 230 2393 305 2426; x_wconf 89' lang='lat' dir='ltr'><strong>dicit,</strong></span> <span class='ocrx_word' id='word_1_444' title='bbox 321 2393 412 2421; x_wconf 83' lang='lat' dir='ltr'><strong>omnis</strong></span> <span class='ocrx_word' id='word_1_445' title='bbox 429 2393 538 2427; x_wconf 90' lang='lat' dir='ltr'><strong>justitia</strong></span> <span class='ocrx_word' id='word_1_446' title='bbox 550 2392 571 2424; x_wconf 73' lang='grc'>⁸,</span> <span class='ocrx_word' id='word_1_447' title='bbox 588 2396 669 2427; x_wconf 85' lang='lat' dir='ltr'><strong>atque</strong></span> <span class='ocrx_word' id='word_1_448' title='bbox 682 2399 774 2419; x_wconf 78' lang='lat' dir='ltr'><strong>veram</strong></span> <span class='ocrx_word' id='word_1_449' title='bbox 794 2399 809 2418; x_wconf 92' lang='lat' dir='ltr'><strong>a</strong></span> <span class='ocrx_word' id='word_1_450' title='bbox 836 2399 865 2419; x_wconf 90' lang='lat' dir='ltr'><strong>se</strong></span> <span class='ocrx_word' id='word_1_451' title='bbox 883 2399 942 2418; x_wconf 89' lang='lat' dir='ltr'><strong>car-</strong></span> 
     </span>
    </p>
   </div>
   <div class='ocr_carea' id='block_1_63' title="bbox 154 2438 943 2474">
    <p class='ocr_par' dir='ltr' id='par_1_63' title="bbox 154 2438 943 2474">
     <span class='ocr_line' id='line_1_63' title="bbox 154 2438 943 2474; baseline -0.004 -7"><span class='ocrx_word' id='word_1_452' title='bbox 154 2448 214 2467; x_wconf 90' lang='lat' dir='ltr'><strong>nem</strong></span> <span class='ocrx_word' id='word_1_453' title='bbox 244 2446 390 2474; x_wconf 87' lang='lat' dir='ltr'><strong>veramque</strong></span> <span class='ocrx_word' id='word_1_454' title='bbox 414 2438 533 2466; x_wconf 88' lang='lat' dir='ltr'><strong>hominis</strong></span> <span class='ocrx_word' id='word_1_455' title='bbox 549 2442 677 2465; x_wconf 84' lang='lat' dir='ltr'><strong>naturam</strong></span> <span class='ocrx_word' id='word_1_456' title='bbox 707 2440 864 2472; x_wconf 84' lang='lat' dir='ltr'><strong>susceptam</strong></span> <span class='ocrx_word' id='word_1_457' title='bbox 881 2444 943 2464; x_wconf 89' lang='lat' dir='ltr'><strong>esse</strong></span> 
     </span>
    </p>
   </div>
   <div class='ocr_carea' id='block_1_64' title="bbox 152 2482 941 2519">
    <p class='ocr_par' dir='ltr' id='par_1_64' title="bbox 152 2482 941 2519">
     <span class='ocr_line' id='line_1_64' title="bbox 152 2482 941 2519; baseline -0.004 -6"><span class='ocrx_word' id='word_1_458' title='bbox 152 2489 324 2513; x_wconf 81' lang='lat' dir='ltr'><strong>monstraret.</strong></span> <span class='ocrx_word' id='word_1_459' title='bbox 352 2484 436 2519; x_wconf 76' lang='lat' dir='ltr'><strong>Igitur</strong></span> <span class='ocrx_word' id='word_1_460' title='bbox 451 2484 485 2511; x_wconf 86' lang='lat' dir='ltr'><strong>ad</strong></span> <span class='ocrx_word' id='word_1_461' title='bbox 505 2491 592 2518; x_wconf 85' lang='lat' dir='ltr'><strong>aquas</strong></span> <span class='ocrx_word' id='word_1_462' title='bbox 607 2482 760 2514; x_wconf 79' lang='lat' dir='ltr'><strong>descendit,</strong></span> <span class='ocrx_word' id='word_1_463' title='bbox 789 2482 826 2509; x_wconf 92' lang='lat' dir='ltr'><strong>ita</strong></span> <span class='ocrx_word' id='word_1_464' title='bbox 851 2485 941 2510; x_wconf 83' lang='lat' dir='ltr'><strong>tamen</strong></span> 
     </span>
    </p>
   </div>
   <div class='ocr_carea' id='block_1_65' title="bbox 153 2527 943 2564">
    <p class='ocr_par' dir='ltr' id='par_1_65' title="bbox 153 2527 943 2564">
     <span class='ocr_line' id='line_1_65' title="bbox 153 2527 943 2564; baseline 0 -8"><span class='ocrx_word' id='word_1_465' title='bbox 153 2536 181 2557; x_wconf 83' lang='lat' dir='ltr'><strong>ut</strong></span> <span class='ocrx_word' id='word_1_466' title='bbox 195 2530 333 2558; x_wconf 84' lang='lat' dir='ltr'><strong>conferret</strong></span> <span class='ocrx_word' id='word_1_467' title='bbox 343 2529 444 2564; x_wconf 90' lang='lat' dir='ltr'><strong>aliquid</strong></span> <span class='ocrx_word' id='word_1_468' title='bbox 459 2530 550 2564; x_wconf 86' lang='lat' dir='ltr'><strong>potius</strong></span> <span class='ocrx_word' id='word_1_469' title='bbox 562 2536 643 2564; x_wconf 83' lang='lat' dir='ltr'><strong>quam</strong></span> <span class='ocrx_word' id='word_1_470' title='bbox 660 2529 811 2563; x_wconf 82' lang='lat' dir='ltr'><strong>acciperet;</strong></span> <span class='ocrx_word' id='word_1_471' title='bbox 828 2527 943 2563; x_wconf 79' lang='lat' dir='ltr'><strong>largire-</strong></span> 
     </span>
    </p>
   </div>
   <div class='ocr_carea' id='block_1_66' title="bbox 152 2574 942 2611">
    <p class='ocr_par' dir='ltr' id='par_1_66' title="bbox 152 2574 942 2611">
     <span class='ocr_line' id='line_1_66' title="bbox 152 2574 942 2611; baseline -0.003 -8"><span class='ocrx_word' id='word_1_472' title='bbox 152 2581 196 2603; x_wconf 88' lang='lat' dir='ltr'><strong>tur</strong></span> <span class='ocrx_word' id='word_1_473' title='bbox 226 2575 312 2611; x_wconf 78' lang='lat' dir='ltr'><strong>magis</strong></span> <span class='ocrx_word' id='word_1_474' title='bbox 336 2582 418 2610; x_wconf 87' lang='lat' dir='ltr'><strong>quam</strong></span> <span class='ocrx_word' id='word_1_475' title='bbox 439 2575 477 2602; x_wconf 91' lang='lat' dir='ltr'><strong>rei</strong></span> <span class='ocrx_word' id='word_1_476' title='bbox 490 2575 644 2609; x_wconf 89' lang='lat' dir='ltr'><strong>cujuspiam</strong></span> <span class='ocrx_word' id='word_1_477' title='bbox 671 2574 823 2609; x_wconf 77' lang='lat' dir='ltr'><strong>indigeret:</strong></span> <span class='ocrx_word' id='word_1_478' title='bbox 841 2575 942 2610; x_wconf 90' lang='lat' dir='ltr'><strong>quippe</strong></span> 
     </span>
    </p>
   </div>
   <div class='ocr_carea' id='block_1_67' title="bbox 151 2620 941 2657">
    <p class='ocr_par' dir='ltr' id='par_1_67' title="bbox 151 2620 941 2657">
     <span class='ocr_line' id='line_1_67' title="bbox 151 2620 941 2657; baseline -0.001 -9"><span class='ocrx_word' id='word_1_479' title='bbox 151 2622 260 2650; x_wconf 78' lang='lat' dir='ltr'><strong>easdem</strong></span> <span class='ocrx_word' id='word_1_480' title='bbox 279 2622 340 2657; x_wconf 79' lang='lat' dir='ltr'><strong>illas</strong></span> <span class='ocrx_word' id='word_1_481' title='bbox 366 2628 451 2655; x_wconf 84' lang='lat' dir='ltr'><strong>aquas</strong></span> <span class='ocrx_word' id='word_1_482' title='bbox 469 2628 519 2648; x_wconf 84' lang='lat' dir='ltr'><strong>sua</strong></span> <span class='ocrx_word' id='word_1_483' title='bbox 533 2621 594 2648; x_wconf 83' lang='lat' dir='ltr'><strong>luce</strong></span> <span class='ocrx_word' id='word_1_484' title='bbox 605 2620 788 2652; x_wconf 74' lang='lat' dir='ltr'><strong>eollustravit,</strong></span> <span class='ocrx_word' id='word_1_485' title='bbox 809 2624 837 2648; x_wconf 89' lang='lat' dir='ltr'><strong>et</strong></span> <span class='ocrx_word' id='word_1_486' title='bbox 849 2620 882 2647; x_wconf 86' lang='lat' dir='ltr'><strong>ad</strong></span> <span class='ocrx_word' id='word_1_487' title='bbox 895 2628 941 2647; x_wconf 90' lang='lat' dir='ltr'><strong>eo-</strong></span> 
     </span>
    </p>
   </div>
   <div class='ocr_carea' id='block_1_68' title="bbox 151 2666 941 2702">
    <p class='ocr_par' dir='ltr' id='par_1_68' title="bbox 151 2666 941 2702">
     <span class='ocr_line' id='line_1_68' title="bbox 151 2666 941 2702; baseline -0.001 -8"><span class='ocrx_word' id='word_1_488' title='bbox 151 2675 211 2694; x_wconf 88' lang='lat' dir='ltr'><strong>rum</strong></span> <span class='ocrx_word' id='word_1_489' title='bbox 232 2675 292 2702; x_wconf 70' lang='lat' dir='ltr'><strong>qute</strong></span> <span class='ocrx_word' id='word_1_490' title='bbox 316 2667 343 2694; x_wconf 92' lang='lat' dir='ltr'><strong>in</strong></span> <span class='ocrx_word' id='word_1_491' title='bbox 359 2674 419 2694; x_wconf 82' lang='lat' dir='ltr'><strong>Sese</strong></span> <span class='ocrx_word' id='word_1_492' title='bbox 436 2666 602 2702; x_wconf 79' lang='lat' dir='ltr'><strong>perﬁcienda</strong></span> <span class='ocrx_word' id='word_1_493' title='bbox 616 2670 705 2699; x_wconf 85' lang='lat' dir='ltr'><strong>erant,</strong></span> <span class='ocrx_word' id='word_1_494' title='bbox 726 2666 941 2694; x_wconf 85' lang='lat' dir='ltr'><strong>adumbrandam</strong></span> 
     </span>
    </p>
   </div>
   <div class='ocr_carea' id='block_1_69' title="bbox 153 2712 943 2749">
    <p class='ocr_par' dir='ltr' id='par_1_69' title="bbox 153 2712 943 2749">
     <span class='ocr_line' id='line_1_69' title="bbox 153 2712 943 2749; baseline 0 -9"><span class='ocrx_word' id='word_1_495' title='bbox 153 2714 308 2749; x_wconf 73' lang='lat' dir='ltr'><strong>imaginem,</strong></span> <span class='ocrx_word' id='word_1_496' title='bbox 324 2712 469 2748; x_wconf 80' lang='lat' dir='ltr'><strong>quamdam</strong></span> <span class='ocrx_word' id='word_1_497' title='bbox 485 2713 538 2739; x_wconf 94' lang='lat' dir='ltr'><strong>vim</strong></span> <span class='ocrx_word' id='word_1_498' title='bbox 555 2712 609 2740; x_wconf 93' lang='lat' dir='ltr'><strong>illis</strong></span> <span class='ocrx_word' id='word_1_499' title='bbox 623 2712 765 2747; x_wconf 90' lang='lat' dir='ltr'><strong>impertiit,</strong></span> <span class='ocrx_word' id='word_1_500' title='bbox 780 2717 807 2740; x_wconf 87' lang='lat' dir='ltr'><strong>ut</strong></span> <span class='ocrx_word' id='word_1_501' title='bbox 826 2712 873 2748; x_wconf 93' lang='lat' dir='ltr'><strong>qui</strong></span> <span class='ocrx_word' id='word_1_502' title='bbox 890 2713 943 2748; x_wconf 89' lang='lat' dir='ltr'><strong>ipsi</strong></span> 
     </span>
    </p>
   </div>
   <div class='ocr_carea' id='block_1_70' title="bbox 152 2758 941 2794">
    <p class='ocr_par' dir='ltr' id='par_1_70' title="bbox 152 2758 941 2794">
     <span class='ocr_line' id='line_1_70' title="bbox 152 2758 941 2794; baseline 0 -8"><span class='ocrx_word' id='word_1_503' title='bbox 152 2766 246 2787; x_wconf 82' lang='lat' dir='ltr'><strong>revera</strong></span> <span class='ocrx_word' id='word_1_504' title='bbox 275 2759 428 2793; x_wconf 84' lang='lat' dir='ltr'><strong>crederent,</strong></span> <span class='ocrx_word' id='word_1_505' title='bbox 449 2766 481 2786; x_wconf 90' lang='lat' dir='ltr'><strong>ac</strong></span> <span class='ocrx_word' id='word_1_506' title='bbox 495 2758 620 2786; x_wconf 84' lang='lat' dir='ltr'><strong>veritatis</strong></span> <span class='ocrx_word' id='word_1_507' title='bbox 641 2763 734 2787; x_wconf 89' lang='lat' dir='ltr'><strong>essent</strong></span> <span class='ocrx_word' id='word_1_508' title='bbox 755 2758 807 2786; x_wconf 87' lang='lat' dir='ltr'><strong>tide</strong></span> <span class='ocrx_word' id='word_1_509' title='bbox 825 2758 941 2794; x_wconf 83' lang='lat' dir='ltr'><strong>praediti,</strong></span> 
     </span>
    </p>
   </div>
   <div class='ocr_carea' id='block_1_71' title="bbox 993 920 1784 959">
    <p class='ocr_par' dir='ltr' id='par_1_71' title="bbox 993 920 1784 959">
     <span class='ocr_line' id='line_1_71' title="bbox 993 920 1784 959; baseline 0.001 -12"><span class='ocrx_word' id='word_1_510' title='bbox 993 929 1039 948; x_wconf 88' lang='grc' dir='ltr'>νου</span> <span class='ocrx_word' id='word_1_511' title='bbox 1053 920 1144 948; x_wconf 75' lang='grc' dir='ltr'>λαϐὼν</span> <span class='ocrx_word' id='word_1_512' title='bbox 1158 921 1189 948; x_wconf 81' lang='grc' dir='ltr'><strong>τὸ</strong></span> <span class='ocrx_word' id='word_1_513' title='bbox 1203 921 1283 957; x_wconf 84' lang='grc' dir='ltr'>σῶμα</span> <span class='ocrx_word' id='word_1_514' title='bbox 1302 923 1332 949; x_wconf 82' lang='grc' dir='ltr'>ὲν</span> <span class='ocrx_word' id='word_1_515' title='bbox 1350 922 1474 959; x_wconf 84' lang='grc' dir='ltr'>ἀληθείᾳ,</span> <span class='ocrx_word' id='word_1_516' title='bbox 1490 922 1538 950; x_wconf 83' lang='grc' dir='ltr'>καὶ</span> <span class='ocrx_word' id='word_1_517' title='bbox 1553 922 1603 949; x_wconf 83' lang='grc' dir='ltr'>οὐκ</span> <span class='ocrx_word' id='word_1_518' title='bbox 1619 923 1648 950; x_wconf 78' lang='grc' dir='ltr'>ὲν</span> <span class='ocrx_word' id='word_1_519' title='bbox 1663 922 1784 958; x_wconf 80' lang='grc' dir='ltr'>δοκήσει,</span> 
     </span>
    </p>
   </div>
   <div class='ocr_carea' id='block_1_72' title="bbox 994 966 1785 1003">
    <p class='ocr_par' dir='ltr' id='par_1_72' title="bbox 994 966 1785 1003">
     <span class='ocr_line' id='line_1_72' title="bbox 994 966 1785 1003; baseline 0.003 -11"><span class='ocrx_word' id='word_1_520' title='bbox 994 966 1084 1001; x_wconf 85' lang='grc' dir='ltr'>σάρκα</span> <span class='ocrx_word' id='word_1_521' title='bbox 1100 966 1246 1002; x_wconf 83' lang='grc' dir='ltr'>ἀληθινῶς,</span> <span class='ocrx_word' id='word_1_522' title='bbox 1271 966 1351 1002; x_wconf 86' lang='grc' dir='ltr'>σῶμα</span> <span class='ocrx_word' id='word_1_523' title='bbox 1373 967 1520 1003; x_wconf 83' lang='grc' dir='ltr'><strong>ἀληθινῶς,</strong></span> <span class='ocrx_word' id='word_1_524' title='bbox 1547 968 1595 995; x_wconf 81' lang='grc' dir='ltr'><strong>σὺν</strong></span> <span class='ocrx_word' id='word_1_525' title='bbox 1618 968 1722 1000; x_wconf 78' lang='grc' dir='ltr'>ὀστέοις</span> <span class='ocrx_word' id='word_1_526' title='bbox 1737 968 1785 995; x_wconf 78' lang='grc' dir='ltr'>καὶ</span> 
     </span>
    </p>
   </div>
   <div class='ocr_carea' id='block_1_73' title="bbox 993 1012 1785 1050">
    <p class='ocr_par' dir='ltr' id='par_1_73' title="bbox 993 1012 1785 1050">
     <span class='ocr_line' id='line_1_73' title="bbox 993 1012 1785 1050; baseline 0.003 -11"><span class='ocrx_word' id='word_1_527' title='bbox 993 1012 1099 1048; x_wconf 83' lang='grc' dir='ltr'><strong>νεύροις</strong></span> <span class='ocrx_word' id='word_1_528' title='bbox 1116 1013 1163 1040; x_wconf 76' lang='grc' dir='ltr'>καὶ</span> <span class='ocrx_word' id='word_1_529' title='bbox 1188 1013 1256 1040; x_wconf 79' lang='grc' dir='ltr'>πᾶσι</span> <span class='ocrx_word' id='word_1_530' title='bbox 1279 1015 1336 1046; x_wconf 81' lang='grc' dir='ltr'>τοῖς</span> <span class='ocrx_word' id='word_1_531' title='bbox 1353 1013 1508 1050; x_wconf 79' lang='grc' dir='ltr'>ἡμετέροις,</span> <span class='ocrx_word' id='word_1_532' title='bbox 1535 1014 1619 1050; x_wconf 80' lang='grc' dir='ltr'>μηδὲν</span> <span class='ocrx_word' id='word_1_533' title='bbox 1641 1013 1687 1049; x_wconf 84' lang='grc' dir='ltr'>ἀφ’</span> <span class='ocrx_word' id='word_1_534' title='bbox 1705 1013 1785 1049; x_wconf 84' lang='grc' dir='ltr'>ἡμῶν</span> 
     </span>
    </p>
   </div>
   <div class='ocr_carea' id='block_1_74' title="bbox 993 1054 1780 1096">
    <p class='ocr_par' dir='ltr' id='par_1_74' title="bbox 993 1054 1780 1096">
     <span class='ocr_line' id='line_1_74' title="bbox 993 1054 1780 1096; baseline 0.003 -11"><span class='ocrx_word' id='word_1_535' title='bbox 993 1054 1198 1095; x_wconf 69' lang='grc' dir='ltr'>διηλλαγμένος,</span> <span class='ocrx_word' id='word_1_536' title='bbox 1215 1060 1232 1095; x_wconf 80' lang='grc' dir='ltr'>ἢ</span> <span class='ocrx_word' id='word_1_537' title='bbox 1251 1059 1331 1096; x_wconf 89' lang='grc' dir='ltr'>μόνον</span> <span class='ocrx_word' id='word_1_538' title='bbox 1345 1060 1376 1086; x_wconf 85' lang='grc' dir='ltr'>τὸ</span> <span class='ocrx_word' id='word_1_539' title='bbox 1389 1059 1494 1093; x_wconf 72' lang='grc' dir='ltr'>ἔνδοξον</span> <span class='ocrx_word' id='word_1_540' title='bbox 1505 1060 1555 1096; x_wconf 85' lang='grc' dir='ltr'>τῆς</span> <span class='ocrx_word' id='word_1_541' title='bbox 1568 1059 1651 1087; x_wconf 79' lang='grc' dir='ltr'>αὑτοῦ</span> <span class='ocrx_word' id='word_1_542' title='bbox 1671 1060 1780 1095; x_wconf 82' lang='grc' dir='ltr'>ἁγιότη-</span> 
     </span>
    </p>
   </div>
   <div class='ocr_carea' id='block_1_75' title="bbox 993 1104 1785 1141">
    <p class='ocr_par' dir='ltr' id='par_1_75' title="bbox 993 1104 1785 1141">
     <span class='ocr_line' id='line_1_75' title="bbox 993 1104 1785 1141; baseline 0.003 -10"><span class='ocrx_word' id='word_1_543' title='bbox 993 1113 1040 1136; x_wconf 90' lang='grc' dir='ltr'>τος</span> <span class='ocrx_word' id='word_1_544' title='bbox 1056 1104 1102 1131; x_wconf 81' lang='grc' dir='ltr'>καὶ</span> <span class='ocrx_word' id='word_1_545' title='bbox 1118 1105 1253 1140; x_wconf 86' lang='grc' dir='ltr'>θεότητος.</span> <span class='ocrx_word' id='word_1_546' title='bbox 1272 1105 1321 1133; x_wconf 74' lang='grc' dir='ltr'>καὶ</span> <span class='ocrx_word' id='word_1_547' title='bbox 1338 1105 1452 1138; x_wconf 79' lang='grc' dir='ltr'><strong>σκεύους</strong></span> <span class='ocrx_word' id='word_1_548' title='bbox 1471 1106 1635 1141; x_wconf 79' lang='grc' dir='ltr'>ἁγιωσύνης,</span> <span class='ocrx_word' id='word_1_549' title='bbox 1656 1106 1704 1133; x_wconf 81' lang='grc' dir='ltr'>καὶ</span> <span class='ocrx_word' id='word_1_550' title='bbox 1720 1107 1785 1133; x_wconf 82' lang='grc' dir='ltr'>ἀνσ-</span> 
     </span>
    </p>
   </div>
   <div class='ocr_carea' id='block_1_76' title="bbox 996 1151 1786 1188">
    <p class='ocr_par' dir='ltr' id='par_1_76' title="bbox 996 1151 1786 1188">
     <span class='ocr_line' id='line_1_76' title="bbox 996 1151 1786 1188; baseline 0.003 -11"><span class='ocrx_word' id='word_1_551' title='bbox 996 1151 1142 1187; x_wconf 85' lang='grc' dir='ltr'>μαρτήτως</span> <span class='ocrx_word' id='word_1_552' title='bbox 1170 1151 1206 1177; x_wconf 85' lang='grc' dir='ltr'><strong>τὰ</strong></span> <span class='ocrx_word' id='word_1_553' title='bbox 1230 1151 1321 1178; x_wconf 77' lang='grc' dir='ltr'>πάντα</span> <span class='ocrx_word' id='word_1_554' title='bbox 1347 1152 1459 1184; x_wconf 78' lang='grc' dir='ltr'><strong>τελείως</strong></span> <span class='ocrx_word' id='word_1_555' title='bbox 1487 1152 1568 1188; x_wconf 77' lang='grc' dir='ltr'>ἔχων,</span> <span class='ocrx_word' id='word_1_556' title='bbox 1592 1152 1641 1179; x_wconf 79' lang='grc' dir='ltr'>καὶ</span> <span class='ocrx_word' id='word_1_557' title='bbox 1661 1151 1786 1187; x_wconf 74' lang='grc' dir='ltr'>ἐσχηκὼς</span> 
     </span>
    </p>
   </div>
   <div class='ocr_carea' id='block_1_77' title="bbox 994 1197 1786 1234">
    <p class='ocr_par' dir='ltr' id='par_1_77' title="bbox 994 1197 1786 1234">
     <span class='ocr_line' id='line_1_77' title="bbox 994 1197 1786 1234; baseline 0.001 -10"><span class='ocrx_word' id='word_1_558' title='bbox 994 1197 1082 1233; x_wconf 82' lang='grc' dir='ltr'>ψυχὴν</span> <span class='ocrx_word' id='word_1_559' title='bbox 1097 1197 1270 1234; x_wconf 79' lang='grc' dir='ltr'>ἀνθρωπίνην</span> <span class='ocrx_word' id='word_1_560' title='bbox 1284 1198 1313 1224; x_wconf 74' lang='grc' dir='ltr'>ἐν</span> <span class='ocrx_word' id='word_1_561' title='bbox 1330 1198 1454 1234; x_wconf 78' lang='grc' dir='ltr'><strong>ἀληθείᾳ,</strong></span> <span class='ocrx_word' id='word_1_562' title='bbox 1472 1198 1534 1225; x_wconf 86' lang='grc' dir='ltr'>νοῦν</span> <span class='ocrx_word' id='word_1_563' title='bbox 1548 1198 1594 1225; x_wconf 79' lang='grc' dir='ltr'>τὸν</span> <span class='ocrx_word' id='word_1_564' title='bbox 1616 1197 1786 1234; x_wconf 80' lang='grc' dir='ltr'>ἀνθρώπινον</span> 
     </span>
    </p>
   </div>
   <div class='ocr_carea' id='block_1_78' title="bbox 995 1243 1786 1280">
    <p class='ocr_par' dir='ltr' id='par_1_78' title="bbox 995 1243 1786 1280">
     <span class='ocr_line' id='line_1_78' title="bbox 995 1243 1786 1280; baseline 0 -10"><span class='ocrx_word' id='word_1_565' title='bbox 995 1244 1024 1270; x_wconf 79' lang='grc' dir='ltr'><strong>ὲν</strong></span> <span class='ocrx_word' id='word_1_566' title='bbox 1041 1243 1155 1279; x_wconf 81' lang='grc' dir='ltr'>ἀληθείᾳ</span> <span class='ocrx_word' id='word_1_567' title='bbox 1165 1253 1171 1259; x_wconf 94' lang='grc'><strong>·</strong></span> <span class='ocrx_word' id='word_1_568' title='bbox 1187 1244 1237 1279; x_wconf 85' lang='grc' dir='ltr'><strong>οὐχ</strong></span> <span class='ocrx_word' id='word_1_569' title='bbox 1250 1244 1288 1276; x_wconf 89' lang='grc' dir='ltr'>ὼς</span> <span class='ocrx_word' id='word_1_570' title='bbox 1305 1243 1383 1279; x_wconf 82' lang='grc' dir='ltr'>ἡμῶν</span> <span class='ocrx_word' id='word_1_571' title='bbox 1397 1243 1645 1280; x_wconf 77' lang='grc' dir='ltr'>διαϐεϐαιουμένων</span> <span class='ocrx_word' id='word_1_572' title='bbox 1663 1243 1709 1271; x_wconf 73' lang='grc' dir='ltr'><strong>τὸν</strong></span> <span class='ocrx_word' id='word_1_573' title='bbox 1723 1243 1786 1271; x_wconf 78' lang='grc' dir='ltr'>νοῦν</span> 
     </span>
    </p>
   </div>
   <div class='ocr_carea' id='block_1_79' title="bbox 995 1287 1786 1325">
    <p class='ocr_par' dir='ltr' id='par_1_79' title="bbox 995 1287 1786 1325">
     <span class='ocr_line' id='line_1_79' title="bbox 995 1287 1786 1325; baseline 0.003 -10"><span class='ocrx_word' id='word_1_574' title='bbox 995 1287 1064 1316; x_wconf 77' lang='grc' dir='ltr'>εἴναι</span> <span class='ocrx_word' id='word_1_575' title='bbox 1080 1289 1240 1323; x_wconf 78' lang='grc' dir='ltr'><strong>ὑπόστασιν,</strong></span> <span class='ocrx_word' id='word_1_576' title='bbox 1264 1290 1355 1322; x_wconf 89' lang='grc' dir='ltr'>καθὼς</span> <span class='ocrx_word' id='word_1_577' title='bbox 1368 1290 1443 1318; x_wconf 78' lang='grc' dir='ltr'>ἄλλοι</span> <span class='ocrx_word' id='word_1_578' title='bbox 1460 1290 1578 1325; x_wconf 80' lang='grc' dir='ltr'>λέγουσι.</span> <span class='ocrx_word' id='word_1_579' title='bbox 1596 1290 1676 1318; x_wconf 83' lang='grc' dir='ltr'><strong>Κατὰ</strong></span> <span class='ocrx_word' id='word_1_580' title='bbox 1696 1290 1786 1318; x_wconf 82' lang='grc' dir='ltr'>πάντα</span> 
     </span>
    </p>
   </div>
   <div class='ocr_carea' id='block_1_80' title="bbox 994 1334 1786 1372">
    <p class='ocr_par' dir='ltr' id='par_1_80' title="bbox 994 1334 1786 1372">
     <span class='ocr_line' id='line_1_80' title="bbox 994 1334 1786 1372; baseline 0.004 -11"><span class='ocrx_word' id='word_1_581' title='bbox 994 1334 1023 1361; x_wconf 86' lang='grc' dir='ltr'>δὲ</span> <span class='ocrx_word' id='word_1_582' title='bbox 1037 1334 1074 1371; x_wconf 85' lang='grc' dir='ltr'>μὴ</span> <span class='ocrx_word' id='word_1_583' title='bbox 1087 1335 1237 1371; x_wconf 84' lang='grc' dir='ltr'>χρανθέντα</span> <span class='ocrx_word' id='word_1_584' title='bbox 1253 1337 1282 1363; x_wconf 81' lang='grc' dir='ltr'>ὲν</span> <span class='ocrx_word' id='word_1_585' title='bbox 1294 1337 1425 1372; x_wconf 78' lang='grc' dir='ltr'>ἁμαρτίᾳ,</span> <span class='ocrx_word' id='word_1_586' title='bbox 1444 1336 1532 1372; x_wconf 77' lang='grc' dir='ltr'>στόμα</span> <span class='ocrx_word' id='word_1_587' title='bbox 1553 1337 1590 1372; x_wconf 85' lang='grc' dir='ltr'>μὴ</span> <span class='ocrx_word' id='word_1_588' title='bbox 1603 1337 1786 1372; x_wconf 81' lang='grc' dir='ltr'>ψευσάμενον.</span> 
     </span>
    </p>
   </div>
   <div class='ocr_carea' id='block_1_81' title="bbox 995 1380 1787 1419">
    <p class='ocr_par' dir='ltr' id='par_1_81' title="bbox 995 1380 1787 1419">
     <span class='ocr_line' id='line_1_81' title="bbox 995 1380 1787 1419; baseline 0.005 -13"><span class='ocrx_word' id='word_1_589' title='bbox 995 1380 1071 1415; x_wconf 85' lang='grc' dir='ltr'>χείλη</span> <span class='ocrx_word' id='word_1_590' title='bbox 1097 1380 1135 1416; x_wconf 83' lang='grc' dir='ltr'>μὴ</span> <span class='ocrx_word' id='word_1_591' title='bbox 1150 1380 1306 1417; x_wconf 86' lang='grc' dir='ltr'>λαλήσαντα</span> <span class='ocrx_word' id='word_1_592' title='bbox 1330 1381 1415 1416; x_wconf 83' lang='grc' dir='ltr'>δόλον,</span> <span class='ocrx_word' id='word_1_593' title='bbox 1437 1383 1552 1419; x_wconf 82' lang='grc' dir='ltr'>καρδίαν</span> <span class='ocrx_word' id='word_1_594' title='bbox 1567 1383 1605 1418; x_wconf 83' lang='grc' dir='ltr'>μὴ</span> <span class='ocrx_word' id='word_1_595' title='bbox 1623 1383 1787 1411; x_wconf 81' lang='grc' dir='ltr'>ὲκκλίνασαν</span> 
     </span>
    </p>
   </div>
   <div class='ocr_carea' id='block_1_82' title="bbox 996 1425 1786 1463">
    <p class='ocr_par' dir='ltr' id='par_1_82' title="bbox 996 1425 1786 1463">
     <span class='ocr_line' id='line_1_82' title="bbox 996 1425 1786 1463; baseline 0.004 -12"><span class='ocrx_word' id='word_1_596' title='bbox 996 1426 1035 1456; x_wconf 87' lang='grc' dir='ltr'><strong>εἰς</strong></span> <span class='ocrx_word' id='word_1_597' title='bbox 1050 1425 1204 1461; x_wconf 80' lang='grc' dir='ltr'>ἐρεθισμὸν,</span> <span class='ocrx_word' id='word_1_598' title='bbox 1223 1425 1285 1453; x_wconf 86' lang='grc' dir='ltr'>νοῦν</span> <span class='ocrx_word' id='word_1_599' title='bbox 1306 1425 1344 1462; x_wconf 83' lang='grc' dir='ltr'>μὴ</span> <span class='ocrx_word' id='word_1_600' title='bbox 1366 1426 1538 1462; x_wconf 78' lang='grc' dir='ltr'>ἐκτραπέντα</span> <span class='ocrx_word' id='word_1_601' title='bbox 1561 1427 1601 1459; x_wconf 83' lang='grc' dir='ltr'><strong>εις</strong></span> <span class='ocrx_word' id='word_1_602' title='bbox 1616 1427 1634 1454; x_wconf 78' lang='grc' dir='ltr'>ἃ</span> <span class='ocrx_word' id='word_1_603' title='bbox 1660 1428 1697 1463; x_wconf 82' lang='grc' dir='ltr'>μὴ</span> <span class='ocrx_word' id='word_1_604' title='bbox 1722 1427 1786 1463; x_wconf 82' lang='grc' dir='ltr'><strong>χρὴ.</strong></span> 
     </span>
    </p>
   </div>
   <div class='ocr_carea' id='block_1_83' title="bbox 998 1470 1787 1508">
    <p class='ocr_par' dir='ltr' id='par_1_83' title="bbox 998 1470 1787 1508">
     <span class='ocr_line' id='line_1_83' title="bbox 998 1470 1787 1508; baseline 0.004 -11"><span class='ocrx_word' id='word_1_605' title='bbox 998 1470 1087 1506; x_wconf 79' lang='grc' dir='ltr'>σάρκα</span> <span class='ocrx_word' id='word_1_606' title='bbox 1103 1470 1141 1506; x_wconf 81' lang='grc' dir='ltr'>μὴ</span> <span class='ocrx_word' id='word_1_607' title='bbox 1157 1470 1206 1507; x_wconf 87' lang='grc' dir='ltr'>τὴν</span> <span class='ocrx_word' id='word_1_608' title='bbox 1227 1472 1329 1507; x_wconf 84' lang='grc' dir='ltr'>σαρκὸς</span> <span class='ocrx_word' id='word_1_609' title='bbox 1342 1472 1438 1508; x_wconf 86' lang='grc' dir='ltr'>ἡδονὴν</span> <span class='ocrx_word' id='word_1_610' title='bbox 1462 1473 1668 1508; x_wconf 74' lang='grc' dir='ltr'>ἐργασαμένην·</span> <span class='ocrx_word' id='word_1_611' title='bbox 1684 1473 1787 1504; x_wconf 82' lang='grc' dir='ltr'>τέλειος</span> 
     </span>
    </p>
   </div>
   <div class='ocr_carea' id='block_1_84' title="bbox 996 1516 1786 1554">
    <p class='ocr_par' dir='ltr' id='par_1_84' title="bbox 996 1516 1786 1554">
     <span class='ocr_line' id='line_1_84' title="bbox 996 1516 1786 1554; baseline 0.003 -12"><span class='ocrx_word' id='word_1_612' title='bbox 996 1516 1100 1543; x_wconf 78' lang='grc' dir='ltr'>ἄνωθεν</span> <span class='ocrx_word' id='word_1_613' title='bbox 1128 1516 1205 1548; x_wconf 82' lang='grc' dir='ltr'>Θεὸς,</span> <span class='ocrx_word' id='word_1_614' title='bbox 1225 1517 1276 1544; x_wconf 81' lang='grc' dir='ltr'><strong>οὐκ</strong></span> <span class='ocrx_word' id='word_1_615' title='bbox 1298 1516 1384 1544; x_wconf 84' lang='grc' dir='ltr'>ὲλθὼν</span> <span class='ocrx_word' id='word_1_616' title='bbox 1406 1518 1568 1553; x_wconf 79' lang='grc' dir='ltr'><strong>κατοικῆσαι</strong></span> <span class='ocrx_word' id='word_1_617' title='bbox 1592 1519 1621 1545; x_wconf 78' lang='grc' dir='ltr'>ὲν</span> <span class='ocrx_word' id='word_1_618' title='bbox 1638 1517 1786 1554; x_wconf 72' lang='grc' dir='ltr'>ἀνθρώπῳ,</span> 
     </span>
    </p>
   </div>
   <div class='ocr_carea' id='block_1_85' title="bbox 93 1562 942 1602">
    <p class='ocr_par' dir='ltr' id='par_1_85' title="bbox 93 1567 942 1602">
     <span class='ocr_line' id='line_1_85' title="bbox 93 1567 942 1602; baseline 0 -8"><span class='ocrx_word' id='word_1_619' title='bbox 93 1574 97 1579; x_wconf 93' lang='grc'>·</span> <span class='ocrx_word' id='word_1_620' title='bbox 152 1567 275 1595; x_wconf 87' lang='lat' dir='ltr'><strong>admisit.</strong></span> <span class='ocrx_word' id='word_1_621' title='bbox 293 1567 367 1595; x_wconf 84' lang='lat' dir='ltr'><strong>Deus</strong></span> <span class='ocrx_word' id='word_1_622' title='bbox 392 1567 427 1594; x_wconf 91' lang='lat' dir='ltr'><strong>ab</strong></span> <span class='ocrx_word' id='word_1_623' title='bbox 451 1571 555 1600; x_wconf 80' lang='lat' dir='ltr'><strong>:eternp</strong></span> <span class='ocrx_word' id='word_1_624' title='bbox 576 1567 725 1602; x_wconf 81' lang='lat' dir='ltr'><strong>perfectus,</strong></span> <span class='ocrx_word' id='word_1_625' title='bbox 744 1567 790 1602; x_wconf 90' lang='lat' dir='ltr'><strong>qui</strong></span> <span class='ocrx_word' id='word_1_626' title='bbox 806 1574 860 1594; x_wconf 88' lang='lat' dir='ltr'><strong>tton</strong></span> <span class='ocrx_word' id='word_1_627' title='bbox 873 1571 903 1594; x_wconf 87' lang='lat' dir='ltr'><strong>ut</strong></span> <span class='ocrx_word' id='word_1_628' title='bbox 918 1567 942 1594; x_wconf 93' lang='lat' dir='ltr'><strong>in</strong></span> 
     </span>
    </p>
   </div>
   <div class='ocr_carea' id='block_1_86' title="bbox 995 1562 1788 1602">
    <p class='ocr_par' dir='ltr' id='par_1_86' title="bbox 997 1562 1788 1599">
     <span class='ocr_line' id='line_1_86' title="bbox 997 1562 1788 1599; baseline 0.003 -11"><span class='ocrx_word' id='word_1_629' title='bbox 997 1562 1054 1588; x_wconf 81' lang='grc' dir='ltr'>ἀλλ’</span> <span class='ocrx_word' id='word_1_630' title='bbox 1078 1562 1159 1594; x_wconf 81' lang='grc' dir='ltr'>αὐτὸς</span> <span class='ocrx_word' id='word_1_631' title='bbox 1183 1562 1243 1594; x_wconf 80' lang='grc' dir='ltr'>ὅλος</span> <span class='ocrx_word' id='word_1_632' title='bbox 1261 1562 1271 1578; x_wconf 83' lang='grc'><strong><em>⁸</em></strong></span> <span class='ocrx_word' id='word_1_633' title='bbox 1297 1562 1521 1599; x_wconf 78' lang='grc' dir='ltr'>ὲνανθρωπήσας,</span> <span class='ocrx_word' id='word_1_634' title='bbox 1546 1563 1577 1590; x_wconf 83' lang='grc' dir='ltr'><strong>οὐ</strong></span> <span class='ocrx_word' id='word_1_635' title='bbox 1599 1563 1715 1599; x_wconf 73' lang='grc' dir='ltr'>τραπεὶς</span> <span class='ocrx_word' id='word_1_636' title='bbox 1737 1565 1788 1598; x_wconf 82' lang='grc' dir='ltr'>τὴν</span> 
     </span>
    </p>
   </div>
   <div class='ocr_carea' id='block_1_87' title="bbox 993 1607 1788 1644">
    <p class='ocr_par' dir='ltr' id='par_1_87' title="bbox 993 1607 1788 1644">
     <span class='ocr_line' id='line_1_87' title="bbox 993 1607 1788 1644; baseline 0.003 -10"><span class='ocrx_word' id='word_1_637' title='bbox 993 1607 1084 1642; x_wconf 87' lang='grc' dir='ltr'>φύσιν,</span> <span class='ocrx_word' id='word_1_638' title='bbox 1102 1608 1344 1644; x_wconf 81' lang='grc' dir='ltr'>συμπεριειληφὼς</span> <span class='ocrx_word' id='word_1_639' title='bbox 1360 1609 1390 1635; x_wconf 83' lang='grc' dir='ltr'>δὲ</span> <span class='ocrx_word' id='word_1_640' title='bbox 1404 1609 1463 1644; x_wconf 73' lang='grc' dir='ltr'>ἅμα</span> <span class='ocrx_word' id='word_1_641' title='bbox 1476 1610 1509 1644; x_wconf 86' lang='grc' dir='ltr'><strong>τῇ</strong></span> <span class='ocrx_word' id='word_1_642' title='bbox 1527 1609 1635 1644; x_wconf 91' lang='grc' dir='ltr'>θεότητι</span> <span class='ocrx_word' id='word_1_643' title='bbox 1649 1609 1699 1644; x_wconf 81' lang='grc' dir='ltr'>τὴν</span> <span class='ocrx_word' id='word_1_644' title='bbox 1719 1609 1788 1636; x_wconf 87' lang='grc' dir='ltr'>ίδίαν</span> 
     </span>
    </p>
   </div>
   <div class='ocr_carea' id='block_1_88' title="bbox 993 1653 1788 1691">
    <p class='ocr_par' dir='ltr' id='par_1_88' title="bbox 993 1653 1788 1691">
     <span class='ocr_line' id='line_1_88' title="bbox 993 1653 1788 1691; baseline 0.003 -11"><span class='ocrx_word' id='word_1_645' title='bbox 993 1653 1210 1689; x_wconf 79' lang='grc' dir='ltr'>ὲνανθρώπησιν.</span> <span class='ocrx_word' id='word_1_646' title='bbox 1243 1654 1288 1681; x_wconf 85' lang='grc' dir='ltr'><strong>Ἐν</strong></span> <span class='ocrx_word' id='word_1_647' title='bbox 1318 1655 1410 1691; x_wconf 81' lang='grc' dir='ltr'>μήτρᾳ</span> <span class='ocrx_word' id='word_1_648' title='bbox 1442 1654 1584 1691; x_wconf 79' lang='grc' dir='ltr'><strong>Παρθένου</strong></span> <span class='ocrx_word' id='word_1_649' title='bbox 1613 1655 1734 1690; x_wconf 83' lang='grc' dir='ltr'><strong>γεγονὼς</strong></span> <span class='ocrx_word' id='word_1_650' title='bbox 1758 1657 1788 1682; x_wconf 83' lang='grc' dir='ltr'><strong>ὲν</strong></span> 
     </span>
    </p>
   </div>
   <div class='ocr_carea' id='block_1_89' title="bbox 993 1699 1788 1738">
    <p class='ocr_par' dir='ltr' id='par_1_89' title="bbox 993 1699 1788 1738">
     <span class='ocr_line' id='line_1_89' title="bbox 993 1699 1788 1738; baseline 0.004 -12"><span class='ocrx_word' id='word_1_651' title='bbox 993 1699 1115 1736; x_wconf 82' lang='grc' dir='ltr'>ἀληθείᾳ,</span> <span class='ocrx_word' id='word_1_652' title='bbox 1128 1701 1306 1737; x_wconf 80' lang='grc' dir='ltr'>κυοφορηθεὶς</span> <span class='ocrx_word' id='word_1_653' title='bbox 1315 1700 1360 1728; x_wconf 82' lang='grc' dir='ltr'><strong>τὸν</strong></span> <span class='ocrx_word' id='word_1_654' title='bbox 1371 1701 1476 1737; x_wconf 85' lang='grc' dir='ltr'>χρόνον,</span> <span class='ocrx_word' id='word_1_655' title='bbox 1488 1701 1628 1737; x_wconf 79' lang='grc' dir='ltr'>γεννηθεὶς</span> <span class='ocrx_word' id='word_1_656' title='bbox 1637 1702 1682 1729; x_wconf 82' lang='grc' dir='ltr'>διὰ</span> <span class='ocrx_word' id='word_1_657' title='bbox 1693 1710 1788 1738; x_wconf 84' lang='grc' dir='ltr'>γεννη-</span> 
     </span>
    </p>
   </div>
   <div class='ocr_carea' id='block_1_90' title="bbox 992 1744 1787 1782">
    <p class='ocr_par' dir='ltr' id='par_1_90' title="bbox 992 1744 1787 1782">
     <span class='ocr_line' id='line_1_90' title="bbox 992 1744 1787 1782; baseline 0.006 -12"><span class='ocrx_word' id='word_1_658' title='bbox 992 1744 1078 1771; x_wconf 85' lang='grc' dir='ltr'>τικῶν</span> <span class='ocrx_word' id='word_1_659' title='bbox 1095 1745 1187 1781; x_wconf 90' lang='grc' dir='ltr'>πόρων</span> <span class='ocrx_word' id='word_1_660' title='bbox 1199 1745 1434 1781; x_wconf 80' lang='grc' dir='ltr'>ἀνεπαισχύντως,</span> <span class='ocrx_word' id='word_1_661' title='bbox 1446 1747 1598 1782; x_wconf 80' lang='grc' dir='ltr'>ἀχράντως,</span> <span class='ocrx_word' id='word_1_662' title='bbox 1613 1747 1787 1782; x_wconf 84' lang='grc' dir='ltr'>ἀμολύντως·</span> 
     </span>
    </p>
   </div>
   <div class='ocr_carea' id='block_1_91' title="bbox 993 1792 1788 1829">
    <p class='ocr_par' dir='ltr' id='par_1_91' title="bbox 993 1792 1788 1829">
     <span class='ocr_line' id='line_1_91' title="bbox 993 1792 1788 1829; baseline 0.003 -11"><span class='ocrx_word' id='word_1_663' title='bbox 993 1792 1170 1828; x_wconf 76' lang='grc' dir='ltr'>ἀνατραφεὶς,</span> <span class='ocrx_word' id='word_1_664' title='bbox 1187 1794 1234 1820; x_wconf 79' lang='grc' dir='ltr'>καὶ</span> <span class='ocrx_word' id='word_1_665' title='bbox 1248 1793 1454 1827; x_wconf 80' lang='grc' dir='ltr'>ὲναγκαλισθεὶς</span> <span class='ocrx_word' id='word_1_666' title='bbox 1469 1793 1521 1821; x_wconf 78' lang='grc' dir='ltr'>ὑπό</span> <span class='ocrx_word' id='word_1_667' title='bbox 1532 1802 1562 1820; x_wconf 89' lang='grc' dir='ltr'>τε</span> <span class='ocrx_word' id='word_1_668' title='bbox 1575 1793 1718 1829; x_wconf 79' lang='grc' dir='ltr'><strong>Συμεῶνος</strong></span> <span class='ocrx_word' id='word_1_669' title='bbox 1739 1794 1788 1820; x_wconf 76' lang='grc' dir='ltr'>καὶ</span> 
     </span>
    </p>
   </div>
   <div class='ocr_carea' id='block_1_92' title="bbox 996 1838 1788 1874">
    <p class='ocr_par' dir='ltr' id='par_1_92' title="bbox 996 1838 1788 1874">
     <span class='ocr_line' id='line_1_92' title="bbox 996 1838 1788 1874; baseline 0.003 -11"><span class='ocrx_word' id='word_1_670' title='bbox 996 1838 1104 1874; x_wconf 81' lang='grc' dir='ltr'>Ἀννης,</span> <span class='ocrx_word' id='word_1_671' title='bbox 1127 1838 1291 1874; x_wconf 75' lang='grc' dir='ltr'>βασταχθεὶς</span> <span class='ocrx_word' id='word_1_672' title='bbox 1305 1838 1357 1865; x_wconf 77' lang='grc' dir='ltr'><strong>ὑπὸ</strong></span> <span class='ocrx_word' id='word_1_673' title='bbox 1373 1839 1493 1874; x_wconf 84' lang='grc' dir='ltr'>Μαρίας,</span> <span class='ocrx_word' id='word_1_674' title='bbox 1513 1838 1659 1872; x_wconf 81' lang='grc' dir='ltr'>πεζεύσας,</span> <span class='ocrx_word' id='word_1_675' title='bbox 1682 1839 1788 1865; x_wconf 81' lang='grc' dir='ltr'>ὁδοιπο-</span> 
     </span>
    </p>
   </div>
   <div class='ocr_carea' id='block_1_93' title="bbox 997 1884 1788 1921">
    <p class='ocr_par' dir='ltr' id='par_1_93' title="bbox 997 1884 1788 1921">
     <span class='ocr_line' id='line_1_93' title="bbox 997 1884 1788 1921; baseline 0.003 -11"><span class='ocrx_word' id='word_1_676' title='bbox 997 1885 1093 1920; x_wconf 87' lang='grc' dir='ltr'>ρήσας,</span> <span class='ocrx_word' id='word_1_677' title='bbox 1117 1885 1224 1911; x_wconf 83' lang='grc' dir='ltr'>παιδίον</span> <span class='ocrx_word' id='word_1_678' title='bbox 1245 1885 1375 1919; x_wconf 85' lang='grc' dir='ltr'>γεγονὼς,</span> <span class='ocrx_word' id='word_1_679' title='bbox 1402 1884 1550 1920; x_wconf 85' lang='grc' dir='ltr'>ἀνδρωθεὶς</span> <span class='ocrx_word' id='word_1_680' title='bbox 1576 1887 1609 1921; x_wconf 84' lang='grc' dir='ltr'>τῇ</span> <span class='ocrx_word' id='word_1_681' title='bbox 1632 1885 1736 1921; x_wconf 82' lang='grc' dir='ltr'>ἡλικίᾳ,</span> <span class='ocrx_word' id='word_1_682' title='bbox 1752 1885 1788 1912; x_wconf 80' lang='grc' dir='ltr'>τὰ</span> 
     </span>
    </p>
   </div>
   <div class='ocr_carea' id='block_1_94' title="bbox 995 1930 1788 1968">
    <p class='ocr_par' dir='ltr' id='par_1_94' title="bbox 995 1930 1788 1968">
     <span class='ocr_line' id='line_1_94' title="bbox 995 1930 1788 1968; baseline 0.001 -11"><span class='ocrx_word' id='word_1_683' title='bbox 995 1931 1084 1958; x_wconf 83' lang='grc' dir='ltr'>πάντα</span> <span class='ocrx_word' id='word_1_684' title='bbox 1100 1931 1169 1966; x_wconf 74' lang='grc' dir='ltr'>ἔχων</span> <span class='ocrx_word' id='word_1_685' title='bbox 1183 1932 1211 1957; x_wconf 84' lang='grc' dir='ltr'>ὲν</span> <span class='ocrx_word' id='word_1_686' title='bbox 1224 1930 1314 1965; x_wconf 81' lang='grc' dir='ltr'>ὲαυτῷ</span> <span class='ocrx_word' id='word_1_687' title='bbox 1332 1931 1360 1957; x_wconf 71' lang='grc' dir='ltr'><strong>ἐν</strong></span> <span class='ocrx_word' id='word_1_688' title='bbox 1372 1931 1532 1968; x_wconf 61' lang='grc' dir='ltr'>τελειότητι,</span> <span class='ocrx_word' id='word_1_689' title='bbox 1550 1932 1579 1958; x_wconf 88' lang='grc' dir='ltr'><strong>ὲν</strong></span> <span class='ocrx_word' id='word_1_690' title='bbox 1596 1931 1705 1966; x_wconf 84' lang='grc' dir='ltr'>ἀριθμῷ</span> <span class='ocrx_word' id='word_1_691' title='bbox 1719 1931 1788 1958; x_wconf 76' lang='grc' dir='ltr'>ἑτῶν</span> 
     </span>
    </p>
   </div>
   <div class='ocr_carea' id='block_1_95' title="bbox 994 1976 1786 2013">
    <p class='ocr_par' dir='ltr' id='par_1_95' title="bbox 994 1976 1786 2013">
     <span class='ocr_line' id='line_1_95' title="bbox 994 1976 1786 2013; baseline 0.001 -10"><span class='ocrx_word' id='word_1_692' title='bbox 994 1977 1139 2012; x_wconf 75' lang='grc' dir='ltr'><strong>λογισθεὶς,</strong></span> <span class='ocrx_word' id='word_1_693' title='bbox 1155 1978 1184 2003; x_wconf 82' lang='grc' dir='ltr'><strong>ὲν</strong></span> <span class='ocrx_word' id='word_1_694' title='bbox 1208 1976 1318 2013; x_wconf 81' lang='grc' dir='ltr'>ἀριθμῷ</span> <span class='ocrx_word' id='word_1_695' title='bbox 1333 1977 1425 2012; x_wconf 86' lang='grc' dir='ltr'>μηνῶν</span> <span class='ocrx_word' id='word_1_696' title='bbox 1440 1978 1469 2004; x_wconf 78' lang='grc' dir='ltr'>ὲν</span> <span class='ocrx_word' id='word_1_697' title='bbox 1490 1977 1580 2013; x_wconf 75' lang='grc' dir='ltr'>κοιλίᾳ</span> <span class='ocrx_word' id='word_1_698' title='bbox 1594 1977 1786 2013; x_wconf 75' lang='grc' dir='ltr'>κυοφορηθεὶς,</span> 
     </span>
    </p>
   </div>
   <div class='ocr_carea' id='block_1_96' title="bbox 995 2024 1785 2059">
    <p class='ocr_par' dir='ltr' id='par_1_96' title="bbox 995 2024 1785 2059">
     <span class='ocr_line' id='line_1_96' title="bbox 995 2024 1785 2059; baseline 0.001 -9"><span class='ocrx_word' id='word_1_699' title='bbox 995 2024 1156 2058; x_wconf 74' lang='grc' dir='ltr'>γενόμενος</span> <span class='ocrx_word' id='word_1_700' title='bbox 1173 2024 1208 2051; x_wconf 80' lang='grc' dir='ltr'>ἐκ</span> <span class='ocrx_word' id='word_1_701' title='bbox 1232 2025 1384 2059; x_wconf 76' lang='grc' dir='ltr'>γυναικὸς,</span> <span class='ocrx_word' id='word_1_702' title='bbox 1411 2025 1572 2059; x_wconf 67' lang='grc' dir='ltr'>γενόμενος</span> <span class='ocrx_word' id='word_1_703' title='bbox 1597 2024 1656 2052; x_wconf 79' lang='grc' dir='ltr'><strong>ὑπὸ</strong></span> <span class='ocrx_word' id='word_1_704' title='bbox 1674 2025 1785 2059; x_wconf 80' lang='grc' dir='ltr'>νόμον·</span> 
     </span>
    </p>
   </div>
   <div class='ocr_carea' id='block_1_97' title="bbox 995 2069 1786 2106">
    <p class='ocr_par' dir='ltr' id='par_1_97' title="bbox 995 2069 1786 2106">
     <span class='ocr_line' id='line_1_97' title="bbox 995 2069 1786 2106; baseline 0.003 -10"><span class='ocrx_word' id='word_1_705' title='bbox 995 2069 1079 2097; x_wconf 77' lang='grc' dir='ltr'>ἐλθὼν</span> <span class='ocrx_word' id='word_1_706' title='bbox 1094 2070 1141 2097; x_wconf 71' lang='grc' dir='ltr'><strong>ἐπὶ</strong></span> <span class='ocrx_word' id='word_1_707' title='bbox 1163 2070 1209 2097; x_wconf 82' lang='grc' dir='ltr'>τὸν</span> <span class='ocrx_word' id='word_1_708' title='bbox 1232 2070 1378 2106; x_wconf 83' lang='grc' dir='ltr'>Ἰορδάνην,</span> <span class='ocrx_word' id='word_1_709' title='bbox 1398 2070 1556 2106; x_wconf 71' lang='grc' dir='ltr'>βαπτισθεὶς</span> <span class='ocrx_word' id='word_1_710' title='bbox 1579 2070 1632 2097; x_wconf 72' lang='grc' dir='ltr'><strong>ὑπὸ</strong></span> <span class='ocrx_word' id='word_1_711' title='bbox 1652 2071 1786 2103; x_wconf 79' lang='grc' dir='ltr'>Ἰωάννου,</span> 
     </span>
    </p>
   </div>
   <div class='ocr_carea' id='block_1_98' title="bbox 995 2116 1787 2153">
    <p class='ocr_par' dir='ltr' id='par_1_98' title="bbox 995 2116 1787 2153">
     <span class='ocr_line' id='line_1_98' title="bbox 995 2116 1787 2153; baseline 0.001 -11"><span class='ocrx_word' id='word_1_712' title='bbox 995 2116 1046 2143; x_wconf 80' lang='grc' dir='ltr'>οὐκ</span> <span class='ocrx_word' id='word_1_713' title='bbox 1059 2116 1233 2151; x_wconf 82' lang='grc' dir='ltr'>ἑπιδεόμενος</span> <span class='ocrx_word' id='word_1_714' title='bbox 1249 2116 1361 2152; x_wconf 83' lang='grc' dir='ltr'>λουτροῦ</span> <span class='ocrx_word' id='word_1_715' title='bbox 1372 2126 1379 2133; x_wconf 72' lang='grc' dir='ltr'><strong>ι</strong></span> <span class='ocrx_word' id='word_1_716' title='bbox 1395 2117 1438 2144; x_wconf 88' lang='grc' dir='ltr'><strong>διὰ</strong></span> <span class='ocrx_word' id='word_1_717' title='bbox 1450 2117 1479 2144; x_wconf 78' lang='grc' dir='ltr'>δὲ</span> <span class='ocrx_word' id='word_1_718' title='bbox 1493 2118 1523 2144; x_wconf 84' lang='grc' dir='ltr'>τὸ</span> <span class='ocrx_word' id='word_1_719' title='bbox 1537 2117 1682 2145; x_wconf 81' lang='grc' dir='ltr'>ἀκόλουθον</span> <span class='ocrx_word' id='word_1_720' title='bbox 1695 2118 1745 2153; x_wconf 82' lang='grc' dir='ltr'><strong>τῆς</strong></span> <span class='ocrx_word' id='word_1_721' title='bbox 1758 2119 1787 2144; x_wconf 80' lang='grc' dir='ltr'><strong>ὲν</strong></span> 
     </span>
    </p>
   </div>
   <div class='ocr_carea' id='block_1_99' title="bbox 995 2161 1788 2199">
    <p class='ocr_par' dir='ltr' id='par_1_99' title="bbox 995 2161 1788 2199">
     <span class='ocr_line' id='line_1_99' title="bbox 995 2161 1788 2199; baseline 0.003 -11"><span class='ocrx_word' id='word_1_722' title='bbox 995 2161 1070 2198; x_wconf 84' lang='grc' dir='ltr'>νόμῳ</span> <span class='ocrx_word' id='word_1_723' title='bbox 1087 2162 1317 2198; x_wconf 80' lang='grc' dir='ltr'>ὲνανθρωπήσεως</span> <span class='ocrx_word' id='word_1_724' title='bbox 1332 2163 1368 2199; x_wconf 84' lang='grc' dir='ltr'>μὴ</span> <span class='ocrx_word' id='word_1_725' title='bbox 1383 2163 1527 2199; x_wconf 81' lang='grc' dir='ltr'>ταράσσων</span> <span class='ocrx_word' id='word_1_726' title='bbox 1543 2163 1574 2189; x_wconf 86' lang='grc' dir='ltr'>τὸ</span> <span class='ocrx_word' id='word_1_727' title='bbox 1586 2163 1700 2195; x_wconf 85' lang='grc' dir='ltr'>δίκαιον,</span> <span class='ocrx_word' id='word_1_728' title='bbox 1713 2164 1788 2195; x_wconf 84' lang='grc' dir='ltr'>ὅπως</span> 
     </span>
    </p>
   </div>
   <div class='ocr_carea' id='block_1_100' title="bbox 997 2207 1786 2245">
    <p class='ocr_par' dir='ltr' id='par_1_100' title="bbox 997 2207 1786 2245">
     <span class='ocr_line' id='line_1_100' title="bbox 997 2207 1786 2245; baseline 0.003 -11"><span class='ocrx_word' id='word_1_729' title='bbox 997 2207 1139 2244; x_wconf 83' lang='grc' dir='ltr'>πληρωθῇ,</span> <span class='ocrx_word' id='word_1_730' title='bbox 1155 2208 1192 2240; x_wconf 85' lang='grc' dir='ltr'><strong>ὡς</strong></span> <span class='ocrx_word' id='word_1_731' title='bbox 1205 2208 1285 2241; x_wconf 84' lang='grc' dir='ltr'>αὐτὸς</span> <span class='ocrx_word' id='word_1_732' title='bbox 1299 2209 1362 2244; x_wconf 78' lang='grc' dir='ltr'>ἔφη,</span> <span class='ocrx_word' id='word_1_733' title='bbox 1379 2209 1454 2236; x_wconf 82' lang='grc' dir='ltr'>πᾶσα.</span> <span class='ocrx_word' id='word_1_734' title='bbox 1470 2209 1639 2245; x_wconf 79' lang='grc' dir='ltr'>δικαιοσύνη,</span> <span class='ocrx_word' id='word_1_735' title='bbox 1653 2209 1696 2236; x_wconf 82' lang='grc' dir='ltr'><strong>ἵνα</strong></span> <span class='ocrx_word' id='word_1_736' title='bbox 1711 2209 1786 2245; x_wconf 80' lang='grc' dir='ltr'>δείξῃ</span> 
     </span>
    </p>
   </div>
   <div class='ocr_carea' id='block_1_101' title="bbox 996 2253 1786 2292">
    <p class='ocr_par' dir='ltr' id='par_1_101' title="bbox 996 2253 1786 2292">
     <span class='ocr_line' id='line_1_101' title="bbox 996 2253 1786 2292; baseline 0.004 -13"><span class='ocrx_word' id='word_1_737' title='bbox 996 2253 1038 2280; x_wconf 82' lang='grc' dir='ltr'>ὅτι</span> <span class='ocrx_word' id='word_1_738' title='bbox 1062 2253 1191 2289; x_wconf 85' lang='grc' dir='ltr'>ἀληθινὴν</span> <span class='ocrx_word' id='word_1_739' title='bbox 1212 2255 1303 2290; x_wconf 83' lang='grc' dir='ltr'>σάρκα</span> <span class='ocrx_word' id='word_1_740' title='bbox 1326 2254 1478 2288; x_wconf 76' lang='grc' dir='ltr'>ἐνεδύσατο,</span> <span class='ocrx_word' id='word_1_741' title='bbox 1502 2255 1630 2291; x_wconf 82' lang='grc' dir='ltr'>ἀληθινὴν</span> <span class='ocrx_word' id='word_1_742' title='bbox 1649 2255 1786 2292; x_wconf 79' lang='grc' dir='ltr'>ἐνανθρώ-</span> 
     </span>
    </p>
   </div>
   <div class='ocr_carea' id='block_1_102' title="bbox 997 2300 1787 2338">
    <p class='ocr_par' dir='ltr' id='par_1_102' title="bbox 997 2300 1787 2338">
     <span class='ocr_line' id='line_1_102' title="bbox 997 2300 1787 2338; baseline 0.005 -13"><span class='ocrx_word' id='word_1_743' title='bbox 997 2308 1090 2334; x_wconf 82' lang='grc' dir='ltr'>τιησιν.</span> <span class='ocrx_word' id='word_1_744' title='bbox 1118 2300 1323 2336; x_wconf 84' lang='grc' dir='ltr'>Κατερχόμενος</span> <span class='ocrx_word' id='word_1_745' title='bbox 1348 2302 1388 2333; x_wconf 78' lang='grc' dir='ltr'><strong>εἰς</strong></span> <span class='ocrx_word' id='word_1_746' title='bbox 1416 2301 1450 2328; x_wconf 83' lang='grc' dir='ltr'>τὰ</span> <span class='ocrx_word' id='word_1_747' title='bbox 1475 2301 1575 2334; x_wconf 78' lang='grc' dir='ltr'>ὕδατα,</span> <span class='ocrx_word' id='word_1_748' title='bbox 1599 2301 1686 2334; x_wconf 80' lang='grc' dir='ltr'>διδοὺς</span> <span class='ocrx_word' id='word_1_749' title='bbox 1716 2302 1787 2338; x_wconf 70' lang='grc' dir='ltr'>ἢπερ</span> 
     </span>
    </p>
   </div>
   <div class='ocr_carea' id='block_1_103' title="bbox 996 2345 1787 2382">
    <p class='ocr_par' dir='ltr' id='par_1_103' title="bbox 996 2345 1787 2382">
     <span class='ocr_line' id='line_1_103' title="bbox 996 2345 1787 2382; baseline 0.004 -11"><span class='ocrx_word' id='word_1_750' title='bbox 996 2345 1151 2381; x_wconf 80' lang='grc' dir='ltr'>λαμὸάνων,</span> <span class='ocrx_word' id='word_1_751' title='bbox 1168 2346 1353 2382; x_wconf 87' lang='grc' dir='ltr'>παρεχόμενος</span> <span class='ocrx_word' id='word_1_752' title='bbox 1368 2347 1440 2382; x_wconf 72' lang='grc' dir='ltr'>ἤπερ</span> <span class='ocrx_word' id='word_1_753' title='bbox 1458 2347 1641 2382; x_wconf 84' lang='grc' dir='ltr'>ὲπιδεόμενος,</span> <span class='ocrx_word' id='word_1_754' title='bbox 1661 2347 1787 2382; x_wconf 74' lang='grc' dir='ltr'>φωτίζων</span> 
     </span>
    </p>
   </div>
   <div class='ocr_carea' id='block_1_104' title="bbox 996 2391 1787 2428">
    <p class='ocr_par' dir='ltr' id='par_1_104' title="bbox 996 2391 1787 2428">
     <span class='ocr_line' id='line_1_104' title="bbox 996 2391 1787 2428; baseline 0.001 -10"><span class='ocrx_word' id='word_1_755' title='bbox 996 2391 1076 2422; x_wconf 80' lang='grc' dir='ltr'>αὐτὰ,</span> <span class='ocrx_word' id='word_1_756' title='bbox 1092 2391 1249 2426; x_wconf 81' lang='grc' dir='ltr'>ὲνδυναμῶν</span> <span class='ocrx_word' id='word_1_757' title='bbox 1268 2391 1338 2419; x_wconf 83' lang='grc' dir='ltr'>αὐτὰ</span> <span class='ocrx_word' id='word_1_758' title='bbox 1357 2392 1397 2424; x_wconf 82' lang='grc' dir='ltr'>εἰς</span> <span class='ocrx_word' id='word_1_759' title='bbox 1419 2391 1504 2419; x_wconf 83' lang='grc' dir='ltr'>τύπον</span> <span class='ocrx_word' id='word_1_760' title='bbox 1527 2392 1580 2418; x_wconf 85' lang='grc' dir='ltr'><strong>τῶν</strong></span> <span class='ocrx_word' id='word_1_761' title='bbox 1594 2392 1744 2428; x_wconf 86' lang='grc' dir='ltr'>μελλόντων</span> <span class='ocrx_word' id='word_1_762' title='bbox 1757 2393 1787 2419; x_wconf 84' lang='grc' dir='ltr'><strong>ὲν</strong></span> 
     </span>
    </p>
   </div>
   <div class='ocr_carea' id='block_1_105' title="bbox 997 2437 1787 2474">
    <p class='ocr_par' dir='ltr' id='par_1_105' title="bbox 997 2437 1787 2474">
     <span class='ocr_line' id='line_1_105' title="bbox 997 2437 1787 2474; baseline 0.003 -10"><span class='ocrx_word' id='word_1_763' title='bbox 997 2438 1070 2472; x_wconf 85' lang='grc' dir='ltr'><strong>αὺτῷ</strong></span> <span class='ocrx_word' id='word_1_764' title='bbox 1090 2437 1275 2465; x_wconf 86' lang='grc' dir='ltr'>τελειοῦσθαι·</span> <span class='ocrx_word' id='word_1_765' title='bbox 1301 2438 1375 2470; x_wconf 80' lang='grc' dir='ltr'>ὅπως</span> <span class='ocrx_word' id='word_1_766' title='bbox 1398 2439 1423 2464; x_wconf 72' lang='lat' dir='ltr'><strong>oi</strong></span> <span class='ocrx_word' id='word_1_767' title='bbox 1437 2438 1512 2474; x_wconf 78' lang='grc' dir='ltr'>αὐτῷ</span> <span class='ocrx_word' id='word_1_768' title='bbox 1532 2439 1744 2471; x_wconf 82' lang='grc' dir='ltr'>πεπιστευκότες</span> <span class='ocrx_word' id='word_1_769' title='bbox 1757 2439 1787 2465; x_wconf 77' lang='grc' dir='ltr'>ἐν</span> 
     </span>
    </p>
   </div>
   <div class='ocr_carea' id='block_1_106' title="bbox 996 2484 1788 2520">
    <p class='ocr_par' dir='ltr' id='par_1_106' title="bbox 996 2484 1788 2520">
     <span class='ocr_line' id='line_1_106' title="bbox 996 2484 1788 2520; baseline 0.001 -10"><span class='ocrx_word' id='word_1_770' title='bbox 996 2484 1119 2520; x_wconf 75' lang='grc' dir='ltr'>ἀληθεία,</span> <span class='ocrx_word' id='word_1_771' title='bbox 1143 2485 1189 2511; x_wconf 77' lang='grc' dir='ltr'><strong>καὶ</strong></span> <span class='ocrx_word' id='word_1_772' title='bbox 1208 2484 1314 2519; x_wconf 75' lang='grc' dir='ltr'>ἔχοντες</span> <span class='ocrx_word' id='word_1_773' title='bbox 1335 2484 1385 2520; x_wconf 68' lang='grc' dir='ltr'><strong>τὴν</strong></span> <span class='ocrx_word' id='word_1_774' title='bbox 1403 2485 1493 2512; x_wconf 86' lang='grc' dir='ltr'>πίστιν</span> <span class='ocrx_word' id='word_1_775' title='bbox 1509 2485 1559 2520; x_wconf 84' lang='grc' dir='ltr'>τῆς</span> <span class='ocrx_word' id='word_1_776' title='bbox 1578 2485 1717 2520; x_wconf 84' lang='grc' dir='ltr'>ἀληθείας,</span> <span class='ocrx_word' id='word_1_777' title='bbox 1737 2485 1788 2520; x_wconf 67' lang='grc' dir='ltr'>μάσ</span> 
     </span>
    </p>
   </div>
   <div class='ocr_carea' id='block_1_107' title="bbox 996 2530 1787 2567">
    <p class='ocr_par' dir='ltr' id='par_1_107' title="bbox 996 2530 1787 2567">
     <span class='ocr_line' id='line_1_107' title="bbox 996 2530 1787 2567; baseline 0 -10"><span class='ocrx_word' id='word_1_778' title='bbox 996 2530 1078 2557; x_wconf 83' lang='grc' dir='ltr'>θωσιν</span> <span class='ocrx_word' id='word_1_779' title='bbox 1103 2531 1144 2557; x_wconf 85' lang='grc' dir='ltr'>ὅτι</span> <span class='ocrx_word' id='word_1_780' title='bbox 1161 2530 1296 2566; x_wconf 84' lang='grc' dir='ltr'>ἀληθινῶς</span> <span class='ocrx_word' id='word_1_781' title='bbox 1320 2531 1543 2567; x_wconf 76' lang='grc' dir='ltr'>ἐνηνθρώπησεν,</span> <span class='ocrx_word' id='word_1_782' title='bbox 1569 2530 1704 2566; x_wconf 84' lang='grc' dir='ltr'>ἀληθινῶς</span> <span class='ocrx_word' id='word_1_783' title='bbox 1720 2531 1787 2557; x_wconf 80' lang='grc' dir='ltr'><strong>ἐσα-</strong></span> 
     </span>
    </p>
   </div>
   <div class='ocr_carea' id='block_1_108' title="bbox 996 2576 1788 2612">
    <p class='ocr_par' dir='ltr' id='par_1_108' title="bbox 996 2576 1788 2612">
     <span class='ocr_line' id='line_1_108' title="bbox 996 2576 1788 2612; baseline 0 -9"><span class='ocrx_word' id='word_1_784' title='bbox 996 2576 1095 2612; x_wconf 88' lang='grc' dir='ltr'>πτίσθη</span> <span class='ocrx_word' id='word_1_785' title='bbox 1107 2586 1113 2591; x_wconf 91' lang='grc'><strong>·</strong></span> <span class='ocrx_word' id='word_1_786' title='bbox 1128 2577 1176 2603; x_wconf 77' lang='grc' dir='ltr'>καὶ</span> <span class='ocrx_word' id='word_1_787' title='bbox 1189 2576 1275 2608; x_wconf 70' lang='grc' dir='ltr'>οὕτως</span> <span class='ocrx_word' id='word_1_788' title='bbox 1285 2577 1328 2603; x_wconf 87' lang='grc' dir='ltr'><strong>διὰ</strong></span> <span class='ocrx_word' id='word_1_789' title='bbox 1341 2577 1391 2612; x_wconf 86' lang='grc' dir='ltr'><strong>τῆς</strong></span> <span class='ocrx_word' id='word_1_790' title='bbox 1400 2576 1483 2604; x_wconf 81' lang='grc' dir='ltr'>αὑτοῦ</span> <span class='ocrx_word' id='word_1_791' title='bbox 1500 2576 1724 2611; x_wconf 79' lang='grc' dir='ltr'>συγκαταθέσεως</span> <span class='ocrx_word' id='word_1_792' title='bbox 1739 2577 1788 2604; x_wconf 82' lang='grc' dir='ltr'>καὶ</span> 
     </span>
    </p>
   </div>
   <div class='ocr_carea' id='block_1_109' title="bbox 995 2621 1786 2659">
    <p class='ocr_par' dir='ltr' id='par_1_109' title="bbox 995 2621 1786 2659">
     <span class='ocr_line' id='line_1_109' title="bbox 995 2621 1786 2659; baseline -0.001 -10"><span class='ocrx_word' id='word_1_793' title='bbox 995 2623 1072 2649; x_wconf 84' lang='grc' dir='ltr'>αὐτοὶ</span> <span class='ocrx_word' id='word_1_794' title='bbox 1090 2622 1243 2659; x_wconf 80' lang='grc' dir='ltr'>ἐρχόμενοι,</span> <span class='ocrx_word' id='word_1_795' title='bbox 1262 2623 1365 2650; x_wconf 75' lang='grc' dir='ltr'>λάϐωσι</span> <span class='ocrx_word' id='word_1_796' title='bbox 1377 2622 1426 2658; x_wconf 86' lang='grc' dir='ltr'><strong>τῆς</strong></span> <span class='ocrx_word' id='word_1_797' title='bbox 1441 2623 1524 2650; x_wconf 81' lang='grc' dir='ltr'>αὑτοῦ</span> <span class='ocrx_word' id='word_1_798' title='bbox 1539 2623 1717 2654; x_wconf 78' lang='grc' dir='ltr'>καταῦάσεως</span> <span class='ocrx_word' id='word_1_799' title='bbox 1736 2621 1786 2658; x_wconf 77' lang='grc' dir='ltr'>τὴν</span> 
     </span>
    </p>
   </div>
   <div class='ocr_carea' id='block_1_110' title="bbox 995 2668 1786 2704">
    <p class='ocr_par' dir='ltr' id='par_1_110' title="bbox 995 2668 1786 2704">
     <span class='ocr_line' id='line_1_110' title="bbox 995 2668 1786 2704; baseline 0 -9"><span class='ocrx_word' id='word_1_800' title='bbox 995 2669 1119 2704; x_wconf 87' lang='grc' dir='ltr'>δύναμιν,</span> <span class='ocrx_word' id='word_1_801' title='bbox 1135 2669 1182 2696; x_wconf 79' lang='grc' dir='ltr'>καὶ</span> <span class='ocrx_word' id='word_1_802' title='bbox 1208 2669 1380 2703; x_wconf 79' lang='grc' dir='ltr'>φωτισθῶσιν</span> <span class='ocrx_word' id='word_1_803' title='bbox 1406 2668 1461 2695; x_wconf 82' lang='grc' dir='ltr'><strong>ἀπὺ</strong></span> <span class='ocrx_word' id='word_1_804' title='bbox 1484 2669 1533 2704; x_wconf 87' lang='grc' dir='ltr'><strong>τῆς</strong></span> <span class='ocrx_word' id='word_1_805' title='bbox 1550 2668 1634 2695; x_wconf 83' lang='grc' dir='ltr'>αὑτοῦ</span> <span class='ocrx_word' id='word_1_806' title='bbox 1651 2676 1786 2703; x_wconf 76' lang='grc' dir='ltr'>φωταγω-</span> 
     </span>
    </p>
   </div>
   <div class='ocr_carea' id='block_1_111' title="bbox 996 2713 1783 2751">
    <p class='ocr_par' dir='ltr' id='par_1_111' title="bbox 996 2713 1783 2751">
     <span class='ocr_line' id='line_1_111' title="bbox 996 2713 1783 2751; baseline 0.001 -11"><span class='ocrx_word' id='word_1_807' title='bbox 996 2714 1058 2747; x_wconf 81' lang='grc' dir='ltr'>γίας</span> <span class='ocrx_word' id='word_1_808' title='bbox 1069 2723 1075 2729; x_wconf 93' lang='grc'><strong>·</strong></span> <span class='ocrx_word' id='word_1_809' title='bbox 1096 2714 1349 2750; x_wconf 85' lang='grc' dir='ltr'>πληροφορούμενοι</span> <span class='ocrx_word' id='word_1_810' title='bbox 1372 2714 1411 2750; x_wconf 86' lang='grc' dir='ltr'>τῷ</span> <span class='ocrx_word' id='word_1_811' title='bbox 1425 2714 1453 2742; x_wconf 81' lang='grc' dir='ltr'>ὲν</span> <span class='ocrx_word' id='word_1_812' title='bbox 1468 2713 1507 2750; x_wconf 84' lang='grc' dir='ltr'><strong>τῷ</strong></span> <span class='ocrx_word' id='word_1_813' title='bbox 1522 2714 1654 2751; x_wconf 82' lang='grc' dir='ltr'><strong>Προφήτῃ</strong></span> <span class='ocrx_word' id='word_1_814' title='bbox 1671 2713 1747 2750; x_wconf 82' lang='grc' dir='ltr'>ρητῷ</span> <span class='ocrx_word' id='word_1_815' title='bbox 1761 2714 1783 2729; x_wconf 82' lang='grc'>⁷·</span> 
     </span>
    </p>
   </div>
   <div class='ocr_carea' id='block_1_112' title="bbox 997 2759 1785 2796">
    <p class='ocr_par' dir='ltr' id='par_1_112' title="bbox 997 2759 1785 2796">
     <span class='ocr_line' id='line_1_112' title="bbox 997 2759 1785 2796; baseline -0.001 -9"><span class='ocrx_word' id='word_1_816' title='bbox 997 2761 1049 2793; x_wconf 73' lang='grc' dir='ltr'><strong>Εἰς</strong></span> <span class='ocrx_word' id='word_1_817' title='bbox 1073 2761 1271 2796; x_wconf 68' lang='grc' dir='ltr'>μεταλλαγὴν</span> <span class='ocrx_word' id='word_1_818' title='bbox 1294 2760 1459 2796; x_wconf 78' lang='grc' dir='ltr'>δυνάμεως,</span> <span class='ocrx_word' id='word_1_819' title='bbox 1489 2761 1533 2794; x_wconf 81' lang='grc' dir='ltr'><strong>εὶς</strong></span> <span class='ocrx_word' id='word_1_820' title='bbox 1564 2759 1703 2795; x_wconf 77' lang='grc' dir='ltr'>παροχὴν</span> <span class='ocrx_word' id='word_1_821' title='bbox 1726 2768 1785 2787; x_wconf 85' lang='grc' dir='ltr'>σω-</span> 
     </span>
    </p>
   </div>
   <div class='ocr_carea' id='block_1_113' title="bbox 188 2822 942 2875">
    <p class='ocr_par' dir='ltr' id='par_1_113' title="bbox 188 2822 942 2875">
     <span class='ocr_line' id='line_1_113' title="bbox 188 2822 942 2875; baseline 0 -11"><span class='ocrx_word' id='word_1_822' title='bbox 188 2837 198 2852; x_wconf 83' lang='grc'>¹</span> <span class='ocrx_word' id='word_1_823' title='bbox 213 2836 292 2875; x_wconf 62' lang='grc' dir='ltr'><strong>Ωςιιιιἶ</strong></span> <span class='ocrx_word' id='word_1_824' title='bbox 308 2845 327 2869; x_wconf 91' lang='lat' dir='ltr'><strong>t,</strong></span> <span class='ocrx_word' id='word_1_825' title='bbox 346 2838 402 2875; x_wconf 72' lang='lat'><strong>15._</strong></span> <span class='ocrx_word' id='word_1_826' title='bbox 427 2839 437 2853; x_wconf 79' lang='grc'>²</span> <span class='ocrx_word' id='word_1_827' title='bbox 452 2836 462 2863; x_wconf 96' lang='lat' dir='ltr'><strong>l</strong></span> <span class='ocrx_word' id='word_1_828' title='bbox 476 2836 550 2875; x_wconf 88' lang='lat' dir='ltr'><strong>Pc_tr.</strong></span> <span class='ocrx_word' id='word_1_829' title='bbox 562 2844 590 2870; x_wconf 87' lang='lat' dir='ltr'><strong>tt,</strong></span> <span class='ocrx_word' id='word_1_830' title='bbox 605 2822 660 2863; x_wconf 33' lang='grc' dir='ltr'><strong>εἳ(</strong></span> <span class='ocrx_word' id='word_1_831' title='bbox 690 2837 700 2852; x_wconf 92' lang='grc'>³</span> <span class='ocrx_word' id='word_1_832' title='bbox 719 2837 806 2864; x_wconf 69' lang='lat' dir='ltr'><strong>Galat.</strong></span> <span class='ocrx_word' id='word_1_833' title='bbox 819 2845 855 2870; x_wconf 87' lang='lat' dir='ltr'><strong>tv,</strong></span> <span class='ocrx_word' id='word_1_834' title='bbox 867 2837 894 2864; x_wconf 77' lang='grc'><strong>4.</strong></span> <span class='ocrx_word' id='word_1_835' title='bbox 933 2839 942 2853; x_wconf 72' lang='grc'><strong><em>⁸</em></strong></span> 
     </span>
    </p>
   </div>
   <div class='ocr_carea' id='block_1_114' title="bbox 995 2822 1786 2875">
    <p class='ocr_par' dir='ltr' id='par_1_114' title="bbox 995 2838 1786 2875">
     <span class='ocr_line' id='line_1_114' title="bbox 995 2838 1786 2875; baseline 0.004 -11"><span class='ocrx_word' id='word_1_836' title='bbox 995 2838 1054 2866; x_wconf 84' lang='lat' dir='ltr'><strong>ttth.</strong></span> <span class='ocrx_word' id='word_1_837' title='bbox 1069 2845 1098 2875; x_wconf 79' lang='grc' dir='ltr'>ιιι</span> <span class='ocrx_word' id='word_1_838' title='bbox 1128 2839 1169 2869; x_wconf 86' lang='grc'><strong>15,</strong></span> <span class='ocrx_word' id='word_1_839' title='bbox 1201 2839 1421 2874; x_wconf 74' lang='grc' dir='ltr'><strong>⁵γρ.ἀλη¹]ινῶς.</strong></span> <span class='ocrx_word' id='word_1_840' title='bbox 1456 2841 1524 2874; x_wconf 57' lang='grc' dir='ltr'><strong>ινφ.</strong></span> <span class='ocrx_word' id='word_1_841' title='bbox 1544 2841 1559 2866; x_wconf 89' lang='grc' dir='ltr'><strong>ό</strong></span> <span class='ocrx_word' id='word_1_842' title='bbox 1577 2840 1672 2874; x_wconf 87' lang='grc' dir='ltr'>Λόγος.</span> <span class='ocrx_word' id='word_1_843' title='bbox 1711 2839 1722 2856; x_wconf 84' lang='grc'><strong>⁷</strong></span> <span class='ocrx_word' id='word_1_844' title='bbox 1738 2847 1786 2874; x_wconf 67' lang='grc' dir='ltr'><strong>γρ.</strong></span> 
     </span>
    </p>
   </div>
   <div class='ocr_carea' id='block_1_115' title="bbox 151 2871 534 2908">
    <p class='ocr_par' dir='ltr' id='par_1_115' title="bbox 151 2871 534 2908">
     <span class='ocr_line' id='line_1_115' title="bbox 151 2871 534 2908; baseline 0.005 -11"><span class='ocrx_word' id='word_1_845' title='bbox 151 2871 339 2906; x_wconf 72' lang='grc' dir='ltr'>πληρουμένου</span> <span class='ocrx_word' id='word_1_846' title='bbox 357 2872 534 2908; x_wconf 83' lang='grc' dir='ltr'><strong>τοῦ...ρητοῦ.</strong></span> 
     </span>
    </p>
   </div>
  </div>
