1935 3044
158 168 210 196 881

819 164 1148 194 ΔΝΛΟΙέΡΗᾹΙΛΞΟὸΙδ.

1748 162 1804 190 885’.

157 226 262 260 ιηρίας
285 225 342 260 τῆς
366 225 521 258 δυνάμεως
550 226 603 253 τοῦ
624 227 715 260 ἄρτου
735 227 794 253 ἀπὸ
818 226 872 260 τῆς
904 227 956 253 'Ie-

1019 226 1191 260 ntclligcrent
1204 232 1257 252 non
1271 225 1346 251 illum
1365 223 1425 251 ﬁcte
1440 223 1588 250 humanam
1611 221 1732 250 induisse
1748 229 1799 249 ua-

157 271 321 342 ρέυσαλὴμ
347 271 589 306 λαμϐανομένης,
614 272 663 299 καὶ
686 272 742 307 τῆς
764 272 872 307 ισχύος
899 272 953 299 τοῦ

159 317 178 342 ῧ
198 325 281 342 ator.

159 317 281 350 ὕδατος.

1008 275 1110 302 turam,
1126 278 1216 306 tthuc
1231 270 1294 297 [ictc
1308 277 1369 297 esse
1384 269 1464 304 aquis
1476 269 1621 296 intinctum
1636 267 1800 302 :eademque

1006 321 1034 344 et
1051 317 1103 352 ipsi
1123 316 1229 344 ratione
1245 324 1292 351 per
1305 323 1365 343 cant
1385 323 1465 350 quam
1482 314 1527 341 ille
1544 321 1599 349 pra:
1615 321 1677 340 Sese
1690 313 1799 344 tulerat,

159 363 442 391 accotntnodationem
475 364 648 398 accedentes,
670 365 784 393 inditam
804 366 878 393 illitts
891 365 1073 393 descensione
1093 365 1148 391 vim
1175 364 1203 391 in
1234 371 1295 391 sese
1328 362 1507 393 transferant,
1536 361 1715 396 ejusdemque
1741 361 1801 388 luce

159 411 362 447 perfundantur
378 421 384 438 :
406 412 511 447 1137
519 420 574 448 quo
586 414 775 449 propheticum
790 414 935 449 impleatur
952 413 1113 440 oraculum:
1131 412 1173 439 Ad
1195 411 1390 439 immutandum
1404 412 1528 439 virtutem
1551 410 1801 445 conciliandamque

160 460 274 487 salutem
288 468 321 486 ex
338 459 387 486 illa
403 461 481 494 panis
494 461 600 492 virtute,
614 470 673 497 qua:
699 463 732 488 ab
749 462 900 489 Jerusalem
917 462 1058 496 accipitur.
1072 469 1254 496 aquarumque
1276 468 1311 487 vt.

203 505 336 532 Ἐνταῦθα
361 505 389 531 δὲ
421 506 450 532 ὲν
473 506 585 542 Χριστῷ
612 507 879 543 ῑσχυροποιουμένων
907 507 958 542 τῆς

161 551 302 586 δυνάμεως
316 551 363 578 τοῦ
376 552 471 587 ἄρτου,
489 553 537 579 καὶ
551 553 600 588 τῆς
612 553 659 580 τοῦ
676 553 772 586 ὕδατος
788 554 879 590 ἰσχύος
889 562 896 569 '
914 554 958 581 ἵνα

160 597 212 622 οὐκ
227 596 309 632 ἄρτος
324 597 390 632 ἡμῖν
406 597 518 633 γένηται
539 598 664 634 δύναμις,
688 599 756 626 ἀλλὰ
776 599 892 634 δύναμις
906 599 957 635 ἄρ-

161 651 209 669 του
221 650 227 656 ·
244 643 291 669 καὶ
307 642 409 678 βρῶσις
428 644 477 679 μὲν
489 645 504 670 ό
522 644 614 680 ἄρτος,
636 646 653 680 ἡ
669 646 698 672 δὲ
710 645 825 681 δύναμις
842 646 870 672 ὲν
883 645 958 680 αὑτῷ

163 689 203 720 εἰς
215 687 389 724 ζωογόνησιν.
403 688 455 716 Καὶ
471 689 520 725 οὑχ
535 689 578 716 ἵνα
598 689 629 716 τὸ
644 689 716 726 ὕδωρ
729 692 804 726 ἡμᾶς
820 690 956 727 καθαρίσῃ

164 733 256 769 μόνον,
272 734 330 760 ἀλλ’
348 734 392 760 ἴνα
411 735 441 761 ὲν
455 736 488 770 τῇ
513 735 586 770 ἰσχύϊ
601 735 650 763 τοῦ
665 736 760 768 ὓδατος
780 736 824 764 διὰ
843 736 893 772 τῆς
912 736 958 763 πί-

163 789 250 811 στεως
271 780 319 807 καὶ
348 781 505 815 ἐνεργείας,
529 783 576 809 καὶ
599 782 774 818 ἐλπίδος,καὶ
801 783 958 818 μυστηρίων

163 825 340 858 τελειώσεως,
360 827 407 852 καὶ
429 827 578 863 ὀνομασίας
594 828 643 863 τῆς
663 829 832 863 άγιαστείας,
846 828 958 863 γένηται

163 871 230 906 ἡμῖν
254 871 295 903 εἰς
318 872 458 899 τελείωσιν
488 874 636 909 σωτηρίας.
670 873 803 900 Ἀνελθὼν
832 874 886 900 ἀπὸ
909 873 956 900 τοῦ

1043 505 1092 533 llic
1108 507 1181 534 cnittt
1211 506 1239 533 in
1265 505 1375 533 Christo
1405 504 1484 540 panis
1507 503 1593 531 virtus
1614 510 1645 529 ac
1664 502 1704 530 vis
1722 510 1802 537 aqua»

1008 551 1216 583 corroboratur,
1241 554 1271 578 ut
1297 559 1350 577 non
1370 549 1449 585 panis
1464 549 1523 584 ipse
1548 549 1584 576 sit
1606 547 1685 575 nobis
1702 548 1799 579 virtus,

1007 598 1055 626 scd
1069 598 1162 628 virtus
1175 604 1190 624 a
1205 605 1275 632 pane
1287 596 1425 631 profecta;
1443 603 1475 622 ac
1486 595 1566 623 cibus
1578 595 1687 630 quidem
1706 597 1800 621 noster

1006 643 1084 678 panis
1097 648 1148 675 est,
1163 643 1209 670 sed
1226 643 1252 669 in
1273 642 1333 676 ipso
1353 641 1443 668 vitalis
1461 640 1583 676 quaedam
1601 641 1688 667 virtus
1706 639 1796 666 couti—

1007 692 1096 716 netur.
1113 688 1206 724 Neque
1216 688 1242 715 id
1259 688 1349 715 solum
1365 690 1455 714 actum
1466 690 1552 718 est,nt
1562 693 1612 713 nos
1627 693 1696 720 aqua
1705 692 1801 719 repur-

1008 739 1095 770 garet,
1112 734 1159 762 sed
1177 737 1206 761 ut
1231 741 1309 768 aqua:
1329 733 1363 765 vi,
1381 740 1430 767 per
1457 731 1536 759 [idem
1560 735 1586 758 et
1608 731 1742 758 actionem
1773 734 1800 756 cl

1007 789 1093 816 spent.
1106 788 1138 808 ac
1148 780 1341 815 mysteriorum
1356 777 1536 805 initiationetn
1545 781 1572 804 et
1583 776 1801 804 consecratiottis

1008 827 1231 862 appellationem,
1262 825 1412 860 perfectam
1447 824 1657 858 absolutamque
1684 822 1800 850 salutem

1009 873 1089 900 nobis
1106 873 1174 907 ipsis
1186 871 1334 899 c0ul'erret.
1348 870 1418 905 Ergo
1433 869 1562 898 Christus
1574 869 1698 897 ascendit
1711 877 1725 895 c
1737 867 1800 895 Jor-

170 915 302 952 Ὶορδάπιου
313 917 430 947 ,ἀκούων
445 919 536 953 φωνὴν
544 907 650 952 nam;
665 920 705 951 είς
717 919 802 955 ἀκοὴν
815 918 957 954 παρόντων

1013 920 1089 950 dane,
1102 926 1196 946 vocem
1223 917 1312 944 Patris
1336 916 1432 948 audiit,
1453 924 1535 951 quam
1553 919 1581 943 et
1602 914 1730 950 discipuli
1755 914 1801 949 qui

163 962 218 988 τῶν
239 961 368 997 μαθητῶν
389 964 429 994 εἰς
440 963 472 989 τὸ
488 963 624 996 ὑποδεῖξαι
638 965 678 996 τίς
692 965 706 990 ὁ
724 963 958 999 μαρτυρούμενος,

165 1007 214 1033 καὶ
227 1007 273 1033 τοῦ
285 1008 364 1042 ἁγίου
379 1009 536 1044 Πνεύματος
555 1011 584 1036 ὲν
606 1011 671 1037 εῐδει
687 1010 851 1045 περιστερᾶς
865 1017 961 1044 κατερ-

165 1053 291 1088 χομένου,
315 1054 442 1090 καθάπερ
457 1056 485 1081 ὲν
503 1055 614 1087 πολλαῖς
628 1055 766 1090 αἱρέσεσιν
790 1055 957 1090 εἰρήκαμεν·

165 1098 209 1124 ἵνα
227 1097 264 1133 μὴ
280 1098 428 1135 συναλοιφὴ
449 1100 465 1135 ἡ
481 1099 566 1135 Τριὰς
579 1100 706 1135 νομισθῇ,
722 1099 959 1134 σχηματιζομένου

164 1143 213 1169 τοῦ
229 1144 388 1178 Πνεῦματος
404 1146 433 1171 ὲν
458 1145 511 1180 ἰδίᾳ
538 1145 704 1172 ὑποστάσει”
728 1144 960 1180 ὲπικαθεζομένου

165 1190 194 1216 δὲ
216 1190 263 1216 τοῦ
291 1191 460 1226 Πνεῦματος,
485 1192 533 1218 καὶ
554 1192 704 1227 ἐρχομένου
731 1192 774 1218 ἐπ’
800 1191 892 1224 αὐτὸν,
917 1191 961 1217 ἵνα

165 1234 235 1271 ὀφθῇ
257 1236 271 1262 ὁ
294 1237 532 1272 μαρτυρούμενος·
550 1237 593 1264 ἴνα
610 1237 678 1272 σὰρξ
695 1238 712 1272 ὴ
728 1237 793 1271 ἁγία
812 1236 876 1272 φίλη
893 1234 961 1263 οὖσα

166 1281 214 1308 καὶ
230 1281 423 1318 εὖδοχουμὲνη,
439 1282 491 1309 ὑπὸ
513 1282 560 1309 τοῦ
581 1283 687 1319 [πατρὸς
709 1281 818 1310 καὶτοῦ
836 1282 961 1317 Πνεύμα-

166 1336 213 1360 τος
237 1328 442 1364 μαρτυρηθείη·
467 1330 511 1356 ἵνα
529 1331 543 1356 ὁ
566 1330 661 1365 Πατὴρ
687 1329 837 1365 εὑδοκητὴς
859 1327 888 1366 ᾖ,
913 1329 960 1356 καὶ

167 1374 257 1410 κῆρυξ
270 1375 320 1409 τῆς
336 1374 382 1402 τοῦ
398 1375 462 1402 Υἱοῦ
477 1376 609 1412 ὲνσάρκου
624 1376 792 1412 παρουσίας·
809 1376 852 1402 ἵνα
864 1376 878 1401 ὀ
897 1375 960 1407 Υἱὸς

167 1419 296 1454 ἀληθινὸς
316 1420 405 1455 ὀφθῇ,
429 1420 477 1447 καὶ
502 1421 637 1457 πληρώσῃ
664 1421 694 1447 τὸ
717 1421 880 1456 εἱρημένον”
904 1419 961 1447 Καὶ

164 1465 241 1499 μετὰ
260 1466 353 1493 ταῦτα
367 1466 417 1493 ἐπὶ
433 1466 488 1500 τῆς
503 1466 558 1502 γῆς
575 1466 671 1502 ὤφθη,
686 1467 735 1494 καὶ
744 1466 820 1502 μετὰ
834 1467 894 1494 τῶν
906 1467 961 1494 ἀν-

167 1511 291 1545 θρώπων
305 1512 553 1547 συνανεστράφη.
576 1512 706 1539 Ἀνελϐὼν
723 1513 777 1539 ἀπὸ
791 1513 837 1540 τοῦ
861 1513 960 1549 Ἰορδὰ-

167 1566 224 1588 νου,
242 1556 335 1592 σαφῶς
357 1558 403 1584 καὶ
427 1558 562 1594 ἀληθινῶς
577 1559 631 1586 ἀπὸ
650 1558 698 1585 τοῦ
719 1558 841 1585 διαϐόλου
866 1567 959 1594 πειρα-

168 1602 243 1634 σθεὶς
262 1604 291 1629 ἐν
305 1604 338 1638 τῇ
364 1604 470 1639 ἐρήμῳ,
497 1605 544 1631 καὶ
569 1605 700 1636 πεινάσας
717 1604 830 1640 ὕστερον
844 1604 888 1631 διὰ
910 1605 960 1640 τὴν

167 1648 329 1675 ἀκολουθίαν
354 1649 399 1676 καὶ
421 1649 550 1685 ἀλήθειαν
565 1650 617 1686 τῆς
640 1650 773 1686 ὲνσάρκου
789 1651 959 1686 παρουσίαςο

168 1697 216 1724 καὶ
232 1696 427 1733 ἐπιλεξάμενος
450 1697 583 1733 μαθητὰς,
608 1698 655 1725 καὶ
674 1698 795 1734 κηρύξας
819 1697 959 1733 ἀλήθειαν,

169 1742 216 1769 καὶ
231 1743 376 1778 ἰασάμενος
389 1743 423 1769 τὰ
438 1742 525 1778 πάθη,
541 1743 722 1778 καθευδήσας,
740 1742 881 1776 πεινάσας,
896 1743 962 1770 ὁδοι-

169 1789 302 1824 πορήσας,
320 1788 482 1824 οεοσημείας
505 1790 513 1804 ¹
535 1789 734 1824 ἐργασάμενος,
753 1789 866 1825 νεκροὺς
887 1789 960 1823 ἐγεί-

171 1842 231 1869 ρας,
255 1834 365 1868 τυφλοῖς
381 1835 412 1861 τὸ
431 1834 541 1870 βλέπειν
555 1834 717 1870 παρασχὼν,
731 1835 834 1870 χωλοὺς
847 1835 894 1861 καὶ
908 1843 962 1861 πα-

171 1880 333 1914 ραλυτικοὺς
354 1881 582 1916 ἰσχυροποιήσας-
614 1881 644 1913 ὃς
673 1871 790 1916 ἐκήρυξε
814 1881 844 1907 τὸ
870 1881 962 1916 Εὐαγ-

170 1924 270 1959 τὲλιον,
292 1925 342 1962 τὴν
363 1925 504 1961 ἀλήθειαν,
520 1926 568 1961 τὴν
591 1926 729 1962 βασιλείαν
748 1926 802 1954 τῶν
826 1927 960 1962 οὐρανῶν,

169 1970 220 2006 τὴν
236 1971 318 1998 αὑτοῦ
343 1971 550 2007 φιλανθρωπίαν
567 1973 614 2000 καὶ
638 1973 685 2000 τοῦ
711 1972 819 2009 Πατρδς
842 1974 890 2000 καὶ
913 1973 962 2000 τοῦ

170 2017 248 2052 ἁγίου
263 2017 433 2054 Πνεύματος.

211 2151 241 2177 '0
259 2151 330 2187 ὑπὲρ
357 2151 436 2187 ἡμῶν
451 2151 482 2178 τδ
507 2151 594 2184 πάθος
613 2152 764 2188 ὑπομείνας
783 2153 812 2179 ὲν
833 2152 962 2193 άληρεία,

170 2197 200 2224 ὲν
218 2197 251 2232 τῇ
268 2197 352 2232 σαρκὶ
365 2197 413 2224 καὶ
429 2197 457 2224 ἐν
468 2199 502 2233 τῇ
518 2198 610 2234 τελείᾳ
622 2199 829 2234 ὲνανθρωπήσει
842 2218 850 2231 ,
866 2199 961 2226 παθὼν

1009 966 1133 997 aderant,
1150 965 1296 992 audierunt
1308 963 1329 996 ⁸,
1351 967 1381 990 ιιι
1395 963 1458 998 quis
1470 963 1516 990 ille
1530 962 1597 989 [οι-ιιι
1616 962 1665 988 cui
1680 961 1803 988 testimo—

1009 1011 1084 1038 nium
1107 1009 1173 1036 illttd
1201 1009 1380 1044 prtebcrctur,
1410 1011 1600 1043 agnoscerent.
1626 1005 1696 1033 Tutn
1720 1005 1802 1033 ctiatn

1011 1056 1131 1090 Spiritus
1159 1060 1272 1083 sanctus
1299 1054 1433 1082 columba:
1467 1053 1558 1088 specie
1580 1052 1710 1087 delapsus
1740 1055 1802 1082 cst,

1010 1101 1239 1136 quemadmodum
1256 1103 1283 1128 in
1299 1101 1446 1128 multarum
1464 1100 1603 1127 hmreseon
1617 1098 1804 1126 conlutatioue

1010 1147 1141 1174 diximus.
1173 1146 1212 1174 Ac
1241 1154 1275 1173 tte
1303 1140 1426 1173 Trinitas
1449 1146 1508 1179 ipsa
1529 1145 1556 1171 in
1578 1152 1663 1171 unum
1692 1143 1803 1170 redacta

1011 1193 1181 1228 confusaque
1194 1193 1363 1225 crederetur,
1378 1191 1498 1227 Spiritus
1515 1191 1626 1226 propria
1642 1191 1668 1217 in
1686 1198 1802 1224 persona

1013 1239 1126 1275 ﬁguram
1153 1239 1226 1266 illam
1248 1237 1347 1270 induit,
1362 1243 1388 1265 et
1399 1245 1480 1272 super
1498 1237 1574 1264 illtttn
1592 1237 1704 1267 resedit,
1720 1244 1804 1270 seque

1012 1284 1039 1311 in
1056 1286 1144 1319 ipsum
1173 1283 1333 1314 insinuavit,
1361 1289 1390 1310 ιιι
1416 1283 1439 1310 is
1461 1282 1505 1309 cui
1528 1282 1714 1309 testimonium
1737 1281 1803 1307 illud

1012 1331 1224 1365 sull'ragabatur,
1255 1329 1423 1364 conspicuus
1454 1331 1543 1359 esset;
1559 1331 1642 1362 utque
1659 1335 1804 1354 sacrosan-

1011 1381 1084 1404 ctam
1102 1377 1175 1404 illam
1198 1384 1310 1403 carnem
1331 1376 1447 1404 amicatn
1464 1382 1526 1402 esse
1545 1378 1572 1401 et
1599 1374 1707 1409 placere
1737 1372 1803 1404 Deo,

1012 1423 1101 1451 Patris
1128 1430 1161 1450 ac
1181 1422 1302 1457 Spiritus
1329 1421 1493 1448 auctoritate
1517 1424 1668 1451 constaret,
1682 1423 1712 1446 ιιι
1726 1419 1805 1446 Pater

1013 1468 1183 1503 complaceat
1211 1467 1264 1495 sibi
1298 1462 1324 1494 in
1345 1465 1430 1498 Filio,
1456 1470 1483 1494 et
1507 1465 1707 1492 incarnationis
1731 1465 1806 1491 illius

1013 1521 1103 1549 przreo
1117 1521 1178 1540 esse
1198 1512 1339 1544 videatur;
1359 1519 1391 1538 ac
1405 1511 1525 1546 denique
1541 1519 1622 1538 verus
1643 1516 1671 1538 ut
1691 1517 1802 1545 appare-

1014 1563 1054 1587 ret
1076 1558 1173 1591 Filius,
1197 1563 1224 1586 et
1242 1559 1307 1586 illud
1324 1557 1462 1594 propheta:
1484 1557 1644 1584 vaticinium
1660 1556 1783 1590 expleret
1798 1563 1804 1580 :

1015 1605 1048 1633 Et
1059 1610 1117 1641 post
1128 1606 1182 1633 Itwc
1197 1605 1224 1632 in
1238 1610 1309 1632 terra
1321 1605 1392 1631 risus
1403 1609 1455 1636 est,
1473 1609 1496 1630 el
1516 1612 1574 1630 cum
1584 1601 1732 1629 hominibus
1748 1610 1807 1628 cott-

1013 1655 1132 1679 versatus
1162 1655 1201 1677 est
1217 1649 1238 1675 ⁸.
1263 1649 1346 1684 Igitur
1373 1656 1388 1674 a
1411 1647 1530 1674 Jordane
1555 1647 1706 1681 digressus,
1730 1649 1806 1671 certo

1013 1704 1131 1730 vereque
1161 1702 1177 1722 a
1199 1695 1308 1722 diabolo
1324 1694 1351 1721 itt
1365 1693 1475 1721 deserto
1488 1696 1610 1720 tentatus
1626 1695 1686 1724 est;
1701 1695 1728 1718 et
1745 1695 1807 1725 post

1011 1742 1145 1777 jejunium
1174 1740 1270 1768 esuriit
1281 1741 1303 1772 ⁵,
1326 1743 1356 1767 ιιι
1372 1739 1443 1774 quod
1468 1746 1539 1765 vera:
1568 1737 1644 1765 carni
1671 1740 1807 1771 susceptm

1013 1791 1230 1815 consentaneum
1241 1789 1284 1812 est
1297 1784 1473 1820 exprimeret.
1493 1782 1650 1810 Secundum
1661 1782 1717 1808 lucc
1728 1781 1807 1808 disci-

1014 1833 1092 1869 pulos
1108 1832 1199 1867 elcgit,
1211 1831 1353 1859 veritatem
1370 1829 1538 1865 praedicavit,
1564 1827 1740 1863 :egritudines
1762 1834 1807 1854 sa-

1013 1878 1100 1911 navit,
1116 1877 1238 1909 dormiit,
1256 1876 1363 1907 esuriit.
1377 1876 1426 1903 iter
1447 1875 1520 1907 fecit,
1541 1873 1663 1910 prodigia
1678 1872 1806 1907 patravit,

1014 1929 1138 1953 mortuos
1153 1924 1290 1955 excilavit,
1303 1923 1384 1950 caecis
1395 1922 1485 1950 visum
1501 1919 1715 1956 repraesentavit,
1730 1918 1806 1945 clau-

1013 1972 1058 2000 dis
1073 1975 1100 1999 et
1122 1970 1282 2006 paralyticis
1305 1969 1379 1996 vires
1399 1968 1520 1996 restituit
1538 1967 1607 2002 :qtti
1620 1965 1807 2001 Evangeliutu.

1012 2017 1168 2050 veritatem,
1180 2023 1295 2052 regnum
1312 2015 1457 2047 malorum,
1477 2021 1555 2041 suam
1574 2013 1660 2048 ipsius
1671 2014 1699 2038 et
1718 2010 1808 2037 Patris

1013 2069 1041 2092 et
1056 2063 1175 2099 Spiritus
1188 2062 1279 2090 sancti
1298 2061 1450 2089 bonitatem
1470 2059 1724 2092 humanitatemque
1739 2064 1808 2092 pra:-

1013 2107 1126 2136 dicavit.

1048 2153 1121 2181 ldem
1147 2153 1191 2180 ille
1211 2159 1294 2188 porro
1315 2158 1410 2179 revera
1428 2150 1584 2186 passionem
1609 2148 1636 2176 in
1656 2155 1705 2176 sua
1723 2155 1808 2175 carne

1013 2204 1040 2228 et
1054 2198 1174 2232 perlecta
1189 2197 1308 2226 hominis
1325 2201 1423 2224 natura
1441 2195 1585 2227 sustinuit,
1604 2202 1666 2222 vere
1681 2194 1708 2221 in
1724 2201 1808 2221 cruce

172 2244 200 2269 ὲν
215 2243 328 2279 ἀληθείᾳ
338 2243 383 2270 ἐπὶ
398 2243 446 2270 τοῦ
463 2243 591 2280 σταυροῦ,
601 2244 734 2280 συνούσης
748 2244 823 2280 αὐτῷ
839 2245 889 2281 τῆς
901 2245 959 2273 θεό-

1014 2253 1112 2282 passus
1126 2249 1169 2274 est
1185 2254 1192 2272 :
1208 2245 1245 2272 ita
1266 2243 1376 2279 quidem
1396 2247 1426 2271 ut
1449 2242 1477 2270 in
1492 2250 1525 2270 eo
1546 2241 1676 2269 divinitas
1689 2240 1807 2268 exsiste-

170 2298 251 2325 τητος
263 2310 270 2322 ,
285 2290 342 2316 ἀλλ’
362 2290 393 2316 οὑ
407 2290 560 2326 τραπείσης
574 2291 614 2322 εἰς
634 2291 665 2317 τὺ
680 2291 796 2326 πάσχειν
806 2313 813 2324 ,
831 2291 915 2327 οὔσης
933 2292 962 2319 δὲ

172 2335 294 2368 ἀπαθοῦς
312 2337 360 2363 καὶ
375 2337 521 2372 ἀτρέπτου.
548 2337 609 2363 Τῶν
625 2336 672 2363 δύο
685 2337 853 2364 ὰῖιολουθιῶν
869 2337 963 2372 σαφῶς

171 2381 406 2416 κατανοουμένων,
423 2380 541 2417 Χριστοῦ
555 2382 705 2417 πάσχοντος
720 2382 790 2418 ὑπὲρ
804 2382 884 2418 ἡμῶν
897 2392 963 2420 σαρ-

171 2426 210 2459 κὶ,
226 2426 349 2457 ἀπαθοῦς
364 2426 393 2453 δὲ
409 2426 535 2461 μένοντος
557 2427 586 2453 ἐν
601 2426 707 2462 θεότητι
717 2436 724 2443 ·
741 2428 772 2454 οὐ
787 2428 835 2454 τοῦ
854 2429 961 2464 ἀνθρώ-

171 2478 223 2497 που
248 2471 308 2497 κατ’
325 2470 393 2497 ἰδίαν
407 2471 483 2503 ὄντος
492 2472 514 2504 ⁸,
530 2471 597 2499 ἀλλὰ
612 2472 744 2508 συνούσης
759 2473 810 2508 τῆς
824 2473 961 2508 θεότητος,

172 2517 210 2552 μὴ
231 2516 390 2552 πασχούσης
413 2517 441 2543 δὲ
462 2517 506 2544 διὰ
525 2518 555 2544 τὸ
568 2518 718 2553 ἀκραιφνὲς
735 2519 783 2545 καὶ
796 2519 961 2556 ἀσύγκριτον

169 2563 219 2597 τῆς
238 2562 333 2594 οὐσίας
347 2570 354 2578 ·
371 2563 521 2598 πάσχοντος
534 2563 563 2590 δὲ
578 2564 608 2590 ὲν
624 2564 717 2600 σαρκὶ,
734 2565 781 2592 καὶ
793 2565 960 2600 Θανατουμέ-

171 2615 216 2633 νου
233 2608 263 2634 ὲν
279 2608 379 2643 σαρκὶ,
400 2608 500 2640 ζῶντος
516 2608 546 2635 δὲ
564 2609 609 2635 ἀεὶ
625 2609 653 2636 ἐν
681 2609 806 2645 θεότητι,
823 2611 870 2638 καὶ
891 2611 963 2646 ἐγεί-

171 2662 264 2689 ροντος
285 2654 348 2686 τοὺς
362 2654 476 2690 νεκρούς
487 2663 493 2670 ’
509 2655 556 2681 τοῦ
571 2655 696 2690 σώματος
714 2656 846 2690 ταφέντος
856 2657 885 2683 ὲν
901 2657 962 2692 ἁλη-

171 2699 250 2734 οείᾳ,
267 2700 314 2726 καὶ
329 2699 434 2735 ἀψύχου
461 2701 601 2735 μείναντος
617 2701 648 2727 τὸ
663 2702 812 2738 τριήμερον
826 2702 912 2729 άπνου
931 2712 962 2729 τε

171 2745 219 2771 καὶ
238 2745 379 2780 ἀκινήτου,
399 2745 581 2781 ἐνειληῦέντος
599 2746 627 2773 δὲ
641 2746 686 2773 διὰ
696 2747 747 2783 τῆς
765 2747 896 2782 σινδόνος,
909 2757 961 2775 κα-

220 2833 230 2849 ί
247 2842 291 2867 rp.
309 2833 378 2860 Θεοῦ
393 2836 504 2868 σημεῖα.

171 2875 182 2891 ι
199 2867 295 2896 Matth.
311 2875 348 2901 tv,
364 2869 377 2896 t
393 2867 455 2905 sqq.

559 2834 657 2863 *Adde
675 2835 722 2862 καὶ
742 2836 792 2871 τῆς
816 2835 942 2873 θεότητος
968 2838 1028 2864 κατ’
1049 2837 1126 2865 ἰδίαν»

1015 2296 1067 2324 ret,
1080 2291 1128 2319 sed
1142 2291 1175 2318 ad
1194 2289 1353 2326 patiendum
1367 2289 1480 2316 minime
1496 2287 1605 2323 1138
1617 2295 1679 2314 sese
1693 2294 1807 2314 conver-

1015 2341 1094 2368 teret,
1111 2336 1158 2364 sed
1175 2335 1309 2371 passionis
1323 2342 1422 2369 expers
1433 2339 1457 2362 el
1479 2333 1657 2360 immutabilis
1674 2336 1805 2360 maneret.

1015 2382 1074 2415 Qua
1094 2382 1121 2409 in
1138 2389 1168 2409 re
1190 2381 1245 2409 duo
1267 2381 1312 2407 illa
1336 2385 1520 2408 consentanea
1539 2379 1693 2407 certissime
1707 2378 1807 2406 intelli-

1015 2432 1126 2464 guntur,
1142 2431 1171 2454 ιιι
1187 2432 1213 2455 et
1231 2427 1357 2455 Christus
1374 2434 1423 2462 pro
1440 2426 1519 2453 nobis
1538 2433 1621 2453 carne
1640 2425 1676 2452 sit
1696 2432 1807 2460 passus,

1015 2479 1042 2502 et
1060 2474 1195 2510 passionis
1218 2481 1316 2508 expers
1339 2473 1365 2500 in
1391 2472 1532 2499 divinitate
1552 2476 1710 2507 permaneat
1727 2480 1733 2498 :
1753 2478 1807 2497 non

1014 2520 1087 2556 quod
1107 2519 1226 2547 hominis
1246 2522 1344 2546 natura
1372 2526 1404 2545 ac
1427 2517 1558 2545 divinitas
1584 2520 1716 2552 separata:
1740 2523 1755 2542 a
1778 2523 1808 2542 se

1014 2566 1130 2593 invicem
1149 2566 1294 2596 exsistant.
1311 2565 1357 2592 sed
1379 2565 1487 2591 tametsi
1508 2571 1561 2590 una
1586 2571 1648 2590 cum
1670 2562 1713 2588 illa
1734 2565 1807 2588 esset

1014 2611 1155 2642 divinitas.
1172 2611 1239 2638 nihil
1256 2611 1292 2638 ob
1309 2611 1444 2638 sinceram
1460 2615 1488 2638 et
1503 2607 1741 2643 incomparabilem
1759 2614 1807 2633 tta-

1014 2662 1103 2684 turam
1120 2661 1162 2685 cst
1177 2665 1317 2692 perpessa.
1335 2657 1370 2684 At
1389 2656 1516 2684 Christus
1538 2659 1566 2682 et
1585 2654 1612 2680 itt
1634 2660 1717 2680 carne
1742 2660 1804 2686 pas-

1015 2712 1066 2732 sus
1082 2709 1136 2737 est,
1155 2709 1180 2731 et
1206 2705 1233 2731 itt
1251 2712 1333 2731 carne
1349 2707 1435 2730 morte
1457 2707 1500 2730 est
1516 2700 1637 2731 allectus,
1657 2705 1719 2724 cntn
1735 2697 1805 2725 inte-

1015 2750 1070 2777 rim.
1084 2749 1227 2777 divinitate
1249 2750 1306 2784 ipsa
1335 2749 1438 2776 viveret
1459 2754 1490 2774 ac
1514 2749 1636 2780 mortuos
1655 2742 1803 2774 excitaret;

1183 2838 1193 2854 ³
1204 2837 1298 2864 Matth.
1317 2844 1359 2869 ιιι,
1373 2836 1406 2863 t5
1422 2842 1482 2870 sqq.
1535 2833 1545 2848 ⁵
1560 2831 1663 2860 Barueh
1693 2839 1735 2863 In,
1750 2829 1789 2857 58
