1935 3044
148 144 200 171 833

848 148 876 175 S.
898 148 1067 175 l-IPIPIIANII

1717 147 1769 174 884

148 207 248 234 corpus
281 207 345 227 vero
373 208 467 228 revera
491 202 645 237 sepultum,
673 211 705 230 ac
728 204 818 231 triduo
844 205 931 231 anima

985 205 1140 236 τατεθέντος
1154 206 1183 231 ἐν
1207 205 1245 240 τῷ
1273 205 1393 240 μνήματι
1407 225 1415 237 ,
1432 204 1651 238 συγκλεισθέντος
1664 203 1708 230 διὰ
1722 203 1769 230 τσῦ

147 252 245 271 carens
262 249 289 272 et
305 246 403 280 spiritu
419 252 547 282 motuque
561 248 674 282 jaceret,
698 250 854 277 obvolutum
876 251 934 278 siu—

147 291 235 322 done,
255 290 283 318 in
312 292 508 320 monituentum
533 293 704 328 depositmn,
731 295 871 322 occlusum
896 296 934 322 la-

148 335 210 370 pide
229 344 260 364 ac
277 337 373 372 sigillis
393 338 577 374 obsignatum.
604 339 696 375 Neque
720 349 784 368 vero
809 341 866 376 ipsa
892 345 935 369 est

148 382 277 409 conclusa
304 382 432 411 divinitas
454 389 502 410 aut
517 386 631 419 sepulta,
659 387 705 414 sed
730 394 792 413 eum
814 387 933 414 sanctis-

147 426 216 454 sima
237 427 296 461 ejus
312 429 401 455 anima
421 429 454 456 ad
471 429 573 457 inferos
595 429 744 464 descendit,
762 432 934 467 indidemque

147 471 267 506 captivas
290 472 396 500 animas
421 474 540 508 eripuit;
567 476 706 502 stimulum
731 477 827 504 mortis
850 476 934 504 infre-

146 518 184 552 git
200 518 227 550 ‘;
246 518 364 545 claustra
391 523 418 546 et
445 519 632 547 adamantinos
660 526 749 550 vectes
769 524 892 559 perrupit
910 524 931 556 *;

147 563 243 590 mortis
271 563 379 592 dolores
401 572 450 592 sua
471 570 605 600 potestate
629 567 754 595 dismliit
774 579 780 596 :
801 574 857 596 tum
879 579 932 597 una

147 613 208 634 cum
221 607 310 634 anima
325 609 435 635 emersit
450 609 483 636 ad
500 617 623 644 superos.
645 610 710 643 Quae
721 613 829 647 quidem
843 614 932 641 anima

146 652 258 679 minime
272 652 343 687 apud
357 653 459 681 inferos
474 655 567 682 relicta
584 656 643 691 fuit,
659 666 747 692 neque
762 666 826 687 caro
837 667 933 686 corru-

146 696 265 730 ptionem
284 698 351 724 vidit
367 699 395 732 ³;
415 707 495 734 quam
511 700 639 729 divinitas
654 711 714 738 qua:
735 712 795 731 cum
814 705 857 731 illa
871 713 934 732 eon-

143 742 238 776 juneta
253 751 359 778 semper
381 750 450 778 erat,
466 746 613 781 excitavit;
640 752 696 775 tum
720 756 781 776 cum
802 749 932 779 Dominus

146 788 205 822 ipse
220 787 292 816 Deus
306 797 338 815 ac
359 789 485 823 Verbum,
503 791 604 827 Deique
620 792 704 821 Filius
720 802 781 821 eum
799 797 889 823 anima
905 802 933 825 et

146 841 271 868 corpore,
288 839 399 871 totoque
419 837 487 864 adeo
504 837 685 866 instrumento
703 841 822 868 surrexit
839 851 846 870 :
861 844 931 878 quod

146 880 274 916 deinceps
295 882 366 909 velut
382 883 409 910 in
429 883 555 918 spiritum
581 885 739 920 conﬂatum,
759 895 870 922 corpus,
890 890 932 917 in-

145 933 237 960 quam,
257 927 379 961 spiritale
398 928 497 956 factum
520 934 572 963 est,
590 932 662 966 quod
685 933 749 960 olim
769 936 933 963 contrectari

145 975 261 1006 poterat,
284 977 311 1000 ct
332 974 472 1002 divinitate
495 975 552 1010 ipsa
570 981 666 1011 sponte
682 979 863 1012 permittente,
882 980 932 1008 ﬂa-

145 1017 201 1052 gris
213 1019 366 1052 expositum
387 1019 485 1053 fuerat,
499 1027 526 1049 et
542 1022 649 1051 Satanae
674 1025 869 1054 tentationibus
888 1035 933 1063 ap-

145 1063 268 1096 petitum,
285 1072 317 1091 ae
336 1065 410 1097 fami,
433 1074 549 1099 somno,
577 1069 673 1102 labori,
691 1072 805 1099 tristitia:
819 1080 850 1100 ac
864 1082 932 1101 mm-

144 1109 200 1136 rori
222 1110 368 1138 obnoxium
386 1120 392 1138 :
413 1112 478 1140 illud
501 1114 589 1148 ipsum
608 1122 812 1144 sacrosanctum
831 1126 931 1154 corpus

145 1155 273 1190 deinceps
288 1156 351 1184 cum
368 1157 509 1186 divinitate
521 1160 696 1194 conjunctum
716 1161 782 1196 fuit;
800 1172 859 1198 quae
871 1173 932 1199 per-

145 1205 226 1234 petuo
246 1209 307 1228 cum
321 1201 367 1229 illo
382 1202 445 1229 dum
471 1203 521 1230 ista
549 1208 695 1239 pateretur,
713 1207 801 1235 fuerat
817 1209 932 1244 conjun-

146 1249 199 1273 cta.
217 1245 341 1274 Surrexit
361 1248 444 1279 enim,
461 1249 604 1285 ipsumque
625 1258 725 1286 corpus
744 1253 771 1280 in
785 1261 868 1280 unum
888 1262 932 1282 se~

145 1299 206 1318 eum
234 1292 377 1326 spiritum,
406 1301 543 1329 unamque
571 1296 786 1330 singularitatem
812 1307 842 1327 ac
872 1301 930 1336 glo-

145 1338 213 1363 riam
227 1336 449 1373 divinitatcmque
469 1339 615 1374 copulavit.
633 1340 737 1369 Etenim
759 1351 852 1370 revera
868 1349 930 1379 post

145 1385 258 1409 mortem
279 1384 414 1417 apparuit,
436 1389 464 1411 et
489 1392 502 1410 a
527 1385 630 1413 Tlioma
655 1391 839 1416 contrectatus
869 1395 930 1424 est;

143 1431 171 1453 et
199 1436 261 1454 cum
288 1429 418 1463 apostolis
451 1431 624 1458 manducavit
648 1437 675 1459 et
698 1433 775 1465 billil,
802 1443 832 1461 ac
855 1436 931 1464 deni-

144 1480 197 1507 que
220 1474 399 1509 quadraginta
414 1475 472 1503 dies
489 1477 656 1512 totidemque
679 1485 772 1507 noctes
794 1489 856 1508 eum
876 1483 930 1510 illis

985 251 1058 277 λίθου
1074 252 1121 278 καὶ¹
1134 251 1280 287 σφραγῖδος
1294 252 1347 278 τῶν
1359 251 1538 279 ἐπιτεθέντων
1547 260 1554 266 ’
1569 251 1629 285 οὐχὶ
1647 251 1697 285 τῆς
1704 250 1776 277 Θεό--

984 305 1063 332 τητος
1081 297 1304 333 συγκλυσθείσης
1325 298 1380 332 (56)
1394 319 1400 329 ,
1419 298 1449 324 οὐ
1472 298 1520 333 τῆς
1539 297 1664 332 θεότητος
1676 297 1769 331 ταφεί-

985 351 1035 377 σης
1044 362 1051 374 ,
1069 342 1304 378 συγκατελθούσης
1316 343 1344 369 δὲ
1354 345 1386 379 τῇ
1400 344 1472 379 ψυχῇ
1491 345 1523 378 τῇ
1539 344 1604 378 ἁγίᾳ
1622 344 1663 374 εἰς
1675 344 1710 370 τὰ
1721 351 1770 370 και-

983 387 1112 422 ταχθόνια
1122 409 1129 420 ,
1148 388 1261 424 ἐλούσης
1276 388 1380 415 ἐκεῖθεν
1395 389 1444 424 τὴν
1457 389 1511 415 τῶν
1523 388 1616 424 ψυχῶν
1632 387 1771 423 αἰχμαλω-

985 432 1045 460 σίαν
1056 455 1063 466 ,
1081 432 1220 468 κλασάσής
1242 434 1354 469 κέντρον
1379 434 1494 461 θανάτου
1505 454 1513 466 ,
1537 432 1720 470 διαρῤηξάσης
1736 431 1771 459 τὰ

984 478 1096 514 κλεῖθρα
1113 478 1158 505 καὶ
1174 479 1237 510 τοὺς
1266 479 1382 514 μοχλοὺς
1405 480 1468 511 τοὺς
1494 478 1706 514 ἀδαμαντίνους,
1724 477 1771 503 καὶ

983 524 1104 559 λυσάσης
1117 524 1213 557 ὠδῖνας
1226 524 1341 551 θανάτου
1358 525 1368 540 ⁷
1383 526 1412 551 ὲν
1436 525 1489 560 ἰδίᾳ
1504 524 1628 560 ἐξουσίᾳ,
1644 523 1772 550 ἀνελθού-

984 577 1034 603 σ-ης
1050 569 1098 595 σὺν
1112 570 1145 604 τῇ
1167 569 1256 605 ψυχῇ,
1276 569 1314 604 μὴ
1329 569 1455 605 ὲαθείσης
1465 569 1514 604 τῆς
1528 569 1617 604 ψυχῆς
1631 570 1671 601 είς
1691 569 1769 604 ᾅδην,

985 615 1053 650 μηδὲ
1065 615 1114 650 τῆς
1128 616 1228 651 σαρκὸς
1242 615 1396 651 ὲωρακυίας
1407 615 1566 650 διαφθορὰν,
1579 614 1769 650 ἀναστησάσης

983 661 1068 697 αὐτὴν
1083 661 1133 696 τῆς
1147 661 1274 696 θεότητος
1288 661 1333 687 ἀεὶ
1350 661 1483 696 συνούσης
1499 661 1568 696 αὐτῇ
1579 669 1586 676 ·
1605 661 1770 691 ἀναστάντος

985 708 1033 734 σὺν
1048 707 1116 742 αὐτῇ
1129 706 1176 732 τοῦ
1196 705 1298 741 Κυρίου
1313 706 1381 732 Θεοῦ
1393 706 1480 740 Λόγου
1493 707 1540 733 καὶ
1555 706 1619 732 Υίοῦ
1633 705 1700 732 Θεοῦ
1721 706 1769 732 σὺν

982 751 1054 788 ψυχῇ
1075 752 1123 778 καὶ
1139 751 1244 787 σώματι
1260 753 1306 778 καὶ
1317 752 1398 778 παντὶ
1422 751 1459 786 τῷ
1474 751 1582 784 σκεύει,
1607 751 1770 778 συνενωθένο

982 806 1028 829 τος
1043 797 1125 824 αὐτοῦ
1141 797 1188 824 τοῦ
1215 797 1329 830 σκεύους
1354 799 1394 830 εἰς
1410 798 1519 833 πνεῦμα
1531 819 1538 830 ,
1554 798 1620 825 αὐτὸ
1641 797 1672 824 τὸ
1691 797 1771 832 σῶμα

984 844 1167 878 πνευματικὸν
1198 845 1338 880 ὑπάρξαν,
1357 844 1388 870 τὺ
1414 844 1479 870 ποτε
1505 845 1561 879 ἁφῇ
1579 844 1769 878 ὑποκείμενον,

983 889 1030 916 καὶ
1046 889 1155 924 μάστιξι
1175 890 1324 926 παραδοθὲν
1340 890 1455 926 ἑκουσίῳ
1468 891 1518 925 τῆς
1543 890 1667 925 θεότητος
1693 889 1771 923 θελή-

984 943 1059 970 ματι.
1074 935 1121 962 καὶ
1132 936 1313 972 πειρασθῆναι
1329 937 1382 963 ὑπὸ
1398 937 1444 963 τοῦ
1460 937 1566 963 Σατανᾶ
1583 936 1770 972 συγχωρηθὲν,

983 981 1029 1007 xui.
1043 981 1123 1016 πείνᾳ
1138 982 1348 1017 προσπελάζειν,
1361 983 1408 1009 καὶ
1421 981 1502 1024 ὕπνῳ,
1515 982 1562 1009 καὶ
1581 983 1711 1017 καμάτῳ.
1724 981 1771 1008 hic

983 1033 1021 1061 πῃ
1043 1034 1072 1051 τε
1090 1026 1136 1052 καὶ
1156 1026 1297 1062 ἁδημονίᾳ.
1328 1027 1397 1053 Αὐτὸ
1413 1027 1443 1054 τὸ
1460 1027 1539 1062 σῶμα
1555 1026 1585 1053 τὸ
1606 1027 1682 1060 ἅγιον
1708 1035 1770 1052 συν-

982 1071 1081 1098 ενωθὲν
1103 1071 1195 1100 λοιπὸν
1219 1071 1337 1107 θεότητι,
1355 1073 1566 1108 ἀπαραλείπτως
1583 1074 1631 1108 τῆς
1645 1072 1771 1107 θεότητος

982 1116 1174 1151 συνηνωμένης
1188 1116 1227 1151 τῷ
1241 1116 1274 1143 τὰ
1285 1117 1396 1144 τοιαῦτα.
1410 1117 1555 1144 πεπονθότι
1567 1117 1636 1152 ἁγίῳ
1652 1117 1768 1152 σώματι.

988 1161 1099 1196 Ἀνέστη
1116 1162 1188 1198 γὰρ,
1206 1163 1252 1189 καὶ
1274 1163 1428 1198 συνήνωσεν
1452 1163 1517 1189 αὐτὸ
1536 1163 1575 1194 εἰς
1599 1163 1692 1190 ἑαυτὸν
1705 1183 1713 1194 ,
1729 1164 1770 1195 εἰς

981 1205 1090 1241 πνεῦμα
1104 1207 1125 1238 ⁸,
1140 1208 1179 1239 είς
1194 1208 1258 1242 μίαν
1274 1208 1396 1243 ἑνότητα,
1413 1208 1452 1239 είς
1468 1208 1531 1243 μίαν
1548 1207 1716 1241 δοξολογίαν,
1729 1208 1770 1239 εἰς

983 1252 1046 1287 μίαν
1062 1253 1158 1279 ἑαυτοῦ
1174 1254 1297 1289 Θεότητα.
1317 1254 1425 1289 Πέφηνε
1453 1255 1501 1288 μὲν
1528 1254 1582 1289 γὰρ
1597 1254 1625 1280 ὲν
1646 1253 1768 1289 ἀληθείᾳ,

981 1299 1028 1325 καὶ
1045 1299 1207 1335 ἐψηλαφήθη
1228 1301 1280 1327 ὑπὸ
1293 1301 1340 1327 τοῦ
1358 1302 1460 1335 Θωμᾶ,
1478 1301 1524 1327 καὶ
1541 1301 1595 1332 τοῖς
1611 1300 1770 1331 ἀποστόλοις

982 1345 1115 1380 συνέφαγε
1130 1346 1151 1378 ³,
1169 1346 1216 1372 καὶ
1234 1346 1399 1381 συναυλίσθη
1413 1347 1434 1361 ¹⁰
1447 1346 1504 1381 (57)
1523 1347 1581 1381 μετ’
1595 1346 1685 1373 αὐτῶν
1707 1355 1770 1372 τεσ-

981 1391 1136 1426 σαράκοντα
1162 1392 1269 1427 ἡμέρας
1287 1393 1334 1419 καὶ
1362 1392 1566 1427 τεσσαράκοντα
1582 1392 1698 1424 νύκτας·
1712 1392 1769 1418 ἀλλ’

981 1437 1087 1472 εἰσῆλθε
1105 1437 1195 1473 θυρῶν
1211 1438 1430 1474 κεκλεισμένων,
1449 1438 1497 1464 καὶ
1515 1438 1584 1474 μετὰ
1594 1438 1624 1465 τὸ
1640 1438 1770 1465 εἰσελθεῖν

981 1484 1100 1511 ἐδείκνυε
1128 1484 1212 1520 νεῦρα
1231 1486 1278 1512 καὶ
1296 1487 1363 1512 ὀστᾶ
1377 1506 1384 1517 ,
1409 1487 1492 1512 τύπον
1514 1485 1587 1520 ἥλων
1615 1486 1661 1511 καὶ
1686 1485 1770 1511 τύπον

145 1523 323 1546 conversatus
344 1524 396 1547 est.
419 1520 459 1548 Ad
482 1521 539 1548 hanc
564 1523 682 1552 oeclusis
701 1523 804 1553 foribus
829 1527 931 1562 ingres‘

983 1529 1081 1564 λόγχης
1092 1550 1100 1562 ,
1114 1531 1154 1556 ὅτι
1175 1531 1241 1557 αὐτὸ
1259 1529 1293 1566 ἦν
1312 1531 1419 1566 ἀληθῶς
1430 1531 1459 1558 τὸ
1473 1532 1563 1567 σῶμα.
1588 1532 1648 1558 ’Ὁτι
1663 1531 1690 1557 δὲ
1706 1540 1770 1557 συν-

144 1572 203 1596 sus,
231 1573 329 1593 nervos
356 1571 382 1593 et
407 1574 481 1599 ossa,
501 1568 693 1604 clavorumque
715 1578 753 1598 ιιο
763 1572 864 1600 lanceae
883 1582 930 1602 ve-

142 1611 224 1645 stigia
244 1612 416 1645 monstravit,
438 1618 464 1640 et
488 1621 581 1641 verum
600 1622 660 1643 esse
683 1614 782 1651 corpus
810 1619 929 1648 edocuit.

145 1657 222 1690 Quod
236 1661 326 1684 autent
351 1658 377 1684 in
395 1666 477 1686 unam
500 1659 668 1688 divinitatem
681 1663 856 1697 conjunctum
874 1667 931 1692 nul-

144 1703 197 1729 lam
218 1704 334 1738 amplius
354 1704 509 1739 passionem
525 1706 631 1742 1139
644 1708 687 1735 vel
705 1715 818 1737 mortem
834 1719 930 1746 exspe-

144 1753 211 1782 ctet,
226 1750 269 1777 his
290 1750 380 1778 verbis
394 1750 514 1778 declarat
529 1753 676 1787 Apostolus
692 1765 697 1781 :
717 1754 838 1782 Surrexit
852 1756 931 1784 Chri-

144 1800 220 1827 ntus;
240 1804 291 1822 mm
317 1796 372 1829 iam
400 1798 531 1830 mori/ur;
557 1807 626 1825 mars
652 1799 693 1826 illi
717 1801 790 1828 ultra
816 1810 868 1829 non
887 1802 932 1829 do-

144 1841 289 1867 minabitur
309 1841 331 1868 ⁴.
357 1841 428 1869 Idem
455 1850 519 1877 ergo
544 1844 616 1878 quod
645 1845 699 1879 pati
720 1851 844 1881 poterat,
867 1840 931 1883 pas-

144 1886 230 1914 sionis
256 1895 354 1922 expers
375 1889 484 1920 mansit,
502 1888 631 1918 divinitas
659 1891 764 1919 scilicet
787 1900 849 1920 cum
869 1901 931 1921 cor-

145 1940 209 1966 pore
223 1939 250 1960 et
267 1933 355 1960 anima
377 1941 410 1960 ac
429 1937 484 1960 tota
499 1934 666 1964 humanitate
681 1937 845 1972 conjuncta;
861 1940 931 1966 Deus

145 1977 203 2012 ipse
221 1986 267 2012 per
284 1986 353 2005 sese.
374 1978 424 2011 Qui
448 1981 599 2008 ascendens
619 1981 645 2008 in
663 1983 773 2015 coelum,
792 1984 824 2011 ad
842 1985 933 2012 dexte-

144 2029 201 2048 ram
221 2021 310 2049 Patris
329 2024 453 2053 consedit
472 2024 499 2051 in
514 2025 599 2059 gloria
613 2026 634 2057 ',
648 2033 702 2053 non
721 2031 750 2053 ut
768 2035 869 2063 corpus
883 2029 931 2057 de-

144 2072 269 2102 poneret,
290 2068 336 2095 sed
358 2073 387 2095 ut
409 2069 435 2096 in
451 2069 532 2097 unius
548 2071 712 2104 perfectione
734 2073 884 2102 divinitatis
904 2075 931 2102 in

144 2114 266 2148 spiritale
290 2113 430 2142 conﬂaret.
456 2115 688 2148 Quemadmodum
715 2117 771 2145 haec
795 2119 852 2154 ipsa
875 2127 933 2147 cor-

143 2166 210 2193 pora
226 2162 329 2190 nostra,
351 2167 411 2194 qua:
438 2168 510 2187 mine
532 2162 657 2189 animalia
681 2164 859 2197 seminantur,
877 2166 933 2200 spi-

982 1575 1055 1610 ήφθη
1073 1577 1113 1606 εἰς
1131 1575 1195 1610 μίαν
1211 1575 1334 1612 θεότητα.
1358 1577 1458 1612 μηκέτι
1477 1576 1634 1612 προσδοκῶν
1661 1577 1769 1608 παθεῖν,

982 1621 1079 1656 μηκέτι
1095 1622 1283 1657 ἀποθνήσκων,
1304 1622 1341 1654 ὥς
1356 1631 1438 1657 φησιν
1462 1623 1476 1648 ό
1497 1622 1572 1656 ἅγιος
1593 1622 1769 1653 ’Λπόστολος·

988 1667 1107 1701 Ἀνέστη
1127 1668 1233 1702 Κύριος
1246 1669 1279 1700 ”,
1301 1669 1401 1695 οὐκέτι
1424 1668 1619 1701 ἀποθνήσκει,
1645 1668 1772 1701 θάνατος

980 1712 1072 1738 αὑτοῦ
1094 1712 1195 1739 οὐκέτι
1220 1714 1358 1747 κυριεύει.
1386 1713 1421 1739 Τὸ
1437 1713 1555 1749 παθητὸν
1569 1714 1591 1728 ¹¹
1606 1713 1709 1744 ἀπαθὲς
1728 1714 1772 1740 ἀεὶ

983 1757 1078 1791 μένον,
1093 1758 1123 1784 τὸ
1138 1758 1226 1785 θεῖκὸν
1243 1760 1291 1786 σὺν
1309 1759 1416 1794 σώματι
1433 1759 1479 1786 καὶ
1494 1759 1567 1794 ψυχῇ
1584 1759 1631 1785 καὶ
1648 1759 1722 1795 πάσῃ
1737 1761 1770 1794 τῇ

981 1803 1186 1839 ὲνανθρωπήσει
1200 1813 1207 1820 ’
1224 1806 1305 1837 αὐτὸς
1323 1806 1389 1837 Θεὸς
1407 1806 1433 1841 ⁸³,
1454 1806 1508 1836 ὢν,
1532 1805 1652 1832 ἀνελθὼν
1675 1805 1703 1831 δὲ
1731 1806 1771 1836 εἰς

981 1850 1127 1884 οὐρανοὺς,
1154 1851 1281 1878 ἐκάθισεν
1307 1853 1336 1879 ἐν
1362 1852 1436 1888 δεξιᾷ
1453 1852 1499 1879 τοῦ
1520 1852 1625 1888 Πατρὸς
1643 1853 1671 1878 ὲν
1695 1851 1770 1888 δόξῃ,

981 1896 1031 1922 οὐκ
1052 1895 1219 1932 ἀποθέμενος
1233 1897 1264 1923 τὺ
1278 1897 1356 1931 ἅγιον
1374 1898 1465 1933 σῶμα,
1482 1898 1549 1925 ἀλλὰ
1566 1897 1718 1929 συνενώσας
1731 1899 1772 1929 εἰς

982 1943 1165 1977 πνευματικὸν
1188 1945 1218 1970 ὲν
1241 1943 1391 1980 τελειότητι
1418 1945 1483 1980 μιᾶς
1498 1944 1643 1979 θεότητος·
1663 1943 1701 1975 ὡς
1724 1943 1771 1970 καὶ

981 1987 1015 2013 τὰ
1031 1986 1109 2022 ἡμῶν
1116 1989 1256 2021 σωματικὰ
1265 1988 1343 2023 μέλη,
1360 1989 1394 2016 τὰ
1407 1989 1454 2016 νῦν
1474 1990 1641 2025 σπειρόμενα
1655 1989 1769 2024 ψυχικὰ,

981 2033 1133 2068 ἐγείρονται
1156 2035 1346 2070 πευματικά³
1366 2036 1401 2062 τὰ
1422 2036 1468 2062 νῦν
1486 2036 1652 2071 σπειρόμενα
1667 2036 1696 2062 ὲν
1710 2035 1772 2069 φθο-

983 2079 1034 2113 ρᾷ,
1048 2079 1200 2114 ἐγείρονται
1217 2081 1246 2106 ὲν
1267 2081 1421 2117 ἀφθαρσίᾳ·
1439 2081 1474 2108 τὰ
1493 2081 1540 2108 νῦν
1562 2081 1727 2116 σπειρόμενα
1742 2082 1772 2107 ἐν

982 2124 1106 2160 θανάτῳ,
1126 2126 1277 2161 ἐγείρονται
1296 2128 1325 2153 ὲν
1339 2127 1482 2163 ἀθανασίᾳ.
1499 2129 1530 2154 Εἰ
1544 2127 1633 2154 τοίνυν
1649 2127 1682 2154 τὰ
1702 2128 1772 2162 ἡμέ-

982 2179 1048 2205 τερα
1064 2171 1165 2203 οὕτως,
1189 2172 1264 2207 πόσῳ
1289 2181 1320 2206 γε
1345 2173 1444 2207 μᾶλλον
1471 2174 1558 2200 ἐκεῖνο
1574 2174 1604 2200 τὸ
1630 2173 1707 2207 ἆγιαν
1725 2174 1772 2199 καὶ

90 2237 100 2248 κ
142 2206 214 2232 ritali
230 2205 346 2240 quadam
365 2207 520 2234 comlitione
536 2213 700 2243 resurgunt:
720 2218 791 2244 quae,
808 2211 929 2246 inquam.

983 2216 1198 2252 ἀνεκδιήγητον,
1226 2205 1273 2244 καὶ
1292 2205 1456 2254 ἀσύγκριτον
1487 2219 1534 2245 καὶ
1559 2220 1708 2255 ἀκραιφνὲς
1731 2219 1772 2254 τῷ

142 2259 204 2278 cum
219 2253 396 2287 corruptione
420 2258 557 2286 seruntur,
572 2262 633 2281 cum
653 2255 858 2291 incorruptione
872 2266 931 2284 sur-

142 2302 231 2331 gunt:
250 2304 311 2331 qua:
332 2298 358 2324 in
381 2303 468 2326 morte
492 2299 672 2332 seminantur,
691 2308 751 2328 cum
768 2303 929 2330 immortali-

142 2346 198 2369 tate
221 2348 367 2378 resurgunt
382 2343 402 2371 ⁸.
418 2344 521 2377 Quodsi
544 2346 674 2380 ejusmodi
696 2355 809 2382 corpora
838 2353 930 2376 nostra

142 2387 233 2414 futura
253 2393 326 2420 sunt,
344 2395 445 2423 quanto
456 2392 541 2425 magis
557 2392 759 2419 sanctissimum
773 2393 838 2420 illud
853 2393 932 2421 Chri—

142 2434 176 2460 sti
193 2441 303 2468 corpus,
320 2435 391 2469 quod
408 2435 489 2463 nullis
504 2437 592 2463 verbis
607 2438 746 2472 explicari,
767 2447 854 2474 neque
868 2448 929 2467 cum

142 2479 196 2505 ulla
213 2487 242 2506 re
256 2480 407 2514 comparari
429 2485 517 2515 potest
534 2491 539 2508 :
556 2482 633 2513 illud,
659 2483 779 2517 inquam,
807 2484 932 2512 sinceris-

142 2526 241 2552 simum
259 2533 291 2552 ac
305 2525 361 2553 Deo
381 2527 570 2561 coniunctum,
592 2528 730 2563 singulare
755 2529 883 2565 deinceps
904 2536 931 2558 et

983 2261 1042 2297 Θεῷ
1057 2263 1261 2298 συνηνωμένον,
1289 2265 1320 2290 τὺ
1344 2264 1374 2290 ἓν
1400 2264 1430 2290 ὃν
1443 2264 1535 2291 λοιπὸν
1557 2265 1706 2300 μονοειδές;
1728 2265 1771 2296 Ὧς

984 2309 1030 2334 καὶ
1055 2309 1084 2334 ὲν
1100 2309 1187 2345 τούτῳ
1207 2302 1389 2346 ἐπιμαρτυρεί
1413 2313 1427 2338 ό
1455 2312 1615 2343 ’Λπόστολος
1629 2332 1636 2344 ,
1666 2312 1770 2346 λέγων·

984 2353 1019 2378 El
1045 2353 1093 2379 καὶ
1109 2353 1281 2389 ἐγνώκαμεν
1306 2356 1381 2382 κατὰ
1397 2356 1496 2391 σάρκα
1521 2357 1667 2391 Χριστὸν,
1692 2357 1772 2384 ἀλλὰ

984 2396 1043 2423 νῦν
1056 2399 1156 2425 οὐκέτι
1176 2398 1362 2434 γινώσκομεν
1375 2411 1381 2416 ·
1397 2402 1446 2436 ούχ
1463 2402 1504 2428 ὄτι
1520 2402 1600 2428 διεῖλε
1619 2402 1669 2437 τὴν
1683 2402 1772 2437 σάρκα

984 2442 1037 2468 ἀπὺ
1062 2444 1111 2478 τῆς
1135 2444 1262 2479 θεότητος
1280 2465 1286 2477 ,
1310 2446 1378 2472 ἀλλὰ
1401 2447 1488 2482 αὐτὴν
1517 2447 1650 2482 μένουσαν
1667 2448 1708 2479 η,
1725 2447 1772 2474 καὶ

982 2488 1043 2524 Θεῷ
1067 2491 1280 2525 συνηνωμὲνην,
1303 2492 1402 2526 μηκέτι
1426 2493 1454 2519 δὲ
1474 2491 1556 2520 οὖσαν
1578 2493 1648 2520 κατὰ
1673 2493 1772 2528 σάρκα,

984 2534 1052 2562 ἀλλὰ
1065 2539 1139 2563 κατὰ
1153 2537 1272 2573 πνεῦμα
1290 2539 1311 2554 ¹⁵
1324 2539 1495 2574 ἁγιωσύνης
1504 2559 1512 2573 ,
1527 2539 1561 2572 ἐξ
1579 2539 1771 2572 ἀναστάσεως

176 2603 183 2618 ¹
202 2603 288 2646 [ρον.
310 2604 415 2646 ειη-55.
453 2605 549 2646 ξΡεοΙ.
565 2614 618 2646 cvi.
640 2607 684 2646 16Σ
721 2608 730 2623 ³
741 2607 814 2646 Psal.
828 2617 871 2642 xv,
889 2609 923 2646 15
934 2611 1019 2646 ιγΑῡι.
1038 2620 1069 2644 2:,
1085 2613 1130 2640 Τι’.
1167 2614 1179 2630 δ
1193 2614 1272 2642 Rom.
1286 2624 1323 2646 vi,
1337 2617 1364 2642 9.
1394 2616 1404 2631 ⁵
1418 2615 1497 2643 Rom.
1516 2624 1572 2643 vtll.
1584 2616 1630 2643 34.
1662 2617 1673 2632 ε
1687 2615 1697 2641 l
1709 2615 1772 2642 Cor.

139 2646 184 2669 xv,
198 2639 232 2676 4‘2
252 2647 312 2676 sqq.
363 2640 372 2654 ⁷
386 2649 430 2675 πο.
451 2641 524 2676 ᾅδου.

141 2674 353 2710 σεναλισθέντων
372 2674 479 2710 legitur.

138 2706 169 2735 οὗ
174 2717 229 2736 σαν.

582 2643 593 2658 ⁸
604 2650 657 2679 ηδ
673 2642 702 2668 ἓν
719 2643 837 2679 πνεῦμα.

277 2711 298 2726 ’⁸
318 2720 361 2745 πρ.
383 2711 453 2737 κατὰ
471 2711 588 2747 πνεῦμα,
609 2712 645 2744 ὣς
661 2711 736 2748 φησι,
754 2714 823 2739 κατὰ
836 2723 911 2741 πνευ.

175 2786 319 2824 (ὅϐλοὺχὶ
340 2787 395 2824 ζῇς
413 2788 558 2821 Θεότητος
574 2791 838 2824 συγκλεισθείσης.
866 2789 932 2817 Vide

139 2828 199 2853 qua:
223 2822 256 2858 de
278 2823 321 2848 illa
346 2822 488 2857 Epiplianii
510 2822 639 2858 opinione
661 2826 779 2853 diximus
794 2822 825 2852 ad
856 2826 932 2853 Fidei

139 2855 329 2886 m'posiiionem
343 2855 417 2884 num.
439 2859 480 2885 l7.

892 2645 974 2682 “Alia
992 2646 1072 2674 lectio
1102 2649 1188 2682 addit,
1222 2651 1268 2676 καὶ
1303 2651 1421 2677 συνέπιε.

524 2677 555 2716 _”
574 2686 625 2718 rp;
637 2678 761 2712 Χριστός.
791 2677 817 2720 ’ξ
837 2679 874 2706 ita
893 2687 924 2706 ex

983 2684 1070 2710 maria
1088 2677 1241 2712 correctum
1253 2691 1305 2713 est.
1344 2686 1417 2720 "rp.
1445 2677 1580 2717 αὐτόθεοξ.
1602 2677 1642 2702 Ἶ¹⁸
1724 2685 1771 2720 μὲν

1474 2652 1495 2667 ¹⁰
1511 2651 1571 2678 Act.
1601 2660 1620 2679 ι.
1659 2651 1705 2678 sed
1736 2650 1771 2676 ibi

1024 2793 1078 2828 (57)
1092 2793 1294 2827 Συναυγίσθη.
1316 2793 1445 2821 Eumdem
1474 2795 1545 2821 hunc
1561 2794 1649 2820 locum
1663 2793 1723 2822 vidc
1734 2794 1768 2820 ci-

987 2832 1043 2854 tato
1059 2836 1120 2854 mox
1141 2829 1168 2854 in
1186 2836 1300 2856 uuntel‘n
1316 2830 1349 2855 17
1363 2829 1541 2864 Ε.ῑροδὸέὶοηίς
1557 2830 1629 2864 ﬁdei.
