1935 3044
96 144 151 172 835
760 150 1094 182 ANACEPHALREOSIS.
1678 154 1733 183 886

96 200 215 235 νεκρῶν
233 201 287 229 τοῦ
303 202 415 237 Κυρίου
434 203 518 239 ἡμῶν
542 205 643 239 Ἰησοῦ
664 206 803 239 Χριστοῦ.
824 206 890 233 Τοῦ-

946 208 1105 235 uniforme?
1123 207 1201 241 Quod
1225 209 1333 243 quidem
1350 209 1500 244 Apostolus
1525 210 1576 237 hac
1599 211 1734 238 sententia

96 255 143 272 τον
156 247 226 282 ὁμοῦ
247 248 312 274 Θεὸν
330 249 337 264 ¹
355 248 473 284 ἔχοντα,
496 251 588 286 ἀπαθῆ
607 252 654 278 καὶ
675 251 813 285 παθόντα,
846 254 890 279 καὶ

946 257 1078 281 testatur:
1096 253 1131 280 Et
1148 254 1172 281 si
1191 254 1323 285 novimus,
1346 255 1444 290 inquit,
1467 256 1608 282 secundum
1631 264 1735 283 carnem

97 292 219 326 ταφέντα
236 295 283 320 καὶ
297 294 452 322 ἀναστάντα
471 297 518 323 καὶ
541 296 688 324 ἀνελθόντα
704 298 733 324 ἐν
748 297 825 334 δόξῃ,
847 299 890 333 sp-

946 297 1087 330 C/iristum,
1102 306 1153 325 non
1163 298 1222 332 jam
1236 299 1415 334 cognoscimus
1430 300 1454 333 ’;
1470 308 1524 327 non
1539 301 1612 336 quod
1626 308 1735 328 carnem

98 338 215 372 χὸμενον
242 340 333 375 κρῖναι
356 340 461 373 ζῶντας
478 342 524 368 καὶ
540 343 670 378 νεκροὺς,
690 342 728 376 ὥς
744 352 845 380 φησιν,
861 345 890 370 ἐν

946 350 958 370 a
972 343 1114 371 divinitate
1134 343 1294 379 sejuuxerit.
1320 344 1366 372 sed
1381 345 1453 380 quod
1478 347 1593 373 exsistat
1612 346 1657 372 illa
1675 346 1738 380 qui-

97 383 213 419 ἁληϐείᾳ
224 404 232 416 ,
251 382 293 412 οὗ
308 385 364 420 τῆς
375 386 538 420 ,βασιλείας
553 389 608 416 οὐκ
621 388 708 415 ἔσται
721 388 820 422 τέλος.

946 389 1014 421 ιιι-ιιι,
1032 397 1066 416 ac
1084 398 1146 417 cum
1175 390 1231 417 Deo
1246 390 1394 426 jungatur;
1418 399 1512 418 verum
1540 400 1595 419 non
1620 392 1738 426 amplius

98 431 252 457 secundum
280 438 408 466 carnem,
437 435 485 462 sed
512 435 662 462 secundum
683 435 810 470 spiritum
831 436 876 469 sit,
904 440 933 463 nt
962 437 1076 472 ipsemet
1107 438 1214 472 asserit,
1242 439 1383 465 secundum
1399 440 1521 473 spiritum
1544 439 1735 474 sanctiﬁcatio—

98 476 151 507 nis,
169 485 203 505 ex
218 480 407 507 resurrectione
424 485 588 509 mortuorum
603 483 711 510 Domini
723 484 809 511 nostri
841 484 907 511 Jesu
925 484 1059 512 Christi‘.
1093 484 1171 513 Hune
1198 485 1281 521 igitur
1303 487 1424 514 Ecclesia
1453 487 1533 515 simul
1560 488 1643 515 Deum
1674 494 1736 515 esse

100 522 254 557 proﬁtetur,
274 526 411 559 passionis
435 533 573 562 expertem
594 533 621 557 et
643 537 765 565 passum,
788 530 835 566 qui
857 530 980 565 sepultus
995 531 1040 563 sit,
1058 531 1248 563 resurrcxerit,
1264 539 1326 558 cum
1358 532 1443 567 gloria
1471 533 1571 559 ccelum
1601 539 1736 560 conscen-

99 570 182 600 derit,
195 576 339 599 venturum
355 573 474 602 indidem
487 576 612 610 judicare
631 578 710 606 vivos
726 582 753 606 et
765 582 898 611 mortuos,
914 578 996 614 idque
1012 579 1081 607 adeo
1102 587 1166 607 vere
1187 580 1224 606 uti
1247 580 1351 607 dictum
1373 584 1415 607 est
1441 589 1447 607 :
1480 581 1563 616 Cujus
1586 581 1658 616 regni
1684 590 1737 608 non

99 618 150 644 erit
164 618 226 652 ﬁnis
241 619 262 646 '.

136 666 193 692 Καὶ
206 668 259 704 γὰρ
272 666 319 695 καὶ
336 671 457 698 πιστεύει
472 673 487 707 ἡ
501 673 579 708 ἡμῶν
591 675 600 690 ¹
617 674 687 710 αὕτη
709 676 725 710 ἡ
740 675 805 710 ἁγία
830 675 891 702 Ἑκ-

102 710 201 746 κλησία
214 732 222 744 ,
238 714 285 740 καὶ
310 715 348 746 ὡς
363 716 432 752 αὐτῇ
456 717 563 753 ἀληθῶς
581 720 767 756 κεκήρυκται,
784 720 891 756 ἀληθῶς

102 759 302 792 προστέτακται
319 770 325 776 ·
359 763 401 790 ὅτι
432 765 657 802 κοιμηθησόμεθα
688 767 807 801 πάντες,
845 769 892 795 καὶ

101 803 312 841 ἀναστησόμεθα
335 808 383 834 σὺν
400 809 505 844 σώματι
527 811 629 847 τούτῳ,
646 813 694 839 σὺν
708 813 779 848 ψυχῇ
796 813 891 850 ταύτῃ

102 850 152 876 σὺν
170 853 251 878 παντὶ
265 852 304 888 τῷ
317 854 443 890 ἡμετέρῳ
460 856 569 883 σκεύει·
583 858 626 884 ἵνα
636 858 751 890 ἕκαστος
768 859 891 895 ἀπολάϐῃ

101 896 170 932 πρὸς
192 897 210 924 ἃ.
233 897 361 934 ἔπραξεν.
382 901 443 928 Ὅτι
459 902 513 937 γὰρ
534 903 680 936 ἀνάστασις
709 905 830 940 νεκρῶν,
846 906 892 932 καὶ

101 941 192 976 κρίσις
204 933 312 976 αἰώνιος
339 946 386 972 καὶ
403 933 525 981 pactis-(at
549 949 672 984 οὐρανῶν
694 951 739 976 καὶ
760 933 894 978 ¹ὀινόιποιυ-
911 933 930 959 Β

102 995 144 1031 et;
158 989 215 1033 τοῖς
227 989 342 1023 δικαίοις
360 992 407 1018 καὶ
423 993 591 1029 κληρονομία
604 997 707 1024 πιστῶν
739 997 786 1023 καὶ
813 998 894 1033 χορὸς

101 1034 160 1068 μετ’
173 1035 314 1069 ἀγγέλων,
329 1037 384 1065 τῶν
400 1041 592 1076 τετηρηκότων
608 1042 657 1078 τὴν
674 1043 765 1070 πίστιν
782 1044 829 1070 καὶ
844 1043 893 1080 τὴν

99 1080 213 1114 ἁγνείαν
232 1082 278 1108 καὶ
294 1083 343 1119 τὴν
356 1084 452 1111 ἐλπίδα
469 1087 516 1112 καὶ
528 1086 576 1118 τὰς
593 1087 640 1114 τοῦ
657 1088 758 1124 Κυρίου
772 1089 893 1123 ἐντολὰς,

99 1126 209 1162 ἀληθῶς
233 1128 307 1162 ἐστι,
331 1130 378 1157 καὶ
394 1132 560 1167 κεκήρυκται
578 1135 625 1161 καὶ
641 1135 807 1170 ὴσφάλισται
819 1157 826 1168 ,
847 1137 894 1162 καὶ

99 1173 259 1201 πιστεύεται
274 1175 314 1202 ὅτι
326 1172 400 1203 οὗτοι
413 1177 611 1214 ᾀναστήσονται
625 1181 665 1212 εὶς
682 1181 754 1216 ζωὴν
772 1182 891 1215 αἰώνιον,

101 1218 149 1244 καὶ
164 1216 236 1246 οὗτοι
257 1222 297 1252 εἰς
320 1223 410 1257 κρίσιν
427 1223 536 1251 αἰώνιον
546 1246 552 1257 ,
567 1226 636 1252 κατὰ
650 1227 681 1253 τὸ
700 1228 893 1262 γεγραμμένον

101 1265 131 1290 ἐν
149 1266 206 1296 τοῖς
230 1266 415 1302 Εὐαγγελίοις.
431 1270 502 1297 Ὀσα
523 1271 577 1307 γὰρ
602 1271 676 1306 λέγει
695 1273 710 1299 ό
733 1273 892 1306 Ἀπόστολος

101 1309 148 1335 καὶ
172 1311 257 1337 πᾶσαι
278 1313 305 1338 αἱ
323 1312 400 1347 ἅγιαι
418 1314 526 1350 Γραφαὶ
539 1335 547 1347 ,
576 1316 663 1352 ἀληΟῆ
693 1317 821 1352 τυγχάνει
834 1326 841 1333 ”
868 1319 893 1345 εἰ

101 1356 148 1382 καὶ
168 1356 245 1392 παρὰ
267 1359 322 1390 τοῖς
347 1359 514 1396 ἀπιστήσασι
540 1361 589 1388 καὶ
613 1363 707 1395 κακῶς
737 1364 893 1400 νενοηκὸσιν

100 1402 202 1437 ἑτέρως
217 1403 448 1442 ὑπολαμϐάνεται.
469 1407 549 1442 Ἡμῖν
563 1408 593 1434 δὲ
608 1407 679 1444 αὕτη
701 1410 717 1445 ὴ
732 1409 823 1442 πίστις
846 1411 893 1437 καὶ

100 1447 170 1482 αὕτη
184 1449 201 1483 ή
216 1449 298 1484 τιμὴ,
311 1451 359 1476 κα)¹
374 1451 442 1486 αὕτη
459 1454 475 1488 ὴ
492 1454 583 1489 μήτηρ
596 1454 675 1489 ἡμῶν
690 1455 706 1490 ἡ
734 1455 891 1492 Ἐκκλησία,

100 1492 145 1518 διὰ
163 1494 280 1526 πίστεως
296 1495 420 1528 σώζουσα
436 1498 510 1533 (58),
530 1499 576 1526 καὶ
591 1500 624 1526 δι’
639 1500 746 1533 ἐλπίδος
761 1510 893 1537 κρατυνο-

103 1538 172 1573 μένη
200 1539 248 1565 καὶ
273 1541 366 1577 ἀγάπῃ
392 1543 531 1578 Χριστοῦ,
549 1546 724 1582 τελειουμένη
751 1548 788 1574 ἕν’
803 1558 832 1575 τε
858 1550 891 1584 τῇ

980 671 1047 700 Nam
1070 677 1097 700 et
1123 673 1175 700 hoc
1197 677 1292 700 sancta
1317 673 1375 708 ipsa
1400 677 1486 701 mater
1510 673 1640 704 Ecclesia.
1664 675 1736 710 quod

945 726 1007 746 vere
1023 718 1075 745 sibi
1091 718 1265 754 praedicatum
1290 727 1408 754 vereque
1429 721 1586 746 Inandatum
1606 724 1658 752 est,
1677 729 1737 748 cre-

945 764 1003 792 (lit:
1023 765 1185 792 moriturum
1207 773 1429 801 unumquemque
1450 770 1572 793 nostrum
1591 775 1623 794 ac
1647 775 1738 795 resur-

948 815 1084 838 recturum
1096 819 1157 838 cum
1173 811 1224 839 hoc
1237 812 1296 845 ipso
1311 819 1436 847 corpore,
1451 820 1512 839 cum
1525 813 1619 840 eadrm
1635 814 1736 845 anima,

946 866 1009 885 cum
1025 862 1081 885 toto
1096 858 1147 884 hoc
1160 858 1352 890 instrumento,
1368 858 1485 893 denique
1502 864 1530 885 ut
1549 859 1663 893 quil.bet
1679 867 1737 887 me-

947 904 1006 931 ritis
1031 904 1090 932 suis
1112 908 1297 932 consentanea
1322 905 1433 940 praemia
1464 905 1598 940 percipiat
1622 905 1643 932 ‘.
1669 905 1736 931 Nam

944 950 1016 986 quod
1032 956 1202 979 mortuorum
1217 952 1310 979 futura
1321 952 1488 979 resurrectio
1501 952 1537 979 sit
1548 956 1628 988 atque
1637 957 1738 979 aeterna

944 998 1095 1029 damnatio,
1110 999 1277 1033 coelesteque
1289 1006 1414 1033 regnum,
1429 998 1601 1033 etjnstorum
1618 999 1696 1033 quies
1707 1007 1739 1026 ac

945 1043 1062 1071 ﬁdelium
1080 1043 1235 1076 haereditas,
1253 1045 1461 1079 communisque
1474 1053 1536 1072 eum
1559 1045 1662 1080 angelis
1677 1045 1739 1072 cho-

944 1097 991 1118 rus
1022 1091 1055 1119 iis
1082 1092 1248 1119 constitutus
1272 1092 1318 1127 qui
1343 1092 1422 1118 ﬁdem
1447 1095 1475 1118 et
1497 1091 1688 1119 castimoniam
1712 1097 1738 1118 et

944 1145 1019 1172 spem
1045 1144 1077 1164 ac
1104 1137 1212 1164 Domini
1236 1141 1368 1172 przecepta
1390 1138 1536 1169 servarint,
1562 1137 1737 1175 verissimum

943 1187 1002 1215 est;
1019 1182 1101 1217 idque
1123 1186 1150 1210 et
1170 1183 1348 1218 praedicatum
1364 1186 1390 1209 et
1406 1183 1558 1210 certissime
1577 1183 1739 1218 comproba-

944 1233 1000 1255 tum
1014 1232 1040 1255 et
1053 1229 1209 1256 creditum:
1233 1230 1361 1263 quoniam
1384 1229 1411 1255 hi
1441 1231 1584 1263 resurgent
1605 1228 1631 1254 in
1656 1228 1739 1256 vitam

946 1273 1052 1309 1140
1065 1277 1205 1307 aeternam,
1219 1278 1246 1301 et
1269 1274 1313 1301 isti
1328 1274 1355 1300 in
1376 1273 1509 1309 judicium
1525 1278 1657 1300 aeternum
1669 1274 1692 1306 ⁷,
1708 1277 1739 1300 ut

943 1318 972 1344 in
998 1318 1144 1353 Evangelio
1170 1319 1301 1353 scriptum
1327 1323 1376 1346 est.
1406 1318 1474 1345 Nam
1503 1317 1672 1353 quaecunque
1698 1319 1739 1345 vel

943 1364 1088 1398 Apostolus
1107 1364 1148 1391 vel
1166 1372 1244 1391 sacra
1262 1364 1351 1392 omnis
1369 1363 1510 1399 Scriptura
1531 1367 1660 1396 testatur,
1676 1371 1739 1390 vera

944 1414 1018 1442 sunt,
1033 1410 1095 1437 licet
1109 1410 1232 1437 inﬁdeles
1251 1417 1283 1437 ac
1300 1418 1442 1446 perperam
1459 1410 1641 1445 intelligentcs
1661 1410 1740 1436 aliter

943 1455 1110 1484 existiment.
1131 1455 1217 1483 Nobis
1233 1464 1296 1483 vero
1314 1463 1348 1487 ea,
1360 1456 1470 1484 demum
1487 1456 1555 1484 ﬁdes
1570 1461 1622 1488 est,
1643 1456 1666 1483 is
1690 1457 1740 1483 lio-

943 1510 994 1529 nor
1014 1509 1046 1529 ac
1062 1502 1182 1536 dignitas
1201 1510 1207 1528 ;
1233 1502 1290 1529 haec
1312 1506 1354 1529 est
1380 1506 1474 1529 nostra
1498 1506 1586 1529 mater
1607 1501 1739 1535 Ecclesia,

943 1555 1004 1582 quae
1020 1555 1068 1582 per
1093 1547 1171 1574 Iidem
1188 1552 1289 1578 servat,
1314 1556 1362 1586 spe
1385 1548 1583 1576 corroboratur
1597 1553 1624 1576 et
1637 1548 1740 1576 Christi

99 1583 279 1619 ὁμολογίᾳ,ἐν
301 1595 332 1612 τε
351 1589 407 1620 τοῖς
433 1590 604 1626 μυστηρίοις,
619 1591 648 1618 ἐν
674 1601 704 1618 τε
719 1595 752 1629 τῇ
768 1594 815 1620 τοῦ
829 1583 890 1620 λοῷ

946 1594 1087 1625 eliarilate,
1108 1601 1214 1621 necnon
1235 1598 1262 1621 et
1282 1595 1417 1628 ejusmodi
1441 1594 1611 1629 professione
1628 1602 1660 1622 ac
1683 1603 1740 1630 my-

99 1631 165 1664 τροῦ
192 1631 332 1668 καθαρσίῳ
353 1633 482 1670 δυνάμειο
497 1637 538 1663 ὅτι
564 1637 756 1673 Ἀπελθόντες
780 1641 890 1672 βαπτί-

100 1683 177 1703 σατε
191 1679 234 1710 εἰς
248 1678 342 1714 ὄνομα
354 1681 467 1715 [Iutde
481 1683 530 1709 καὶ
543 1684 608 1710 Υιοῦ
623 1684 670 1710 καὶ
696 1685 783 1719 ἁγίου
804 1688 894 1713 Πνεύ-

99 1732 213 1757 ματος·
240 1725 279 1756 εἰς
303 1724 388 1760 ὄνομα
413 1727 441 1753 δὲ
468 1727 563 1763 θεῖκῆς
589 1729 718 1765 Τριάδος,
747 1731 894 1766 ὀνομασίας

102 1768 239 1803 μηδεμίαν
255 1770 385 1805 διαφορὰν
399 1771 524 1808 ἐχούσης.
548 1773 617 1800 Ἀλλ’
632 1775 673 1801 ὅτι
689 1775 755 1806 Θεὸς
770 1773 810 1807 εἷς
828 1777 894 1811 ἡμῖν

102 1813 130 1838 ἐν
145 1813 220 1848 νόμῳ
239 1814 286 1840 καὶ
310 1815 339 1842 ὲν
358 1816 513 1851 προφήταις
535 1818 582 1844 καὶ
598 1819 627 1845 ὲν
653 1819 831 1854 Εὐαγγελίοις
846 1822 894 1848 καὶ

101 1859 131 1884 ἐν
149 1859 309 1893 ἀποστόλοις
333 1861 407 1897 (59),
424 1863 453 1888 ὲν
469 1863 576 1899 Παλαιᾷ
601 1864 647 1891 καὶ
662 1865 751 1901 Καινῇ
771 1865 892 1901 Διαοήκῃ

104 1906 272 1941 κεκήρυκται
287 1908 333 1934 καὶ
349 1908 530 1943 κατήγγελται
557 1910 604 1936 καὶ
624 1911 800 1939 πεπίστευται
814 1933 822 1945 ,
838 1913 894 1938 Πα-

101 1952 155 1988 τὴρ
172 1953 219 1979 καὶ
235 1954 299 1986 Υἱὸς
324 1956 372 1981 καὶ
397 1956 474 1990 ἆγιον
493 1957 620 1992 Πνεῦμα·
649 1957 718 1993 μήτε
745 1958 892 1994 συναλοιφή

103 2006 144 2029 τις
169 1996 237 2025 οὖσα
254 2001 270 2034 ἡ
281 2000 399 2036 Θεότης,
426 2002 495 2030 ἀλλὰ
515 2003 601 2038 Τριὰς
623 2003 707 2035 ὅντως
722 2003 812 2030 τελεία
826 2013 831 2019 ·
849 2004 892 2031 τέ-

103 2042 172 2074 λειος
186 2045 200 2070 ὁ
226 2045 334 2081 Πατὴρ,
351 2046 453 2079 τέλειος
469 2048 484 2074 ὁ
507 2048 598 2079 Υἱὸς,·
612 2048 713 2075 τέλειον
735 2050 766 2075 τὸ
781 2050 892 2085 Πνεῦμα

101 2089 132 2115 τὸ
146 2090 234 2124 ἅγιον,
252 2092 300 2126 μία
323 2093 418 2128 θεότης
430 2114 437 2125 ,
453 2092 493 2126 εἷς
504 2094 585 2126 Θεός·
598 2091 621 2128 ᾧ
633 2097 650 2129 ὴ
667 2095 747 2127 δόξα,
761 2095 828 2131 τιμὴ
846 2097 892 2122 καὶ

102 2135 204 2171 κράτος
225 2135 272 2163 νῦν
289 2137 335 2163 καὶ
351 2138 394 2164 ἀεὶ
411 2139 458 2165 καὶ
481 2140 521 2171 εἰς
541 2140 605 2171 τοὺς
623 2140 723 2172 αἰῶνας
747 2141 801 2167 τῶν
828 2141 892 2168 αἰώ-

103 2190 166 2208 νων.
191 2183 285 2217 Ἀμήν.

947 1639 1048 1670 steriis.
1078 1638 1261 1673 buplismique
1286 1639 1310 1666 vi
1344 1647 1375 1666 ac
1405 1640 1566 1674 purgatione
1587 1639 1738 1673 perﬁcitur.

950 1684 1057 1716 Enntcs,
1073 1684 1172 1719 inquit,
1189 1684 1320 1718 baptizata
1339 1685 1366 1710 in
1382 1685 1485 1711 nomine
1501 1683 1604 1716 Patris,
1621 1689 1645 1711 et
1664 1683 1738 1718 Filii,

946 1735 970 1756 et
989 1730 1107 1764 Spiritus
1125 1730 1211 1757 sancti
1227 1731 1236 1745 ⁸
1255 1740 1261 1757 :
1279 1731 1305 1757 in
1332 1731 1442 1757 nomine
1464 1730 1562 1757 divina:
1585 1729 1738 1763 Trinitatis,

947 1776 1026 1811 cujus
1040 1776 1186 1811 appellatio
1202 1776 1339 1803 diversum
1354 1776 1420 1803 nihil
1435 1776 1565 1803 continet.
1582 1776 1610 1804 Si
1629 1777 1738 1811 quidem

948 1830 1018 1849 unus
1036 1829 1068 1849 ac
1085 1822 1232 1856 singularis
1251 1822 1322 1850 Deus
1336 1827 1364 1850 et
1382 1822 1409 1849 in
1424 1823 1483 1858 lege
1500 1827 1527 1850 et
1541 1823 1692 1858 prophetis,
1710 1823 1738 1850 in

947 1867 1101 1903 Evangeliis
1120 1873 1147 1895 et
1165 1869 1307 1903 apostolis,
1328 1869 1355 1896 in
1375 1867 1472 1896 Vetere
1496 1874 1523 1897 et
1544 1869 1619 1896 Novo
1641 1868 1737 1896 Testa-

946 1919 1037 1941 mento
1053 1914 1226 1948 praedicatus,
1242 1915 1383 1942 nuntiatus
1398 1920 1439 1942 est
1458 1922 1490 1942 ac
1503 1914 1634 1947 creditur,
1647 1914 1738 1949 Pater,

945 1965 971 1988 et
991 1960 1087 1993 Filius,
1105 1966 1133 1988 et
1157 1960 1276 1996 Spiritus
1299 1966 1422 1990 sanctus.
1446 1961 1541 1998 Neque
1566 1970 1631 1990 vero
1645 1962 1740 1990 coniu-

945 2015 1006 2034 sum
1021 2007 1149 2042 quiddam
1167 2008 1225 2042 ipsa
1239 2008 1373 2035 Divinilas
1387 2012 1440 2040 est,
1455 2008 1501 2036 sed
1513 2007 1632 2043 perfecta
1645 2016 1740 2036 revera

946 2053 1066 2080 Trinitas
1085 2058 1138 2085 est,
1154 2054 1292 2088 perfectus
1310 2053 1401 2086 Pater,
1418 2054 1555 2089 perfectus
1571 2054 1666 2085 Filius,
1683 2062 1741 2088 per-

946 2098 1034 2126 tectus
1055 2098 1172 2133 Spiritus
1192 2105 1322 2132 sanctus;
1339 2107 1393 2127 una
1409 2100 1549 2133 divinitas,
1567 2107 1638 2126 unus
1656 2099 1738 2131 Deus,

945 2145 989 2171 eui
1009 2145 1107 2179 gloria,
1129 2145 1216 2172 honor
1237 2149 1264 2172 et
1280 2146 1423 2179 imperium
1442 2153 1513 2172 nunc
1534 2150 1560 2173 et
1584 2153 1694 2180 semper
1712 2149 1739 2172 et

910 2187 931 2214 υ
947 2190 973 2216 in
988 2190 1086 2216 smcula
1102 2190 1273 2216 saculorum.
1292 2190 1387 2216 Amen.

137 2259 145 2274 ²
162 2259 385 2300 [θεοένθρευῖτον
397 2261 464 2298 ὁμοῦ
476 2263 526 2300 μὶ
540 2263 616 2300 θεςεγι
644 2265 662 2300 γ’
679 2272 725 2299 π]-
739 2264 839 2300 μήτηρν
850 2264 890 2300 ήμ

974 2265 984 2281 ³
998 2265 1018 2292 ll
1034 2265 1097 2293 Cor.
1112 2274 1139 2299 v,
1152 2266 1197 2294 16.
1236 2266 1246 2280 ’⁸
1261 2265 1340 2294 Rom.
1361 2275 1381 2300 I,
1395 2266 1423 2292 4.
1461 2266 1471 2282 ⁸
1488 2265 1554 2294 Luc.
1574 2275 1593 2299 ι,
1610 2266 1654 2294 55.
1695 2265 1738 2294 ‘ll

104 2294 167 2323 Cor.
182 2289 215 2328 νζ
227 2295 271 2323 10.
296 2289 320 2312 ’⁷
336 2289 419 2325 ἐοιηιί
434 2306 461 2330 ν,
473 2298 518 2325 29.
548 2289 672 2327 γίΜθῑιΙι.

139 2375 196 2409 (58)
211 2375 262 2402 Διὰ
275 2375 403 2409 πίστεως
420 2375 569 2405 σώζουσα.
587 2378 654 2405 Vide
674 2378 761 2405 locum
786 2378 859 2405 hunc
874 2386 889 2405 a

105 2408 262 2448 Tlioinasio
271 2415 365 2438 nostro
389 2408 496 2440 diversa
518 2413 741 2448 interpretatione
759 2414 888 2440 donatum

105 2446 266 2483 numeroiS
285 2451 442 2483 mammatae
454 2455 508 2475 non
523 2446 606 2476 semel
621 2448 802 2481 Ezpositiouis
815 2449 887 2483 ﬁdei.

141 2479 199 2515 (59)
219 2481 270 2508 Ἐν
282 2481 475 2516 ἀποστόλοις.
497 2483 636 2522 Petavius,
649 2479 726 2519 Apud
744 2479 889 2521 apostolos.

945 2379 1122 2408 Renoventur
1151 2382 1195 2409 hic
1219 2390 1281 2411 aure
1305 2382 1338 2409 ad
1365 2383 1483 2410 similem
1505 2383 1594 2410 locum
1611 2383 1740 2411 similem-

943 2423 997 2450 que
1017 2417 1177 2480 oliigcausam
1202 2417 1393 2446 adnotavimus
1421 2419 1448 2445 in
1477 2417 1647 2452 Expositione
1668 2417 1740 2452 fidei.

943 2458 1019 2479 ntnn.
1074 2474 1079 2480 .

943 2458 1019 2479 llllm.
1036 2458 1079 2481 ιδ.
