1935 3044
199 149 253 177 8M

766 144 938 175 APPENDFX
951 143 1264 173 lllSSERTATlONUM.

1779 142 1837 171 892

202 216 275 236 xxvn
295 217 345 244 par
356 213 397 237 est
410 209 520 237 credere
534 218 540 236 :
554 209 598 236 ubi
617 209 718 237 Gratus
732 216 782 243 pro
797 209 875 236 Cotta
898 208 987 236 nomi-
1004 211 1026 238 A
1041 206 1098 233 rius
1109 205 1142 238 V,
1154 209 1181 233 et
1195 204 1312 240 Sejanus
1328 211 1402 231 anno
1415 202 1477 236 783,
1490 202 1600 230 Iuliano
1614 203 1649 230 75
1660 202 1838 236 conveniant,

201 259 292 281 natur.

236 297 264 323 In
280 298 423 325 consulatu
440 307 534 330 xxxvi,
551 299 598 333 qui
613 304 655 326 est
667 298 693 325 in
710 297 854 334 Epiphanii
872 299 994 327 indiculo

203 350 290 375 um,
307 343 395 377 major
410 348 452 371 est
468 344 555 372 labes.
570 344 637 372 Nam
662 344 746 372 Siculi
763 344 836 372 Fasti
853 352 915 372 cum
929 344 994 379 Epi-

202 388 303 422 phanio
325 394 386 423 post
409 391 532 425 geminos
546 391 627 423 duos,
647 391 748 418 Rufum
762 396 788 418 et
805 390 992 418 Rubellionem

203 434 500 471 (Siculi,Rubellinum)
516 437 661 465 collocant.
678 438 712 464 At
726 437 874 472 Capitolini
890 437 925 465 Μ.
943 438 993 465 Vi-

201 480 312 506 nucium
337 485 365 507 et
388 476 516 509 Cassium
549 481 713 517 Longinum.
737 481 839 509 Rufum
855 490 937 517 porro
966 487 994 511 et

202 523 376 552 tlubellinum
395 526 523 554 suffectos
552 532 629 562 putat
654 527 776 562 Scaliger
806 532 832 554 et
861 525 993 562 Keplcrus

201 570 228 596 in
247 569 364 606 Eclogis.
396 571 452 607 Ego
480 573 549 600 idem
573 574 616 601 his
642 574 668 600 in
695 582 767 601 coss.
791 574 864 609 quod
885 581 930 602 an.
948 582 991 600 XVI

201 616 376 643 commissum
405 617 490 645 fuisse
511 619 645 653 suspiCor.
671 618 739 646 Nam
757 624 786 646 ut
801 620 855 646 illic
871 628 905 647 ex
938 629 993 648 uno

200 661 314 696 collegio
327 661 390 690 Sex.
409 662 529 698 Pompeii
542 663 654 699 Nepotis
680 669 707 692 et
727 665 791 692 Sex.
808 665 916 699 Apuleii
939 665 993 693 Ne-

199 709 283 743 potis,
300 710 355 737 duo
371 718 443 738 coss.
456 712 532 746 paria
546 711 617 739 facta
635 717 714 745 sunt;
733 712 877 740 Sextorum
899 713 995 741 videli-

201 759 244 782 cet
257 755 373 782 duorum
398 761 425 783 et
439 756 562 792 Pompeii
582 761 665 792 atque
680 757 787 791 Apuleii
803 767 810 785 :
826 758 862 785 ita
892 758 992 785 Rufum

200 805 228 826 et.
253 799 426 828 Ruliellinum
444 801 561 829 duorum
587 810 648 830 esse
675 802 854 830 Geminorum
882 804 992 830 nomina

201 845 381 878 crediderim;
398 847 450 874 nisi
462 848 534 882 quod
557 855 605 883 pro
624 847 720 882 Rufus,
736 847 834 875 Fusius
847 849 991 883 legendum

201 895 252 917 est.
277 891 322 918 Sic
337 892 408 918 enim
429 892 639 927 appellanturzC.
651 892 791 920 Rubellius
803 893 945 926 Geminus,
958 894 989 921 C.
1008 892 1027 918 Β

202 935 301 976 Fusius
309 937 450 965 Geminus.
458 938 593 971 Quocirca
601 939 698 965 merito
705 943 760 965 tam
770 939 830 971 hos,
837 947 920 974 quant
931 940 992 967 illus

202 983 522 1016 lira‘tcrmisitOnufrius,
533 993 606 1012 acne
618 985 792 1013 sufl'ectorum
805 986 916 1020 quidem
930 987 990 1014 loco

202 1027 315 1062 habun;
330 1029 401 1062 quod
416 1029 514 1057 frustra
528 1030 641 1057 miratus
649 1035 691 1058 est
703 1030 833 1066 Scaliger,
852 1031 900 1058 lib.
911 1039 936 1058 v1
955 1032 993 1058 De

201 1075 316 1108 enimut,
331 1083 392 1110 pag.
408 1076 471 1104 5⁸11.
642 1088 644 1090 ·
993 1070 995 1072 Ι

237 1118 276 1146 Ex
301 1120 353 1148 hac
381 1121 475 1149 eadem
493 1122 598 1157 collegii
622 1121 801 1150 distractione
825 1124 936 1156 factum,
963 1128 993 1150 ut

201 1163 310 1193 Vinucii
331 1175 363 1194 ac
384 1167 498 1203 Longini
525 1169 686 1196 consulatus
714 1169 785 1203 apud
810 1169 991 1204 Epiphanium

201 1212 266 1240 sede
287 1221 336 1240 sua
356 1214 476 1246 luxalus,
493 1223 581 1242 χχχιιι
608 1215 668 1243 loco
685 1223 699 1242 a
723 1216 884 1243 consulibus
899 1216 993 1252 Augu-

202 1261 246 1285 sto
258 1257 315 1285 XIII
327 1264 355 1286 et
379 1259 491 1287 Silvano
513 1266 671 1295 poneretur,
688 1269 750 1288 cum
767 1269 844 1289 mut
860 1270 920 1290 esse
945 1263 993 1289 dc-

202 1304 299 1331 liuerit.
316 1303 421 1332 Etenim
441 1313 512 1332 anno
537 1305 570 1333 U.
597 1306 627 1334 C.
653 1306 715 1337 785,
731 1305 840 1334 Juliano
861 1306 905 1341 75,
926 1315 989 1335 con-

202 1349 275 1383 gruit
292 1348 388 1377 Vinicii
404 1351 573 1382 consulatus,
592 1352 673 1386 idque
689 1359 720 1378 ex
737 1351 909 1380 Varroniana
925 1360 993 1388 epo-

202 1394 253 1421 cha
270 1403 354 1422 :nam
369 1396 512 1430 Capitolini
531 1396 603 1424 Fasti
629 1405 702 1425 anno
720 1397 772 1425 78?.
789 1398 935 1425 collocant.
964 1398 992 1425 In

202 1447 257 1473 quo
270 1440 382 1468 mirifice
394 1441 578 1468 hallucinatus
586 1447 627 1468 est
635 1441 766 1476 Scaliger,
773 1443 837 1469 dum
846 1442 992 1470 Onufrium

203 1487 303 1521 arguit,
326 1487 398 1521 quod
414 1488 587 1514 consulatum
617 1487 716 1514 Vinicii
734 1488 761 1514 in
783 1487 834 1515 785
846 1489 994 1516 eontulcrit

203 1539 236 1558 ex
251 1530 382 1558 Varronis
403 1533 546 1563 sententia,
559 1540 620 1559 cum
638 1532 820 1560 Catonianum
845 1538 872 1559 ct
885 1533 993 1568 Capito-

204 1577 289 1604 linum
302 1585 437 1604 annorum
450 1586 593 1605 numerum
611 1579 688 1613 sequi
704 1587 733 1606 se
749 1579 917 1613 profiteatur.
935 1580 995 1613 Quo

203 1623 272 1649 nillil
296 1622 392 1650 falsius
418 1623 545 1651 excidere
573 1623 712 1658 Scaligero
739 1624 838 1659 potuit.
862 1624 997 1653 Onufrins

203 1669 276 1695 crim
290 1669 443 1697 Comment.
461 1670 515 1696 inl.
533 1670 669 1705 tFast.,in
687 1670 740 1697 fine
756 1670 882 1698 diatriba:
896 1671 930 1698 de
947 1679 997 1698 an-

205 1722 240 1742 no
258 1714 338 1742 Urbis
372 1716 487 1743 condita:
509 1715 699 1743 disertissimis
723 1716 814 1744 verbis
842 1715 993 1743 Varronem

205 1766 328 1788 secutum
350 1769 382 1788 se
395 1769 456 1789 esse
480 1766 604 1789 testatur.
623 1761 760 1794 Varronis,
777 1762 876 1796 inquit,
894 1767 997 1789 senten-

205 1807 270 1834 tiam
283 1809 311 1834 in
326 1807 367 1834 his
383 1806 475 1834 Fastis
489 1816 529 1834 me
541 1808 614 1843 sequi
637 1807 739 1842 fateor;
761 1816 812 1834 non
827 1808 896 1842 quod
908 1809 932 1834 ei
943 1816 998 1834 ma-

204 1853 244 1887 gis
257 1861 338 1888 quant
353 1851 438 1879 Fabio
455 1852 568 1883 Pictori,
583 1853 620 1879 vel
640 1852 733 1879 Verrio
748 1852 857 1884 Flacco,
874 1858 921 1880 aut
939 1853 998 1880 Dio-

205 1899 280 1933 nysio
307 1899 427 1930 credam;
451 1899 496 1925 sed
511 1899 580 1934 quod
601 1899 658 1933 ejus
676 1899 834 1926 sententiam
848 1900 948 1934 passim
964 1901 996 1926 ab

205 1944 324 1970 omnibus
352 1949 500 1978 susceptam
527 1945 609 1978 fuisse
637 1945 888 1978 animadverterint,
919 1950 997 1980 atque

206 1993 332 2023 tanquam
343 1991 459 2015 omnium
473 1989 638 2016 verissimam
660 1990 886 2025 ccrtissimamque
907 1991 996 2017 obser-

204 2038 303 2060 vatam.
319 2033 397 2067 Quod
410 2035 444 2061 ab
460 2043 493 2061 eo
515 2039 653 2062 servatum
669 2042 729 2062 csse
749 2035 896 2063 discrimen
915 2037 997 2064 unius

204 2079 280 2110 anni,
294 2087 350 2114 quo
364 2079 438 2107 illius
465 2079 538 2107 Fasti
560 2087 576 2106 a
599 2080 762 2114 Capitolinis
792 2086 819 2108 et
841 2081 997 2116 Sigonianis

206 2124 346 2158 diﬂ‘erunt,
364 2125 432 2152 satis
454 2125 585 2153 ostendit.
612 2125 662 2152 Hic
693 2126 738 2153 ille
761 2134 843 2160 porro
875 2126 997 2154 Vinicius

208 2176 260 2204 est,
271 2173 316 2199 cui
327 2172 481 2198 historiam:
492 2179 572 2199 suum
584 2171 751 2198 Breviarium
767 2171 884 2199 Velleius
900 2173 997 2199 inseri-

207 2218 262 2253 psit
275 2227 281 2245 :
296 2219 375 2253 cujus
389 2219 421 2246 ad
433 2218 618 2251 consulatum,
630 2218 664 2245 ab
682 2217 762 2246 Urbis
786 2218 864 2246 initio
886 2227 939 2246 non
952 2227 997 2246 an-
1012 2230 1036 2259 ι)

206 2273 257 2292 nos
269 2265 382 2300 praecise
398 2265 450 2292 783
465 2270 602 2297 numerat,
624 2269 655 2292 ut
675 2265 770 2292 scribit
797 2264 928 2299 SCaIigcr,
950 2266 996 2292 sed

207 2312 269 2338 772.
283 2311 444 2347 Quanquam
468 2311 596 2338 mendum
622 2311 729 2338 incstin
753 2312 887 2343 numeris,
902 2317 928 2338 et
945 2311 999 2338 782

206 2358 414 2385 restituendum.
428 2357 460 2394 Et
477 2362 541 2384 sunt
553 2357 653 2391 alioqui
667 2357 773 2384 numeri
785 2357 855 2391 apud
867 2357 998 2384 Velleium

207 2410 303 2430 omnes
314 2404 509 2438 propemodum
526 2403 627 2436 vitiosi,
637 2407 685 2430 aut
698 2408 771 2430 certe
781 2411 875 2438 parum
891 2403 937 2431 ille
947 2404 998 2432 sibi

208 2454 325 2481 constat,
348 2450 412 2477 dum
438 2450 507 2477 alios
522 2454 603 2484 atque
620 2450 690 2477 alios
714 2454 840 2477 auctores
863 2450 997 2484 sequitur.

209 2497 302 2530 Itaque
322 2501 414 2522 utrum
437 2496 635 2523 Varronianam
658 2505 691 2523 an
711 2495 902 2530 Capitolinam,
915 2505 998 2531 quam

207 2540 387 2568 Catonianam
400 2541 619 2576 voeatScaliger,
635 2542 768 2569 rationem
779 2542 907 2575 tenuerit,
923 2547 999 2570 certo

210 2587 379 2620 pronuntiari
407 2587 510 2622 nequit.
540 2588 691 2622 Scripsisse
716 2588 825 2623 quidem
856 2588 895 2615 vel
925 2596 999 2616 anno

210 2633 280 2667 ipso,
294 2641 349 2668 quo
368 2632 491 2660 Vinicius
502 2633 598 2660 consul
617 2632 678 2666 fuit,
693 2633 735 2660 vel
752 2633 861 2660 ineunte
874 2634 997 2668 sequenti

208 2680 304 2706 saltem
320 2679 481 2709 absolvisse,
494 2678 556 2705 inde
579 2678 672 2713 liquet,
688 2678 761 2713 quod
775 2678 896 2706 florentis
911 2679 1000 2706 adhuc

210 2724 301 2758 Sejani
315 2725 404 2759 operis
417 2724 443 2750 in
459 2725 511 2750 line
523 2724 655 2755 meminit,
666 2725 711 2757 qui
721 2723 831 2751 Tiberio
846 2725 865 2750 V
877 2732 933 2751 cos.
949 2725 999 2752 hoc

209 2777 251 2797 est
267 2769 347 2796 Urbis
362 2769 412 2796 784
430 2768 589 2804 profligatns
613 2773 664 2796 est.
677 2768 779 2800 Quodsi
795 2769 832 2796 ita
845 2773 896 2800 est,
909 2768 998 2796 locum

211 2817 293 2844 habet
311 2816 414 2843 nullum
442 2816 540 2843 eruditi
562 2815 612 2842 viri
627 2815 793 2848 conjectura,
806 2815 852 2850 qui
874 2815 998 2842 dubitare

208 2861 287 2889 visus
301 2866 353 2896 est,
366 2869 400 2889 an
415 2861 572 2897 transpOsiti
587 2861 744 2889 consulatus
756 2865 858 2895 essent,
875 2865 906 2889 ut
918 2860 999 2888 Tibe-

1046 251 1177 278 Vinueius
1193 255 1284 278 autem
1309 254 1336 277 et
1352 249 1467 277 Cassius
1479 249 1543 282 784,
1556 248 1666 276 Juliano
1681 248 1724 276 76.
1741 247 1837 276 Gemi-

1043 306 1141 325 n0rum
1164 302 1237 325 certe
1255 297 1416 325 consulatus
1427 296 1544 324 incurrit
1561 296 1589 323 in
1614 303 1717 323 annum
1731 295 1837 323 Tiberii

1046 344 1078 371 15
1087 344 1223 371 labentem
1236 347 1263 371 et
1273 342 1307 370 ab
1317 342 1441 377 Augusto
1452 349 1545 369 mense
1556 342 1620 369 anni
1634 342 1786 376 superioris
1794 343 1839 369 in-

1044 392 1184 419 choatum.
1202 391 1291 426 Cmpit
1306 390 1379 418 enim
1395 389 1454 416 Kal.
1466 389 1579 417 Januar.
1597 390 1662 416 anni
1672 389 1772 417 Juliani
1788 389 1836 416 ⁸14.

1043 439 1078 464 At
1096 437 1228 466 Vinucius
1245 442 1272 464 et
1290 436 1405 464 Cassius
1419 443 1492 463 coss.
1509 435 1634 463 incidunt
1648 435 1676 462 in
1692 435 1838 463 lulianum

1044 483 1088 515 75,
1100 483 1200 511 Tiberii
1214 483 1245 510 16
1259 483 1313 511 iam
1331 482 1503 509 inchoatum.

1079 530 1117 557 Ac
1131 530 1163 557 de
1175 529 1293 557 Vinucio
1306 532 1333 556 et
1348 528 1444 556 Cassio
1464 533 1601 563 postrema
1616 534 1750 563 superest,
1762 528 1839 556 diffi-

1044 575 1199 610 cillimaque
1213 575 1327 610 quaestio
1338 595 1345 606 ,
1359 574 1475 601 iidcmne
1494 575 1531 601 illi
1551 575 1616 604 sint.
1635 582 1706 609 quos
1723 575 1839 602 Tacitus

1044 622 1139 649 scribit
1155 622 1202 648 lib.
1220 630 1244 648 vi
1261 621 1345 652 Ama,
1367 627 1532 655 progeneros
1554 628 1569 647 a
1590 620 1699 647 Tiberio
1719 621 1840 651 ascitos,

1044 674 1070 694 a.
1084 666 1147 698 786,
1161 665 1220 693 Scr.
1235 666 1319 694 Galba
1335 670 1362 692 et
1378 664 1408 692 L.
1427 664 1501 692 Sulla
1520 672 1592 692 coss.
1613 664 1680 691 Nam
1694 664 1725 691 L.
1739 665 1839 692 Cassio

1045 712 1201 745 Drusillam,
1217 711 1252 739 Μ.
1265 711 1370 738 Vinicio
1383 710 1482 738 Juliam
1493 710 1648 738 Germanici
1667 710 1736 737 filias
1751 710 1840 737 collo-

1044 763 1120 786 catas
1131 766 1191 786 esse
1202 762 1305 785 narrat.
1326 757 1438 789 Vinicio,
1457 756 1556 790 inquit.
1571 756 1730 790 oppidanum
1743 764 1836 792 genus.

1045 804 1153 832 Calibus
1173 809 1258 834 ortus,
1278 808 1352 837 patre
1367 807 1444 838 atque
1458 811 1505 829 avo
1524 802 1719 832 consularibus,
1740 806 1838 828 caetera

1047 852 1162 886 equestri
1182 850 1288 884 familia
1307 855 1375 880 erat,
1395 849 1468 876 mitis
1486 848 1589 883 ingenio
1609 852 1633 874 et
1664 852 1772 882 coniptw
1794 847 1839 881 [a-

1043 897 1156 923 cnndiw.
1172 896 1280 923 Cassius
1303 895 1395 930 plebeii
1412 893 1503 920 Roma:
1516 894 1725 928 generis,verum
1733 893 1839 927 antiqui

1044 942 1228 977 honoratique,
1240 947 1265 968 et
1278 949 1367 968 severa
1379 940 1464 975 patris
1475 939 1615 973 disciplina
1624 939 1761 969 educatus,
1772 939 1838 973 faci-

1044 988 1120 1015 litate
1137 988 1233 1022 swpius
1260 995 1338 1022 quam
1355 986 1488 1013 industria
1508 985 1752 1012 commendabatur.
1773 984 1837 1012 Mox

1043 1033 1153 1061 eosdem
1169 1033 1288 1061 Juvenes
1302 1033 1428 1068 appellat.
1445 1032 1517 1059 Sane
1533 1031 1595 1058 illos
1611 1031 1683 1065 ipsos
1700 1038 1773 1063 csse,
1788 1031 1838 1066 qui

1043 1087 1116 1106 coss.
1133 1079 1221 1106 tribus
1235 1078 1314 1105 annis
1329 1083 1392 1105 ante
1415 1078 1534 1110 fuerant,
1558 1077 1673 1104 suadent
1698 1077 1754 1111 ipsa
1779 1077 1837 1111 pri-

1044 1131 1119 1151 mum
1141 1124 1267 1156 nomina;
1285 1124 1336 1151 etsi
1355 1123 1444 1151 Cassii
1460 1130 1617 1158 praenomen
1631 1122 1702 1157 apud
1720 1121 1837 1150 Dionem

1044 1170 1080 1196 sit
1092 1168 1183 1201 Caius,
1199 1177 1252 1196 non
1267 1168 1388 1196 Lucius:
1404 1168 1542 1203 quomodo
1558 1168 1640 1195 etiam
1658 1175 1672 1193 a
1684 1166 1836 1202 Pomponio

1045 1215 1092 1242 lib.
1107 1215 1145 1243 Dc
1158 1216 1226 1250 orig.
1239 1215 1311 1250 juris
1326 1215 1494 1249 appellatur;
1511 1213 1557 1246 qui
1571 1212 1836 1247 etjurisconsultum

1045 1262 1120 1288 illum
1140 1261 1171 1289 C.
1194 1262 1319 1289 Cassium
1338 1261 1490 1296 Longinum
1510 1267 1572 1287 eum
1592 1260 1641 1286 hoc
1656 1263 1751 1286 nostro
1770 1266 1831 1285 ron-

1046 1309 1145 1340 fundit,
1164 1309 1298 1343 probante
1318 1308 1496 1342 Cuspiniano,
1514 1307 1681 1333 reclamante
1702 1313 1768 1332 vero
1789 1303 1835 1332 li-

1045 1356 1115 1390 psio_
1131 1355 1170 1382 Ad
1184 1356 1240 1382 haec
1253 1354 1400 1382 Suetonius
1413 1354 1439 1380 in
1455 1352 1522 1381 Caio
1535 1352 1678 1379 Drusillam
1693 1351 1723 1378 l..
1738 1349 1839 1378 Cassio

1045 1401 1167 1436 Longino
1192 1401 1319 1435 nupsisse
1343 1397 1474 1434 prodidit.
1488 1399 1562 1431 Quas
1580 1398 1615 1424 ob
1634 1404 1732 1424 causas
1754 1403 1836 1423 nemo

1045 1447 1178 1474 hactenus
1191 1446 1325 1473 dubitavit
1338 1446 1404 1480 quin
1422 1445 1503 1472 ambo
1519 1444 1556 1471 illi
1569 1442 1724 1470 Germaniri
1738 1442 1831 1477 generi

1044 1499 1117 1518 coss.
1132 1491 1233 1518 fuerint
1246 1491 1310 1518 anni
1323 1490 1383 1517 783.
1400 1489 1509 1516 Primus
1530 1487 1660 1523 Keplerus
1681 1487 1707 1513 in
1725 1486 1834 1521 Eclogis

1046 1536 1207 1563 addubitare
1220 1536 1304 1569 erepit
1319 1544 1325 1561 :
1341 1540 1367 1561 et
1379 1534 1488 1569 quidem
1506 1533 1578 1567 jure.
1595 1531 1662 1558 Nam
1681 1531 1743 1565 quis
1760 1534 1839 1565 putet

1048 1581 1293 1616 praetermissurum
1306 1582 1363 1608 hme
1376 1581 1500 1607 Tacitum
1523 1586 1584 1606 cum
1601 1579 1740 1611 utriusque
1753 1584 1838 1604 orna-

1048 1632 1136 1655 menta
1150 1627 1320 1655 recenserct?
1331 1626 1411 1661 Atqui
1425 1626 1458 1653 de
1477 1625 1581 1652 Vinicio
1595 1632 1680 1651 unum
1697 1624 1748 1650 hoc
1762 1629 1840 1650 retu-

1047 1673 1094 1700 lit:
1111 1677 1188 1707 patre
1203 1678 1284 1706 atque
1301 1679 1349 1698 avo
1363 1670 1559 1698 consularibus
1577 1668 1725 1695 oriundum
1741 1667 1838 1694 fuisse.

1047 1719 1085 1745 De
1097 1719 1194 1746 Cassio
1210 1725 1283 1750 vero,
1303 1717 1399 1751 plebeii
1417 1716 1501 1742 fuisse
1516 1714 1634 1750 generis.
1653 1713 1839 1747 Quamobrem

1047 1769 1152 1792 certum
1172 1764 1237 1790 mihi
1260 1768 1312 1795 est,
1333 1763 1457 1790 diversos
1478 1763 1546 1790 istos
1560 1770 1623 1789 esse
1641 1769 1655 1788 a
1676 1769 1750 1788 coss.
1773 1761 1838 1788 anni

1049 1810 1110 1841 785,
1123 1810 1249 1844 quamvis
1261 1808 1331 1836 idem
1343 1816 1441 1835 nomen
1455 1807 1609 1834 habuerint.
1629 1806 1762 1834 Suetonio
1775 1814 1841 1833 vero

1048 1856 1198 1883 similitudo
1214 1855 1356 1882 nominum
1378 1853 1542 1888 imposuisse
1559 1853 1673 1884 videtur,
1691 1856 1721 1879 ut
1735 1859 1839 1879 consu-

1047 1902 1132 1929 larem
1150 1905 1260 1928 vocaret
1277 1900 1412 1933 Cassium,
1428 1899 1499 1934 quod
1511 1897 1657 1934 ὁμώνυμος
1675 1898 1743 1924 alter
1760 1897 1841 1931 paulo

1047 1953 1112 1975 ante
1128 1947 1301 1974 consulatum
1319 1945 1459 1981 gessisset.
1476 1944 1539 1971 Hice
1558 1943 1592 1971 de
1618 1950 1691 1971 coss.
1716 1943 1750 1969 ab
1775 1941 1840 1976 Epi-

1047 1991 1148 2026 phanio
1160 1990 1302 2018 recensitis
1316 1989 1472 2024 diligentius
1484 1989 1609 2024 persequi
1622 1995 1711 2023 opera:
1723 1988 1840 2022 pretium

1047 2037 1115 2070 luit;
1133 2037 1204 2072 quod
1220 2044 1252 2064 ex
1273 2037 1380 2063 illorum
1409 2040 1539 2062 contextu
1564 2039 1626 2068 apta
1651 2041 1841 2068 suspensaque

1048 2083 1084 2110 sit
1106 2089 1241 2109 annorum
1264 2081 1365 2108 Christi
1386 2080 1488 2113 series;
1518 2080 1688 2114 proindeque
1713 2079 1841 2106 substru-

1048 2127 1137 2154 ctione
1152 2127 1203 2153 ista
1218 2134 1288 2161 opus
1304 2132 1345 2153 est
1361 2126 1403 2158 iis,
1422 2126 1469 2160 qui
1483 2133 1577 2152 verum
1595 2125 1698 2152 Christi
1715 2124 1840 2152 Natalem

1048 2171 1214 2206 investigare
1237 2171 1371 2198 student:
1394 2179 1477 2206 quam
1509 2171 1699 2198 stabiliendam
1728 2170 1840 2198 fulcien-

1049 2217 1278 2251 damquemerito
1294 2216 1346 2243 sibi
1362 2216 1440 2243 duxit
1456 2216 1588 2250 Keplerns
1605 2216 1665 2250 ejus
1677 2216 1840 2250 disputatio-

1051 2263 1093 2290 nis
1113 2263 1201 2294 initio,
1223 2270 1305 2297 quam
1325 2263 1358 2290 de
1375 2262 1478 2290 Christi
1497 2261 1584 2289 Natali
1597 2267 1662 2289 ante
1677 2262 1781 2296 aliquot
1794 2270 1840 2289 an-

1050 2317 1100 2337 nos
1112 2309 1291 2337 elucubravit.
1313 2309 1342 2336 In
1360 2317 1414 2343 qua
1429 2309 1548 2343 primum
1565 2309 1687 2335 omnium
1704 2307 1833 2335 Romano

1050 2363 1109 2382 rum
1123 2363 1194 2383 coss.
1211 2360 1367 2390 perpetuam
1381 2356 1594 2387 successionem,
1612 2363 1627 2381 e
1647 2362 1699 2390 qua
1717 2355 1841 2381 nonnulli

1050 2401 1209 2428 consulatus
1222 2401 1320 2435 quinos
1329 2400 1512 2427 detrahendus
1524 2401 1665 2435 putabant,
1676 2401 1841 2427 firmissimis

1050 2447 1217 2481 argumentis
1232 2448 1426 2474 communitam
1446 2447 1563 2480 reliquit.
1582 2446 1634 2473 Sed
1654 2451 1696 2473 est
1711 2446 1841 2480 quiddam

1052 2497 1152 2523 tainen,
1165 2493 1238 2527 quod
1256 2492 1290 2520 ab
1304 2500 1337 2520 eo
1353 2493 1443 2519 minus
1458 2492 1677 2519 animadversum
1694 2492 1739 2518 hic
1753 2491 1841 2518 obiter

1050 2538 1184 2565 ascribat"
1197 2547 1204 2571 ;
1219 2543 1247 2565 nt
1261 2539 1355 2565 eadem
1368 2546 1449 2573 opera
1470 2537 1557 2565 Taciti
1572 2538 1673 2569 locum,
1688 2537 1735 2572 qui
1752 2538 1840 2564 hacte-

1051 2593 1103 2612 nus
1127 2585 1225 2612 vitiose
1241 2585 1349 2620 legitur,
1368 2585 1516 2619 integritati
1532 2584 1685 2611 restitnam.
1709 2582 1743 2610 Ut
1760 2583 1841 2618 igitur

1052 2630 1181 2665 lieplerus
1194 2631 1323 2663 affirmet,
1340 2631 1409 2658 inter
1424 2630 1563 2657 Tiberium
1575 2636 1602 2657 ct
1614 2630 1750 2657 Neronem
1767 2630 1840 2656 nulla

1050 2686 1123 2705 coss.
1137 2685 1198 2705 esse
1209 2677 1394 2705 subtrahenda
1410 2678 1497 2712 paria,
1512 2676 1601 2703 Taciti
1619 2676 1690 2703 inter
1702 2676 1755 2702 alia
1770 2676 1840 2703 testi-

1051 2723 1172 2750 monium
1186 2723 1274 2750 atTert.
1289 2723 1339 2756 Qui
1356 2723 1382 2750 in
1404 2722 1534 2757 Agricola:
1544 2723 1630 2749 soceri
1657 2721 1717 2748 Vitu
1737 2721 1840 2753 scribit,

1051 2768 1201 2796 decessisse
1225 2769 1300 2795 illum
1325 2768 1434 2803 Collega
1448 2773 1475 2794 et
1489 2767 1583 2794 Prisco
1600 2773 1761 2797 coss.,auno
1776 2771 1840 2792 mta-

1052 2815 1085 2842 tis
1098 2815 1143 2847 56,
1159 2819 1250 2841 natum
1281 2822 1345 2842 vero
1359 2813 1469 2841 Caiolll
1491 2821 1564 2841 coss.
1583 2813 1621 2839 Ex
1642 2819 1696 2847 quo
1718 2812 1753 2838 ita
1764 2810 1840 2838 colli-

1052 2861 1091 2896 git
1115 2870 1122 2888 :
1143 2860 1265 2888 Tertium
1287 2860 1345 2887 Caii
1367 2861 1539 2888 consulatum
1566 2866 1638 2886 anno
1668 2857 1841 2893 Dionysiana
