1935 3044
9 164 58 189 illi}

597 160 640 187 DE
658 159 751 187 ANNO
769 158 896 186 NATALI
916 157 1065 186 CHRISTI.
1288 166 1295 179 ι

1592 157 1646 184 896

9 234 69 251 arru:
82 224 116 250 40
137 222 311 250 tribuendum
333 222 429 254 videri,
452 229 519 254 nou,
535 227 564 248 ut
581 221 692 256 quidam
707 221 804 255 opina-
819 224 841 250 Α
857 226 947 246 annus
962 226 977 246 a
993 223 1058 245 nam
1082 217 1196 245 Domino
1212 217 1274 248 564,
1290 225 1345 252 quo
1366 217 1572 245 Valentinianus
1591 217 1644 244 im-

12 271 102 302 batur,
114 269 160 297 42.
192 269 290 296 Verum
304 276 366 296 cum
378 268 437 296 Caii
451 268 612 296 consulatus
627 276 657 295 ut
684 275 802 295 concur-

8 320 50 342 rat
67 323 130 343 cum
153 322 179 342 a.
196 313 228 341 υ.
243 314 275 341 C.
295 313 363 347 795;
383 313 499 348 Collega:
525 318 615 341 autem
637 321 671 341 ac
702 313 799 344 Prisci,

9 369 71 388 cum
86 367 161 388 anno
172 360 244 393 846;
260 360 306 395 qui
319 367 393 387 anno
409 360 460 388 795
472 360 508 387 sit
522 361 614 392 natus,
626 359 650 387 is
664 366 736 386 anno
750 358 802 385 846

9 415 63 434 non
80 407 142 441 plus
157 413 240 441 quam
261 414 304 433 le
321 412 408 433 annos
423 409 504 432 natus
518 413 579 432 esse
597 405 695 440 potuit.
711 403 802 438 Quare

9 453 81 488 apud
99 453 225 480 Tacitum
250 453 337 479 miror
356 451 584 479 animadvertisse
601 451 737 479 neminem
752 458 802 486 pro

8 498 42 524 ὅθ
70 497 214 533 legendum
232 504 294 524 esse
315 497 359 524 54.
381 496 552 524 Facillimum
571 501 661 524 autem
690 496 741 523 fuit
768 503 802 523 ex

9 550 138 570 notarum
158 543 315 570 inversione
328 542 424 570 vilium
441 550 455 569 a
471 542 591 569 librariis
601 542 717 569 admitti.

11 622 113 654 Quibus
128 630 196 648 coss.
210 621 286 653 vulqo
301 621 400 649 Christi
414 621 523 648 Natalis
540 622 706 656 assignetur:
722 620 766 647 ubi
776 624 802 647 et

99 657 132 683 de
144 657 237 683 Diserti
252 657 551 689 correctione‘accurate
562 657 711 683 disseritur.

45 712 188 739 Christum
208 712 331 746 Augusto
345 711 402 739 Xlll
420 718 447 740 et
477 713 588 740 Silvano
612 720 684 741 coss.
707 717 800 740 natum

10 765 70 786 esse
83 763 242 786 constanter
255 758 371 786 allirmat
386 759 564 794 Epiphanius.
581 758 633 786 Sed
647 767 710 786 cum
729 759 801 786 idem

11 812 35 831 vI
51 803 162 831 ld.Jan.
178 803 301 831 Natalem
311 804 383 832 diem
391 812 452 832 csse
460 804 581 837 deﬁniat,
588 805 650 840 jure
658 804 801 832 Annalium

11 851 158 878 ecclesiast.
175 851 294 886 scriptor
313 851 345 877 ad
360 851 468 878 illorum
481 858 588 886 gregem
598 851 799 886 adiungendum

11 905 71 924 esse
87 897 181 931 potius
196 896 380 931 Epiphaniam
396 900 482 930 putat,
497 896 543 930 qui
564 903 636 923 anno
655 897 800 930 superiori,

14 943 65 970 hoc
77 947 121 971 est
138 942 253 970 Lentulo
268 946 294 970 et
305 941 452 969 Messalino
465 946 647 973 coss..natum
659 941 800 969 Christum

11 989 180 1019 existimant,
201 995 283 1022 quam
301 989 408 1018 eorum,
423 988 469 1022 qui
489 987 524 1014 iis
547 987 625 1022 ipsis,
646 995 716 1022 quos
738 986 802 1022 Epi-

13 1035 128 1070 phanius
151 1034 284 1065 nominat,
301 1041 372 1061 coss.
391 1033 512 1060 Natalem
536 1033 710 1068 consignant.
735 1033 802 1060 Pro-

14 1086 101 1115 pterea
117 1080 233 1115 quod,si
250 1087 423 1107 communem
439 1079 473 1106 de
488 1087 582 1106 mense
597 1078 700 1106 Natalis
713 1086 745 1105 ac
759 1078 802 1105 die

14 1127 174 1154 sententiam
185 1131 258 1154 esset
273 1125 426 1160 amplexus,
444 1125 557 1152 omnino
572 1125 727 1160 superiores
739 1125 802 1152 illos

14 1181 81 1200 voss.
96 1172 272 1208 praetulisset.
288 1171 366 1200 Unde
376 1172 544 1202 Cassiodori.
562 1179 642 1207 quem
667 1171 802 1199 Baronius

14 1220 146 1253 sequitur,
162 1226 216 1245 non
229 1217 336 1245 Onuft'ii
349 1218 458 1245 decreto
467 1217 644 1252 opinionique
657 1216 800 1251 sull‘ragari

15 1265 150 1299 putandus
166 1270 219 1291 est.
233 1264 311 1297 Quod
328 1264 411 1300 igitur
425 1263 550 1290 Christus
565 1262 681 1290 Lentulo
694 1267 720 1289 et
735 1262 803 1289 Mes-

15 1313 97 1339 salino
111 1316 271 1339 coss.ortus
286 1311 332 1343 sit,
347 1319 417 1338 anno
430 1310 538 1337 Juliano
555 1310 600 1342 45,
617 1310 738 1336 studiose
753 1309 801 1336 de-

15 1361 187 1384 monstratur
208 1357 235 1383 in
259 1355 418 1388 Annalibus,
442 1355 524 1390 idque
541 1355 612 1381 velut
634 1354 801 1381 fundamenti

15 1403 71 1431 loco
84 1403 209 1437 ponitur,
222 1410 277 1437 quo
292 1406 415 1433 nutante,
433 1405 462 1428 ut
477 1401 555 1427 aiunt
575 1400 638 1434 ipsi,
654 1400 801 1427 Annalium

15 1454 169 1477 contextum
197 1455 305 1475 onmem
330 1447 589 1482 ruerecollabique
616 1446 652 1473 sit
679 1453 802 1473 necesse.

16 1495 130 1522 Proinde
145 1495 252 1530 primus
272 1502 288 1521 a
309 1493 399 1520 Natali
423 1492 535 1525 Christi,
558 1492 614 1520 sive
630 1491 803 1527 Dionysiame

854 265 959 301 perium
977 264 1091 299 adeptus
1100 268 1153 297 est,
1171 263 1324 291 bisextilcm
1332 259 1433 291 habuit
1445 264 1529 293 diem,
1545 270 1643 298 quem-

853 311 1000 339 admodum
1025 310 1078 337 576
1101 310 1198 338 scribit
1226 310 1398 337 Ammianus.
1421 309 1491 343 Ergo
1512 309 1565 336 565
1581 314 1645 335 ante

853 357 928 384 illum
945 364 1072 392 perchue
1088 357 1222 384 biscxtilis
1238 361 1290 384 est.
1305 355 1386 390 Atqui
1398 355 1443 382 ille
1458 359 1499 382 est
1516 355 1583 390 ipse,
1593 354 1641 389 qui

853 402 996 430 Lentulum
1011 407 1039 429 et
1050 402 1238 430 Marcellinum
1257 409 1328 429 coss.
1345 400 1464 436 praefert,
1480 400 1580 435 quibus
1592 399 1644 427 Dc-

852 448 955 476 cernbri
967 456 1061 475 mense
1073 452 1153 475 natus
1167 451 1208 475 cst
1220 447 1357 474 Christus.
1371 445 1452 474 Recte
1465 446 1547 481 igitur
1557 445 1602 473 hic
1614 446 1642 472 in

852 494 1002 521 Annalibus
1017 494 1181 521 constitutus
1197 493 1314 520 videtur.

888 539 978 575 Pergit
993 540 1020 567 in
1040 541 1134 567 eodem
1160 544 1320 575 argumento
1342 538 1453 565 uberius
1469 535 1640 571 explicando,

852 589 880 612 et
893 585 927 613 de
941 585 1047 613 Juliana
1062 585 1193 613 bisextilis
1208 585 1271 612 anni
1289 583 1466 619 dispositione
1495 588 1576 617 atque
1588 583 1642 608 Au-
1656 593 1658 596 ι

852 633 922 667 gusti
938 633 1106 660 correctione
1127 632 1253 663 disserit;
1276 637 1306 659 ut
1329 635 1467 667 appareat,
1487 638 1588 657 annum
1609 629 1641 656 il-

853 680 919 711 lum,
929 679 975 714 qui
986 683 1028 706 est
1037 678 1162 706 Julianus
1173 679 1367 710 55,1iisextum
1383 677 1523 705 habuisse.
1535 676 1642 703 Etenim

851 725 940 753 Julius
960 726 1051 753 Caesar
1067 733 1138 752 anno
1153 725 1187 751 ab
1203 724 1236 751 U.
1257 725 1290 752 (Σ.
1312 724 1484 751 Varroniano
1505 723 1567 753 708,
1587 731 1642 757 quo

853 772 911 807 ipse
927 771 1034 799 tertium
1051 779 1112 799 cum
1131 770 1232 805 Lepido
1249 778 1320 798 coss.
1337 770 1397 802 fuit,
1419 777 1520 796 annum
1539 769 1641 795 Itoma-

851 825 917 845 num
940 817 1084 845 emendare
1099 816 1139 844 sic
1154 820 1195 844 est
1215 823 1369 850 aggressus,
1386 819 1414 841 ut
1434 815 1563 849 deinceps
1576 822 1642 848 quo-

851 871 905 898 que
927 870 997 889 anno
1011 870 1038 890 Iv
1062 862 1178 889 solidum
1198 861 1269 889 diem
1287 860 1500 888 intercalandum
1514 860 1640 886 (ἰθεῖα-νεα

854 909 897 935 rit.
910 908 950 934 Ac
968 908 990 934 si
1009 914 1081 934 anno
1097 906 1143 933 illo
1162 905 1374 938 emendationis,
1391 913 1472 940 quem
1489 903 1642 931 Macrobius

851 953 1029 981 Confusionis
1049 953 1176 988 appellat,
1200 951 1268 979 nihil
1287 955 1385 986 prteter
1404 959 1511 979 menses
1532 959 1565 979 ac
1583 951 1642 977 dies

852 999 1049 1031 intercalasset,
1060 999 1094 1026 ab
1104 1006 1136 1026 eo
1151 999 1210 1033 ipso
1221 997 1386 1025 bisextilium
1396 1005 1527 1024 annorum
1539 997 1642 1024 ducen-

851 1045 915 1072 dum
936 1045 1030 1072 luisset
1045 1044 1198 1077 exordium,
1220 1044 1257 1070 ita
1274 1049 1303 1069 ut
1318 1043 1424 1078 primus
1447 1049 1473 1069 tv
1484 1047 1542 1077 post
1559 1050 1642 1074 anno,

852 1090 953 1125 Lepido
970 1090 990 1117 ll
1006 1095 1033 1117 et
1050 1089 1152 1117 Planco
1169 1097 1242 1117 coss.
1266 1092 1446 1123 congrueret:
1464 1096 1518 1122 qua
1539 1088 1643 1115 ratione

851 1144 899 1171 per
911 1136 1090 1171 quadriennia
1110 1135 1311 1168 descendendo,
1333 1135 1466 1162 bisextilis
1483 1134 1642 1162 undecimus

852 1190 908 1209 non
923 1182 951 1209 in
981 1182 1017 1209 45
1031 1190 1044 1208 a
1061 1181 1231 1209 correctione
1265 1188 1377 1212 annum.
1409 1180 1455 1208 sed
1474 1180 1501 1208 in
1516 1181 1561 1212 44,
1589 1180 1643 1207 hoc

851 1233 903 1260 est,
925 1235 978 1255 non
995 1227 1021 1254 in
1038 1227 1182 1255 Lentulum
1204 1231 1228 1254 et
1251 1226 1441 1259 Messalinum,
1466 1227 1512 1253 sed
1542 1226 1569 1253 in
1585 1226 1642 1252 Au-

852 1278 962 1309 gustum
983 1273 1041 1299 Xlll
1059 1278 1086 1300 et
1104 1272 1240 1300 Plautium
1262 1280 1334 1300 coss.
1363 1273 1521 1304 incurreret,
1542 1272 1642 1307 quibus

852 1320 953 1347 Christi
971 1319 1087 1347 natalem
1102 1319 1258 1354 assignabat
1275 1318 1416 1346 Onul'rius.
1433 1318 1468 1345 At
1479 1318 1505 1345 id
1522 1326 1600 1345 secus
1613 1326 1644 1346 se

851 1363 958 1390 habuit.
975 1362 1042 1390 Nam
1059 1368 1157 1398 praeter
1175 1363 1324 1390 solidorum
1340 1363 1445 1390 dierum
1462 1363 1644 1390 inlercalatio-

852 1417 925 1442 nem,
937 1409 1077 1444 quadrans
1096 1409 1209 1443 insuper
1223 1408 1287 1440 diei,
1306 1408 1377 1443 quod
1397 1408 1507 1436 Solinus
1521 1409 1610 1439 docet,
1627 1416 1641 1435 a

851 1455 960 1483 Caesare
976 1459 1018 1482 est
1033 1455 1166 1490 adjectus.
1179 1454 1264 1487 Quem
1279 1460 1307 1481 ut
1320 1455 1504 1486 interralaret,
1519 1455 1582 1490 quia
1597 1463 1644 1483 lo-

851 1501 894 1529 lus
910 1501 972 1528 addi
991 1509 1046 1528 non
1066 1505 1182 1536 poterat,
1204 1508 1316 1529 necesse
1330 1500 1391 1534 fuit,
1412 1501 1483 1528 utin
1507 1509 1608 1528 annum
1618 1508 1644 1527 IV

15 1548 71 1568 τετε
82 1548 115 1568 ac
127 1540 249 1575 vulgaris
265 1547 355 1566 annus
368 1547 382 1566 a
395 1539 454 1566 Kal.
468 1538 607 1572 Janua‘riis
622 1539 685 1565 anni
701 1537 800 1565 Juliani

855 1547 1020 1581 dill‘erretur;
1041 1548 1127 1575 donec
1140 1547 1263 1575 videlicet
1274 1555 1307 1574 ex
1319 1549 1468 1582 quadrante
1484 1547 1530 1574 illo
1553 1551 1581 1587 et
1593 1548 1643 1574 tri-

15 1587 46 1614 M
59 1587 155 1614 iisdem
171 1586 198 1613 in
215 1586 366 1612 Annalibus
383 1585 478 1619 incipit
490 1594 497 1610 :
508 1584 590 1611 Urbis
607 1592 639 1611 ex
656 1583 802 1610 Varronia-

16 1642 47 1660 nu
63 1633 170 1660 ratione
182 1632 246 1664 759,
258 1632 338 1666 cujus
353 1631 449 1658 Palilia
459 1631 512 1665 Ap'
522 1631 548 1657 ili
567 1638 660 1657 mense
678 1630 802 1664 proxime

16 1683 104 1706 secuta
123 1682 187 1705 sunt
205 1686 212 1704 :
229 1677 296 1704 adeo
311 1682 341 1704 ut
357 1677 382 1703 in
399 1684 499 1702 annmn
518 1675 600 1703 Urbis
616 1676 663 1703 751
683 1676 802 1711 vulgaris

15 1732 71 1750 tera:
97 1723 278 1758 primordium
307 1723 445 1755 incurrat;
478 1721 645 1756 Olympiadis
674 1721 725 1748 l94
753 1729 802 1748 an-

16 1777 77 1796 num
96 1769 125 1795 2.
149 1770 198 1796 Est
217 1776 248 1796 ea
265 1769 374 1803 quidem
391 1768 547 1796 Cassiodori
571 1767 717 1799 sententia,
734 1767 802 1793 alio-

16 1823 128 1850 rumque
150 1819 204 1842 tam
220 1819 354 1845 veterum.
367 1822 448 1848 quant
463 1814 662 1847 recentiorum;
676 1817 713 1845 et,
729 1811 803 1847 quod

15 1862 45 1888 ad
67 1861 191 1888 Natalem
213 1861 302 1895 ipsum
327 1860 434 1893 attinet,
458 1868 524 1887 sane
543 1858 702 1894 probabilis.
723 1858 802 1892 Quod

15 1913 102 1935 autem
117 1908 161 1934 ille
175 1907 245 1934 idem
260 1914 350 1934 annus
366 1914 427 1934 cum
443 1913 497 1933 aera
509 1905 674 1941 Dionysiana
686 1904 802 1939 conjun—

14 1954 83 1987 gitur
96 1971 104 1984 ,
124 1952 175 1979 hoc
191 1955 243 1984 est,
257 1951 330 1987 quod
350 1951 455 1986 primus
471 1958 532 1977 teras
547 1949 804 1977 Cliristianzelulia-

16 2006 64 2024 nus
77 2005 139 2025 esse
151 1997 187 2024 Η
197 1997 340 2030 asseritur,
354 1997 462 2032 Olymp.
479 1995 531 2023 194
540 1995 688 2028 secundus,
700 1994 728 2022 id
739 2002 803 2022 vero

15 2051 185 2078 nequaquam
202 2043 333 2078 procedit.
350 2042 464 2070 Biennio
479 2042 550 2070 enim
563 2041 684 2073 aberrat,
698 2044 728 2067 ut
740 2041 802 2075 qui-

17 2088 75 2115 dem
95 2088 218 2124 plerique
238 2089 370 2116 bactenus
386 2088 653 2120 animadverterunt;
668 2091 697 2114 ut
711 2092 802 2114 autem

19 2134 155 2165 existimo,
178 2133 260 2161 etiam
282 2133 399 2161 triennio
427 2141 442 2160 a
467 2133 588 2168 Dionysii
609 2136 699 2159 mente
720 2137 803 2166 atque

15 2188 65 2208 tera
83 2181 184 2211 distat,
204 2180 244 2207 uti
259 2180 341 2214 paulo
360 2185 426 2214 post
436 2178 677 2206 delnonstrabitur.
692 2176 748 2204 Nos
762 2177 803 2203 in—

854 1595 905 1622 lius
919 1595 980 1622 aliis
997 1595 1110 1621 totidem
1123 1594 1350 1628 consequentium
1366 1601 1512 1625 annorum,
1525 1594 1582 1621 dies
1594 1601 1644 1621 ex-

853 1647 986 1676 surgeret.
1009 1641 1103 1675 Itaque
1128 1641 1245 1675 primum
1274 1640 1410 1667 bisextum
1434 1648 1487 1667 non
1511 1641 1608 1675 quinto
1627 1649 1643 1668 a

852 1686 1020 1713 correctione
1045 1693 1128 1717 anno,
1156 1689 1185 1711 ut
1214 1685 1311 1719 alioqui
1335 1684 1455 1711 futurum
1483 1685 1643 1718 dicebatur,

853 1732 899 1759 sed
907 1731 990 1766 iv.qui
1003 1730 1170 1758 antecedenti
1181 1730 1358 1758 correctionis
1367 1738 1440 1758 anno
1450 1730 1641 1765 respondebat,

853 1785 900 1805 seu
913 1782 974 1812 post
988 1777 1058 1804 tertii
1073 1777 1136 1804 anni
1151 1777 1305 1811 circuitum,
1321 1777 1407 1804 Pansa
1418 1781 1445 1804 et
1455 1775 1544 1804 Hirtio
1554 1784 1640 1808 coss.,

853 1824 990 1852 observari
1006 1823 1089 1858 jussit
1103 1831 1110 1850 :
1127 1822 1230 1857 reliqua
1240 1823 1368 1856 deinceps
1383 1827 1588 1858 postquemque
1596 1830 1643 1850 an-

853 1878 918 1897 num
930 1877 958 1897 tv
967 1869 1000 1896 ab
1017 1869 1070 1896 hoc
1084 1869 1183 1903 primo.
1198 1868 1359 1903 Quanquam
1377 1869 1541 1899 sacerdotes,
1560 1876 1645 1903 penes

852 1921 924 1949 quos
937 1913 1115 1940 intercalandi
1132 1920 1197 1940 cura
1212 1917 1281 1946 erat,
1301 1920 1334 1941 eo
1349 1913 1477 1946 fortasse,
1498 1913 1570 1948 quod
1585 1914 1643 1948 pri—

853 1967 928 1987 mum
949 1959 1085 1986 bisextum
1110 1963 1171 1994 post
1207 1967 1308 1986 annum
1329 1968 1359 1988 Ill
1371 1959 1488 1987 locatum
1510 1959 1642 1992 viderent,

852 2013 947 2034 errore
967 2005 1052 2038 ducti,
1075 2005 1215 2040 sequentia
1232 2005 1331 2033 similia
1348 2009 1407 2040 post
1422 2007 1529 2033 tertium
1545 2014 1642 2041 quem-

853 2060 906 2087 que
925 2055 1102 2086 usurparunt,
1119 2059 1276 2086 annumque
1290 2051 1443 2078 Romanum
1459 2059 1539 2078 Πινι
1554 2059 1643 2079 anno-

854 2106 914 2125 rum
929 2098 1017 2132 spatio
1030 2098 1066 2124 ita
1082 2098 1274 2132 depravarunt,
1290 2101 1320 2124 ut
1330 2105 1377 2132 pro
1390 2105 1416 2124 Ix
1433 2097 1529 2125 diebus
1541 2098 1639 2125 duode-

854 2144 1128 2178 nosintcrponerent.
1147 2144 1225 2177 Quod
1241 2144 1378 2178 Augustus
1398 2149 1428 2171 ut
1441 2144 1598 2178 corrigeret.
1615 2148 1642 2171 et

856 2194 910 2217 tres
922 2197 970 2217 eos
983 2190 1043 2216 dies
1054 2189 1207 2224 superfluos
1221 2194 1368 2223 rcsecaret,
1381 2198 1417 2216 xu
1431 2194 1574 2225 sequentes
1584 2190 1643 2216 sine

17 2227 91 2253 tcrim
107 2234 169 2261 quae
188 2226 215 2252 in
233 2226 370 2260 Apparatu
390 2225 423 2252 ad
450 2225 572 2252 Annales
594 2225 628 2251 de
655 2224 707 2251 hoc
729 2231 801 2250 anno

854 2235 971 2263 b‘sextili
995 2235 1201 2262 intercalationc
1216 2235 1328 2270 transigi
1341 2235 1431 2270 jussit,
1448 2224 1478 2263 C.
1491 2235 1646 2262 Censorino

17 2271 148 2298 subtiliter
160 2276 185 2298 et
201 2271 336 2305 exquisite
351 2270 527 2305 disputantur
542 2269 719 2305 expendenda
733 2276 799 2296 cen-

17 2324 128 2344 Sltlllllls.

48 2376 114 2402 Cum
133 2374 216 2409 igitur
228 2382 242 2401 a
256 2373 396 2401 nonnullis
409 2373 557 2408 improbari
571 2379 649 2400 suam
668 2372 701 2399 de
713 2370 802 2398 Natali

17 2419 112 2446 Christi
129 2419 292 2446 sententiam
312 2419 426 2452 videret,
452 2419 487 2446 ob
514 2419 540 2446 id
566 2426 650 2446 unum
670 2418 801 2449 maxime,

17 2466 83 2498 quod
105 2466 132 2492 in
146 2464 286 2492 Julianum
302 2466 346 2496 45,
363 2465 408 2500 qui
422 2473 493 2492 coss.
511 2465 592 2492 habet
607 2463 751 2491 Lentulum
777 2468 803 2490 ct

18 2509 211 2541 Marcellinum,
228 2510 362 2537 bisextilis
379 2510 437 2537 dics
450 2510 561 2537 minimc
572 2510 692 2541 caderet,
707 2514 802 2536 contra

18 2555 56 2582 ille
70 2557 109 2583 sic
123 2556 292 2591 prtescribit:
307 2557 424 2583 Tantum
441 2557 546 2587 abesse,
566 2560 596 2583 ut
610 2556 636 2582 in
651 2563 753 2582 annum
771 2555 804 2581 il-

5 2600 67 2628 ‘lmn
83 2602 217 2629 bisexlilis
229 2602 286 2630 dies
304 2611 355 2629 non
370 2603 482 2635 incidat,
501 2607 530 2629 ut
549 2602 575 2628 in
588 2601 670 2629 alium
685 2602 801 2633 nullum,

18 2648 65 2674 nisi
78 2649 112 2675 ah
125 2649 220 2675 eodem
233 2653 372 2683 quartum,
386 2649 444 2675 sive
459 2653 534 2679 ante,
551 2648 608 2674 sive
624 2653 684 2683 post
701 2647 801 2681 ipsum,

18 2694 158 2720 convenire
174 2694 271 2728 possit.
288 2694 394 2721 Etenim
414 2701 463 2728 pro
478 2693 617 2725 confesso,
636 2693 802 2727 minimeque

18 2738 95 2766 dubio
113 2740 139 2766 id
160 2739 188 2766 in
213 2740 263 2767 hac
286 2744 341 2767 lota
364 2740 550 2775 disputatione
575 2740 681 2767 sumit:
699 2747 801 2766 annum

19 2784 99 2818 illum,
113 2794 170 2821 quo
190 2787 270 2813 natus
294 2791 337 2814 est
357 2787 493 2818 Christus,
519 2787 672 2814 bisextilem
694 2787 800 2814 fuisse:

20 2837 152 2865 propterea
168 2833 241 2868 qvod
255 2834 301 2867 qui
316 2833 445 2867 deinceps
458 2834 492 2860 ab
515 2841 548 2859 eo
567 2833 708 2867 propagati
726 2838 801 2862 sunt.

20 2883 61 2910 per
79 2884 227 2913 quaternos
240 2879 321 2906 divisi
340 2879 479 2907 bisextiles
496 2883 654 2906 occurrunt.
670 2877 729 2904 iam
740 2886 803 2906 vero

854 2286 881 2308 et
893 2281 986 2308 Asinio
998 2281 1074 2308 Callo
1087 2288 1158 2307 coss.
1172 2280 1233 2308 Ihcc
1245 2282 1271 2308 in
1283 2281 1440 2308 Annalibus.
1457 2281 1522 2315 Quae
1539 2287 1568 2308 ιιι
1578 2289 1629 2309 ocu

854 2327 888 2354 lis
909 2327 974 2361 ipsis
995 2326 1116 2360 subjecta
1145 2326 1224 2360 plane
1251 2327 1446 2361 percipiantur,
1482 2327 1643 2354 lalerculum

855 2373 959 2407 aliquot
982 2372 1172 2399 consulatuum
1198 2373 1327 2404 attexuit;
1354 2372 1430 2399 initio
1455 2373 1536 2400 ducto
1557 2373 1591 2400 ab
1610 2379 1644 2400 eo

854 2426 937 2452 anno,
956 2426 1010 2453 quo
1024 2417 1131 2445 Juliana
1151 2419 1233 2452 carpit
1249 2418 1342 2445 editio.
1358 2419 1436 2451 Quod
1456 2427 1516 2446 cum
1541 2420 1573 2446 ad
1596 2427 1642 2446 eo-

855 2473 925 2498 rum,
941 2473 1002 2500 qna:
1013 2466 1141 2500 deinceps
1157 2467 1328 2501 proponenda
1343 2472 1417 2498 sunt,
1436 2467 1644 2502 intelligentiam

855 2519 907 2538 non
923 2512 1086 2539 mediocrem
1107 2512 1248 2539 utilitatem
1271 2513 1358 2547 possit
1378 2512 1482 2544 atl‘erre,
1503 2520 1550 2540 nos
1566 2520 1642 2540 eum-

853 2557 914 2584 dem
929 2558 1004 2585 illum
1022 2552 1170 2585 iudiculum
1188 2559 1386 2591 cxscribemus,
1403 2559 1448 2585 ubi
1463 2566 1523 2595 quae
1538 2559 1565 2585 in
1584 2567 1642 2586 rem

854 2603 967 2637 faciunt,
983 2612 1067 2638 pauca
1082 2606 1336 2639 przemonucrimus.
1348 2604 1495 2633 Sciendum
1507 2605 1579 2632 enim
1589 2609 1642 2637 est,

854 2658 907 2675 unn
922 2650 1009 2675 solum
1025 2650 1120 2677 bisexti
1137 2658 1151 2677 a
1166 2649 1238 2677 Julio
1253 2650 1360 2677 Cmsare
1369 2651 1485 2677 ordinati
1498 2651 1642 2681 rationem.

854 2703 885 2722 ac
902 2695 1029 2727 formam,
1043 2697 1090 2723 scd
1105 2697 1225 2731 ejusdem
1238 2704 1348 2732 quoque
1359 2697 1596 2732 depravationem;
1609 2703 1643 2723 ac

853 2746 992 2776 postremo
1015 2743 1201 2776 Augustanam
1227 2743 1299 2770 illam
1325 2744 1535 2774 correctionem,
1551 2746 1579 2769 et
1598 2742 1640 2768 in-

853 2786 1051 2814 staurationem
1066 2787 1140 2814 varie
1153 2788 1300 2815 admodum
1316 2788 1456 2823 explicari.
1475 2787 1543 2814 Sunt
1555 2787 1639 2817 enim,

853 2832 953 2866 quibus
974 2832 1062 2866 placet
1083 2832 1185 2860 Iulium
1208 2834 1342 2861 Cmsarcm
1369 2842 1442 2861 anno
1465 2832 1642 2860 Conl'usiouis

856 2879 922 2906 nihil
940 2884 1037 2914 printer
1059 2880 1161 2907 solidos
1183 2888 1291 2908 menses
1314 2888 1346 2908 ac
1370 2881 1428 2908 dies
1450 2878 1643 2913 intercalasse;
