1935 3044
267 161 320 189 895
841 158 1016 187 APPENDIX
1040 157 1354 187 DISSERTATIONUM.
1863 154 1917 183 896

267 217 382 251 ideoque
399 217 518 252 primum
535 224 638 244 annum
659 216 797 244 Julianum
815 217 903 246 instar
921 217 1058 246 bisextilis
1071 219 1096 248 Δ
1109 217 1268 251 obscurum,
1292 223 1440 252 quamnam
1465 214 1630 250 castiganda:
1649 213 1720 242 labis
1738 212 1818 240 illius
1835 212 1916 240 viam

267 262 354 291 fuisse
374 271 381 289 :
408 268 492 298 atque
516 263 585 290 adeo
601 262 738 297 legitimos
752 267 781 290 et
799 263 955 291 ordinarios
967 263 1059 291 bisex-

266 309 328 336 tiles
356 316 417 337 esse
437 309 504 337 istos
527 309 691 344 oportuisse.
720 309 748 342 5,
765 309 793 343 9,
808 309 852 342 15,
867 314 932 342 etc.,
956 310 1058 344 37,“,

264 355 311 388 45,
329 355 373 386 49,
392 354 436 382 55.
470 353 507 382 Ita
524 354 648 390 Scaliger
674 355 722 383 lib.
739 350 772 382 ιγ’
796 355 836 382 De
860 356 963 382 emend.
993 354 1059 387 Alii.

265 400 312 436 qui
329 400 508 435 quadrantem
526 401 578 429 diei
598 406 693 436 praeter
710 401 814 429 solidos
834 400 893 429 dies
912 401 1059 428 intercala-

265 451 324 472 tum
337 450 444 480 putant.
461 446 614 482 legitimum
626 446 789 478 bisextilem,
803 445 919 473 Juliame
931 443 1060 474 editioni!

264 498 366 517 annum
384 491 494 517 tertium
511 495 645 521 slatuunt.
661 491 695 518 ab
712 498 799 525 eoque
813 490 943 525 deinceps
971 490 996 524 7,
1014 491 1059 525 11,

265 536 310 567 15,
325 540 378 564 etc.
394 535 485 563 Tertia
501 540 591 571 potest
607 536 641 563 ad
653 544 700 564 eas
711 536 840 564 accedere
855 536 944 563 forma
955 556 963 569 ,
976 541 1006 564 ut
1017 536 1061 563 ni-

265 582 365 608 mirum
378 581 553 609 Confusionis
563 590 652 609 annus
668 582 725 617 ipse
739 581 875 610 bisexti!is
887 581 974 609 vicem
990 589 1062 617 prae-

264 625 368 658 buerit;
389 633 422 654 ac
449 626 564 653 subinde
595 625 720 654 Julianus
744 625 772 658 4,
790 626 818 658 8,
838 626 882 659 12,
909 631 975 659 etc.,
1002 631 1059 654 tum

264 670 309 702 56,
341 671 387 704 40,
407 672 452 704 14,
479 671 524 704 48,
541 672 586 705 52,
621 672 754 699 bisexlum
779 672 831 700 sibi
855 680 888 699 ex
910 671 976 700 Julii
1004 672 1061 700 Ca:-

265 716 336 744 saris
375 718 578 745 constructione
612 718 761 746 vindicent.
797 718 836 745 Ex
859 718 892 746 iis
917 719 1060 746 ordinandi

265 762 373 796 formis,
389 771 471 797 quam
485 763 576 791 Casar
588 764 714 794 tenuerit.
728 764 863 792 afﬁrmare
879 763 989 792 dillicile
1000 769 1059 798 est;

265 809 495 842 quemadmodum
519 810 601 837 etiam
620 817 682 845 quae
705 809 788 837 fuerit
808 810 973 845 depravandi
989 811 1060 838 ratio

266 854 338 882 haud
363 855 401 882 ita
421 859 497 882 certo
519 860 638 883 constat.
661 855 753 883 Potuit
767 856 841 883 enim
858 864 932 883 anno
948 856 1060 884 Juliano

265 901 346 928 tertio
359 906 454 929 contra
471 902 659 937 praescriptum
680 901 798 930 Caesaris
816 903 990 930 intercalari:
1006 910 1058 937 po-

265 947 318 974 luit
339 953 366 974 et
385 952 493 982 quarto,
512 956 575 975 eum
596 948 693 983 quinto
718 949 847 983 jussisset
878 958 884 976 :
911 949 984 976 unde
1011 948 1058 982 56,

265 992 308 1019 vel
332 992 366 1020 57
393 993 510 1021 vitiosus
537 994 653 1022 exstitit.
685 994 778 1030 Neque
807 1002 872 1022 vero
893 994 984 1022 minus
1017 998 1060 1022 est

1110 264 1251 298 Augustus
1266 263 1367 291 inierit.
1376 262 1512 289 Autenim
1526 261 1645 296 primum
1655 268 1687 287 ex
1697 267 1734 287 xu
1744 258 1918 294 ἀνεμὸόλοις

1109 317 1170 338 esse
1182 310 1267 345 jussit
1280 309 1419 336 Julianum
1434 307 1480 340 58,
1497 314 1553 342 quo
1567 307 1601 334 ad
1612 306 1836 334 emendationem
1850 304 1916 331 aui-

1110 363 1185 383 mum
1201 355 1316 391 adjecit;
1331 355 1354 383 si
1370 359 1526 390 postremus
1545 352 1679 380 bisextilis
1692 351 1812 378 vitiosus
1827 350 1917 377 fuerit

1109 402 1143 429 57
1164 411 1172 429 :
1197 402 1234 429 ita
1259 407 1290 428 ut
1316 400 1494 429 duodecimus
1517 399 1572 426 τῶν
1601 397 1759 434 ἀνεμόὀλων
1792 396 1917 424 Juliana:

1110 448 1238 476 editionis
1253 448 1334 475 fuerit
1347 447 1382 475 49
1401 457 1407 474 :
1429 455 1462 473 ex
1486 453 1541 481 quo
1564 445 1691 479 deinceps
1705 435 1771 472 anni
1788 444 1817 471 in
1835 443 1916 471 ordi-

1110 501 1172 520 nem
1188 493 1338 525 redacti,et
1357 499 1429 519 anno
1443 491 1478 519 55
1497 491 1634 526 legitimus
1651 490 1785 517 bisextilis
1799 489 1915 517 incidit.

1110 539 1164 566 Aut
1190 538 1213 566 si
1236 538 1270 565 56
1309 542 1465 573 postremus
1495 536 1630 564 bisextilis
1666 535 1730 568 fuit;
1756 535 1913 563 duodecim

1110 582 1211 610 biscxti
1236 590 1350 617 prorsus
1380 586 1505 616 expertes
1520 588 1535 608 a
1560 580 1595 607 56
1622 579 1656 607 ad
1679 579 1715 607 48
1743 580 1912 614 pertexendi

1111 632 1189 660 sunt;
1221 628 1288 655 adeo
1308 632 1336 654 ut
1353 627 1457 662 primus
1478 626 1611 654 bisextilis
1639 633 1671 653 ex
1689 625 1786 653 ordine
1809 625 1840 652 in
1862 625 1917 652 Ju-

1110 674 1213 701 lianum
1235 673 1269 700 52
1293 673 1451 700 incurrerit.
1476 673 1511 699 At
1534 671 1636 699 Paulus
1661 671 1917 705 Middelburgensis

1112 720 1159 748 lib.
1174 727 1225 753 xu,
1244 727 1306 747 eum
1335 719 1463 746 vitiosum
1479 718 1613 746 bisextum
1643 725 1714 745 anno
1728 717 1755 749 5,
1772 717 1799 749 6,
1816 717 1847 750 9,
1881 725 1915 744 ac

1111 766 1230 800 denique
1257 765 1292 792 56
1309 764 1499 792 intercalatum
1529 771 1590 791 esse
1612 763 1736 796 dixisset,
1750 763 1915 791 duodecim-

1112 819 1166 847 que
1191 818 1352 839 communes
1381 810 1441 838 illo's
1467 810 1494 837 in
1526 810 1562 838 48
1586 810 1701 838 desiisse
1721 818 1730 836 :
1750 809 1788 838 ita
1810 814 1843 837 ut
1875 810 1914 837 5?.

1114 859 1250 886 bisextum
1274 857 1404 891 exigeret,
1431 863 1532 884 novum
1560 864 1575 883 a
1601 855 1790 885 sacerdotibus
1809 856 1914 883 vitium

1076 887 1098 917 Β
1112 903 1233 930 oblatum
1253 887 1366 935 asserit;
1396 887 1426 929 ut
1457 901 1492 928 49
1511 901 1665 929 bisextilem
1688 901 1806 928 fecenit:
1836 902 1916 929 unde

1113 948 1212 982 reliqui
1225 947 1355 982 deinceps
1374 946 1408 974 ad
1425 950 1532 974 aetatem
1545 950 1670 974 nostram
1687 945 1829 974 bisextiles
1846 953 1916 981 pro-

1113 994 1203 1029 pagati
1219 996 1294 1020 sunt.

862 1080 1048 1109 INDICULUS
1063 1080 1217 1113 ALIQUOT
1233 1081 1332 1110 COSS.

381 1148 471 1184 Olym-
514 1151 585 1178 Anni
632 1151 703 1178 Anni

371 1184 476 1219 piades.
497 1185 609 1213 Juliani.
632 1186 724 1214 Urbis.

933 1151 1013 1180 Coss.

657 1325 709 1352 707
781 1325 815 1358 Q.
835 1325 965 1353 Calenus.

777 1360 808 1388 Ρ.
831 1361 966 1389 Vatinius.

654 1405 707 1433 708
778 1406 811 1434 C.
830 1406 921 1433 Julius
940 1406 1032 1434 Caesar
1049 1405 1095 1434 Ill.

1264 1152 1360 1178 Annus
1402 1150 1520 1179 Biscxti-
1540 1151 1657 1179 Bisexti-
1689 1151 1801 1179 Littera:

1264 1186 1365 1214 Coni'u-
1395 1186 1433 1214 les
1441 1192 1467 1213 et
1480 1187 1519 1213 lit-
1539 1188 1575 1214 les
1582 1192 1608 1214 et
1618 1187 1658 1213 lit-
1692 1196 1786 1214 emen-

1265 1222 1363 1249 sionis.
1390 1226 1455 1248 terae
1473 1223 1511 1248 vi-
1532 1227 1597 1249 tene
1624 1222 1655 1248 [ἱ.
1678 1222 1731 1249 dati
1747 1223 1801 1257 Cy-

1394 1257 1514 1283 tioszeex
1542 1257 1647 1284 vitiosae
1687 1258 1729 1285 cli
1751 1258 1788 1284 ab

1390 1291 1503 1320 Mittclb.
1531 1300 1565 1320 ex
1579 1292 1653 1320 Scal.
1671 1293 1791 1329 August.

779 1441 815 1468 M.
836 1441 966 1469 tEmilius
979 1441 1111 1477 Lepidus.

546 1487 560 1513 1
653 1486 705 1514 709
777 1487 810 1515 C.
829 1486 918 1516 Julius
934 1486 1025 1515 Caesar
1041 1487 1059 1514 l‘

1438 1490 1460 1515 C
1583 1489 1605 1516 Β
1710 1489 1766 1517 CII

814 1522 875 1550 sine
895 1522 1011 1557 collega.

370 1576 383 1587 ε
409 1565 461 1594 184
548 1568 567 1595 2
656 1568 708 1596 710
779 1569 810 1596 C.
830 1568 919 1597 Julius
937 1570 1029 1598 Cmsar
1047 1570 1059 1596 \

1307 1578 1309 1581 ‘
1437 1572 1460 1598 Β
1582 1572 1606 1598 A
1722 1572 1746 1599 A

781 1603 817 1631 M.
838 1605 985 1633 Antonius.

549 1649 566 1678 5
655 1650 704 1677 711
778 1649 810 1678 C.
830 1649 927 1678 Vibius
951 1650 1054 1679 Pansa.

1424 1653 1478 1681 AG
1586 1653 1608 1681 (ἱ
1724 1653 1747 1681 G

777 1686 811 1712 A.
832 1684 951 1713 Hirtius.

549 1733 568 1760 4
656 1734 710 1762 712
779 1734 814 1761 Μ.
835 1733 966 1762 ΛΕηιίΙιιιε
978 1733 1059 1769 Lepid

1117 1735 1149 1761 Il.
1440 1735 1460 1762 F
1576 1735 1627 1762 FE
1734 1735 1756 1762 F

780 1769 811 1796 L.
831 1768 970 1797 Munatius
996 1769 1126 1798 Plancus.

548 1812 566 1840 5
655 1813 706 1841 715
778 1813 810 1840 L.
830 1814 980 1841 Antonius.

1441 1816 1466 1843 Β
1588 1816 1613 1843 D
1723 1817 1778 1844 ΕΙ)

779 1848 809 1875 P.
831 1848 964 1876 Servilius
980 1847 1133 1878 Isauricus.

408 1891 460 1920 I85
550 1893 567 1920 6
656 1893 709 1920 711
778 1894 809 1921 C.
831 1894 966 1922 Domitius
981 1893 1124 1923 Calvinus.
1436 1896 1486 1924 DC
1593 1897 1615 1924 (ἶ
1739 1897 1762 1925 C

780 1929 811 1956 C.
832 1930 946 1956 Asinius
959 1929 1057 1957 Pollio.

549 1974 566 2000 7
655 1974 708 2001 7I5
780 1974 810 2000 L.
831 1973 965 2002 Martinus
979 1975 1162 2004 Censorinus.
1443 1977 1466 2004 Β
1574 1978 1625 2005 BA
1734 1977 1757 2004 Β

777 2009 807 2036 C.
827 2009 968 2037 Calvisius
987 2009 1118 2038 Sabinus.
1590 2013 1595 2017 '

548 2057 566 2084 8
656 2056 707 2084 716
778 2056 834 2091 Ap.
842 2056 982 2091 Claudius
996 2057 1059 2084 ΡιιΙί

1112 2067 1126 2086 ·.
1447 2060 1470 2086 Α
1595 2060 1618 2088 G
1724 2061 1748 2086 Δ

776 2090 812 2119 (1.⁷
827 2090 973 2120 Norbanus
990 2092 1117 2121 Flaccus.

549 2140 566 2167 9
628 2138 629 2141 “
654 2140 706 2167 717
779 2139 815 2176 IlI.
835 2140 966 2176 Agrippa.

1425 2143 1478 2170 GI“
1594 2143 1613 2170 ιη’
1703 2142 1725 2171 G
1738 2142 1752 2169 Ε

781 2175 812 2202 L.
832 2174 966 2203 Caninius
986 2175 1094 2204 Gallus.

411 2219 462 2247 186
537 2220 568 2247 10
658 2220 709 2247 718
781 2219 811 2246 L.
831 2220 935 2248 Gellius
949 2221 1101 2254 Poplicola.
1448 2224 1469 2250 Ε
1578 2223 1598 2250 Ε
1610 2223 1630 2249 D
1724 2223 1746 2250 E

782 2255 817 2283 Μ.
838 2257 970 2290 Cocceius
984 2255 1084 2284 Nerva.

538 2302 565 2328 11
661 2302 712 2329 719
782 2301 815 2328 L.
835 2301 1014 2330 Corniﬁcius.

1447 2304 1468 2330 D
1595 2304 1616 2331 C
1723 2303 1744 2330 D

784 2336 848 2364 Sex.
869 2337 1026 2372 Pompejus.

536 2382 569 2410 12
659 2382 710 2409 7‘20
782 2382 817 2409 M.
838 2383 977 2410 Antonius
992 2383 1026 2410 II.
1428 2384 1449 2411 C
1461 2383 1482 2409 Β
1589 2383 1610 2410 I!
1720 2384 1742 2412 Β

785 2417 816 2444 L.
838 2417 999 2446 Scribonius
1012 2418 1092 2446 Libo.

536 2465 568 2492 15
657 2464 706 2491 721
779 2464 812 2491 C.
833 2464 926 2492 Caesar
943 2464 1109 2493 Octavianus
1125 2465 1156 2492 ll.
1438 2466 1460 2492 A
1570 2466 1594 2492 A
1605 2465 1625 2491 Β
1700 2466 1719 2492 Β
1730 2466 1754 2493 A

783 2499 819 2527 ιι.
843 2499 984 2527 Volcatius
1002 2500 1108 2528 Tullus.

409 2547 461 2576 187
536 2547 566 2574 14
656 2548 708 2575 722
779 2547 830 2575 Cn.
851 2547 988 2575 Domitius
1004 2548 1214 2576 Ahenobarbus.
1445 2548 1467 2576 G
1593 2547 1615 2575 I"
1722 2548 1746 2577 ϐ

780 2582 812 2610 C.
833 2582 929 2610 Sosius
944 2582 1046 2618 Nepos.

533 2627 567 2654 15
657 2628 709 2655 735
781 2628 812 2655 C.
833 2628 926 2656 Caesar
940 2628 1108 2657 Octavianus
1124 2629 1169 2658 lll.
1426 2630 1445 2657 1⁴¹
1455 2629 1476 2656 Ε
1593 2629 1615 2656 Ε
1725 2629 1747 2658 I“

782 2663 818 2690 Μ.
837 2664 960 2691 Valerius
978 2664 1106 2692 Messala.

534 2709 567 2737 16
655 2709 707 2736 721
779 2708 811 2737 C.
830 2710 922 2737 Caesar
934 2709 1059 2737 Octaviar

1112 2710 1155 2738 IV.
1439 2710 1460 2736 D
1568 2710 1617 2738 DC
1725 2711 1739 2738 1ἑ

785 2744 821 2771 Μ.
840 2744 963 2772 Licinius
977 2745 1106 2774 Crassus.

532 2791 565 2818 17
655 2791 707 2819 725
781 2792 849 2826 Imp.
869 2791 962 2819 Caesar
991 2792 1155 2821 Octavianus
1170 2792 1202 2820 V.
1443 2793 1465 2820 C
1592 2791 1613 2819 Β
1710 2793 1730 2820 D
1743 2793 1764 2820 ὓ

782 2826 849 2854 Sex.
867 2826 1001 2862 Apuleius
1011 2827 1111 2863 Nepos.

409 2873 461 2902 188
536 2875 566 2902 l8
660 2874 707 2901 726
779 2873 847 2909 Imp.
868 2874 959 2902 Caesar
978 2876 1142 2904 Octavianus
1163 2876 1206 2903 VI.
1401 2900 1403 2902 .
1427 2876 1479 2903 BA
1586 2876 1610 2904 A
1725 2872 1746 2898 Β

782 2909 818 2937 11.
835 2909 953 2946 Agrippa
969 2910 1001 2937 ll.
