1935 3044
264 175 317 203 899

838 172 1011 200 APPENDIX
1026 171 1340 200 DISSER'I'ATIONUM.

1857 173 1900 200 titul

301 233 379 260 Nunc
394 232 471 265 illud,
493 232 519 260 in
535 239 590 266 quo
609 232 709 267 negotii
734 232 818 260 totius
843 241 950 259 summa
970 232 1050 259 vcrti-
1065 237 1087 263 Α
1102 240 1135 259 eo
1162 240 1242 258 sensu
1271 233 1366 259 demus
1393 231 1567 260 intercalatas
1594 231 1698 263 fuisse,
1727 231 1802 266 quod
1836 234 1901 257 ultr:

266 284 322 311 tur,
347 278 484 306 observari
500 279 638 311 convenit,
658 286 758 305 annum
784 278 939 312 quempiam
964 278 991 303 in
1005 276 1054 303 Ju-

266 326 402 352 liauorum
417 325 488 352 serie
500 325 598 358 duplici
614 325 720 351 ratione
740 325 892 351 bisextilem
909 324 1054 351 nominari.

266 371 334 398 Nam
351 371 392 398 vel
414 376 522 406 propter
539 371 758 398 antecedentium
785 378 918 397 annorum
944 377 1056 397 succes-

267 414 372 441 sionem
397 422 428 440 cx
453 415 572 442 Caesaris
586 414 758 442 ordinatione
782 415 916 442 biscxtilis
940 419 997 446 est;
1015 415 1056 441 vel

267 465 390 494 respectu
404 460 436 486 ad
452 460 569 494 primum
582 463 751 495 Augusteum
764 461 938 487 emendatum
952 460 1055 493 habito,

266 506 347 539 cujus
371 505 514 540 dispositio
536 506 561 532 in
577 507 729 540 superiores
741 514 850 541 quoqtte
866 506 999 533 redundat
1026 514 1058 533 ac

265 551 428 586 regreditur.
449 550 524 587 (Nos
549 553 621 578 cnim
646 551 781 578 Julianani
809 552 923 579 formam
952 553 986 578 ab
1002 551 1058 577 Au-

266 601 347 631 gusto
362 597 525 624 recensitam
545 598 578 624 ad
600 598 751 625 anteriores
771 606 859 624 annos
890 598 1011 631 adeoque
1024 597 1058 624 ad

269 643 362 670 tnundi
378 643 464 677 ipsius
487 648 577 670 ortum
603 644 722 671 methodi
745 644 830 678 gratia
849 644 1058 671 accommodare

267 689 410 721 solemus.)
432 689 555 723 Exempli
580 697 662 722 causa
679 698 685 716 :
704 697 793 716 anuus
811 689 935 716 Julianus
961 689 1005 720 43,
1030 689 1056 716 in

266 741 348 768 qttem
371 733 553 769 Dionysiamts
569 735 667 762 natalis
690 735 795 768 incidit,
826 736 848 762 si
871 743 932 762 vera
950 740 992 762 est
1008 735 1057 762 Ju-

266 780 339 807 Iiana
355 780 400 806 illa
418 780 552 808 bisextilis
575 780 733 815 descriptio,
747 788 828 815 quam
844 781 961 807 Annales
981 781 1059 807 exhi-

267 826 343 857 bent,
353 826 487 852 bisextum
505 826 608 853 nullum
624 826 727 858 habuit,
745 827 792 853 sed
808 827 898 861 potius
913 827 957 852 45.
977 826 1008 852 At
1024 834 1057 853 ex

269 870 384 905 Augusti
400 870 580 902 correctione,
591 870 648 897 sive
663 877 745 904 quam
756 869 855 896 Paulus
869 868 1059 902 Forosempro~

268 916 372 942 niensis
384 915 484 942 asserit
497 934 504 946 ,
523 915 580 942 sive
594 923 654 950 qua:
671 915 696 941 in
711 922 812 941 annum
829 914 863 941 53
875 914 1009 940 bisrxtum
1023 913 1061 941 le-
1077 909 1098 937 Β

268 960 392 994 gitimum
405 960 526 994 conjicit,
536 960 606 987 idem
621 960 799 987 ille45aiiiius
809 959 933 986 Julianus
948 958 1057 985 bisexti-

267 1005 303 1032 Iis
315 1005 376 1032 erit.
393 1005 430 1032 Ita
446 1005 517 1032 enim
533 1005 637 1039 prituus
652 1013 741 1032 annus
755 1003 891 1036 Julianus,
904 1003 1010 1031 tametsi
1023 1011 1056 1030 ex

269 1050 390 1077 auctoris
416 1055 506 1077 mente
531 1050 666 1078 bisextilis
689 1057 743 1077 non
771 1049 862 1082 fuerit,
891 1057 922 1076 ex
942 1048 1056 1084 Augusti

269 1101 360 1123 tamen
381 1096 571 1123 emendatione
596 1096 682 1124 fuisse
707 1099 844 1128 censetur,
862 1101 891 1122 ut
916 1094 1058 1122 Forosem-

269 1142 426 1178 proniensis
451 1142 573 1170 adnutat.
597 1141 658 1169 Jam
675 1142 721 1177 qui
745 1140 867 1168 Natalem
890 1140 992 1168 Christi
1009 1148 1058 1167 an-

270 1197 335 1216 num
352 1189 503 1216 hisextilem
526 1188 590 1215 velit
608 1188 791 1224 fuisse,coque
809 1188 882 1214 velut
899 1187 1058 1214 charactere

269 1235 401 1270 temporis
427 1240 535 1267 utatur;
552 1242 604 1262 non
626 1234 651 1261 ei
665 1235 732 1261 satis
746 1239 802 1265 est;
814 1235 1002 1261 demonstrare
1019 1233 1059 1260 bi-

270 1286 376 1309 sextum
395 1289 426 1308 ex
450 1280 556 1308 Juliana
581 1281 752 1308 institutione
768 1281 794 1308 in
813 1281 887 1308 illum
907 1282 994 1315 ipsum
1009 1288 1058 1307 att-

269 1335 336 1353 ntmi
363 1326 501 1358 incidisse,
529 1327 618 1361 quod,
645 1331 674 1354 ut
698 1334 714 1354 e
734 1327 921 1360 superioribus
945 1326 1057 1360 intelligi

272 1377 388 1407 potest,
415 1373 530 1399 dubium
557 1377 599 1400 est
631 1377 658 1399 ct
687 1373 840 1400 incertum:
861 1373 907 1399 sed
935 1372 1058 1400 habenda

270 1417 388 1444 maxime
417 1417 640 1452 consequentium
668 1417 834 1445 bisextoruiu
862 1417 942 1449 ratio,
964 1418 1057 1452 cujus-

272 1461 343 1488 tuodi
380 1461 511 1488 hodierno
539 1465 590 1488 esu
622 1467 683 1496 post
720 1462 835 1497 Augusti
863 1461 1057 1489 correctionem

270 1506 460 1534 observantur.
478 1507 555 1540 Quod
573 1507 600 1534 in
619 1507 765 1534 Annalibus
782 1508 872 1535 minus
886 1507 1058 1534 animadver-

272 1559 332 1578 sum
346 1559 378 1579 co
395 1552 502 1579 tandem
519 1553 660 1580 ratiocinia
682 1553 793 1588 redegit,
812 1557 841 1579 ut
857 1560 957 1578 atinum
974 1551 1059 1578 Julia-

272 1606 337 1625 num
363 1598 394 1625 5|
425 1598 576 1626 bisextileiu
601 1599 816 1631 constituerent;
844 1599 877 1626 de
901 1606 956 1634 quo
978 1598 1059 1633 paulo

271 1650 343 1678 post.
360 1644 468 1672 Interim
487 1646 666 1680 quadrantem
693 1646 779 1677 illum,
793 1653 873 1680 quem
891 1653 953 1672 cum
968 1645 1061 1673 solidis

272 1689 368 1716 diebus
398 1690 586 1717 intercalatum
623 1690 732 1718 Solinus
765 1690 898 1725 prodidit,
931 1691 1061 1717 attentius

271 1736 455 1770 exploremus.
473 1736 558 1764 Solini
573 1737 656 1764 verba
669 1742 744 1766 sunt:
760 1736 794 1763 Et
809 1742 837 1763 ut
852 1742 949 1763 statum
961 1742 1060 1764 certum

271 1784 421 1817 prreteritus
447 1783 575 1817 acciperet
599 1792 688 1815 error,
711 1784 766 1810 dies
782 1791 827 1810 nt
842 1788 867 1810 et
888 1784 1061 1818 quadrantem

271 1828 353 1855 simul
365 1829 545 1859 intercalauit,
558 1834 610 1856 etc.
625 1829 668 1856 Ille
681 1837 746 1864 ergo
762 1837 850 1856 annus
865 1829 940 1856 solus
953 1835 1063 1856 cccxuv

271 1874 329 1901 dies
341 1874 451 1907 habuit;
461 1875 507 1901 alii
516 1875 643 1909 deinceps
655 1882 756 1902 cccuv
769 1880 796 1902 et
812 1874 999 1909 quadrantem.
1011 1874 1062 1907 Qui

273 1919 359 1945 Solini
375 1919 463 1950 locus,
482 1923 529 1946 aut
551 1920 657 1947 inscitia
680 1921 862 1952 librariorum,
887 1924 933 1947 aut
947 1922 1063 1954 scripto-

272 1965 310 1991 ris
336 1964 550 1991 hallucinatione
568 1966 637 1992 male
651 1965 758 1992 habitus
773 1969 824 1992 est.
844 1966 938 1993 Annus
959 1965 1062 1993 Confu-

271 2010 357 2037 sionis
372 2015 468 2044 printer
480 2011 630 2038 ordinarios
640 2019 731 2043 cccnv,
744 2012 790 2046 qui
809 2011 860 2038 fuit
873 2012 935 2038 anui
948 2011 1063 2039 Romani

273 2057 380 2090 modus,
396 2057 454 2085 dies~
466 2057 562 2084 habuit
579 2057 708 2086 insititios
724 2066 807 2090 vau,
825 2063 853 2085 ut
868 2058 918 2086 Dio
936 2063 1061 2086 testatur.

272 2102 320 2130 Ilis
345 2103 367 2129 si
391 2104 592 2130 iutercalarium
618 2103 821 2131 Mcrkedouium
843 2112 999 2135 accenseas,
1016 2106 1062 2140 qui

272 2150 445 2176 commodqu
461 2150 487 2176 in
505 2158 566 2177 eum
581 2158 681 2177 annum
708 2151 859 2182 inciderat.
876 2159 983 2179 summa
1003 2153 1062 2179 dic-

272 2201 333 2222 rum
350 2195 503 2222 additorum
529 2201 571 2222 est
586 2204 629 2228 xc,
653 2197 675 2224 si
700 2196 890 2224 Merkcdonius
912 2206 981 2224 xxtti
998 2206 1003 2224 :
1022 2199 1063 2224 vel

272 2248 385 2273 munt.
401 2242 423 2268 si
448 2250 504 2268 xxtt
519 2241 652 2268 duntaxat
665 2243 792 2270 ohtiuuit.
809 2242 899 2276 Quare
915 2249 944 2270 et
958 2243 1059 2271 Cnnfu-
1078 2260 1101 2287 Ι)

272 2287 359 2315 sionis
386 2295 475 2314 annus
496 2288 554 2315 dies
572 2289 689 2322 postulat
709 2296 847 2321 ccccxuv,
873 2290 912 2316 Vel
930 2297 1058 2323 ccccuv,

272 2339 302 2360 ut
318 2333 487 2360 Censorinus
513 2334 607 2361 scribit
634 2342 694 2369 pag.
720 2334 764 2361 46.
779 2336 868 2369 Atque
890 2335 926 2362 illi
950 2335 1060 2370 quidem

269 2378 330 2405 dies
358 2378 392 2404 ita
415 2378 566 2412 dispensati
584 2384 657 2410 sunt,
676 2384 705 2406 ut
724 2388 786 2407 cum
806 2381 986 2411 intercalaris,
1003 2381 1060 2408 sive

272 2423 460 2450 Mercedonius
476 2432 556 2451 suum
585 2425 611 2451 in
638 2425 787 2453 Februario
812 2427 902 2453 locum
929 2435 961 2455 ex
985 2434 1060 2455 more

270 2469 386 2496 sortitus
399 2474 480 2502 esset,
496 2469 552 2497 .luo
566 2470 612 2497 alii
628 2479 734 2498 menses
749 2472 820 2498 inter
833 2471 1013 2500 Novembrem
1027 2480 1060 2500 ac

271 2514 447 2542 Decembrem
464 2516 557 2543 inserti
577 2517 642 2548 sint,
657 2517 763 2545 dierum
781 2518 860 2545 ambo
873 2519 954 2546 simul
973 2527 1058 2552 vait,

270 2561 309 2587 ita
335 2566 362 2587 ut
382 2563 547 2596 peraquatio
572 2562 629 2597 ipsa
657 2563 684 2590 in
708 2563 772 2590 anni
790 2564 870 2591 linem
895 2565 1057 2593 incubuerit.

270 2605 340 2635 ilinc
354 2607 398 2633 illa
410 2607 551 2634 verissima
564 2609 695 2643 suspicio,
705 2608 831 2638 Solinum
847 2618 985 2643 ccccniv,
1004 2619 1058 2639 non

268 2660 379 2679 δαείην
396 2653 550 2687 scripsisse.
564 2653 631 2681 Nam
656 2656 728 2690 quod
744 2656 802 2684 dies
822 2665 905 2684 unum
921 2662 948 2685 et
961 2658 1058 2694 viginti

267 2706 333 2725 cum
348 2698 500 2733 quadrante
523 2701 671 2729 accessisse
694 2702 770 2734 dicit,
797 2703 831 2730 ad
855 2703 1057 2732 Mercedonium

269 2744 406 2777 respicere
420 2745 517 2777 potuit,
540 2746 585 2780 qui
601 2753 670 2779 xxii,
683 2752 730 2774 aut
750 2755 818 2775 xxm
835 2748 931 2775 diebus
948 2754 1059 2777 consta-

269 2788 324 2815 bat.
352 2789 512 2824 Quanquam
537 2790 571 2818 de
596 2792 755 2820 intercalato
781 2794 932 2827 quadrante
962 2803 1058 2830 parum

269 2835 411 2862 commode
434 2837 578 2871 scripsisse
596 2838 712 2866 videtur.
729 2838 787 2866 Non
805 2840 877 2867 enim
893 2842 1056 2876 appendices

270 2883 343 2907 horae
362 2881 388 2908 in
410 2882 482 2909 civili
508 2890 580 2911 anno
602 2884 757 2912 intercalari
780 2886 919 2914 dicuntur.
938 2887 1012 2920 Quas
1029 2894 1057 2916 ut

1073 1591 1095 1619 C

1107 285 1215 304 menses
1239 277 1352 312 diesque
1377 278 1478 305 solidos
1505 283 1691 308 exrurrerent,
1708 284 1772 304 cum
1793 276 1821 303 in
1840 284 1901 303 anni

1107 325 1281 352 Confusionls
1304 325 1407 351 exitum
1426 324 1590 359 peraequatio
1605 324 1657 351 ista
1672 323 1834 355 conveniat,
1851 329 1902 349 non

1107 372 1196 406 potuit
1219 371 1309 398 Ca-sar
1338 371 1490 406 proximum
1510 371 1645 398 bisextum
1662 371 1688 396 in
1709 370 1726 397 5
1748 369 1903 402 Julianum,

1108 418 1154 445 sed
1173 419 1199 444 in
1215 417 1231 443 4
1249 418 1386 444 ineuntem
1402 417 1538 449 indicere;
1555 421 1612 443 ttun
1628 416 1743 448 scilicet,
1763 423 1828 442 cum
1849 415 1904 441 dies

1107 471 1140 490 ex
1170 463 1369 497 quadrantibus
1394 463 1514 489 collectis
1539 462 1644 488 solidus
1668 461 1839 488 exsisteret:
1857 458 1905 486 etsi

1108 509 1247 543 quadrans
1273 507 1316 534 ille
1344 508 1470 535 horatius
1498 514 1551 534 non
1573 514 1636 534 cum
1653 506 1761 534 duobus
1788 505 1906 539 reliquis

1110 555 1259 586 mensibus,
1278 554 1324 581 sed
1352 561 1414 580 culti
1442 553 1613 580 Merccdonio
1641 551 1842 587 προληπτικῶς
1866 552 1906 577 in-

1110 602 1192 628 lissus
1211 600 1263 628 dici
1289 604 1388 634 potest,
1404 604 1433 626 ut
1446 599 1551 634 justum
1578 598 1612 626 ad
1629 598 1812 632 colligendum
1841 604 1907 631 qua-

1109 647 1232 674 drantctn
1270 645 1384 672 alterum
1416 645 1535 680 spatium
1565 651 1638 671 anno
1667 645 1757 679 primo
1794 642 1908 669 Juliano

1110 691 1218 717 ineunte
1239 697 1300 717 esse
1322 689 1452 724 potuerlt.
1478 688 1662 716 Nihilominus
1687 689 1720 716 de
1742 688 1796 715 hoc
1820 687 1909 715 Solini

1109 735 1169 762 loco
1183 734 1357 768 cogitandum
1375 733 1492 768 amplius
1507 740 1616 761 censeo.

1145 779 1192 805 llis
1204 779 1357 805 necessario
1369 779 1534 810 constitutis,
1546 785 1648 805 annum
1664 785 1794 811 negamus
1816 777 1908 808 illum,

1109 833 1163 859 quo
1191 823 1322 850 Lentulus
1339 829 1365 850 et
1383 823 1546 851 Messalinus
1570 830 1642 850 coss.
1655 822 1774 853 fuerunt,
1795 822 1911 848 hiseni-

1110 869 1162 897 lem
1175 869 1268 896 fuisse.
1281 869 1374 896 Fuerit
1390 869 1463 896 enim
1473 877 1506 896 ex
1517 868 1583 895 Julii
1593 868 1709 896 Czesaris
1719 868 1909 899 ordinatione,

1112 915 1184 951 quod
1197 915 1275 942 valde
1291 915 1425 942 incertum
1443 921 1503 942 esse
1518 915 1649 942 hactenus
1669 913 1908 941 monstravimus:

1112 966 1287 996 posteaquam
1304 961 1414 996 quidem
1440 961 1474 987 ab
1492 961 1616 995 Augusto
1640 965 1779 988 correctus
1803 967 1908 990 annus,

1111 1008 1134 1034 si
1153 1007 1188 1034 ab
1200 1014 1294 1033 eorum
1311 1006 1414 1040 aliquo,
1430 1014 1497 1040 quos
1513 1006 1652 1033 bisextiles
1664 1009 1719 1032 tam
1737 1006 1808 1040 ipse,
1824 1013 1908 1040 quam

1111 1052 1256 1086 posteritas
1277 1051 1367 1078 omnis
1385 1051 1489 1083 habuit,
1510 1056 1583 1078 retro
1605 1058 1742 1083 numeres,
1769 1057 1908 1085 negamus

1111 1101 1281 1130 constanter,
1304 1096 1460 1124 bisextilcm
1477 1104 1539 1124 eum
1555 1103 1626 1130 esse,
1650 1104 1705 1132 quo
1721 1096 1869 1123 Christum
1885 1097 1909 1123 in

1111 1142 1199 1170 lucem
1214 1143 1317 1170 editum
1329 1143 1445 1170 Annales
1458 1142 1628 1170 ecclesiastici
1645 1143 1820 1170 continuant.
1847 1142 1910 1168 Fuit

1113 1188 1157 1216 ltic
1172 1187 1298 1216 Julianus
1320 1188 1365 1221 45,
1389 1189 1435 1222 qtti
1461 1187 1628 1223 Olympiadis
1653 1188 1702 1215 191
1727 1196 1802 1214 anno
1819 1189 1909 1222 primo

1112 1235 1221 1262 labente
1237 1235 1328 1269 cwpit,
1347 1235 1381 1262 ab
1400 1235 1471 1262 Urbe
1489 1235 1598 1262 condita
1620 1243 1653 1262 ex
1670 1235 1845 1262 Varroniana
1863 1243 1908 1269 pu-

1112 1280 1216 1308 tatione
1233 1281 1295 1308 75L
1325 1280 1352 1307 lu
1377 1281 1486 1308 Juliana
1512 1289 1592 1316 porro
1616 1282 1738 1316 periodo,
1754 1289 1810 1316 qua
1840 1282 1908 1308 nihil

1112 1327 1146 1354 ad
1157 1326 1343 1354 extricandam
1358 1327 1560 1361 chronologiam
1573 1327 1737 1362 expeditius,
1749 1335 1804 1354 non
1821 1327 1907 1354 alium

1112 1380 1215 1400 annum
1239 1377 1364 1407 occupat,
1388 1380 1470 1407 quam
1490 1373 1570 1406 4711,
1602 1373 1678 1409 cyclo
1698 1374 1764 1400 solis
1779 1373 1806 1405 7,
1838 1373 1910 1401 luna:

1113 1421 1157 1452 18,
1184 1420 1277 1447 indict.
1304 1420 1330 1452 l,
1353 1427 1369 1447 a
1396 1419 1536 1452 Januario,
1570 1427 1586 1447 a
1608 1419 1762 1454 Septembri
1784 1428 1854 1447 vero
1883 1420 1907 1446 ‘2.

1113 1466 1190 1498 Quod
1205 1465 1314 1501 quidem
1340 1473 1394 1493 non
1414 1466 1581 1500 conjectura,
1599 1466 1645 1493 sed
1669 1466 1908 1493 demonstratione

1113 1513 1218 1538 nititur.
1237 1512 1359 1539 Mortuus
1372 1518 1414 1540 est
1434 1512 1574 1546 Augustus
1590 1511 1680 1539 Sextis
1693 1512 1802 1539 duobus
1822 1520 1908 1542 coss..

1114 1563 1143 1584 ut
1170 1558 1292 1587 omnium
1316 1566 1451 1586 consensu
1477 1558 1724 1592 exploratissimum
1751 1563 1806 1590 est,
1835 1567 1907 1586 anno

1115 1602 1196 1631 Urbis
1223 1603 1284 1630 765.
1309 1603 1380 1631 Ante
1404 1603 1576 1631 consulatum
1602 1603 1758 1636 Sextorum,
1785 1604 1809 1631 si
1836 1610 1909 1631 retro

1114 1657 1250 1682 numeres,
1266 1649 1341 1684 paria
1359 1655 1423 1676 sunt
1438 1648 1551 1676 omnino
1566 1650 1709 1677 consulum
1726 1658 1790 1683 xvi;
1816 1650 1909 1685 proin-

1113 1695 1200 1730 dcqne
1223 1696 1256 1722 16
1285 1703 1386 1722 annum
1417 1686 1580 1723 anteriorem
1617 1701 1751 1730 occupant
1774 1696 1908 1724 Lentulus

1113 1746 1140 1768 et
1157 1741 1329 1768 Marcellinus
1342 1749 1414 1768 COSs.
1430 1741 1545 1776 Insignis
1562 1750 1642 1776 porro
1659 1750 1748 1768 anuus
1764 1742 1809 1769 ille
1828 1750 1908 1769 tuor-

1114 1790 1148 1816 tis
1161 1788 1275 1824 Augusti
1295 1789 1346 1815 fuit
1359 1789 1430 1816 lunte
1450 1788 1580 1823 deliquio,
1593 1789 1664 1824 quod
1676 1789 1711 1816 4⁸)
1728 1788 1772 1815 die
1795 1788 1831 1816 ab
1848 1790 1910 1823 ejus

1113 1835 1188 1862 obittt
1210 1835 1359 1870 contigisse
1380 1835 1452 1862 inter
1475 1835 1656 1870 chronologos
1682 1839 1801 1867 constat,
1826 1835 1910 1869 idque

1114 1881 1286 1916 Dionysiana'.
1311 1889 1372 1908 atrae
1396 1889 1468 1907 anno
1494 1881 1536 1913 M,
1560 1881 1637 1916 cyclo
1669 1881 1734 1908 solis
1757 1880 1804 1912 25,
1838 1881 1910 1907 luna:

1116 1928 1159 1960 15,
1180 1927 1254 1961 Sept.
1281 1927 1325 1957 27,
1345 1926 1410 1954 feria
1425 1927 1451 1959 5,
1468 1927 1555 1954 littera
1579 1927 1655 1954 Dom.
1679 1926 1711 1957 (ἓ,
1729 1925 1846 1953 Julianzc
1863 1934 1910 1961 pe-

1115 1973 1183 1999 riodi
1205 1972 1284 1999 “'27.
1311 1972 1413 2006 Quodsi
1437 1981 1523 2000 annos
1549 1973 1612 2000 inde
1646 1973 1817 2000 subtraxeris
1849 1981 1908 2005 xvi.

1115 2020 1237 2054 reliquus
1266 2020 1319 2046 erit
1343 2020 1423 2052 4711,
1448 2027 1503 2054 quo
1525 2027 1596 2047 coss.
1625 2019 1701 2046 fuere
1723 2018 1857 2046 Lentulus
1883 2024 1910 2046 et

1115 2065 1298 2093 Marcellinus.
1317 2066 1368 2099 Qui
1387 2067 1410 2093 si
1437 2066 1570 2093 bisextilis
1593 2065 1699 2097 luisset,
1721 2073 1810 2092 annus
1826 2067 1861 2092 ab
1877 2073 1910 2092 eo

1116 2112 1148 2138 16
1175 2112 1286 2147 perinde
1309 2113 1446 2139 bisexlum
1474 2112 1623 2140 habuisset.
1659 2112 1706 2139 Est
1732 2117 1824 2138 anteiit
1846 2119 1910 2138 arra:

1115 2165 1216 2186 nostra:
1239 2159 1283 2189 14,
1309 2166 1342 2186 ac
1359 2163 1419 2193 post
1437 2158 1587 2186 bisextilem
1604 2159 1758 2190 secundus;
1778 2158 1867 2193 igitur
1883 2164 1909 2185 et

1115 2212 1203 2231 anuus
1226 2204 1280 2236 ille,
1297 2212 1352 2238 quo
1368 2203 1512 2231 Marcellus
1525 2209 1549 2231 el
1569 2204 1699 2231 Lentulus
1719 2211 1793 2231 coss.
1815 2210 1908 2232 erant,

1115 2250 1246 2277 bisextilis
1263 2258 1316 2277 non
1334 2249 1393 2276 fuit.
1416 2249 1486 2276 Idem
1509 2258 1540 2277 ex
1563 2249 1751 2285 Olympiadqu
1766 2255 1795 2276 et
1820 2250 1909 2277 Julia-

1113 2303 1210 2322 norum
1226 2304 1360 2322 atmorum
1374 2296 1444 2323 serie
1455 2296 1609 2323 deducitur.
1635 2296 1702 2323 Nam
1717 2304 1780 2324 cum
1798 2296 1908 2323 Lentuli

1111 2346 1139 2368 et
1154 2342 1300 2376 Marcellini
1322 2342 1480 2369 consulatus
1499 2341 1625 2369 Julianus
1640 2342 1675 2369 sit
1687 2343 1737 2374 43;
1757 2341 1907 2369 Sextorum

1111 2395 1177 2414 vero
1195 2387 1313 2414 duorutn
1330 2388 1365 2414 sit
1382 2387 1508 2415 Julianus
1521 2387 1566 2421 59,
1586 2388 1710 2422 idemque
1729 2395 1791 2415 terte
1806 2395 1909 2415 tiostnu

1112 2433 1273 2460 “:necesse
1296 2440 1348 2466 est,
1366 2438 1396 2460 ut
1408 2441 1496 2461 annus
1507 2433 1632 2461 Julianus
1646 2434 1700 2461 283
1716 2435 1753 2462 sit
1763 2442 1824 2461 iet-aa
1843 2434 1908 2461 Dio-

1111 2478 1231 2513 nysiame
1254 2478 1326 2510 258,
1354 2487 1408 2513 quo
1435 2480 1516 2506 etiam
1547 2480 1714 2515 Olympiadis
1742 2480 1798 2507 258
1833 2489 1908 2507 anno

1111 2524 1199 2558 primo
1214 2524 1354 2551 desinente.
1371 2527 1587 2570 secttiidus,lltoc
1604 2530 1646 2553 est
1668 2525 1745 2560 lpltili
1771 2526 1852 2552 10H.
1880 2527 1907 2552 Si

1111 2569 1235 2603 quidem,
1251 2575 1280 2596 ut
1294 2575 1322 2596 et
1340 2571 1457 2597 Annales
1473 2569 1659 2604 conSeutiunt,
1673 2570 1783 2598 Juliauo
1803 2572 1838 2598 45
1852 2580 1908 2598 (νω-

1111 2614 1150 2648 pit
1165 2621 1255 2641 annus
1271 2615 1289 2640 ‘2
1311 2614 1418 2650 Olymp.
1436 2616 1498 2647 194,
1518 2617 1574 2643 sive
1588 2616 1667 2651 Iphiti
1684 2615 1746 2642 774.
1762 2616 1847 2651 Atqui
1860 2617 1907 2644 hic

1111 2661 1169 2694 ipse
1183 2659 1308 2688 Julianus
1320 2669 1409 2688 annus
1430 2661 1493 2693 285,
1522 2661 1601 2696 Iphiti
1616 2661 1695 2693 10H,
1720 2662 1907 2690 memorabilis

1109 2711 1153 2734 est
1173 2706 1217 2734 ille
1233 2706 1375 2741 Cepsoriui
1401 2715 1501 2740 annus,
1515 2716 1596 2742 quem
1621 2707 1702 2743 Ulpio
1716 2713 1744 2735 et
1769 2707 1907 2735 Pontiano

1111 2759 1182 2779 coss.
1201 2757 1286 2784 notat,
1311 2752 1393 2780 Urbis
1409 2754 1523 2780 condita:
1536 2754 1584 2781 99l
1606 2763 1612 2780 :
1631 2755 1675 2788 qui
1692 2761 1752 2781 cum
1769 2762 1830 2782 ,ει-ω
1843 2754 1907 2781 Dio-

1110 2799 1232 2833 nysiante
1255 2800 1288 2826 sit
1311 2799 1374 2832 258,
1392 2799 1524 2827 hisextilis
1542 2808 1594 2827 non
1619 2805 1671 2831 est,
1693 2802 1740 2827 sed
1760 2808 1775 2827 a
1799 2801 1906 2828 bisexto

1111 2844 1258 2871 secundus.
1282 2844 1365 2880 Igitur
1378 2850 1403 2872 ct
1423 2846 1628 2873 tluceutesimus
1651 2847 1837 2882 octogesimus
1854 2852 1906 2873 ωτ-

1111 2890 1165 2917 tius
1179 2895 1242 2918 ante
1260 2891 1348 2923 illum,
1372 2893 1423 2918 hoc
1437 2897 1478 2919 cst
1501 2892 1605 2925 primus
1620 2892 1745 2920 Julianus
1772 2893 1907 2920 bisetlilis
