1935 3044
95 180 145 209 901

680 180 725 208 DE
743 181 837 209 ANNO
855 182 982 210 NATALI
1002 182 1142 211 CHRISTI

1677 191 1729 217 9οξ

94 238 158 270 furit,
173 241 199 264 et
215 236 278 269 211,
305 237 361 278 sive
383 237 510 265 Julianus
524 238 569 270 45,
595 237 674 272 lphiti
694 239 756 271 771,
773 240 887 267 Lentulo
903 246 924 272 Α
939 249 990 276 que
1014 241 1222 270 methodusn'cl
1239 242 1331 276 pueris
1358 243 1564 279 cognitadmjus
1583 245 1621 272 rei
1648 247 1727 274 [idem

93 289 122 311 et
140 284 296 311 Marcellino
310 291 453 314 coss.,non
470 284 613 316 bisextilis,
633 285 679 312 sed
695 285 730 312 ab
745 293 778 312 eo
791 294 890 313 serun-

92 329 147 355 dus
163 333 214 356 est.
231 329 297 362 Qua:
314 329 405 356 omnia
426 329 453 356 id
476 330 548 364 quod
565 330 646 357 modo
663 331 832 365 propositum
848 336 890 358 est

91 376 248 402 certissime
266 375 471 403 demonstrant:
495 384 597 403 annum
613 375 752 403 Julianutn
771 376 888 411 primum

91 430 143 456 per
159 429 314 455 regressum
332 421 358 447 in
382 421 529 453 anteriora,
544 430 650 456 usuque
669 428 763 450 nostro
777 422 888 450 bisexti-

92 469 147 494 lem
163 474 235 499 esse,
253 470 283 492 ut
300 472 327 494 et
348 465 451 494 Paulus
477 467 762 502 Forosemproniensis
784 469 887 497 docuit.

93 511 245 540 Estautem
264 514 289 540 in
303 513 498 540 constituendis
511 514 678 541 bisextilibus
691 515 820 543 habenda:
834 524 888 543 non

91 559 225 586 editionis
249 559 374 589 Juliame.
397 559 442 587 sed
458 559 611 594 Augustam:
625 568 658 587 ac
678 565 777 588 nostra
800 561 887 588 ratio:

92 604 120 630 id
137 605 210 638 quod
228 604 377 631 Annalibus
406 605 572 640 imposuisse
592 605 709 633 videtur.
734 605 762 632 In
789 607 889 641 quibus

93 656 157 675 cum
184 656 218 675 ex
242 647 307 675 Julii
332 648 448 676 Caesaris
465 649 636 677 institutione
654 650 803 678 bisextilem
825 659 886 678 eum

92 701 156 720 esse
178 698 358 721 monstrasset
382 702 496 725 annum,
514 703 568 729 quo
583 695 714 724 Lentulus
732 701 759 724 ct
776 696 888 724 Mareel-

91 739 168 766 llnus
191 747 264 767 coss.
289 739 409 771 fuerunt,
430 740 584 768 confectam
611 742 662 768 sibi
682 750 739 769 rem
761 742 886 777 putavit:

90 786 174 820 quasi
199 786 334 820 eamdem,
360 795 442 821 quam
459 794 473 813 a
497 786 569 814 Julio
587 787 695 815 Czcsare
719 788 887 823 propositam

91 831 220 864 afﬁrmat,
242 832 407 860 bisextilium
433 833 530 860 seriem
557 833 696 867 Augustus
719 834 885 861 retinuisset.

91 877 134 904 Ex
153 885 208 912 quo
227 884 254 905 et
268 878 333 905 illud
359 878 479 905 manavit
505 883 534 905 ut
556 880 589 914 τῇ
604 879 731 906 ὑποθέσει
755 879 887 906 δουλεύων

90 931 197 951 annum
214 923 352 950 Julianum
376 923 407 950 bl
435 923 586 959 legitimum
612 932 644 951 ex
661 924 777 960 Augusti
795 932 887 952 corre-
904 919 924 946 Β

89 972 185 999 ctione
209 971 346 998 bisextum
361 971 492 999 habuisse
508 972 620 1000 diceret.
639 972 707 1000 Nam
725 973 783 1001 sive
805 974 839 1000 ab
854 980 887 1000 eo

89 1015 127 1043 ad
143 1016 179 1042 45
203 1023 339 1048 recurras,
366 1016 424 1043 sive
446 1024 461 1043 a
485 1017 573 1051 primo
589 1016 698 1045 Juliano
715 1018 747 1045 ad
761 1011 887 1045 eumdem

90 1059 126 1087 18
148 1060 309 1092 descendas,
337 1060 364 1086 in
391 1060 543 1088 biscxtilem
570 1062 684 1089 incides.
712 1062 764 1089 Sed
786 1062 886 1090 falsum

88 1110 145 1136 est,
167 1114 270 1132 annmn
293 1105 432 1133 Julianum
449 1115 480 1134 ex
499 1108 612 1142 Augusti
638 1107 831 1136 reformatione
846 1109 887 1136 bi-

89 1151 219 1179 sextilem
246 1151 352 1179 fuisse:
370 1153 520 1186 przesertim
547 1154 571 1181 si
595 1154 723 1181 vitiosum
749 1154 885 1181 bisextum

91 1188 285 1226 duodecimum
310 1207 382 1226 anno
411 1192 520 1226 Jitliano
547 1199 592 1232 56,
609 1200 682 1234 quod
710 1200 825 1227 Annales
845 1200 886 1227 fa-

91 1245 182 1276 ciunt,
200 1244 387 1277 tribuerimus,
401 1245 469 1272 adeo
484 1249 514 1273 ut
536 1245 676 1281 Augustus
697 1254 769 1273 anno
782 1246 816 1274 58
831 1251 886 1274 sta-

90 1291 176 1318 tuerit
193 1291 334 1318 duodecim
348 1291 409 1318 illos
420 1291 480 1319 sine
494 1291 599 1319 bisexto
615 1292 804 1326 transigendos
815 1300 884 1320 ossa.

90 1337 127 1364 Ut
143 1338 216 1365 enim
232 1337 267 1365 ab
276 1345 348 1365 anno
358 1336 465 1365 .luliano
477 1338 512 1365 57
520 1338 624 1372 primus
638 1346 669 1364 ex
686 1338 818 1365 duodenis
833 1339 885 1366 illis

89 1384 254 1419 ἀνεμὸόλοις
276 1384 400 1418 co-perit,
424 1383 604 1410 duodecimus
624 1383 676 1410 crit
689 1383 813 1410 Julianus
827 1383 861 1410 48
876 1393 882 1411 :

91 1438 149 1465 quo
174 1436 280 1462 exacto.
308 1433 509 1464 peremptisque
532 1429 647 1456 biscxtis
671 1430 814 1464 superlluis
840 1431 885 1457 tri-

91 1477 155 1509 bus,
178 1484 267 1503 annus
292 1476 318 1502 in
345 1476 416 1502 viam
442 1475 572 1502 reductus
587 1480 636 1502 est.
659 1474 736 1502 lianc
759 1483 834 1508 vero,
856 1480 885 1502 ut

90 1522 189 1548 ordine
206 1530 238 1548 ac
261 1521 365 1548 ratione
390 1521 519 1555 deinceps
544 1520 690 1553 insisteret,
707 1525 803 1555 quarto
825 1525 885 1555 post

91 1567 128 1595 48
141 1576 214 1594 anno
228 1567 361 1595 bisextilis
376 1575 465 1594 almus
489 1566 664 1594 colloc.intlus
686 1566 753 1600 fuit;
776 1565 883 1594 Juliano

91 1613 199 1640 scilicet
214 1612 257 1643 5:2,
267 1617 296 1639 ut
308 1620 340 1639 ex
354 1611 438 1639 Paulo
455 1611 634 1645 Middclburg.
651 1619 776 1646 superius
792 1616 883 1637 osten-

91 1660 194 1686 dimus.
214 1659 249 1685 At
269 1667 335 1686 vero
356 1659 378 1685 si
395 1658 425 1685 51
449 1665 550 1685 annum
575 1658 728 1684 bisextilem
744 1658 884 1691 Augustus

91 1713 155 1732 esse
171 1705 267 1735 voluit,
283 1704 309 1731 in
333 1704 404 1730 idem
422 1703 519 1730 vitium
538 1704 663 1736 incurrit,
681 1704 752 1737 quod
771 1703 884 1730 Juliath

91 1751 222 1778 editionis
238 1750 316 1777 initio
333 1749 511 1777 commissum
528 1748 615 1776 fuerat
629 1757 636 1781 ;
656 1756 751 1783 nempe
765 1754 794 1774 ut
805 1753 884 1775 tertio

92 1799 155 1831 post
180 1795 330 1822 bisextilem
360 1802 433 1822 anno
459 1794 594 1822 biscxdlis
621 1794 698 1821 aliter
727 1799 882 1828 poneretur.

93 1842 216 1876 Denique
231 1848 311 1868 nemo
327 1841 459 1868 hactenus
475 1840 601 1867 invuntus
617 1845 668 1871 est,
683 1841 730 1875 qui
745 1839 882 1866 lulianum

92 1888 125 1915 51
147 1892 209 1923 post
224 1887 339 1922 Augusti
363 1886 582 1914 emendationem
599 1886 749 1914 biscxtilem
772 1885 881 1913 faceret.

130 1934 166 1961 At
179 1934 253 1961 enim
264 1933 474 1961 trecentesimus
496 1932 681 1967 sexagesimus
695 1937 809 1967 quartus
824 1937 884 1967 post

92 1980 170 2006 illum
186 1979 321 2007 bisextilis
344 1984 395 2010 est,
413 1983 461 2006 aut
478 1978 630 2005 deer-nilum
658 1978 684 2004 in
710 1979 884 2006 recensendis

92 2033 167 2053 coss.
183 2025 279 2052 vitium
296 2025 450 2059 irrepsisse.
473 2024 536 2051 llaec
553 2025 625 2051 enim
644 2025 787 2051 Annalium
801 2025 883 2052 verba

93 2076 167 2098 sunt.
191 2071 244 2099 Sed
263 2076 289 2098 et
303 2072 368 2098 illud
391 2079 444 2098 non
465 2071 556 2098 minus
577 2070 686 2104 falsum,
702 2079 803 2098 annum
824 2079 884 2099 term

93 2118 260 2145 Christianae
292 2118 358 2148 561,
387 2121 448 2152 post
474 2117 616 2144 Lentulum
644 2123 671 2145 ct
698 2117 882 2144 Marcellinum

93 2170 168 2190 COSS.
193 2170 254 2190 esse
276 2163 496 2190 trecentesimum
521 2163 721 2198 sexagesimum
744 2167 882 2197 quartum,

94 2215 157 2234 cum
178 2214 239 2234 vere
260 2207 296 2235 sit
309 2207 343 2234 ab
360 2207 468 2233 illorum
492 2207 634 2234 consulatu
653 2207 705 2234 566
720 2216 727 2240 ;
743 2208 882 2235 sciendum

940 287 976 313 ab
1000 286 1096 314 invitis
1120 291 1271 322 extorquet.
1286 287 1364 315 ‘Nam
1381 289 1403 315 si
1420 289 1471 315 hoc
1491 297 1574 321 anno,
1598 298 1652 325 quo
1672 292 1731 319 hac
1768 291 1771 294 ’

939 332 1095 365 scribimus,
1122 333 1167 368 qui
1192 338 1234 360 est
1260 341 1321 361 atrae
1349 334 1522 370 Dionysianaa
1547 335 1613 363 1621
1637 337 1729 372 cyclus

939 378 1020 412 vulgo
1038 383 1209 412 numeratur,
1247 379 1312 406 solis
1324 380 1353 418 6,
1377 380 1446 407 lume
1461 382 1487 413 7,
1519 381 1611 409 indict.
1628 382 1655 415 4,
1684 391 1730 409 ne—

939 431 1016 451 cesse
1038 428 1080 451 est
1106 429 1135 451 ut
1156 432 1245 452 annus
1270 432 1330 452 mra:
1348 425 1450 459 primus
1477 426 1570 461 cyclos
1594 427 1729 459 habuerit,

939 469 1005 496 solis
1022 468 1066 502 10,
1085 469 1157 497 lume
1169 470 1197 501 ἓ,
1215 470 1307 497 indict.
1324 470 1358 503 4;
1374 470 1475 498 Natalis
1490 479 1553 498 vero
1567 472 1667 499 Christi
1683 481 1730 500 sn-

939 515 972 541 lis
985 514 1012 547 9,
1029 515 1100 542 lunae
1116 515 1127 541 1
1142 535 1148 546 ,
1176 516 1270 542 indict.
1288 524 1302 543 a
1321 515 1381 543 Kal.
1399 516 1459 543 Jan.
1483 517 1509 544 5.
1548 517 1605 545 Non
1642 523 1731 554 potest

908 587 912 594 ι
938 564 1028 586 autem
1047 561 1143 595 triplex
1160 561 1205 587 hic
1218 566 1372 596 postremus
1388 562 1530 589 character
1543 563 1631 595 alteri,
1647 572 1728 599 quam

938 605 973 633 45
995 604 1104 633 Juliano
1130 607 1224 637 trilmi,
1256 607 1363 643 Olymp.
1386 609 1437 635 194
1473 616 1545 635 anno
1563 609 1579 636 4i
1603 609 1727 638 labente:

940 651 1015 679 urbis
1032 651 1124 679 Roma!
1141 661 1156 680 a
1174 652 1306 680 Palilibus
1321 653 1498 682 Varronianis
1514 654 1565 682 75.")
1580 665 1585 681 :
1604 655 1628 682 id
1645 657 1728 690 quod,

938 696 960 723 si
977 702 1049 724 recte
1071 699 1211 732 superiora
1231 700 1317 733 posita
1335 704 1409 731 sunt,
1426 701 1579 727 necessario
1595 703 1727 736 Sequitur.

937 739 1120 770 Praetermitto
1144 744 1241 771 sizleris
1264 744 1408 779 utriusque
1423 744 1592 774 defectiones
1611 755 1642 774 ac
1667 747 1726 774 reli-

937 795 1007 822 quos
1023 796 1157 816 annorum
1174 790 1346 818 characteres
1361 799 1393 818 ac
1421 796 1498 819 notas
1514 801 1520 819 :
1537 793 1638 827 quibus
1652 794 1722 820 velut

938 833 1102 862 ﬁrmissimis
1128 835 1263 870 prasidiis
1281 841 1433 871 temporum
1457 837 1514 865 haec
1530 838 1652 866 doctrina
1669 847 1732 866 mu-

938 879 1079 907 nitur:de
1102 881 1203 915 quibus
1226 881 1348 916 plerique
1388 883 1440 910 hac
1465 888 1625 918 tempestate
1650 885 1731 912 docte

938 930 1070 961 acuteque
1085 926 1265 961 scripserunt.

975 971 1014 998 Ac
1036 971 1069 998 de
1086 972 1171 1006 cyclis
1196 977 1223 999 et
1248 972 1274 999 id
1299 980 1384 1008 genus
1401 973 1462 1001 aliis
1487 975 1654 1002 mentionem
1678 976 1728 1003 hoc

939 1016 999 1043 loco
1015 1025 1049 1044 ne
1064 1018 1155 1045 littera
1170 1018 1280 1053 quidem
1297 1019 1457 1053 attigiSscm,
1481 1019 1532 1047 nisi
1554 1028 1569 1047 a
1591 1022 1730 1049 nonnullis

939 1066 1025 1089 totum
1042 1062 1094 1090 hoc
1115 1063 1252 1097 negotium
1280 1064 1428 1098 improbari
1445 1072 1596 1097 cerneretur,
1613 1072 1645 1092 ac
1671 1070 1729 1093 tan-

937 1115 1020 1142 quam
1040 1109 1120 1135 inane
1150 1113 1232 1142 atque
1252 1109 1370 1135 otiosum
1387 1109 1479 1135 rideri.
1498 1108 1556 1136 Vidi
1573 1118 1622 1145 ego
1642 1118 1729 1144 nuper

937 1155 982 1190 qui
1001 1155 1066 1182 huic
1090 1155 1218 1181 methodo
1235 1155 1340 1188 pondus
1365 1162 1397 1182 ac
1423 1155 1501 1182 fidem
1521 1156 1555 1183 iis
1577 1157 1728 1184 rationibus

937 1201 1103 1228 detraheret.
1126 1200 1247 1227 Primum
1264 1200 1401 1236 cyclorum
1416 1201 1546 1228 incertam
1562 1202 1652 1230 aiebat
1667 1210 1728 1230 esse

936 1247 1155 1281 dispositionem,
1179 1254 1266 1280 neque
1286 1253 1449 1281 quemquam
1466 1255 1548 1274 unutn
1563 1256 1624 1275 cum
1642 1249 1728 1275 altero

936 1293 1103 1320 convenire:
1122 1294 1194 1328 quod
1219 1292 1265 1319 alii
1288 1293 1341 1320 alio
1369 1293 1436 1320 Solis
1452 1301 1484 1320 ac
1506 1294 1576 1321 lunze
1590 1295 1666 1329 cyclo
1684 1295 1726 1322 fa—

937 1339 1068 1366 bricatum
1085 1339 1169 1365 velint
1189 1339 1359 1366 universum.
1377 1338 1429 1366 Sed
1444 1339 1506 1366 huic
1519 1339 1598 1367 facile
1614 1348 1629 1367 a
1644 1342 1724 1368 nobis

937 1384 1103 1411 occurritur.
1120 1383 1205 1410 Nemo
1221 1388 1263 1411 est
1277 1384 1349 1410 enim
1371 1384 1417 1418 qui
1433 1384 1542 1419 quidem
1558 1386 1613 1412 duo
1627 1393 1658 1412 ac
1675 1387 1727 1414 tria

937 1437 1079 1456 numerare
1103 1429 1205 1463 possit,
1231 1429 1278 1464 qui
1316 1429 1342 1456 in
1372 1429 1538 1465 Dionysiana
1564 1431 1726 1466 vulgarique

936 1474 1023 1502 forma
1038 1475 1129 1510 cyclos
1144 1475 1222 1502 aliter
1242 1479 1381 1509 computet
1394 1483 1475 1510 quam
1499 1476 1589 1510 quivis
1606 1485 1621 1503 e
1633 1477 1723 1511 vulgo.

935 1521 1028 1549 Potest
1042 1521 1152 1555 quidem
1176 1521 1203 1547 in
1230 1528 1376 1552 annorum,
1403 1522 1449 1556 qui
1474 1522 1509 1548 ab
1533 1522 1599 1555 orbe
1616 1524 1726 1551 condito

935 1567 1049 1598 ﬂuxere,
1067 1574 1183 1594 numero
1198 1567 1266 1593 alter
1283 1567 1317 1593 ab
1331 1567 1416 1594 altero
1431 1567 1586 1595 dissentire.
1612 1568 1663 1595 Sed
1679 1570 1725 1604 qui

934 1615 969 1640 de
983 1614 1062 1640 annis
1077 1613 1148 1640 inter
1161 1620 1189 1639 se
1210 1613 1397 1643 convenerint,
1418 1612 1445 1639 in
1461 1613 1557 1648 cyclis,
1573 1613 1623 1641 nisi
1641 1622 1726 1648 pecu--

935 1657 983 1685 des
1013 1658 1085 1689 sint,
1119 1657 1285 1684 conveniant
1318 1664 1429 1684 necesse
1457 1661 1510 1684 est.
1545 1656 1632 1685 liabet
1661 1667 1726 1686 vero

935 1711 1063 1738 magnum
1083 1711 1114 1730 ea
1132 1710 1175 1729 res
1190 1702 1224 1729 ad
1240 1710 1325 1728 annos
1340 1701 1504 1729 evolvendns
1521 1710 1600 1729 usum
1621 1708 1647 1729 et
1676 1711 1728 1737 op-

935 1749 1126 1783 portunitatem
1143 1758 1149 1775 :
1168 1753 1196 1774 ut
1220 1756 1235 1775 a
1251 1747 1337 1782 teipso
1357 1755 1411 1774 non
1435 1747 1580 1780 dissideas,
1597 1753 1624 1775 ul
1639 1757 1729 1775 anno-

935 1802 995 1821 rum
1014 1795 1172 1826 varietates,
1194 1802 1258 1828 qua:
1275 1797 1339 1821 sunt
1353 1801 1401 1828 pro
1414 1793 1555 1826 nationum
1570 1794 1727 1829 diversitate

935 1839 1109 1873 multiplices,
1133 1844 1234 1867 certam
1264 1839 1297 1866 ad
1323 1839 1443 1873 regulam
1463 1847 1642 1874 normamque
1663 1841 1729 1867 diri».

935 1893 993 1920 gas,
1021 1891 1049 1913 tit
1068 1886 1102 1912 ab
1126 1885 1317 1913 astronomicis
1333 1885 1569 1913 observationibus
1584 1887 1610 1913 in
1634 1895 1729 1921 porse-

935 1930 1044 1964 qnenda
1074 1935 1226 1965 temporum
1259 1930 1442 1964 descriptione
1477 1939 1530 1958 non
1565 1932 1726 1959 abhorreas.

937 1975 1040 2002 Etenim
1067 1976 1089 2003 si
1120 1976 1184 2002 anni
1209 1975 1310 2002 Juliani
1332 1975 1430 2007 forma,
1455 1984 1516 2010 qua:
1538 1981 1599 2011 post
1621 1977 1726 2012 aliquot

936 2028 1071 2047 annorum
1097 2021 1182 2047 millia
1203 2026 1310 2055 recepta
1336 2021 1397 2051 fuit,
1413 2026 1523 2056 propter
1545 2024 1726 2051 commodita—

935 2071 990 2093 tem
1018 2067 1052 2094 ab
1081 2067 1207 2094 omnibus
1231 2067 1310 2094 hodie
1337 2068 1510 2103 chronologis
1536 2069 1569 2095 ad
1588 2070 1725 2097 anteriora

935 2113 1017 2139 etiam
1037 2117 1159 2146 tempora
1180 2117 1334 2143 revocatur,
1363 2113 1396 2138 al
1427 2121 1543 2147 eamque
1569 2113 1726 2141 referuntur

934 2158 996 2191 jure
1011 2163 1124 2187 cratera;
1139 2165 1188 2184 cur
1206 2165 1259 2184 non
1281 2158 1307 2184 in
1328 2157 1411 2193 cyclis
1429 2165 1560 2192 usurpare
1573 2159 1642 2186 idem
1659 2161 1725 2186 lice-

936 2203 996 2230 bit?
1017 2203 1154 2236 Qtneritur
1169 2211 1222 2238 quo
1243 2211 1316 2230 anno
1334 2204 1421 2238 Cyrus
1439 2205 1464 2230 in
1482 2203 1593 2231 Perside
1611 2213 1724 2239 regnare

94 2253 167 2280 enim
184 2257 225 2280 est
238 2252 293 2280 duo
303 2253 329 2279 in
343 2253 489 2279 Annalibus
502 2253 578 2287 paria
589 2253 735 2280 consulum
748 2258 883 2288 exempta,
901 2260 921 2287 D
937 2249 1059 2283 cmperit.
1073 2249 1196 2276 Audiesa
1206 2249 1379 2283 cbronologis
1390 2257 1463 2276 anno
1472 2249 1559 2284 primo
1573 2249 1679 2286 Olymp.
1690 2252 1725 2278 55

93 2300 195 2334 quibus
221 2307 254 2326 ex
279 2299 376 2327 ordine
396 2299 522 2330 sublatis,
553 2298 708 2325 Christiana
735 2307 799 2332 aera,
822 2307 884 2334 qua:

94 2344 205 2372 biennio
229 2344 360 2371 hactenus
385 2343 534 2378 anticipata
561 2343 659 2375 fuerat,
689 2352 750 2370 cum
780 2344 884 2378 vulgari

95 2391 205 2417 demum
226 2390 253 2416 in
268 2390 441 2417 concordiam
461 2389 539 2425 rediit
555 2399 562 2416 ι
578 2389 650 2423 quod
674 2388 743 2415 idem
765 2389 791 2415 in
809 2388 884 2416 Onu-

96 2436 191 2464 frianis
213 2435 312 2468 Fastis,
336 2435 392 2470 pari
419 2442 490 2462 coss.
515 2443 569 2462 uno
587 2442 745 2469 suppresso,
761 2435 882 2471 contigit,

95 2485 127 2512 de
142 2492 196 2518 qua
210 2490 239 2510 re
255 2482 434 2517 opportunius
451 2481 515 2508 alibi
537 2480 654 2508 dicetur.

129 2529 189 2556 lam
216 2537 291 2560 vero,
315 2529 388 2563 quod
414 2534 468 2555 :cra
494 2527 540 2554 illa
570 2527 734 2558 communis,
758 2534 839 2562 quam
867 2535 881 2554 a

95 2575 196 2603 Christi
210 2575 297 2602 Natali
314 2574 473 2609 repetinms,
486 2574 612 2602 eumdem
628 2573 750 2601 Natalem
764 2574 789 2600 in
803 2574 882 2601 linem

95 2620 194 2647 Juliani
213 2620 249 2647 45
262 2620 400 2655 conjiciat,
415 2628 448 2647 ex
463 2619 608 2654 disputatis
632 2620 763 2647 hactenus
778 2619 815 2646 ita
829 2619 884 2646 col-

96 2665 353 2701 ligiturzAugustus
378 2665 525 2700 imperator
540 2665 658 2692 excessit
679 2672 750 2691 anno
775 2664 883 2691 Juliano

97 2711 140 2738 59.
161 2711 208 2739 Est
230 2716 320 2739 autem
346 2719 370 2739 is
385 2719 446 2738 {erat
472 2711 644 2746 Dionysiana:
659 2710 701 2742 14,
721 2715 749 2737 ut
762 2715 823 2737 ante
838 2710 884 2737 de-

96 2762 276 2785 monstratum
293 2763 344 2786 est.
367 2757 451 2793 Igitur
467 2765 528 2784 atrae
543 2757 625 2790 hujus
642 2756 749 2784 initium
762 2763 793 2783 cx
811 2763 835 2783 a.
855 2756 881 2783 d.

97 2802 154 2831 Kal.
169 2802 233 2830 Jan.
249 2803 346 2838 incipit
370 2804 433 2830 anni
456 2803 556 2830 Joliani
577 2802 621 2834 46,
636 2803 757 2837 adeoque
780 2801 883 2830 Natalis

95 2848 195 2876 Christi
223 2847 401 2877 Dionvsiauus
422 2856 483 2876 cmn
504 2855 575 2875 anno
598 2847 707 2875 Juliano
721 2847 756 2874 45
767 2853 883 2874 exeunte

94 2896 229 2927 congruit.
253 2895 407 2928 Quinetiam
421 2895 556 2931 cyclorum
585 2894 740 2929 pervulgata
759 2898 880 2928 recepta-

938 2295 1079 2329 impcrium
1097 2296 1210 2330 cepisse.
1232 2295 1284 2322 Sed
1302 2303 1364 2322 cum
1379 2295 1551 2331 Olympiades
1575 2298 1609 2323 ab
1630 2298 1725 2324 testim

935 2340 1052 2368 solstitio
1072 2340 1173 2373 ineant,
1190 2346 1282 2367 ulrnnt
1305 2341 1338 2368 de
1358 2342 1494 2375 prioribus
1511 2350 1536 2368 vt
1561 2343 1625 2370 anni
1652 2344 1725 2372 illius

935 2386 1086 2418 mensibus,
1105 2394 1138 2412 an
1159 2386 1192 2412 de
1211 2386 1409 2420 posterioribus
1436 2387 1592 2422 loquantur,
1617 2389 1668 2417 hoc
1683 2395 1724 2418 est

934 2433 967 2460 de
983 2440 1054 2460 anno
1069 2433 1171 2467 periodi
1191 2432 1306 2460 Jnliana:
1319 2433 1399 2466 4151,
1415 2442 1449 2461 an
1471 2435 1552 2468 “55,
1569 2436 1655 2464 nihilo
1668 2444 1725 2464 ma-

934 2480 975 2514 gis
1003 2487 1143 2515 agnosces.
1181 2479 1283 2513 Quodsi
1301 2481 1488 2515 chronologus
1510 2481 1566 2513 ille,
1599 2483 1725 2518 quisquis

934 2530 985 2558 cst,
996 2526 1087 2561 cyclos
1102 2526 1248 2557 addiderit,
1264 2526 1355 2553 statim
1369 2531 1431 2554 utro
1446 2535 1518 2555 anno
1534 2527 1636 2557 factum
1651 2529 1726 2556 dixe-

934 2571 969 2598 rit
983 2571 1138 2598 nccessario
1156 2571 1326 2599 docebimur.

968 2616 1004 2644 At
1016 2617 1088 2644 enim
1105 2617 1132 2644 in
1148 2625 1222 2645 anno
1236 2617 1328 2651 aliquo
1345 2617 1462 2652 primum
1478 2618 1545 2653 cyt-li
1559 2618 1639 2646 deﬁxi
1661 2625 1725 2646 esse

933 2663 1043 2695 debent,
1068 2670 1124 2697 quo
1135 2671 1168 2690 ex
1184 2671 1257 2691 anno
1274 2663 1441 2699 reliquorum
1454 2665 1522 2700 cycli
1536 2665 1680 2699 pendeant.
1695 2663 1721 2692 Is

933 2713 1024 2736 autem
1053 2716 1142 2743 neque
1164 2716 1197 2736 ex
1217 2709 1369 2744 Scriptura,
1394 2718 1482 2745 neque
1499 2710 1608 2737 aliunde
1632 2714 1721 2744 potest

933 2754 1034 2789 colligi.
1050 2753 1125 2781 ltane
1145 2754 1230 2781 vero?
1244 2753 1282 2782 De
1297 2755 1380 2790 cyclis
1393 2755 1464 2782 inter
1481 2755 1653 2782 Christianos
1669 2755 1720 2782 ho-

933 2801 977 2829 die
994 2808 1048 2828 non
1062 2801 1200 2833 convenit,
1213 2801 1260 2835 qui
1276 2801 1386 2835 quidem
1403 2808 1576 2829 communem
1597 2802 1719 2828 matricis

934 2847 1079 2878 Ecclesia,
1097 2847 1149 2875 hoc
1164 2852 1206 2875 est
1231 2847 1371 2880 Romanae,
1397 2855 1477 2876 usum
1500 2847 1636 2874 retinent?
1659 2847 1719 2874 Non

933 2901 1027 2921 omnes
1042 2900 1143 2920 annum
1158 2893 1260 2920 Christi
1278 2892 1400 2920 Natalem
1428 2893 1456 2920 in
1476 2894 1581 2929 cyclum
1604 2894 1670 2922 solis
1689 2895 1717 2922 9.
