1935 3044
203 163 256 192 905

767 161 938 191 APPENDlX
961 160 1275 190 DISSERTATIONUM.

1780 161 1844 190 908

205 225 275 254 lunae
293 224 304 251 Ι
321 222 487 251 conferunt?
512 223 578 256 Quis
593 227 651 254 cst,
677 223 724 258 qui
750 224 772 250 si
796 224 865 251 alios
891 223 918 250 in
941 223 993 249 ista
1008 225 1029 250 Α
1044 229 1126 252 anno,
1140 222 1274 256 quibusve
1285 225 1443 250 cossmatus
1453 219 1630 251 sitChristus,
1642 221 1840 254 exposuimus.

202 269 328 296 methodo
345 269 436 304 cyclos
454 268 588 300 statuerit,
613 276 667 295 non
686 269 728 296 vel
750 268 783 295 ab
807 268 931 303 logistlca
947 276 989 295 re-

203 313 330 341 fellatur?
345 313 482 340 Habemus
498 313 579 347 igitur
595 313 622 339 in
641 321 694 340 tera
716 312 885 348 Dionysiana
903 317 990 340 statos

202 364 229 386 et
245 358 315 386 ﬁxos
338 366 471 385 annorum
492 360 603 393 cyclos.
626 366 641 385 a
666 359 765 392 quibus
783 363 837 384 tam
854 358 887 384 ad
911 365 991 392 supe-

203 406 287 437 riora,
303 412 384 439 quatn
400 404 432 431 ad
448 404 577 432 inferiora
596 411 717 439 tempora
733 404 858 439 progredi
882 404 908 430 in
928 404 990 430 inﬁ-

204 452 290 478 nitum
313 451 393 484 licet;
418 458 506 486 neque
525 459 637 479 necesse
657 456 699 479 est
720 452 746 478 id
763 459 797 479 ex
817 452 900 479 ullius
915 452 992 479 testi-

205 496 295 523 monio
318 496 480 530 scriptoris,
504 498 545 524 vel
566 497 659 532 eclipsi
685 505 718 524 ex
740 498 831 532 aliqtta
854 502 990 530 constare,

204 549 264 568 eum
279 549 418 568 consensu
439 542 560 568 omnium
574 542 695 569 stabilita
711 542 747 569 sit
765 543 817 569 ista
835 542 990 574 methodus,

203 591 229 613 et
241 586 267 612 in
281 594 360 613 usum
375 586 500 614 deducta.
514 586 656 614 Postremo
671 587 736 614 illud
749 587 905 622 opponitur,
918 587 993 622 quod

204 632 237 658 ad
263 632 399 666 cyclorum
411 639 444 658 ac
458 632 607 660 caelestium
619 634 740 660 omnium
754 633 924 667 φαινομένων
939 633 994 660 ele-

204 677 318 703 vaudam
327 677 403 703 [idem
414 679 539 711 pertinet.
551 677 616 704 Nam
627 686 688 705 cum
699 679 810 713 eclipsin
820 678 994 713 aliquamTa-

204 722 274 748 citus
287 727 352 755 puta
379 723 419 748 vel
432 722 481 749 Dio
493 727 567 750 certo
577 731 649 749 anno
661 724 807 758 contigisse
816 729 936 756 narrant,
946 724 994 750 h0-

205 775 265 793 rum
286 767 448 801 scriptorum
474 768 658 795 testimonium
679 768 758 795 [idem
779 776 832 795 non
858 768 922 795 facit
941 769 994 795 lut-
1009 783 1016 797 -,

205 819 284 838 mana
300 813 438 846 majorem.
448 813 537 845 Quare
546 813 618 847 quod
631 813 748 840 indidem
760 813 876 845 elicitur,
891 819 994 840 tantam

206 857 286 883 habet
294 857 598 892 certitmlinetn,quauta
612 858 734 885 historici
747 859 820 885 illius
828 867 887 886 esse
896 864 993 894 potest,

1042 267 1099 294 lloc
1108 267 1190 301 igitur
1197 267 1354 302 quicunque
1365 273 1438 294 certa
1451 266 1558 293 ratione
1571 265 1733 299 investigare
1741 266 1843 293 conati

1043 316 1125 343 sunt,
1153 312 1215 339 licet.
1237 320 1291 339 non
1319 313 1412 339 eadem
1439 311 1507 338 inter
1533 318 1563 338 se
1589 310 1746 342 senserint;
1777 317 1843 337 uno

1044 362 1135 384 tamen
1161 357 1310 391 eodemque
1324 356 1404 383 Luca:
1425 355 1580 383 testimonio
1603 354 1680 387 freti,
1708 354 1844 382 diversas

1044 402 1071 429 itt
1087 407 1178 437 partes
1194 402 1330 429 abierunt.
1346 400 1499 436 Scripserat
1513 401 1692 435 evangelista,
1709 400 1842 434 baptiza—

1045 452 1102 475 tum
1128 455 1188 476 esse
1211 448 1355 476 Dominum
1382 454 1455 474 anno
1475 447 1508 474 £5
1536 446 1655 476 Tiberii,
1684 454 1743 472 cum
1767 450 1843 472 esset

1044 494 1121 528 quasi
1144 501 1274 519 annorum
1303 494 1422 527 triginta.
1450 492 1506 518 Kal.
1526 491 1607 522 αὐτὸς
1630 489 1664 525 ἧν
1687 492 1701 517 ό
1729 489 1844 524 Ἰησοῦς

1043 537 1109 564 ὡσεὶ
1118 538 1186 564 ὲτῶν
1193 538 1339 573 τριάκοντα
1348 537 1507 573 ἀρχόμενος,
1518 536 1566 569 ὢν,
1574 537 1611 568 ὡς
1620 535 1770 571 ἐνομίζετο,
1781 540 1841 562 etc.

1045 583 1113 616 Quae
1128 584 1209 611 verba
1223 591 1307 610 unum
1326 583 1397 610 istud
1418 583 1583 618 significant,
1602 589 1656 609 non
1680 581 1801 608 multum
1823 588 1842 607 a

1045 629 1187 656 tricesimo
1210 636 1282 656 anno
1298 629 1386 656 astatis
1411 627 1546 660 abfuisse;
1571 627 1618 654 sed
1643 632 1734 654 utrum
1753 627 1843 654 trice-

1046 674 1115 701 simo
1147 674 1272 702 absoluto
1292 679 1319 701 et
1341 674 1425 701 altero
1448 682 1480 701 ac
1494 674 1631 701 tricesimo
1650 673 1781 704 ineunte,
1803 679 1840 698 an

1046 724 1107 753 post
1119 719 1164 750 29,
1178 719 1288 746 itteunte
1302 720 1336 747 50
1351 720 1378 747 id
1402 720 1542 751 acciderit,
1566 719 1667 746 diserte
1677 726 1731 745 non
1749 717 1842 752 expli-

1047 769 1119 791 cant.
1137 764 1193 792 ltno
1207 773 1271 792 vero
1291 766 1353 792 licet
1367 765 1466 799 aliquis
1483 765 1622 792 Christum
1636 772 1709 791 anno
1723 763 1770 794 ‘28,
1794 763 1841 790 vel

1047 811 1092 843 35,
1119 811 1285 845 baptizatum
1300 819 1360 839 esse
1379 811 1469 843 dicat,
1493 820 1545 839 non
1561 816 1649 838 tamen
1673 811 1841 845 evangelica!

1048 857 1200 883 auctoritati
1214 857 1384 891 tucojudicio
1396 862 1536 892 repugnet,
1547 857 1580 884 de
1593 865 1646 891 quo
1661 856 1839 890 postmodum

205 903 251 936 qui
269 903 293 928 id
310 902 436 930 aﬂirmat.
449 904 606 930 auctoritas.
621 903 656 930 Ex
670 904 832 939 quibusnon
846 904 987 931 mediocri-
1002 899 1024 926 Β
1038 901 1180 928 videbitur.
1199 901 1251 929 Sed
1265 903 1310 937 qui
1325 902 1404 929 Luca:
1414 903 1509 929 verba‘
1524 902 1724 936 angustioribus
1739 901 1841 935 spatiis

205 953 247 974 ter
264 949 390 974 aberrare
413 948 553 975 contendit
579 955 627 975 eos
650 956 756 980 omnes,
782 950 828 983 qui
843 956 877 976 ex
895 949 990 976 istius-

207 992 278 1018 modi
296 992 377 1020 rebus
390 992 638 1020 demoustrationes
654 993 827 1028 pollicentur,
844 998 871 1020 et
885 993 918 1020 de
932 994 992 1021 die-

206 1036 258 1063 bus
271 1042 352 1071 atque
368 1037 443 1065 horis
457 1045 522 1065 sane
537 1038 650 1065 lidenter
661 1039 849 1073 pronuntiant,
862 1043 992 1074 tanquam

206 1090 294 1118 nuper
307 1091 340 1111 ex
354 1084 466 1111 deorum
492 1084 621 1115 concilio.
649 1089 696 1111 aut
713 1084 905 1112 intermundiis
928 1085 993 1119 Epi-

206 1128 264 1154 curi
279 1128 477 1156 descenderint.
496 1129 532 1156 Ita
549 1129 622 1156 enim
636 1129 724 1164 jocari
742 1130 839 1163 voluit,
853 1130 926 1165 quod
942 1137 992 1157 lle-

206 1179 283 1200 cesse
302 1181 355 1201 non
371 1173 432 1200 fuit.
450 1174 551 1201 Verum
565 1175 631 1209 quid
645 1175 712 1203 illud
727 1178 778 1207 est,
797 1183 903 1210 qttmso,
920 1175 994 1210 quod

210 1218 272 1247 istic
287 1219 388 1246 audio?
402 1219 463 1247 Non
481 1220 581 1247 habent
595 1222 849 1249 mathematicorum
865 1222 995 1249 observa-

207 1264 296 1291 tiones
322 1265 454 1299 majorem
488 1265 607 1292 humana
644 1266 741 1294 ﬁdem?
773 1267 909 1294 Acciderit
937 1267 995 1295 haec

207 1309 316 1343 eclipsis
333 1309 383 1337 hoc
399 1310 441 1336 vel
455 1309 500 1337 illo
515 1310 686 1345 imperatoris
700 1319 783 1342 anno,
801 1311 923 1340 historia!
943 1311 995 1340 ﬁde

208 1354 314 1386 nititur,
330 1362 392 1388 qua:
407 1354 515 1382 tametsi
539 1355 659 1383 humana
683 1357 730 1390 sit,
754 1357 789 1384 ab
801 1364 833 1384 ea
847 1362 936 1384 tamen
952 1365 995 1385 re-

208 1400 305 1427 cedere
328 1400 374 1427 vix
399 1400 535 1428 interdum
561 1409 622 1428 esse
643 1402 767 1429 videatur
790 1402 920 1432 hominis.
942 1403 994 1431 Sed

209 1453 271 1471 cum
284 1445 317 1472 ad
333 1445 456 1473 Julianos
471 1447 622 1479 praesertim
640 1454 738 1479 annos,
751 1455 821 1482 quos
835 1455 932 1475 omnes
942 1448 994 1475 sibi

208 1490 370 1525 cltronologi
393 1491 546 1525 praeﬁgunt,
576 1491 692 1518 deducta
720 1499 763 1519 res
794 1492 887 1524 fuerit,
912 1497 995 1527 quoto

209 1542 282 1563 anno
296 1535 405 1571 eclipsis
424 1536 468 1563 illa
482 1537 638 1571 contigerit,
651 1544 705 1564 non
721 1537 840 1565 humana
856 1531 922 1573 jam.
930 1538 991 1570 ﬁde,

211 1582 262 1608 hoc
275 1585 317 1609 est
331 1582 388 1609 sola
411 1582 556 1616 scriptoris
574 1582 753 1615 auctoritate,
775 1583 821 1610 sed
839 1583 993 1611 certissima

209 1626 441 1655 demonstratione
458 1632 575 1660 constat,
593 1628 627 1655 de
641 1635 697 1662 qua
711 1628 762 1656 nisi
784 1629 859 1664 prius
880 1629 994 1664 imperi-

210 1671 247 1698 tia
265 1671 437 1704 numerandi,
455 1672 496 1699 vel
512 1672 666 1699 tabularum
682 1672 748 1699 vitio
770 1673 864 1708 lapsus
880 1673 932 1704 sit,
945 1673 996 1700 du-

211 1718 296 1745 bitare
311 1725 390 1745 nemo
408 1717 520 1752 poterit.
538 1716 608 1745 Ecce
623 1717 672 1744 tibi
685 1718 713 1744 in
730 1718 792 1750 hoc,
807 1718 880 1753 quod
897 1722 995 1745 tracta-

210 1771 280 1796 mus,
296 1759 467 1798 argumento,
485 1769 587 1798 quanta
612 1764 647 1791 sit
670 1764 785 1791 istorum
805 1763 994 1790 characterum

209 1808 312 1835 utilitas
333 1813 408 1842 potes
424 1808 649 1836 animadvrrtere.
671 1808 748 1842 Quod
766 1809 847 1844 paulo
863 1813 924 1844 post
937 1808 994 1835 Au-

210 1855 281 1888 gusti
297 1859 410 1881 mortem
436 1854 499 1881 luna
522 1854 662 1885 defecerit.
679 1855 729 1882 etsi
744 1862 777 1882 ex
802 1855 994 1883 historicorum

211 1899 399 1926 testificatione
413 1899 562 1931 credimus,
578 1905 663 1926 estea
680 1905 769 1927 tamen
790 1904 919 1928 constans
933 1900 994 1934 opi-

211 1944 266 1976 nio,
285 1945 318 1971 de
337 1944 416 1978 cujus
430 1944 546 1971 veritate
563 1953 596 1971 ne
620 1945 756 1971 levissitne
767 1945 876 1978 quideut
891 1945 996 1972 dubita-

211 1994 263 2016 tur.
289 1989 347 2016 .Iam
372 1994 472 2024 quotus
497 1990 541 2016 hic
573 1998 661 2017 anuus
690 1991 724 2017 sit
747 1998 808 2017 mra:
833 1989 995 2018 Christiana:

210 2035 350 2069 quaeritur.
375 2035 427 2068 Qui
453 2035 592 2070 cyclorum
615 2041 640 2062 et
669 2036 806 2070 eclipseon
834 2037 992 2063 methodum

209 2081 349 2112 damnant,
359 2088 431 2107 anno
453 2080 618 2116 Dionysiauo
643 2080 676 2107 16
697 2081 813 2108 tribuere
830 2081 926 2108 solent.
944 2081 993 2108 At-

208 2126 254 2160 qui
273 2126 294 2152 is
310 2129 351 2152 cst
365 2134 421 2157 xw,
443 2133 493 2153 nec
509 2126 564 2153 ulla
580 2134 699 2161 unquam
714 2128 883 2154 astronomia
908 2128 992 2155 alium

199 2173 272 2199 .liuic
284 2172 387 2206 eclipsi,
403 2180 463 2206 qua:
479 2173 571 2207 paucis
597 2177 657 2207 post
670 2171 785 2207 Augusti
807 2178 920 2200 mortem
936 2174 993 2201 die-

1042 946 1325 982 eircumscripserunl,
1353 948 1400 975 alii
1430 956 1483 974 nx
1504 951 1570 974 tunc
1598 955 1685 974 annos
1713 946 1840 981 expletos

1042 990 1191 1023 fuisse,alii
1205 999 1269 1018 xux
1282 991 1414 1018 duntaxat
1428 992 1531 1026 opinati
1543 995 1618 1018 sunt.
1639 990 1754 1026 Utrique
1770 998 1839 1018 vero

1042 1035 1208 1070 baptizatum
1219 1035 1313 1062 volunt
1325 1035 1464 1063 Christum
1481 1035 1603 1063 Geminis
1620 1035 1727 1063 duobus
1743 1043 1833 1067 coss.,

1043 1088 1116 1108 anno
1132 1080 1242 1108 Iuliano
1255 1081 1300 1113 τι,
1315 1082 1388 1116 quod
1407 1082 1434 1109 in
1456 1090 1518 1110 eum
1537 1083 1642 1110 incidat
1662 1081 1764 1109 Tiberii
1784 1090 1835 1109 an-

1049 1133 1103 1153 uus
1119 1126 1153 1153 15
1167 1127 1308 1161 superiore
1329 1134 1402 1155 anno
1419 1136 1451 1155 ex
1473 1135 1498 1154 a.
1523 1128 1550 1155 d.
1569 1136 1614 1155 xtv
1637 1127 1695 1155 Kal.
1711 1128 1774 1162 Sep.
1797 1127 1841 1154 iu—

1048 1172 1173 1199 clxoatus.
1193 1171 1268 1200 Unde
1282 1180 1344 1200 cum
1361 1173 1387 1200 in
1411 1173 1537 1208 baptismi
1560 1181 1633 1201 anno
1657 1173 1834 1204 conveniant,

1047 1215 1075 1242 in
1090 1215 1180 1243 Natali
1203 1217 1262 1251 ipso
1277 1225 1332 1245 uno
1349 1225 1422 1246 anno
1435 1219 1578 1246 dissident.
1596 1219 1715 1246 Priorem
1731 1219 1765 1246 de
1784 1227 1834 1247 ex-

1048 1261 1124 1296 pleto
1139 1263 1279 1290 tricesimo
1296 1271 1369 1291 auno
1388 1269 1489 1291 sectam
1504 1269 1531 1291 et
1546 1265 1701 1300 opinionem
1717 1265 1835 1292 Annales

1044 1308 1218 1336 ecclesiastici
1241 1313 1407 1344 sequuntur,
1431 1311 1609 1345 eamdemque
1630 1315 1719 1338 tuetur
1749 1318 1829 1338 acer-

1045 1355 1114 1383 rime
1129 1354 1251 1385 Scaliger
1265 1362 1291 1381 vt
1307 1354 1345 1381 De
1366 1356 1466 1382 emend.
1493 1361 1570 1390 temp.
1593 1355 1645 1384 Sed
1669 1364 1780 1390 magno,
1800 1361 1831 1383 ut

1044 1401 1122 1432 Solet.
1136 1405 1236 1427 conatu
1252 1399 1389 1428 levissime
1403 1401 1510 1436 probat.
1531 1401 1577 1429 Sic
1604 1402 1676 1428 enim
1696 1402 1808 1429 disserit
1825 1422 1832 1429 .

1043 1445 1170 1473 Christus
1185 1445 1318 1473 Dominus
1334 1454 1385 1473 xxx
1399 1454 1487 1474 annos
1501 1447 1655 1474 absolverat
1671 1456 1677 1474 :
1697 1455 1759 1474 nam
1780 1455 1832 1475 xxx

1046 1497 1181 1517 annorum
1200 1490 1224 1518 is
1238 1499 1299 1519 esse
1315 1491 1426 1522 dicitur,
1452 1491 1498 1524 qui
1524 1491 1692 1518 tricesimum
1726 1499 1831 1519 annum

1045 1535 1177 1567 absolvit,
1196 1539 1225 1562 ut
1249 1536 1393 1563 anniculus
1410 1541 1451 1563 est
1467 1535 1489 1563 is
1522 1535 1574 1567 .qui
1608 1536 1661 1563 5ϋὸ
1687 1536 1759 1564 diem
1793 1541 1837 1564 at-

1047 1579 1116 1613 tigit.
1133 1578 1198 1614 Leg.
1214 1580 1312 1607 Anuic.
1334 1580 1371 1607 De
1388 1581 1457 1608 verb.
1472 1589 1541 1616 sign.
1558 1581 1636 1614 Quod
1652 1586 1742 1608 autem
1759 1582 1833 1608 scri-

1046 1625 1101 1659 psit
1116 1624 1215 1659 Lucas,
1233 1626 1300 1653 ὡσεὶ
1314 1627 1462 1663 τριάκοντα
1475 1647 1481 1659 ,
1501 1628 1633 1662 particula
1646 1628 1697 1655 ista
1712 1628 1778 1661 caph
1793 1633 1835 1656 est

1046 1677 1098 1697 non
1112 1670 1289 1707 ἁπορητικόν,
1304 1673 1351 1699 sed
1367 1673 1511 1709 ἀληθινόν;
1530 1678 1558 1700 ιιι
1578 1673 1644 1700 illud
1660 1672 1739 1700 Joan.
1753 1681 1773 1706 ι,
1787 1674 1832 1706 15,

1044 1716 1121 1749 quasi
1145 1715 1279 1752 Unigeniti
1302 1727 1318 1744 a
1337 1718 1429 1746 Patre.
1445 1718 1496 1745 Sed
1519 1723 1591 1750 esto,
1609 1718 1706 1752 inquit,
1727 1719 1832 1755 ἀπορη-

1045 1761 1140 1788 τικόνε
1165 1763 1244 1796 pauci
1267 1763 1348 1797 igitur
1374 1764 1429 1791 dies
1449 1765 1601 1798 complenda
1622 1765 1655 1792 50
1673 1773 1758 1802 tantm
1787 1766 1833 1793 de-

1045 1811 1137 1838 erant;
1163 1813 1228 1840 puta
1250 1815 1302 1840 xx,
1318 1809 1356 1835 vel
1372 1811 1465 1836 mensis
1486 1818 1495 1836 :
1516 1818 1665 1844 quanquam
1681 1819 1711 1838 ne
1735 1812 1830 1839 mensis

1045 1850 1150 1884 quidem
1165 1851 1303 1885 defuturus
1324 1853 1461 1884 videatur,
1476 1855 1499 1880 si
1510 1855 1580 1881 ὡσεὶ
1593 1855 1770 1890 ἀπορητικῶς
1784 1863 1830 1882 ac-

1046 1896 1186 1928 cipiamus.
1210 1895 1262 1923 Sed
1282 1897 1378 1924 "tensis
1402 1898 1579 1929 desideretur,
1597 1903 1643 1925 aut
1664 1900 1716 1926 duo
1733 1908 1830 1928 menses

1046 1948 1116 1967 anno
1145 1942 1276 1968 tricesimo
1306 1942 1477 1973 absolvenda;
1505 1949 1529 1970 et
1551 1944 1607 1970 dies
1631 1945 1756 1979 baptismi
1776 1951 1830 1972 esto

1045 1987 1061 2012 6
1083 1985 1146 2013 Jan.
1177 1986 1246 2021 Ergo
1270 1989 1358 2015 eodem
1382 1997 1450 2015 anno
1474 1990 1553 2023 paulo
1575 1995 1633 2022 post
1661 1990 1828 2025 baptismum,

1044 2035 1109 2065 puta
1130 2031 1285 2065 Februario,
1301 2034 1404 2067 coeperit
1426 2042 1511 2060 annus
1531 2035 1576 2062 5L
1591 2036 1650 2062 lam
1663 2044 1727 2063 vero
1750 2037 1829 2063 Luca:

1044 2079 1125 2105 verba
1147 2079 1258 2113 perinde
1282 2080 1378 2114 accipit
1405 2089 1437 2108 ac
1458 2081 1480 2107 si
1493 2087 1563 2109 esset
1587 2083 1741 2118 scriptum:
1773 2085 1826 2110 Kal.

1045 2124 1126 2155 αὐτὸς
1149 2125 1252 2159 Ἰησοῦς
1271 2126 1370 2160 ἤρχετο
1391 2126 1428 2152 ὢν
1445 2127 1512 2154 ἐτῶν
1530 2128 1686 2163 τριάκοντα,
1704 2129 1776 2161 υἱὸς,
1791 2130 1826 2161 ὡς

1044 2169 1194 2205 ἐνομίζετο.
1213 2170 1264 2198 Sed
1281 2172 1338 2198 [nec
1359 2171 1541 2207 Scaligeriana
1561 2174 1612 2201 loci
1633 2175 1705 2201 illius
1720 2177 1825 2209 exposi~

210 2219 270 2249 lius,
297 2217 448 2252 Septembri
476 2225 569 2245 mense
592 2217 722 2252 contigit,
747 2226 848 2245 annum
872 2219 990 2246 deliniet.
1009 2217 1133 2250 Dli0,ut
1160 2217 1221 2243 hinc
1243 2218 1413 2251 potissimum
1438 2219 1577 2253 exordiar,
1588 2220 1706 2247 absurda
1733 2227 1775 2248 est
1801 2227 1826 2249 et

209 2263 276 2295 Quis
300 2271 354 2290 non
381 2263 462 2297 igitur
479 2270 512 2289 ex
528 2269 560 2289 eo
577 2262 673 2289 conlici
704 2263 858 2290 necessario
876 2264 990 2297 putabit.

208 2309 361 2341 Augustum
385 2314 445 2334 aera).
460 2306 621 2333 Christianae
634 2313 706 2332 anno
722 2306 755 2332 Η
771 2311 906 2333 mortuum
921 2314 992 2337 esse,

209 2360 264 2379 non
288 2353 337 2379 16?
353 2352 434 2380 Vides
455 2352 587 2387 majorem
611 2352 729 2379 humana
746 2352 836 2383 ﬁdem,
855 2359 917 2379 cum
943 2353 993 2378 Int-

210 2406 290 2426 mana
314 2403 403 2425 tamen
424 2398 607 2432 implicatam,
630 2403 657 2424 et
679 2405 828 2424 couuexam
845 2407 851 2423 :
870 2405 931 2431 qua:
952 2403 993 2424 ta-

211 2444 290 2471 metsi
314 2444 448 2476 humanae,
471 2444 523 2471 hoc
544 2448 584 2470 est
603 2444 726 2474 alterius,
742 2450 793 2477 qua
812 2443 868 2470 sola
887 2443 930 2470 isti
951 2445 992 2470 ui-

211 2493 316 2520 tuntur.
333 2492 404 2515 esset
426 2487 535 2519 similis,
561 2495 615 2514 non
631 2487 691 2514 ideo
708 2491 796 2513 tamen
821 2489 992 2522 aspernanda

211 2533 292 2565 foret,
307 2533 379 2568 quod
404 2533 538 2565 humana;
555 2533 602 2560 sed
617 2532 658 2559 vel
673 2540 706 2560 eo
724 2533 834 2560 nomine
853 2541 992 2561 commcn-

209 2579 309 2611 danda,
325 2579 397 2613 quod
410 2578 443 2606 ad
463 2579 610 2606 humanam
636 2578 754 2605 humana
771 2578 837 2606 tidcs
850 2579 990 2613 adjuncta,

209 2629 240 2652 ut
259 2631 312 2651 non
327 2623 446 2651 humana
460 2624 604 2658 majorem,
625 2623 664 2650 ita
683 2623 810 2658 simplici,
826 2631 922 2658 eaque,
938 2632 991 2659 qua

209 2669 333 2697 contenti
351 2669 390 2696 illi
405 2673 487 2701 sunt,
504 2668 648 2696 certiorem
670 2668 857 2696 credulitatem
873 2675 989 2704 pareret.

209 2724 247 2752 De
262 2724 364 2760 uulgari
379 2724 509 2755 methoda,
521 2731 581 2760 qqua
604 2723 705 2760 Christi
715 2725 829 2760 ftataliu
849 2733 933 2752 annus
947 2727 989 2752 in-

314 2760 459 2794 vestigatur
472 2767 481 2785 :
498 2758 543 2785 ubi
559 2764 584 2784 et
597 2759 628 2785 de
641 2767 696 2785 ara
709 2758 883 2794 Dionysiana.

243 2804 330 2832 Nimis
347 2806 429 2832 multa
451 2805 548 2832 fecisse
578 2805 659 2832 verba
681 2805 785 2838 videor,
810 2807 925 2833 necdum
947 2811 985 2834 ta-

209 2856 272 2876 men
288 2851 326 2877 rei
348 2850 433 2884 ipsius
453 2855 533 2885 caput
549 2851 679 2885 attigisse.
702 2849 827 2879 Nondum
841 2852 914 2879 enim
934 2861 988 2887 quo

246 2898 257 2915 ³
268 2898 332 2926 Luc.
350 2907 391 2932 ut,
402 2901 445 2927 25.

1044 2261 1169 2289 barbara.
1197 2262 1264 2295 Quis
1283 2264 1355 2290 enitn
1377 2264 1412 2290 ita
1434 2263 1527 2291 Graece
1550 2265 1706 2300 loquentem
1731 2265 1799 2293 ferat
1817 2276 1824 2294 :

1050 2307 1153 2342 Ἰησοῦς
1172 2305 1206 2343 ἦν
1229 2308 1266 2334 ὢν
1288 2309 1449 2344 ἀρχόμενος,
1473 2318 1522 2344 pro
1537 2318 1569 2337 eo
1585 2311 1658 2345 quod
1673 2315 1715 2338 est
1729 2311 1826 2347 ἤρχετο

1043 2351 1092 2379 ὢν.
1115 2352 1201 2380 Satin’
1211 2353 1354 2381 ridiculum
1372 2362 1404 2382 ac
1419 2356 1542 2389 putidum
1562 2361 1621 2389 est,
1645 2355 1700 2390 ἐγώ
1717 2357 1775 2391 εἰμι
1789 2356 1825 2383 ὼν

1043 2398 1203 2434 ἀρχόμενος,
1219 2406 1268 2433 pro
1284 2399 1339 2433 ἐγὼ
1353 2399 1481 2435 ἄρχομαι.
1499 2400 1581 2435 Atqui
1598 2401 1667 2428 hanc
1682 2401 1768 2435 ipsam
1786 2401 1824 2428 in-

1044 2444 1264 2477 terpretationem
1289 2446 1427 2479 anteponit
1447 2446 1543 2477 alteri,
1560 2454 1621 2480 qua-
1637 2446 1728 2473 minus
1746 2446 1824 2473 habet

1043 2489 1229 2521 absurditatis,
1257 2490 1364 2517 tametsi
1389 2498 1422 2517 ne
1441 2498 1471 2518 ea
1496 2491 1605 2526 quidem
1627 2493 1732 2526 placet;
1748 2493 1823 2526 quasi

1043 2533 1131 2560 Lucas
1143 2533 1169 2560 id
1181 2534 1305 2566 voluerit,
1319 2535 1416 2569 ἤρχετο
1430 2534 1468 2562 ὢν
1478 2536 1625 2571 τριάκοντα
1635 2537 1712 2568 ἐτῶν,
1724 2535 1772 2569 ὢν,
1787 2536 1823 2570 ὡς

1042 2579 1192 2614 ἐνομίζετο.
1206 2579 1296 2612 Quare
1310 2580 1395 2607 multo
1409 2586 1450 2608 est
1466 2581 1511 2609 ille
1526 2590 1624 2610 sensus
1638 2583 1736 2616 aptior,
1749 2587 1778 2610 ut
1788 2582 1823 2609 ὢν

1042 2625 1075 2652 ad
1098 2625 1248 2659 posteriora
1269 2624 1418 2660 referatur;
1445 2627 1594 2662 ἀρχόμενος
1617 2628 1650 2655 ad
1672 2628 1821 2662 superiora.

1041 2669 1095 2697 Ἦν
1110 2671 1124 2696 ό
1143 2670 1246 2705 Ἰησοῦς
1261 2671 1410 2706 ἀρχόμενος
1422 2672 1489 2698 ὡσεὶ
1505 2673 1572 2699 ὲτῶν
1585 2665 1617 2705 λ’,
1632 2673 1679 2705 ὢν,
1693 2673 1818 2710 ὤςὲνομί-

1041 2715 1112 2747 ζετο,
1124 2715 1190 2746 υἱός,
1199 2721 1251 2743 etc.
1261 2716 1427 2752 Epiphanius
1434 2723 1506 2745 certe
1515 2718 1610 2746 haresi
1623 2727 1736 2751 Lxxvut,
1747 2727 1775 2747 ιι.
1790 2721 1805 2747 ’1
1814 2741 1821 2753 ,

1042 2760 1077 2788 ὥν
1094 2761 1127 2788 ad
1140 2761 1207 2793 υἱός,
1220 2769 1274 2789 non
1289 2762 1321 2789 ad
1333 2762 1484 2798 ἀρχόμενος
1500 2763 1633 2797 pertinere
1647 2764 1751 2798 docuit,
1762 2772 1821 2792 cum

1041 2808 1078 2834 ita
1095 2807 1184 2834 locum
1200 2807 1275 2834 illum
1290 2809 1412 2842 protulit,
1432 2809 1473 2835 ὃτι
1485 2808 1522 2836 ῶν
1537 2809 1609 2842 υἱὸς,
1623 2809 1661 2841 ὡς
1675 2809 1820 2845 ἐνομίζετο,

1047 2853 1155 2888 Ἰωσήφ.
1173 2852 1324 2886 Quinetiam
1341 2854 1436 2882 haeresi
1453 2863 1517 2889 xxx,
1531 2856 1660 2889 num.50,
1677 2853 1710 2892 ἦν
1725 2857 1755 2884 δὲ
1771 2855 1821 2892 ’1η-
