1935 3044
88 153 137 182 905

679 146 723 174 DE
742 146 839 175 ANNO
857 146 983 175 NATALI
1003 135 1149 175 cutus-rt.

1665 152 1718 180 908

88 211 150 242 σούς
161 209 311 245 ἀρχόμενος
322 205 403 235 εἶναι.
416 207 468 235 Sed
485 206 689 239 controversiae,
704 206 879 242 qtuestionis-

940 207 993 234 mni
1009 207 1156 235 discrimen
1174 206 1246 235 facit.
1263 207 1316 236 Sed
1328 209 1374 244 qui
1389 209 1484 244 paucis
1496 208 1576 237 anuis
1588 208 1659 236 infla
1674 217 1721 236 am

87 263 137 291 que
153 258 235 290 caput
257 254 284 280 in
300 252 366 279 ὼσεὶ
391 252 524 287 particula
541 251 660 286 positum
676 255 728 282 est,
746 249 819 285 quod
835 253 878 276 ut-

87 303 232 338 plurimum
259 298 426 335 ἁπορητικόν
450 305 511 325 esse
535 297 622 329 solet,
650 300 677 323 et
700 296 734 323 de
757 295 879 330 perfecto

86 347 266 381 absolutoque
282 345 319 373 rei
339 349 411 372 statu
437 343 563 371 nonnihil
587 342 718 370 detrahit.
741 341 798 369 lloe
814 347 879 368 vero

88 396 145 422 loco
161 401 215 421 non
238 391 419 427 ἀπορητικόν,
443 390 490 417 sed
506 388 644 424 ἀληθινόν,
664 396 697 415 ac
713 394 826 422 prorsus
843 386 881 413 af-

88 441 251 468 lirmativum
265 447 326 466 esse
344 437 465 472 Scaliger
476 457 483 470 ,
501 442 528 464 et
546 444 608 463 cmn
624 443 657 463 eo
673 434 795 469 plerique
815 440 880 461 scn~

88 487 167 514 ',iunt.
188 485 240 518 Qui
254 484 319 511 mihi
335 483 388 511 vim
405 490 541 516 usumque
559 481 663 508 vocula:
677 480 756 507 istius
769 487 822 506 non
838 486 879 506 sa-

87 535 121 560 tis
149 530 380 558 animadvertisse
400 530 538 556 videnlur.
561 527 617 555 Nos
644 526 779 561 triplicem
807 525 881 551 illius

87 581 249 613 potestatem
265 575 336 611 apud
351 575 461 602 Grtecos
477 573 697 601 observavimus.
719 570 811 597 Prima
827 574 879 600 est,

86 632 150 651 cum
176 621 382 654 ἐνδοιαστικῶς,
417 620 459 648 vel
483 617 660 654 ἁπορητικῶς
689 615 825 648 sumitur;
853 619 883 641 ut

87 671 159 706 apud
174 670 274 697 Lucam
294 676 355 703 cap.
375 676 432 695 xxii
443 687 451 698 ,
467 667 496 694 41
515 674 522 692 :
538 665 594 692 Καὶ
618 663 699 694 αὐτὸς
716 661 881 695 ἀπεσπάσθη

88 718 136 745 ἀπ’
153 717 242 744 αὐτῶν
256 716 322 742 ὡσεὶ
337 714 411 741 λίοου
428 713 519 749 βολήν·
543 716 570 739 et
584 718 643 746 cap.
660 718 679 742 ι,
696 708 751 736 56:
770 708 882 743 Ἔμεινε

89 765 119 791 δὲ
135 763 254 799 Μαριὰμ
269 763 317 788 σὺν
330 761 398 796 αὐτῇ
412 760 479 786 ὡσεὶ
497 759 585 794 μῆνας
597 757 680 792 τρεῖς.
696 754 821 782 Secunda
841 753 882 780 vis

88 817 131 840 est
148 809 323 845 συγκριτιχή,
346 807 404 834 sive
420 805 614 840 comparativa.
629 804 668 830 Ita
682 801 749 829 Luc.
767 808 809 832 ιιι,
825 799 881 826 22:

89 858 145 886 Kal.
159 856 313 890 καταϐῆναι
327 855 358 881 τὸ
374 852 487 888 Πνεῦμα
500 852 531 878 τὸ
545 851 622 885 ἅγιον
640 846 790 884 σωματικῷ
803 846 880 876 εἴδει,

87 901 157 928 ὡσεὶ
178 899 354 936 περιστεράν.
378 897 541 931 Quanquam
566 896 624 922 lucc
648 893 784 928 posterior
807 890 883 919 notio

89 947 123 974 ad
141 935 258 981 priorem
272 947 362 979 potest
376 941 469 969 referri
491 950 497 968 :
517 939 589 975 quod
607 939 679 966 enim
696 936 774 964 alteri
794 935 883 963 simile

89 992 202 1023 dicitur,
214 999 269 1018 non
288 989 359 1017 idem
374 992 417 1016 est
431 986 555 1015 omnino.
575 985 668 1012 Tertio
681 984 792 1011 demum
804 981 884 1008 αἰτιο-

88 1038 199 1073 λογικόν
212 1042 254 1065 est
270 1036 346 1069 ὡσεί,
368 1035 425 1063 sive
440 1032 624 1061 causativum.
637 1029 705 1058 Nam
723 1029 747 1057 si
767 1028 829 1064 quis
843 1027 885 1054 di—

90 1085 207 1120 ligcnter
236 1082 395 1113 attenderit,
432 1079 552 1107 inveniet
585 1076 744 1112 particulam
777 1075 815 1105 ὡς
843 1073 885 1099 vcl

90 1129 158 1157 ὡσεί
169 1150 177 1161 ,
197 1128 248 1155 nisi
265 1126 399 1154 ambobus
415 1124 468 1152 illis
484 1123 572 1151 modis
591 1125 755 1156 usurpetur.
770 1124 884 1146 causam

89 1175 243 1206 continere,
268 1177 378 1209 propter
391 1179 474 1207 quam
491 1171 517 1198 id
538 1169 610 1205 quod
635 1172 762 1195 narratur
778 1164 886 1192 accide-

91 1223 138 1250 rit.
154 1221 201 1249 Sic
214 1219 286 1256 apud
302 1218 450 1246 llomerum
471 1215 573 1243 Ὀδυσ.
589 1215 609 1241 Ξ
624 1223 631 1241 :

189 1277 350 1312 Ἐπλέομεν
367 1274 461 1312 Βορέῃ
477 1273 575 1312 ἀνέμῳ
586 1271 698 1312 ,ἀκραέϊ
716 1267 799 1302 καλῷ

188 1308 330 1346 Ῥηῖδίὠς,
342 1309 414 1338 ὼσέι
427 1318 458 1337 τε
468 1309 543 1336 κατὰ
554 1308 637 1342 ῥόον.

91 1361 150 1389 Cur
174 1359 254 1387 facile
278 1358 427 1393 navigaret,
457 1362 569 1383 causam
596 1352 717 1380 continet
732 1357 783 1377 vox
809 1347 886 1380 ὡσεί,

91 1407 232 1438 videlicet,
248 1404 321 1440 quod
339 1402 459 1431 secundo
474 1400 541 1428 mari
560 1399 688 1430 ferretur,
712 1396 749 1428 ὼς
765 1397 794 1423 ὲν
810 1395 887 1423 ὕδατι

93 1454 171 1481 xci-.10
186 1452 286 1488 ῥέοντι,
301 1450 350 1476 καὶ
363 1448 393 1475 οὐ
414 1446 505 1482 στοιτῷ
517 1445 577 1473 κατ’
594 1444 704 1479 ἰσότητα.
714 1441 886 1477 ἐπιφανείας.

93 1501 134 1527 ait
156 1486 327 1526 Eustathius.
349 1494 480 1523 Similiter
492 1493 518 1520 in
534 1492 581 1519 illo
595 1489 708 1517 Joannis
724 1489 793 1520 loco,
809 1486 887 1518 δόξαν

930 259 1011 286 supra
1024 259 1169 279 numerum
1188 253 1323 285 consistit,
1337 252 1404 280 ὡσεὶ
1417 253 1566 288 τριάκοντα
1583 252 1652 280 ἑτῶν
1667 253 1720 281 dici

930 302 1028 333 potest,
1044 302 1073 325 ιιι
1085 298 1251 333 Epiphanius
1267 299 1366 326 alicubi
1378 299 1509 334 disputat.

963 343 1040 376 Quod
1054 344 1140 379 ipsum
1157 343 1288 379 Keplerus
1303 353 1328 372 c.
1351 345 1385 372 15
1399 345 1512 373 alterius
1539 346 1589 374 loci
1609 354 1721 381 compa-

931 390 1035 416 ratione
1051 390 1156 417 erudite
1167 391 1300 418 declarat.
1323 391 1390 418 Nam
1415 400 1477 419 cum
1498 391 1595 419 Matth.
1612 401 1678 424 xvn.
1695 393 1720 424 1,

931 435 1063 469 scriptum
1076 437 1129 467 sit.
1145 441 1205 470 post
1223 437 1377 465 institutum
1394 446 1408 465 a
1422 437 1538 466 Domino
1554 446 1720 469 sermonem,

933 482 991 517 μεθ’
1003 482 1110 517 ἡμέρας
1121 482 1150 515 ἓξ
1165 483 1387 518 transﬁguratum
1403 491 1481 516 esse;
1498 483 1586 511 Lucas
1597 484 1721 512 eamdem

932 527 1074 555 historiam
1090 536 1238 564 exponens,
1254 537 1313 561 cap.
1333 538 1371 562 Ix,
1385 530 1432 562 28,
1455 530 1481 557 id
1503 535 1565 566 post
1585 530 1643 558 dies
1655 531 1722 557 dust

931 573 1004 600 ὀκτώ
1019 575 1053 601 ab
1066 574 1113 601 illo
1125 575 1184 610 ipso
1195 583 1320 603 sermone
1333 575 1434 603 factum
1457 583 1520 604 esse
1535 581 1626 604 narrat
1645 585 1652 603 :
1676 577 1721 605 ubi

931 619 1025 646 eadem
1044 620 1110 646 ὡσεί
1127 621 1220 649 vocula
1239 629 1305 649 usus
1318 627 1370 653 est,
1386 630 1448 649 eum
1465 623 1498 650 ad
1517 630 1609 650 verum
1626 630 1725 650 nume-

932 673 992 692 rum
1009 666 1133 697 biduum.
1150 667 1201 694 hoc
1218 672 1259 695 est
1276 669 1383 696 tertiam
1397 673 1500 704 partem
1519 669 1724 697 addidisset.At

932 711 1015 738 instat
1038 711 1168 747 Scaliger,
1184 717 1221 745 et,
1253 712 1362 746 Nullus,
1377 714 1480 749 inquit,
1499 713 1658 741 ercismus
1673 722 1722 748 pu-

933 758 1021 784 titur:
1047 758 1103 792 ὲγὼ
1126 758 1246 794 ἄρχομαι
1271 760 1416 795 τριάκοντα
1433 759 1512 791 ἑτῶν,
1538 767 1585 794 pro
1603 759 1723 795 ἄρχομαι

933 803 979 830 τοῦ
995 804 1158 839 τριακοστοῦ
1171 804 1258 837 ἔτους.
1271 805 1348 832 Jesus
1365 804 1398 841 ἦν
1412 806 1559 841 τριάκοντα
1581 805 1649 832 ὲτῶν
1670 811 1724 832 tota

935 857 1004 876 amw
1021 857 1084 877 xxxt
1097 859 1105 882 ;
1118 849 1163 876 sed
1174 849 1295 877 absoluta
1315 852 1448 878 tricesimo
1475 852 1566 878 statim
1589 851 1725 879 dicebatur

900 881 921 909 Β
935 894 1066 931 ἄρχεσθαι
1081 881 1118 921 ὧν
1133 895 1282 931 τριάκοντα
1297 897 1375 924 ἐτῶν.
1398 896 1460 924 Non
1486 898 1556 924 enim
1572 897 1725 932 intelligunt

935 942 1109 976 participium
1131 941 1169 968 ὢν
1189 943 1310 975 tacitum,
1325 943 1393 977 quod
1410 944 1537 970 omissum
1552 949 1590 971 est
1607 953 1639 971 ne
1654 952 1726 979 repe-

936 991 1019 1020 tatur,
1033 984 1066 1022 ἦν
1080 987 1242 1023 ἀρχόμενος,
1260 989 1286 1014 id
1297 993 1335 1015 ast
1348 989 1458 1024 ἤρχετο.
1477 989 1539 1017 llaec
1553 990 1607 1017 ille.
1625 989 1672 1017 Vis
1685 994 1728 1017 cst

936 1033 1019 1068 igitur
1041 1034 1131 1061 omnis
1157 1035 1185 1061 in
1210 1035 1343 1062 vocabulo
1371 1035 1425 1062 isto
1450 1035 1602 1071 ἀρχόμενος
1616 1035 1725 1071 posita:

936 1079 1007 1114 quod
1025 1079 1059 1107 ad
1082 1079 1188 1107 initium
1215 1081 1303 1108 aetatis
1319 1081 1470 1108 tricenarim
1483 1082 1604 1109 referunt
1618 1089 1726 1109 omnes.

938 1127 989 1154 Sed
1005 1126 1137 1154 Onufrius
1151 1134 1216 1154 xxix
1230 1134 1317 1154 annos
1337 1127 1477 1160 evolutos,
1493 1135 1526 1154 ac
1547 1134 1650 1162 paucos
1668 1127 1727 1155 dies

938 1173 1078 1200 tricesimo
1090 1172 1187 1200 libatos
1212 1173 1362 1207 existimat,
1374 1163 1453 1208 quasi
1467 1173 1539 1200 istud
1550 1173 1727 1210 εἱιᾶρχεσθαι

937 1217 1007 1245 εἶναι
1025 1219 1092 1245 ὡσεὶ
1104 1218 1173 1245 ἐτῶν
1184 1218 1216 1245 λ’.
1239 1218 1359 1255 Scaliger
1375 1223 1456 1255 negat
1476 1220 1588 1254 probam
1607 1227 1668 1247 esse
1685 1220 1728 1247 lo-

937 1265 1086 1296 cutioncm.
1102 1265 1155 1292 nisi
1168 1265 1279 1300 triginta
1289 1265 1346 1300 jam
1359 1265 1423 1292 anni
1438 1265 1564 1300 completi
1579 1265 1644 1292 sint.
1661 1264 1727 1292 Mihi

937 1320 1013 1345 vero,
1035 1316 1062 1339 ut
1089 1311 1206 1347 ingenue
1220 1311 1308 1339 dicam
1327 1311 1399 1346 quod
1425 1311 1524 1343 sentio,
1546 1311 1599 1338 alia
1616 1311 1657 1339 vis
1668 1319 1729 1339 esse

938 1358 1046 1386 vitietur
1058 1357 1194 1392 participii
1210 1357 1300 1391 illius,
1328 1365 1410 1392 quam
1438 1362 1468 1385 ut
1486 1357 1655 1390 inchoatum,
1681 1362 1730 1384 aut

938 1404 1076 1435 expletum
1092 1403 1269 1431 tricenarium
1287 1403 1464 1430 demonstret.
1482 1402 1550 1430 Nam
1564 1411 1627 1431 cum
1644 1403 1729 1438 parti-

939 1450 999 1477 cula
1013 1449 1090 1482 ὼσει,
1103 1455 1132 1476 ιιι
1151 1456 1232 1484 supra
1247 1448 1413 1476 declaratum
1438 1452 1491 1481 est,
1506 1448 1675 1476 diminuendi
1687 1449 1730 1476 vel

939 1494 1079 1522 dubitandi
1095 1494 1233 1522 notionem
1250 1493 1358 1527 habeat,
1368 1494 1431 1529 quis
1447 1499 1498 1526 est,
1526 1494 1571 1528 qui
1587 1494 1731 1528 scripsisse

93 1546 133 1576 ὡς
147 1542 317 1578 Μονογενοῦς
329 1562 336 1575 ,
350 1540 463 1576 gloriam
482 1538 538 1574 ejus
550 1557 557 1568 ,
573 1536 650 1572 quasi
673 1533 822 1569 Uuigcniti,
839 1533 888 1580 ἐμ-

941 1540 1042 1568 Lucam
1059 1545 1153 1573 putet:
1175 1539 1320 1574 [incipiebat
1336 1548 1393 1567 esse
1407 1539 1486 1567 Jesus
1502 1540 1562 1574 plus
1582 1541 1670 1567 minus
1681 1548 1730 1567 au-

94 1589 212 1625 φατικόν
230 1593 257 1616 ει
277 1585 457 1620 αἰτιολογιιῐόν
473 1589 514 1612 est
528 1583 576 1615 ὡς.
592 1582 647 1610 Cur
666 1581 738 1608 enim
760 1584 834 1606 tanta
854 1577 889 1605 sit

95 1623 195 1670 (gloria,
209 1633 360 1661 conditioni
378 1632 454 1665 ejus,
473 1637 504 1656 ac
522 1627 647 1663 dignitati
668 1626 749 1653 debet
776 1623 887 1652 ascribi.

95 1680 188 1714 Quare
203 1679 275 1706 idem
289 1682 330 1705 est
345 1677 417 1712 quod
434 1679 533 1710 utpote.
547 1674 599 1700 Sed
609 1680 641 1700 ea
654 1670 818 1707 signiﬁcatio
827 1677 890 1704 par-

97 1727 189 1754 ticulze
196 1726 234 1757 ὡς
242 1725 428 1760 potius,quam
437 1721 502 1748 ὠςεί
510 1719 639 1748 convenit
648 1728 655 1746 :
665 1719 730 1751 imo,
744 1721 774 1744 ut
783 1717 810 1744 in
823 1716 890 1743 Tlte-

96 1781 180 1800 sauro
197 1771 353 1806 Stephanus
365 1772 466 1800 monet,
484 1767 549 1793 ὡσεί
562 1765 731 1803 frequentius
744 1767 891 1797 usurpatur

95 1827 147 1854 pro
158 1818 273 1849 circiter,
301 1817 371 1851 fere,
385 1823 417 1843 ac
433 1815 550 1842 fortasse
565 1819 705 1846 nunquam
722 1810 810 1840 aliter,
820 1816 888 1844 pra:-

97 1865 194 1893 sertim
206 1864 232 1890 in
243 1871 321 1898 prosa
332 1862 465 1894 oratione,
474 1859 602 1888 sumitur.
615 1857 690 1885 Unde
697 1857 819 1891 colligas,
828 1862 891 1890 per-

97 1918 193 1947 peram
201 1909 314 1938 Joannis
325 1909 401 1936 illum
414 1908 503 1936 locum
515 1907 548 1933 ad
556 1906 581 1933 id
591 1904 692 1936 aﬂ‘errt,
702 1901 892 1930 uttricesimns

96 1965 189 1986 annus
202 1957 303 1984 solidus
318 1963 350 1983 ac
362 1954 513 1989 completus
528 1951 654 1985 baptismi
671 1955 792 1984 tempore
808 1947 892 1974 fuisse

98 2004 235 2032 videatur.
243 2002 364 2029 Primum
377 2001 413 2028 ibi
429 1999 589 2031 εειὼς.ιιοιι
602 1997 684 2023 ὡσείσ
698 1994 893 2030 etapudinter-

98 2055 203 2086 pretem
212 2054 336 2077 nostrum
351 2048 427 2083 quasi
445 2047 515 2073 idem
528 2048 570 2072 est
581 2051 613 2071 ac
634 2048 771 2077 tanquam.
789 2039 892 2067 Deinde

98 2085 290 2131 αἰτιολογικῶς
309 2100 337 2122 et
355 2091 514 2130 ὲμφατικῶς
533 2094 689 2124 usurpatur.
704 2089 739 2114 At
757 2087 784 2113 in
807 2085 893 2112 altero

102 2143 150 2170 illo
164 2142 245 2169 Lucae
260 2141 320 2168 loco
330 2140 396 2166 ὡσεὶ
407 2137 570 2171 αἰτιολογίαν
584 2135 684 2162 nullam
717 2137 764 2160 aut
774 2132 894 2167 ἔμφασιν

100 2190 194 2220 habet,
205 2193 254 2215 aut
269 2195 332 2215 vero
345 2185 560 2214 similitudinem.
575 2181 632 2209 Non
650 2186 722 2208 recte
739 2179 821 2215 igitur
830 2185 892 2204 cutn

100 2235 245 2270 superiore
259 2233 409 2261 confertur.

137 2283 175 2311 De
186 2281 306 2309 auuiculi
318 2280 428 2307 notione
441 2277 513 2313 quod
537 2276 665 2312 proponit
679 2273 812 2308 Scaliger,
825 2271 894 2299 nihil

103 2329 138 2357 ad
158 2336 215 2356 rem
230 2328 303 2355 facit.
318 2326 396 2353 Aliud
413 2330 453 2353 est
468 2324 541 2351 enim
558 2321 710 2352 anniculus,
727 2319 799 2346 aliud
816 2318 894 2353 quasi

103 2375 246 2402 aniticulus
257 2394 264 2406 ,
285 2373 319 2401 de
332 2379 387 2407 quo
403 2378 494 2399 sermo
512 2370 592 2397 nobis
607 2373 658 2396 est.
680 2367 793 2401 Reliqua
806 2364 894 2392 Scali-

103 2422 160 2456 geri
175 2420 299 2450 collectio
316 2419 452 2454 implicata
469 2422 496 2445 et
511 2416 599 2443 inanis
617 2419 667 2442 est.
688 2413 755 2440 Nam
771 2412 896 2446 quishtcc

103 2465 257 2501 intelligat?
273 2465 301 2493 Si
317 2464 389 2491 ὡσεὶ
405 2461 573 2498 ἁπορητικόν
587 2462 633 2493 sit,
652 2460 711 2487 dies
726 2463 831 2486 tantum
846 2466 894 2490 xx,

102 2520 150 2542 aut
161 2513 194 2541 ad
213 2519 351 2540 summum
365 2517 484 2537 mensem
501 2508 533 2535 ad
546 2507 692 2534 rotundum
709 2504 830 2532 defuisse
844 2511 896 2530 nu-

102 2567 221 2588 merum.
248 2558 338 2591 Quare
365 2562 394 2583 ut
422 2555 545 2583 Januarii
572 2562 596 2580 \‘l
615 2553 768 2588 baptizatus
794 2550 895 2583 fuerit,

102 2605 254 2635 Februario
271 2612 365 2632 mense
388 2602 557 2630 tricesimum
581 2601 717 2634 implesse.
733 2598 816 2631 Quasi
831 2604 896 2624 vero

103 2654 151 2688 qui
167 2650 235 2678 ὡσεί
248 2650 317 2690 apud
337 2648 436 2676 Lucam
462 2646 636 2683 ἀπορητικῶς
650 2654 720 2673 suun
739 2645 895 2676 voluerunt,

104 2699 248 2727 Christum
267 2695 416 2723 Februario
426 2701 519 2722 mense
537 2698 629 2720 natum
644 2699 704 2719 esse
714 2691 879 2718 crediderint
889 2710 897 2722 ,

105 2743 290 2775 utOnufrius,
307 2742 353 2777 qui
372 2740 533 2768 duodecimo
550 2746 633 2774 prope
657 2745 752 2765 mense.
774 2741 835 2772 post
849 2737 900 2764 ba-

105 2794 236 2828 ptismum
255 2793 376 2815 vertente
399 2786 508 2822 triginta
535 2786 645 2813 demum
668 2791 756 2812 annos
774 2783 899 2811 evolutos

106 2838 256 2866 existimat.
280 2834 372 2868 Neque
397 2840 460 2860 vero
483 2831 549 2858 ὡσεὶ
566 2831 741 2867 (imp-auxili;
757 2836 898 2864 sumptum

107 2890 258 2919 paut'orum
290 2883 394 2907 tantum
414 2879 531 2909 dierum,
550 2882 597 2904 aut
616 2877 697 2905 unius
716 2876 827 2908 mensis,
843 2876 897 2903 imo

256 2931 390 2960 Pnuot.
421 2928 482 2959 Gn.
508 2925 607 2956 XLII.

940 1594 1036 1613 norum
1050 1586 1180 1620 triginta?
1196 1585 1253 1613 lloc
1265 1587 1338 1613 enim
1358 1590 1431 1613 esset
1444 1586 1477 1613 ad
1493 1586 1626 1613 inﬁnitam
1643 1586 1730 1621 parti-

940 1631 1030 1658 culam
1049 1631 1184 1658 inﬁnitum
1201 1631 1313 1658 verbum
1333 1631 1464 1665 adjicere,
1491 1638 1553 1657 cum
1572 1635 1625 1657 tam
1652 1631 1730 1664 ὡσεί,

940 1685 1022 1713 quam
1038 1677 1190 1713 ἀρχόμενος
1217 1677 1360 1708 inﬁnitam,
1383 1677 1548 1712 minimeque
1565 1677 1731 1704 determina-

942 1728 995 1750 tam
1008 1723 1233 1758 signiﬁcationem
1261 1723 1388 1750 habeant.
1411 1722 1503 1749 Placet
1518 1722 1601 1757 igitur
1617 1723 1730 1750 verbum

941 1767 1074 1803 ἄρχεσθαι
1091 1768 1124 1795 ad
1141 1767 1247 1795 initium
1261 1767 1463 1802 praedicationis
1474 1787 1481 1799 ,
1498 1768 1672 1805 otxovoptag,
1689 1769 1731 1796 vel

940 1815 990 1850 τῆς
1015 1814 1176 1849 ἐπιφανείας
1200 1813 1320 1847 referre,
1335 1813 1399 1849 quia
1415 1820 1476 1849 post
1493 1814 1669 1849 baptismum,
1685 1815 1731 1850 qui

943 1861 1075 1888 hactenus
1095 1861 1256 1892 delituerat,
1276 1861 1302 1887 in
1321 1865 1444 1896 apertum
1470 1860 1612 1896 lucemque
1624 1860 1733 1895 prodire

943 1907 1034 1941 empit.
1062 1907 1149 1940 Quam
1177 1907 1228 1934 loci
1257 1906 1340 1942 hujus
1367 1907 1614 1942 interpretationem
1640 1911 1733 1942 postea

943 1952 1014 1988 apud
1028 1952 1187 1980 Janscnium
1214 1952 1375 1987 scriptorem
1391 1952 1610 1980 eruditissimum
1629 1953 1733 1987 reperi:

943 1999 989 2033 qui
1005 1999 1128 2026 eamdem
1144 1999 1250 2026 caeteris
1266 1998 1406 2034 anteponit
1420 1998 1558 2026 omnibus.
1580 1998 1733 2025 Praesertim

944 2052 1005 2070 eum
1030 2044 1092 2070 Act.
1109 2052 1128 2074 ι,
1154 2051 1225 2071 com.
1241 2043 1285 2075 22,
1303 2043 1399 2070 eodem
1423 2050 1504 2070 sensu
1531 2042 1644 2069 verbum
1669 2042 1735 2068 illud

945 2093 1105 2122 usurpatum
1133 2087 1233 2115 fuerit:
1252 2088 1298 2114 ‘Ev
1315 2084 1337 2120 ᾧ
1354 2086 1474 2122 εἰσῆλθε,
1500 2087 1547 2112 καὶ
1565 2086 1676 2121 ἐξῆλθεν
1692 2087 1735 2120 ἐφ’

945 2133 1018 2168 ἡμᾶς
1028 2134 1042 2159 ὀ
1057 2133 1158 2168 Κύριος
1175 2133 1278 2168 Ἰησοῦς
1287 2133 1440 2168 ἀρξάμενος
1454 2132 1509 2158 ἀπὸ
1521 2131 1568 2158 τοῦ
1580 2132 1737 2167 βαπτίσμα-

945 2188 991 2211 τος
1011 2180 1151 2211 Ἰωάννου,
1176 2184 1203 2207 et
1219 2187 1279 2214 cap.
1299 2188 1327 2210 ιι,
1352 2179 1405 2206 57:
1430 2178 1595 2215 ’Δρξάμενον
1616 2179 1670 2206 ἀπὸ
1685 2179 1737 2214 τῆς

909 2234 931 2262 D
946 2224 1173 2260 Γαλιλαίας.μετὰ
1183 2225 1213 2251 τὺ
1229 2224 1383 2260 βάπτισμα.
1397 2224 1464 2258 Qua:
1478 2225 1500 2252 si
1515 2232 1577 2252 vera
1591 2229 1654 2252 sunt
1664 2245 1672 2257 ,
1692 2232 1737 2260 ap-

946 2275 1023 2306 paret
1042 2278 1074 2298 ex
1094 2271 1146 2298 illis
1172 2270 1252 2297 Luca:
1278 2271 1368 2298 verbis
1386 2275 1490 2298 certum
1516 2271 1604 2298 aetatis
1633 2270 1737 2298 Christi

947 2322 1054 2351 tempus
1066 2316 1172 2343 deﬁniri
1189 2323 1243 2343 non
1268 2323 1359 2351 posse.
1377 2315 1432 2344 Nec
1457 2321 1500 2344 est
1515 2315 1586 2351 quod
1599 2320 1736 2343 certorum

946 2362 1057 2389 Patrum
1072 2367 1226 2397 opponatur
1253 2363 1414 2395 auctoritas,
1442 2362 1488 2397 qui
1503 2370 1557 2389 non
1575 2362 1649 2390 aliud
1666 2361 1740 2389 afﬁr-

947 2417 1022 2436 mare
1042 2413 1166 2444 possunt,
1180 2417 1262 2444 quam
1278 2409 1349 2444 quod
1370 2417 1402 2436 cx
1419 2408 1490 2436 Luca
1504 2409 1675 2442 didicerunt;
1690 2416 1739 2436 nc.-

946 2463 1001 2490 qne
1011 2460 1053 2483 est
1070 2455 1123 2482 ulla
1142 2456 1223 2487 ratio,
1238 2463 1287 2482 cur
1302 2463 1334 2482 cx
1350 2455 1459 2481 illorum
1470 2454 1562 2482 verbis
1577 2454 1678 2482 Lucam
1699 2455 1740 2481 iu-

948 2505 1129 2535 terpretemur
1144 2501 1244 2536 potius.
1259 2509 1341 2535 quam
1357 2508 1389 2527 ex
1408 2499 1480 2528 Luca
1498 2507 1559 2535 qua
1576 2500 1610 2527 ab
1630 2500 1684 2527 illis
1695 2507 1740 2527 as-

948 2548 1067 2574 severari
1088 2548 1224 2575 videntur.
1248 2547 1410 2582 Quanquam
1441 2547 1550 2574 tametsi
1575 2555 1628 2574 non
1658 2545 1739 2574 modo

947 2593 1042 2620 Patres
1052 2615 1059 2625 ,
1078 2594 1124 2620 sed
1136 2598 1163 2620 ct
1179 2593 1267 2621 Lucas
1279 2594 1337 2628 ipse
1352 2593 1498 2628 perfectos,
1519 2595 1740 2620 consummatos-

948 2646 1002 2673 que
1021 2639 1139 2666 tricenos
1159 2646 1247 2666 annos
1270 2639 1384 2670 diceret,
1407 2638 1476 2666 nihil
1498 2643 1589 2666 tamen
1606 2637 1738 2669 obstaret,

949 2685 1026 2718 quin,
1043 2685 1065 2712 si
1083 2685 1174 2712 minus
1189 2692 1250 2712 cum
1279 2685 1392 2713 historia
1408 2687 1580 2720 congrueret,
1601 2682 1695 2710 eodem
1712 2682 1739 2709 id

949 2731 1133 2767 acciperemus
1146 2740 1236 2764 sensu,
1245 2739 1300 2767 quo
1312 2740 1372 2767 cap.
1381 2731 1465 2763 ",21,
1475 2729 1642 2758 Lucasidem
1654 2728 1738 2757 dixit:

950 2777 1014 2805 Post
1030 2783 1226 2805 consummatos
1246 2784 1303 2805 octo
1327 2778 1394 2810 dies.
1411 2785 1473 2805 cum
1495 2781 1591 2804 octavo
1612 2776 1671 2810 ipso
1684 2775 1738 2803 cir-

950 2826 1087 2853 cumcisus
1114 2826 1149 2852 sit
1174 2833 1250 2860 puer,
1267 2830 1296 2852 ut
1313 2825 1460 2852 .lanscnins
1475 2824 1612 2851 observat.
1629 2821 1740 2849 Frustra

951 2874 1033 2910 igitur
1049 2873 1144 2908 lgnatii
1157 2872 1231 2901 locus
1247 2872 1291 2900 ille
1306 2879 1338 2899 ex
1357 2870 1442 2905 Epist.
1457 2870 1492 2896 ad
1504 2869 1587 2896 Trall.
1595 2867 1668 2896 velut
1682 2875 1742 2903 pcr-

1542 2916 1581 2944 29
