1935 3044
223 196 274 226 907

223 254 365 291 emptorius
391 249 517 284 Olljlt‘lllll‘
533 255 538 273 :
556 246 611 273 Kal

223 288 388 335 1541mm;
400 293 551 329 ἐδαπτίσοη
569 292 621 319 ὑπὸ
635 290 757 318 Ἰωάννου
771 310 777 321 ,
797 288 920 314 adversus
932 292 1007 319 quem

225 356 298 375 nemo
316 345 354 372 vel
371 343 476 373 mutirc,
491 340 586 367 nedum
602 336 734 372 refragari
760 334 821 369 jure
844 332 946 359 debeat.
967 329 1007 356 An

223 395 295 422 enim
310 393 370 428 plus
388 393 430 417 est
452 389 556 418 dicere.
578 383 768 411 ἐπολιτεύσατο
794 381 868 416 τρεῖς
884 377 1008 428 δεχᾴδαξ,

224 421 319 474 quam:
335 434 506 470 ἐπλήσθησαν
520 431 622 466 ἡμέραι
637 426 708 454 ὀκτώ
718 449 724 458 ,
747 431 793 452 aut
806 424 878 459 quod
900 422 963 450 alibi
976 421 1010 448 tle

225 467 461 517 transfigurat-ioue
475 477 580 510 legitur,
593 473 651 509 μεθ’
661 472 766 508 ἡμέρας
777 470 843 496 ὡσεὶ
854 467 935 500 ὀκτώ,
948 475 1009 494 eum

226 537 271 557 sex
298 512 400 554 tantum
431 531 447 550 a
463 521 586 548 lllatthzeo
612 518 690 545 solidi
718 513 913 542 numerentur?
927 512 1010 539 Miror

225 578 331 600 tantum
350 571 377 597 in
403 568 456 596 illis
471 565 565 601 lgnatii
593 563 682 590 verbis
697 560 798 595 aliquid
826 557 955 586 momenti
977 557 1010 584 ad

228 620 299 646 illam
315 614 477 644 sententiam
493 611 592 640 inesse,
607 607 752 635 nonnullos
772 604 908 632 arbitrari.
925 603 963 630 Ac
986 603 1010 630 si

228 663 390 692 auctoritate
403 667 445 687 res
458 657 557 693 agitur,
572 655 704 682 habemus
720 650 935 686 antiquissimos,
949 656 1012 684 gra-

229 711 409 742 vissimosque
423 705 517 731 Patres
528 724 536 736 ,
549 702 594 737 qui
619 706 672 727 non
692 703 721 725 ut
732 698 862 735 lgnatius,
874 697 991 722 obscure
1002 715 1011 727 ,

229 756 275 784 5rd
301 740 393 788 aperte
407 747 634 786 quemadmodum
650 745 729 772 Lucae
741 743 820 770 verba
834 750 848 769 a
878 740 956 768 nobis
971 740 1012 767 in-

229 784 400 835 terpretanda
417 784 517 825 lorent,
533 791 661 826 opinione
680 795 728 816 sua
746 788 908 814 docuerunt.
925 784 1012 812 Justi-

230 830 281 874 nus
293 845 392 879 .‘llartyr
408 840 481 868 Dial.
498 847 556 866 cum
574 835 783 871 Trypltone,pag.
802 832 914 879 Biqedit.

231 892 338 927 Steph.,
353 889 399 916 καὶ
409 886 556 922 τριάκοντα
570 882 628 916 ἐτη,
645 881 662 915 ἢ
683 879 792 906 πλείονα
806 899 812 909 ,
832 877 848 912 ἢ
866 876 913 903 καὶ
929 876 1011 902 ἐλάσ-

231 920 296 965 σονᾷ
312 935 415 971 μείνας,
429 920 527 967 μέχρις
538 925 568 955 οὗ
581 923 763 962 προελήλυθεν
786 923 912 956 Ἰωάννης
926 920 1014 956 κῆρυξ

232 968 323 1013 αὑτοῦλ
340 980 448 1007 Dubitat
462 981 551 1004 utrum
566 980 652 1001 annos
666 970 775 1006 triginta
787 968 911 995 Christus
921 974 1015 994 exces-

232 1012 307 1062 serit,
325 1035 359 1055 an
375 1024 444 1053 infra
462 1023 523 1050 illos
545 1017 709 1048 constiterit.
734 1023 795 1042 cum
825 1014 857 1041 ad
881 1012 1014 1041 Joannem

234 1059 356 1106 accessit.
382 1072 436 1099 Cur
457 1068 511 1097 ita?
538 1066 631 1093 Nonne
653 1062 724 1098 quod
740 1061 828 1088 Lucas
841 1059 1016 1096 ἀπορητικῶς

234 1123 306 1157 loqui
319 1121 396 1148 visus
413 1122 464 1148 est,
478 1121 539 1142 cum
553 1111 619 1138 ὡσεὶ
636 1109 703 1136 ἐτῶν
721 1107 868 1144 τριάκοντα
891 1105 1018 1140 scripsit?

235 1151 397 1196 Atllrcnatus
411 1167 515 1190 tantum
531 1159 566 1185 ab
580 1155 675 1192 rigidis
689 1154 743 1181 illis
755 1151 959 1188 pratl‘ractisqne
970 1158 1017 1178 vo-

235 1215 355 1243 cularum
371 1206 563 1243 interpretiiuts
576 1203 719 1233 abhorret;
734 1204 764 1226 ιιι
777 1199 794 1225 l.
808 1206 840 1230 tt,
856 1205 880 1225 c.
895 1197 1017 1225 5DChri-

235 1268 305 1290 stum
318 1255 443 1293 baptismi
459 1259 578 1287 tempore
590 1248 709 1276 nondum
720 1244 808 1273 aetatis
818 1252 917 1271 annum
936 1243 1019 1271 trice-

236 1309 335 1337 simum
353 1291 502 1336 explevisse
522 1299 642 1325 censeat.
657 1292 836 1320 i‘rartcrmitto
855 1291 1019 1318 recentiores

236 1349 393 1388 apostolicis
414 1347 468 1374 illis
483 1341 650 1377 temporibus
665 1338 767 1388 Patres,
778 1341 944 1370 cecterosque
959 1343 1019 1370 gra-

237 1382 295 1431 ves,
310 1402 337 1424 et
353 1394 473 1422 eruditos
497 1389 636 1419 homines;
663 1385 708 1420 qui
734 1383 814 1410 Lucae
834 1382 1019 1410 testimonium

237 1427 396 1479 dotopiarw;
409 1442 515 1466 tetatcm
529 1432 642 1465 Christi,
657 1439 689 1458 ac
704 1428 850 1460 πλατυχῶς
868 1427 1021 1463 signiﬁcare

239 1473 444 1517 non'dubitant.
470 1481 525 1508 Nec
547 1477 701 1508 defuerunt,
726 1474 771 1509 qni
795 1481 844 1508 pro
859 1473 1020 1508 ἀρχόμενος,

239 1534 384 1572 ἐρχόμενος
412 1527 534 1563 legerint.
557 1528 586 1550 ut
608 1520 820 1572 Epiphanius‘ct
842 1518 1020 1572 Euthymins;

328 1576 499 1613 participium
516 1569 666 1607 ἀρχόμενος
686 1568 719 1594 ad
742 1565 822 1592 oﬂicii
847 1569 874 1591 et
889 1563 1021 1613 praedica-

240 1625 321 1654 tionis
331 1609 488 1650 exordium,
507 1624 562 1644 non
587 1613 619 1642 ad
641 1613 777 1640 ineuntem
792 1613 897 1637 aetatem
915 1609 1021 1635 illorum

240 1669 374 1699 sententia
389 1668 540 1693 revocatur.

276 1714 330 1743 Sed
349 1717 391 1740 est
403 1710 476 1738 aliud
490 1706 630 1743 quiddam,
644 1703 715 1739 quod
731 1707 834 1728 veteres
847 1699 970 1734 perinde,
992 1707 1024 1726 ac

241 1760 406 1790 recentiores
419 1760 525 1784 omnes,
537 1751 583 1785 qui
598 1749 631 1777 do
642 1747 805 1785 nataliauuo
815 1744 916 1772 Christi
930 1743 1025 1778 dispu-

242 1809 344 1837 tarunt,
360 1807 488 1836 tanquam
508 1796 692 1826 certissimum
717 1792 798 1826 vulgo
826 1793 1023 1824 sumpserunt:

242 1852 371 1880 nimirum
397 1846 535 1875 Christum
560 1849 632 1870 anno
657 1847 690 1866 xv
716 1837 818 1865 Tiberii
855 1837 1023 1871 baptizatum

244 1898 339 1925 tuisse.
354 1892 432 1921 Unde
447 1898 509 1918 cum
521 1886 625 1915 Tiberii
646 1892 679 1912 xv
692 1882 805 1918 coeperit
821 1889 894 1909 anno
915 1880 1026 1908 Juliano

242 1945 288 1975 75,
306 1941 399 1969 Silano
411 1942 437 1965 et
448 1936 535 1963 Nerva
557 1938 675 1964 coss.,ex
690 1930 722 1956 Α.
741 1927 772 1955 Ι).
791 1936 834 1955 xlv
853 1927 922 1975 Kal,
936 1926 1024 1960 Soph,

243 1995 270 2017 ct
282 1972 434 2022 baptismus
452 1980 552 2009 Christi
570 1979 596 2006 in
612 1976 734 2004 Januarii
748 1982 773 2001 vt
791 1972 947 2004 incurrerit,
961 1980 1026 1999 con—

242 2020 403 2062 veuitranno
421 2028 528 2056 Juliano
543 2024 590 2057 74,
609 2021 730 2050 Geminis
745 2020 852 2046 duobus
868 2026 951 2048 coss.,
967 2025 1028 2052 qua:

243 2085 286 2108 est
298 2077 420 2106 omnium
445 2074 501 2101 fere
515 2068 668 2099 communis
692 2066 794 2101 opinio.
816 2065 895 2097 Quod
920 2064 1026 2091 illorum

245 2126 444 2153 ﬁrmamentum
461 2119 484 2153 si
499 2117 561 2152 quis
575 2111 729 2143 extorserit,
746 2110 845 2137 omnis
861 2109 905 2136 illa
924 2108 1028 2136 Christi

246 2171 344 2200 natalis
355 2164 535 2201 investigandi
546 2162 616 2190 ratio
627 2158 790 2187 labefactata
807 2155 936 2184 concidit.
946 2155 1028 2190 Atqui

246 2224 318 2244 anno
347 2215 407 2249 ipso
431 2210 533 2239 Tiberii
552 2216 584 2236 xv
605 2207 772 2241 baptizatum
802 2211 863 2232 esse
890 2202 1028 2230 Christum
1050 2214 1054 2219 -

1045 2250 1069 2280 ι)
1083 2239 1176 2275 uysius
1191 2238 1295 2273 cyclutn
1314 2244 1392 2264 suum
1413 2235 1515 2271 dirigit.
1530 2235 1698 2262 novilunium
1714 2235 1801 2262 Martii
1817 2243 1861 2268 ιιι,

247 2262 318 2290 unde
337 2247 445 2288 tandem
461 2253 632 2283 habuerunt?
649 2251 737 2278 Lucas
750 2249 822 2278 enim
837 2256 897 2283 cap.
912 2256 949 2279 ιιι,
965 2248 990 2280 ’l,
1000 2247 1029 2278 2,

247 2314 319 2334 anno
332 2313 365 2332 xv
391 2302 492 2330 Tiberii
506 2300 636 2327 Joannem
652 2296 739 2324 sancti
759 2295 877 2330 Spiritus
891 2293 981 2320 atllatu
996 2292 1030 2319 ad

248 2350 450 2388 pra-dicandam
475 2344 660 2383 pmnitentiam
680 2341 817 2377 prodiisse
834 2343 927 2367 narrat
943 2358 950 2369 .
975 2345 1030 2364 non

247 2383 313 2426 vero
329 2396 466 2424 Christum
481 2392 575 2421 eodem
584 2390 630 2417 illo
645 2387 748 2416 Tiberii
763 2394 797 2414 xv
812 2393 884 2413 anno
898 2393 913 2412 a
927 2383 1032 2411 Joanne

250 2442 425 2477 baptizatum.
440 2437 545 2468 Etenim
563 2435 621 2463 ﬁeri
636 2437 733 2470 potest,
751 2437 781 2460 ut
803 2431 912 2458 Juliano
926 2430 970 2459 74,
986 2428 1032 2456 Ti-

249 2488 314 2516 berii
336 2494 368 2514 xv
383 2489 506 2516 exeunte,
527 2487 622 2517 utputa
639 2481 761 2515 Augusto
777 2478 896 2508 ineunte.
913 2477 1032 2503 Joannes

248 2533 341 2560 relicta
357 2530 503 2559 solitudine
517 2528 543 2555 in
559 2526 696 2562 publicum
711 2523 861 2554 cmerserit,
870 2526 897 2549 et
913 2528 985 2548 anno
997 2519 1032 2546 75

248 2579 357 2606 Juliano
384 2575 538 2611 baptizatus
555 2573 589 2600 ab
613 2572 707 2599 eodem
726 2571 760 2597 sit
775 2569 912 2600 Christus,
930 2567 1031 2594 Tiberii

250 2633 304 2652 xvr.
321 2622 398 2656 Quod
415 2630 430 2649 a
443 2619 560 2651 nemine,
574 2621 705 2652 quantum
722 2615 817 2647 sciam,
834 2614 965 2641 hactenus
984 2612 1032 2639 ob-

251 2677 398 2702 servatum,
414 2666 559 2702 plurimum
579 2664 612 2691 ad
635 2662 789 2690 communis
810 2667 842 2687 ac
862 2658 1032 2693 Dionysianat

246 2725 310 2745 verat
324 2713 505 2750 patrocinium
526 2710 642 2739 confert.
660 2707 744 2735 Nemo
757 2711 800 2738 est
821 2706 895 2734 enim
915 2711 968 2732 tam
985 2711 1031 2739 pa-

250 2749 387 2794 rutn,7non
400 2759 488 2786 dicam
505 2754 706 2784 mathematicis
721 2753 838 2784 artibus.
861 2751 908 2780 sed
928 2749 1032 2784 vulgari

251 2808 295 2834 iila
308 2805 403 2840 peritia
426 2802 664 2832 subducendorum
687 2804 840 2833 temporum
868 2798 1031 2827 inStructus,

251 2852 296 2884 qui
311 2858 364 2877 non
380 2855 499 2884 pugnare
515 2854 606 2875 secum
622 2844 682 2872 illos
697 2851 792 2872 omnes
821 2842 1030 2871 animadvertat,

251 2897 298 2929 qui
313 2895 434 2923 Natalem
448 2894 553 2922 Domini
564 2901 595 2921 ex
608 2899 659 2920 aera
669 2890 771 2925 vulgari
785 2889 839 2916 alio
852 2894 935 2920 anno,
947 2894 1030 2922 quam

775 180 943 211 APPENDIX
965 177 1281 206 DlSSEliTATlONUM.

623 245 694 280 τρεῖς
715 241 830 272 δεκάδας
845 239 913 267 ὲτῶν
928 237 1004 263 πηλι-

1073 235 1164 262 uliano
1180 234 1224 265 45,
1248 232 1362 260 Lentulo
1391 236 1417 259 ct
1432 231 1529 258 Pisone
1555 236 1638 261 coss.,
1655 227 1855 256 collocandum

1796 171 1857 199 983

1060 281 1244 316 scripserunt;
1270 280 1349 306 itaut
1366 278 1470 312 primus
1492 283 1598 307 eorum,
1615 283 1685 310 quos
1712 282 1728 301 a
1755 273 1854 300 Natali

1058 326 1161 353 Christi
1188 331 1324 360 putamus,
1349 323 1476 350 Julianus
1505 322 1540 349 sit
1565 321 1609 352 46,
1627 320 1658 348 C.
1690 319 1802 347 Czesare
1822 323 1855 345 et

1059 371 1143 398 Paulo
1161 379 1232 399 coss.
1255 370 1333 403 Quod
1353 370 1461 405 quidem
1478 369 1614 403 eclipscon
1639 374 1671 394 ac
1692 366 1854 392 ctelestium

1061 422 1183 445 motuum
1197 416 1354 450 descriptio,
1369 420 1395 442 et
1407 415 1473 449 cycli
1488 414 1540 449 ipsi
1557 421 1590 440 cx
1605 411 1708 446 vulgari
1717 411 1856 437 methodo

1060 463 1126 490 satis
1146 462 1292 493 evincunt,
1321 465 1349 488 nt
1376 460 1483 487 abunde
1509 459 1640 486 hactenus
1663 455 1854 483 oslemlinius.

1061 508 1138 542 Quod
1158 508 1181 536 si
1195 508 1257 543 quis
1280 515 1361 534 teram
1379 506 1530 541 vulgarent,
1556 512 1636 539 quam
1653 499 1855 538 Dionysiaham

1061 559 1159 582 vocant
1174 575 1182 587 ,
1211 561 1272 581 cum
1293 553 1326 581 iis
1342 552 1469 580 omnibus
1484 550 1630 578 conciliare
1647 548 1774 579 voluerit,
1795 547 1856 573 imo

1062 600 1217 628 consentire
1232 599 1291 633 ipse
1307 606 1399 626 secum
1413 607 1420 631 ;
1439 597 1556 632 primum
1573 595 1681 623 Juliano
1707 602 1792 625 anno,
1822 601 1856 620 ac

1062 653 1133 672 coss.
1152 651 1221 679 quos
1236 643 1312 676 dixi,
1340 641 1462 669 Natalem
1480 640 1580 669 Christi
1599 640 1718 667 tribuere
1741 638 1826 665 debet
1847 645 1854 663 :

1063 694 1119 717 tum
1133 689 1257 716 eumdem
1271 687 1409 715 Christum
1426 685 1535 713 Juliano
1547 684 1580 711 75
1596 684 1760 720 baptizatum
1773 689 1855 709 asse-

1062 742 1131 766 rere,
1144 741 1215 761 anno
1225 733 1381 760 mtatisxxtx
1393 731 1448 766 jam
1464 730 1608 765 completo,
1622 735 1648 756 et
1662 729 1772 756 ineunte
1785 736 1853 755 xxx.

1063 779 1170 814 Alioqui
1180 786 1240 806 cum
1250 778 1426 805 Geminorum
1436 776 1595 804 consulatus
1611 782 1683 802 anno
1700 773 1734 801 29
1751 773 1857 809 Diony-

1063 825 1145 852 sianze
1159 832 1220 852 term
1239 829 1380 859 congruat,
1399 823 1475 858 cyclo
1491 822 1557 850 solis
1572 830 1599 853 x,
1620 822 1691 848 inme
1715 829 1753 852 xi,
1768 820 1856 847 Chri-

1059 870 1253 904 »stus,explctis
1262 869 1392 896 duntaxat
1400 876 1484 895 xxvtn
1495 867 1584 899 annis,
1594 867 1744 902 baptizatus
1757 865 1854 893 fuerit.

1030 907 1050 934 Β
1067 915 1123 942 lmo
1141 922 1206 942 vero
1217 914 1240 941 si
1255 913 1375 949 Dionysii
1387 913 1460 941 illius
1472 921 1532 940 terat
1550 913 1710 944 conditoris,
1726 920 1757 939 ac
1771 911 1856 939 Betim

1066 959 1184 987 decretis
1207 958 1370 990 insistimus.
1383 958 1491 986 nonnisi
1507 966 1580 986 xxvn
1595 965 1682 985 annos
1696 957 1855 985 absolverat

1064 1004 1202 1036 Christus,
1221 1011 1284 1031 cum
1306 1003 1339 1030 ad
1355 1002 1488 1030 Joannem
1501 1003 1587 1030 venit.

1067 1059 1204 1092 Quomodo
1220 1059 1336 1095 vulgaris
1355 1068 1410 1087 tera
1425 1058 1526 1086 Christi
1548 1059 1580 1086 ab
1598 1058 1714 1086 auctoris
1729 1057 1855 1092 Dionysii

1323 1096 1446 1122 instituto
1460 1095 1597 1122 dissideat.

1104 1141 1249 1168 Sciendum
1263 1140 1335 1168 enim
1347 1145 1398 1173 est,
1408 1148 1509 1167 annum
1524 1140 1610 1171 illum,
1625 1147 1705 1174 quem
1719 1147 1781 1166 terte
1795 1139 1855 1166 vnt-

1068 1188 1141 1222 garis
1164 1188 1282 1222 primum
1310 1186 1436 1218 facimus,
1453 1190 1480 1213 et
1495 1186 1619 1220 proxime
1646 1193 1661 1212 a
1685 1185 1774 1213 Natali
1792 1186 1854 1221 ipso

1069 1232 1216 1260 Salvatoris
1230 1233 1435 1267 auspicamur,a
1449 1233 1536 1268 primo
1547 1232 1619 1260 illius
1633 1237 1742 1260 auctore
1759 1233 1853 1260 incar—

1070 1278 1188 1306 nationis
1214 1285 1246 1305 ac
1275 1277 1379 1305 Natalis
1398 1284 1499 1304 annum
1522 1284 1582 1304 esse
1603 1277 1781 1304 constitutum
1801 1286 1807 1303 :
1829 1278 1854 1304 id

1070 1323 1142 1358 quod
1161 1331 1192 1351 ex
1209 1323 1329 1358 Dionysii
1344 1322 1430 1357 ipsius
1441 1340 1449 1354 ,
1473 1328 1505 1348 ae
1531 1321 1609 1348 Beda:
1626 1321 1784 1348 testimonio
1798 1321 1855 1356 pla-

1071 1377 1136 1396 num
1151 1369 1247 1397 faciam
1268 1378 1274 1396 ε
1291 1376 1354 1396 nam
1368 1368 1524 1403 Dionysius,
1536 1371 1566 1394 ut
1582 1372 1677 1394 auctor
1694 1372 1736 1394 est
1752 1367 1824 1394 Beda
1837 1368 1854 1394 Ι.

1073 1416 1109 1443 De
1125 1421 1202 1450 temp.
1220 1415 1400 1448 raliane.cap.
1419 1414 1468 1446 45,
1494 1418 1521 1440 ct
1544 1413 1607 1440 alibi
1635 1421 1723 1448 sa'pe,
1749 1414 1855 1448 cyclnm

1071 1469 1150 1489 suum
1168 1469 1299 1488 annorum
1314 1461 1367 1488 532
1380 1461 1414 1488 ab
1433 1468 1470 1497 eo
1491 1459 1629 1486 inchoavit
1644 1467 1727 1490 anno.
1745 1460 1792 1494 qui
1812 1459 1857 1486 ln-

1073 1508 1257 1535 carnationem
1276 1511 1303 1534 et
1330 1506 1501 1534 Nativitatem
1521 1507 1677 1534 antecessit.
1697 1505 1791 1541 Itaque
1804 1507 1858 1541 pri-

1074 1562 1149 1581 mum
1167 1561 1267 1580 annum
1283 1553 1352 1588 cyeli
1367 1553 1411 1580 sui
1424 1553 1508 1580 voluit
1522 1559 1585 1580 eum
1603 1560 1673 1584 esse,
1687 1553 1783 1586 quiest
1797 1560 1858 1579 :IEI'II':

1074 1600 1227 1627 communis
1242 1598 1307 1631 5'52;
1331 1598 1480 1626 secundum
1495 1605 1560 1625 vero
1579 1605 1652 1630 eunt,
1675 1598 1721 1632 qui
1739 1598 1856 1625 051533.

1074 1645 1134 1679 Quo
1149 1647 1188 1677 tit,
1204 1649 1232 1672 ut
1245 1645 1268 1672 si
1279 1649 1350 1672 retro
1363 1644 1487 1679 progredi
1505 1643 1633 1676 volueris,
1651 1651 1740 1671 annus
1752 1645 1858 1678 primus

1075 1693 1141 1728 t-ycli
1158 1691 1313 1727 Dionysiani
1334 1691 1456 1725 proxime
1478 1689 1676 1718 lncarnationis
1702 1696 1734 1717 ac
1755 1688 1859 1717 Nativi-

1076 1737 1138 1764 tatis
1153 1744 1253 1763 annum
1269 1735 1413 1770 prmcedat.
1438 1734 1511 1762 Idem
1528 1735 1555 1761 in
1579 1735 1724 1770 Computo,
1746 1735 1857 1770 cap.i7,

1076 1783 1172 1817 repetit
1186 1781 1257 1809 Beda
1271 1785 1313 1809 :et
1330 1788 1362 1808 ne
1373 1788 1425 1815 qua
1437 1780 1571 1808 dubitatio
1584 1781 1669 1815 possit
1684 1787 1755 1811 esse,
1771 1785 1859 1807 certos

1076 1827 1247 1854 characteres
1264 1825 1348 1856 addit,
1364 1825 1464 1860 quibus
1477 1826 1616 1852 secundus
1628 1824 1672 1851 ille
1686 1832 1776 1851 annus
1790 1825 1858 1859 cycli

1077 1873 1111 1900 ab
1125 1873 1186 1899 aliis
1202 1871 1365 1900 discernitur
1380 1881 1387 1898 :
1410 1871 1504 1904 veluti,
1520 1870 1592 1905 quod
1608 1877 1717 1905 cpactas
1736 1870 1859 1897 habuerit

1078 1927 1122 1950 xt;
1137 1921 1332 1946 concurrentes
1352 1925 1383 1949 v;
1399 1917 1461 1944 luna
1473 1917 1535 1944 item
1548 1925 1593 1944 xtv
1608 1917 1635 1943 in
1648 1924 1695 1943 Vill
1712 1916 1771 1943 Kal.
1795 1917 1858 1951 Apr.

1079 1965 1217 1993 Dominica
1230 1972 1293 1992 vero
1307 1963 1448 1991 Paschalis
1465 1971 1490 1990 vI
1508 1962 1565 1990 Kal.
1583 1963 1648 1998 Apr.
1666 1963 1729 1990 luna
1745 1971 1798 1990 xvi.
1814 1962 1861 1990 Est

1077 2012 1149 2040 enim
1162 2011 1207 2038 hie
1225 2017 1313 2038 annus
1326 2017 1386 2036 terte
1401 2009 1556 2036 communis
1572 2009 1687 2043 primus,
1708 2008 1784 2042 cyclo
1796 2008 1861 2034 solis

1077 2066 1105 2090 x,
1119 2057 1191 2084 luna:
1209 2064 1240 2087 ιι.
1254 2060 1356 2091 cpaclze
1371 2063 1408 2087 xu,
1433 2059 1630 2082 concurrentes
1644 2062 1670 2081 v.
1687 2053 1861 2081 Novilunimn

1079 2104 1197 2131 medium
1211 2110 1243 2130 ex
1257 2102 1369 2128 Frisicis
1382 2100 1485 2128 Mulieri
1500 2100 1609 2128 tabulis,
1618 2099 1704 2126 Martii
1718 2107 1778 2132 xtu,
1795 2099 1860 2126 hora

1078 2150 1106 2180 7,
1118 2149 1162 2179 59,
1175 2148 1219 2179 '59.
1231 2152 1293 2182 post
1302 2147 1373 2174 mcd.
1389 2150 1507 2177 noctem,
1522 2145 1584 2172 luna
1598 2153 1652 2177 xiv,
1671 2144 1760 2171 Martii
1774 2153 1834 2172 xxvi
1851 2152 1860 2171 :

1079 2195 1126 2222 sed
1136 2194 1170 2221 ob
1187 2193 1340 2229 προήγησιν
1355 2191 1471 2218 Niczenis
1482 2191 1661 2225 temporibus,
1677 2191 1710 2217 ad
1724 2198 1785 2225 qua:
1801 2190 1862 2217 Dio—

1081 2287 1144 2312 luna
1153 2292 1209 2317 xtv,
1219 2283 1305 2310 Martii
1318 2290 1378 2315 xxv,
1391 2282 1448 2309 sive
1463 2289 1510 2309 vm
1522 2281 1572 2308 Kal
1592 2281 1668 2316 Apr.,
1679 2282 1718 2308 lit.
1730 2281 1861 2310 Dominic.

1081 2330 1111 2358 Β.
1130 2329 1247 2357 Proinde
1263 2328 1350 2356 Martii
1363 2336 1444 2359 xxvn,
1462 2327 1611 2355 Dominica.
1628 2326 1696 2354 Hine
1711 2332 1753 2354 est
1780 2329 1861 2363 quod,

1081 2381 1111 2404 ut
1126 2376 1221 2404 scribit
1235 2375 1317 2407 Beda,
1335 2373 1478 2409 Dionysius
1496 2373 1529 2400 ad
1543 2373 1698 2401 metliodum
1718 2373 1863 2401 decemuo-

1083 2423 1206 2450 vennaiis
1223 2422 1302 2449 anuis
1329 2420 1435 2447 Domini
1457 2427 1541 2447 unum
1556 2419 1636 2453 adjici
1656 2419 1750 2453 jubet;
1768 2419 1863 2454 signi/i-

1082 2478 1145 2496 carts
1171 2468 1217 2495 illo
1237 2468 1378 2494 incantato
1398 2474 1479 2492 unum
1500 2464 1601 2492 Circuli
1625 2464 1862 2492 deccmuovennalis

1082 2522 1179 2541 ammnt
1195 2515 1252 2550 jam
1265 2514 1345 2548 fuisse
1358 2511 1526 2546 (οηιφιεηιηι.
1544 2510 1648 2544 Quibus
1659 2518 1691 2537 ex
1708 2510 1786 2538 Beda:
1805 2511 1864 2538 Dio-

1083 2561 1206 2597 nysiique
1230 2560 1320 2587 verbis
1335 2559 1458 2586 vitiosam
1485 2557 1712 2592 Dionysianorum
1728 2557 1862 2592 cyclurum

1082 2607 1289 2641 descriptionem
1305 2612 1365 2633 esse
1378 2609 1460 2639 patet,
1470 2610 1529 2638 quae
1542 2603 1611 2638 apud
1625 2602 1749 2630 eumdem
1768 2601 1862 2630 Bedam

1084 2657 1157 2680 tomo
1171 2651 1181 2678 Ι
1194 2651 1336 2686 reperitur.
1349 2648 1386 2676 lbi
1401 2648 1474 2676 enim
1491 2655 1564 2674 anno
1579 2648 1667 2681 pritno
1678 2647 1768 2674 littera
1779 2647 1800 2674 E
1815 2656 1862 2683 po-

1084 2699 1156 2726 nitur
1171 2706 1177 2725 :
1196 2705 1268 2724 anno
1282 2695 1410 2735 secundo,
1422 2694 1474 2722 DC.
1487 2693 1568 2728 Atqui
1581 2693 1684 2728 primus
1697 2700 1786 2720 annus
1799 2694 1861 2729 cycli

1083 2743 1240 2780 Dionysiani
1258 2741 1392 2770 bisextilis
1408 2744 1460 2772 est,
1476 2746 1529 2766 non
1557 2739 1707 2769 secundus,
1722 2738 1770 2772 qui
1786 2738 1861 2765 habet

1084 2791 1199 2818 litteram
1215 2788 1245 2822 B,
1261 2788 1299 2815 uti
1311 2788 1384 2822 prior
1400 2785 1452 2814 DC.
1468 2785 1530 2812 ldeo
1541 2784 1638 2811 merito
1652 2783 1722 2810 Beda
1738 2784 1860 2814 cortexit.

1082 2842 1109 2865 ct
1135 2836 1286 2864 bisextilem
1315 2834 1383 2870 cycli
1405 2833 1522 2868 primum
1551 2839 1655 2858 annum
1681 2837 1743 2857 (sse
1773 2829 1860 2857 voluit.

1083 2886 1244 2918 Quanquam
1258 2879 1391 2916 suspicari
1411 2879 1472 2910 licet
1486 2877 1643 2912 Dionysium
1661 2875 1750 2911 primo
1764 2881 1859 2902 annum
