1935 3044
109 186 163 214 909

688 179 732 207 DE
749 178 842 208 ANNO
859 177 984 206 NATALl
1004 176 1150 206 CHRISTI.

1674 175 1726 202 910

111 243 236 272 Natalem
256 242 283 270 in
299 242 405 269 tertium
421 241 526 277 olymp.”
543 240 592 267 I95
607 239 806 274 conjicientcm,
822 243 895 266 recte
909 241 932 270 Α
946 238 1034 265 littera
1052 237 1129 264 Dom.
1153 236 1183 263 Β.
1195 235 1285 270 Quare
1300 235 1403 264 decima
1422 239 1519 270 quarta
1530 233 1668 261 Paschalis
1685 234 1728 260 in-

111 291 260 317 adnotasse
277 287 431 323 proximum
446 287 522 314 illum
537 291 600 313 ante
624 285 775 313 bisextilem
799 284 894 317 fuisse,

111 336 193 370 eique
206 338 346 369 propterea
366 333 482 359 litteram
496 331 517 358 E
534 331 662 359 tribuisse
678 338 684 356 :
705 334 796 365 postea
806 335 894 357 tamen

113 381 323 412 hallucmatum,
345 378 467 406 Natalem
490 378 661 406 Submovisse
689 377 715 403 in
744 383 845 403 annum
869 383 894 402 iv

113 427 217 461 olymp.
228 425 360 460 ejusdem,
373 424 413 451 vel
425 428 497 451 certe
511 423 621 450 alteram
637 422 790 457 quempiam
811 420 896 448 ascri-

111 473 203 508 psisse
223 472 342 498 litteram
358 469 389 503 E,
405 477 486 504 quam
508 468 653 496 convenire
672 470 764 494 nosset
778 472 850 493 anno
868 472 897 491 ιιι

111 518 215 552 olymp.
240 516 301 544 194,
327 515 371 542 cui
399 513 543 548 Dionysius
562 512 684 539 Natalem
701 511 897 546 assignaverat,

112 570 164 589 nec
179 560 336 592 advertisse,
350 559 439 586 minus
453 558 505 585 hoc
519 558 552 584 ad
567 565 647 585 suum
665 556 818 583 institutum
830 562 898 590 qua-

111 608 203 634 drare.
219 605 363 640 Utcunque
381 611 444 631 vero
464 603 603 636 ceciderit,
627 609 677 629 nos
698 609 780 629 ieram
795 601 897 636 Diony-

112 653 218 680 sianam
233 659 286 678 uno
303 650 484 684 anticipamus
509 656 600 675 anno:
614 652 641 675 et
653 654 733 682 quem
748 647 791 673 ille
808 646 898 672 incar-

113 698 234 726 nationis
252 704 279 724 et
301 696 456 723 Nativitatis
480 703 580 722 annum
602 701 662 721 esse
679 693 774 725 voluit,
806 692 898 727 proxi-

113 751 188 770 mum
203 750 218 769 a
236 741 380 769 Nativitate
393 737 897 774 conslituimus,quodimprudentibus

113 788 194 815 nobis
207 787 337 821 obrepsit.
353 786 420 814 Cum
431 786 503 813 enim
524 791 642 818 maiores
658 784 744 811 nostri
762 791 848 810 annos
864 782 898 809 ab

113 832 303 859 lncarnatione
317 834 500 861 numerarent,
519 833 613 864 postea
625 827 727 855 factum
739 833 790 858 est,
802 831 832 854 ut
848 827 896 862 qui

112 884 129 904 a
145 876 290 903 Nativiiate
302 875 392 909 potius
405 874 510 901 initium
535 878 656 907 repetere
669 873 777 905 vellent,
793 880 854 900 cum
870 881 895 899 ix

113 929 223 949 menses
239 921 380 948 detrahere
397 920 536 952 deberent,
552 920 638 946 tribus
655 922 823 946 antevertere
838 925 895 944 nia-
910 907 934 937 Β

114 968 226 999 iuerint,
243 971 268 994 et
283 967 318 994 ab
332 973 366 993 eo
380 964 478 995 Natali,
494 964 540 999 qui
556 964 753 991 lnearnationis
766 963 896 996 epoeham

114 1012 260 1043 antecedit,
273 1018 325 1038 non
337 1010 372 1038 ab
387 1018 421 1037 eo
433 1009 479 1045 qui
494 1009 630 1044 sequitur,
648 1008 809 1036 numerandi
822 1008 897 1042 prin-

113 1057 217 1093 cipium
233 1055 373 1084 duxerint.
392 1054 512 1081 Tametsi
528 1053 731 1081 vetustissimus
756 1053 800 1080 hic
821 1059 899 1079 error

112 1110 156 1132 est
184 1103 306 1137 adeoque
329 1100 450 1140 Diqnysii
472 1100 567 1135 ipsius,
598 1106 628 1127 ac
654 1098 741 1126 Dedin.
769 1097 898 1124 Hincilla

112 1150 188 1176 velut
201 1156 234 1175 ex
250 1147 352 1182 tripode
364 1145 534 1180 pronuntiata
550 1144 682 1172 sententia
697 1151 702 1168 :
722 1142 807 1169 Habet
818 1142 897 1173 enim,

112 1194 166 1222 nisi
183 1192 275 1228 fallor,
298 1191 423 1218 Ecclesia:
437 1190 513 1224 fides,
532 1189 671 1215 Dominum
685 1188 712 1214 in
727 1195 805 1214 carne
819 1187 899 1221 paulo

112 1240 174 1275 plus
187 1246 267 1274 quam
283 1237 450 1264 xxxiiiamiis
462 1243 540 1270 usque
557 1235 590 1261 ad
607 1242 655 1260 sua
669 1237 785 1268 tempora
796 1233 899 1267 passio-

113 1287 156 1312 nis
169 1284 265 1311 uixisse
280 1290 289 1308 :
305 1283 368 1317 quia
381 1281 496 1308 videlicet
510 1288 562 1307 xxx
577 1287 705 1306 annorum
721 1279 800 1313 fuerit
813 1278 899 1312 bapti-

114 1336 193 1358 zatus
204 1339 214 1363 ;
227 1330 294 1355 sicut
313 1328 472 1362 evangelista
487 1326 574 1353 Lucas
588 1330 709 1357 testatur,
721 1329 746 1352 et
760 1330 811 1351 tres
822 1324 899 1351 semis

112 1384 197 1403 annos
213 1379 271 1409 post
289 1373 420 1406 baptisma
431 1372 624 1407 iii-indicaverit.
635 1370 773 1398 llaacBeda
783 1377 842 1404 cap.
855 1369 900 1396 illo

113 1423 158 1449 47.
171 1421 238 1454 Quae
252 1420 275 1447 si
286 1427 319 1446 ex
334 1417 471 1449 Ecclesiae,
489 1423 518 1444 ut
530 1417 636 1448 asserit,
652 1416 702 1443 lide
711 1415 819 1443 decreta
832 1415 900 1448 sint,

113 1467 183 1494 nihil
196 1473 287 1493 causa:
302 1468 352 1496 est,
373 1463 439 1498 quin
462 1463 519 1496 ipsa
533 1466 627 1489 contra
655 1467 828 1488 communem
852 1460 902 1486 Ec-

115 1512 206 1540 clesia:
219 1511 298 1537 tidem
315 1508 425 1536 sentiat.
447 1507 550 1534 Etenim
563 1506 701 1534 Christum
719 1512 828 1540 passum
842 1511 903 1532 esse

116 1557 199 1584 tradit
218 1564 290 1582 anno
308 1562 368 1582 atra:
384 1558 484 1580 nostra).
504 1552 548 1580 5i.
568 1551 645 1579 Unde
667 1550 899 1586 quemadmodum

117 1609 219 1629 annum
236 1607 297 1627 tera:
315 1603 412 1626 nostra:
423 1598 483 1631 555,
493 1597 538 1632 qui
554 1602 595 1624 est
612 1595 724 1624 secundi
743 1594 902 1631 Dionysiaiii

116 1646 187 1682 cycli
205 1645 353 1675 Secundus,
373 1643 539 1677 respondere
564 1646 656 1669 censet
682 1648 753 1667 anno
776 1640 825 1672 illi,
848 1647 902 1674 quo

115 1691 244 1719 Christus
258 1690 418 1716 incarnatus
433 1692 475 1715 est
491 1695 498 1713 :
515 1687 550 1714 ita
567 1687 601 1714 ad
621 1686 674 1713 552
686 1685 746 1712 addi
766 1685 844 1720 jubet
857 1685 901 1717 54,

117 1741 148 1763 ιιι
163 1737 230 1763 ϋὲὶιιι
244 1734 306 1767 5ϋ6,
322 1733 368 1768 qui
384 1740 473 1760 anuus
490 1732 653 1767 respondeat
680 1731 757 1758 alteri
782 1730 831 1762 illi,
849 1737 904 1764 quo

117 1789 217 1817 passus
232 1786 275 1808 est
289 1779 429 1812 Dominus,
446 1779 491 1814 qui
505 1784 546 1806 est
558 1786 618 1805 :rrae
633 1778 677 1805 54.
691 1777 809 1812 Apparet
822 1776 904 1812 igitur

117 1826 191 1861 apud
210 1825 321 1857 Bcdam,
337 1829 363 1851 et
379 1823 537 1859 Dionysium
565 1830 597 1849 co
609 1829 694 1854 anno,
709 1822 754 1857 qui
779 1827 821 1849 est
844 1828 904 1848 atra:

118 1871 275 1900 communis
288 1870 334 1903 54,
350 1870 417 1905 cycli
447 1868 604 1903 Dionysiani
624 1868 669 1899 55,
685 1867 822 1895 Christum
844 1874 904 1894 esse

118 1925 243 1954 passum.
260 1916 350 1949 Quare
372 1923 446 1954 cum,
470 1919 500 1941 ut
516 1915 554 1941 illi
576 1918 709 1945 statuunt,
736 1921 808 1940 anno
836 1913 902 1949 cycli

117 1963 248 1993 secundo,
270 1971 331 1989 atrio
356 1951 445 1988 autem
469 1962 567 1996 primo,
586 1961 744 1988 incarnatus
770 1964 904 1995 natusque

118 2009 154 2036 sit
170 2007 304 2034 Dominus
329 2014 414 2034 :cum
441 2013 538 2040 passus
561 2011 612 2038 est,
640 2013 727 2032 annos
751 2005 905 2032 absolverat

118 2056 253 2083 duntaxat
276 2062 350 2081 xxxii
375 2061 434 2080 cuin
456 2053 560 2086 aliquot
583 2052 732 2078 mensibus.
756 2051 812 2078 Nisi
835 2051 905 2078 forte

117 2110 221 2131 annum
246 2101 334 2129 aetatis
357 2100 474 2135 primum
501 2106 675 2125 numeremus
705 2099 792 2130 illum,
808 2106 861 2133 quo
877 2098 903 2124 in

118 2154 197 2177 utero
214 2147 308 2174 matris
322 2150 442 2180 gestatus
457 2150 512 2176 est;
528 2143 599 2178 quod
614 2143 840 2170 absurdissimum
852 2147 903 2169 est.

155 2194 188 2220 Et
205 2198 294 2220 tamen
311 2191 465 2225 Campanus
481 2189 596 2222 insignis
604 2192 792 2220 computoruin
808 2188 904 2215 artifex

946 284 1031 311 currit
1045 284 1071 310 in
1088 291 1114 311 ix
1128 284 1192 318 Apr.
1210 283 1259 310 fer.
1273 290 1319 309 vn.
1332 281 1466 309 Postridie
1480 282 1569 314 itaque
1586 279 1726 307 Dominica

946 329 1095 357 Paschalis.
1111 329 1191 364 Atqui
1209 333 1237 355 ut
1247 327 1372 356 Christus
1389 331 1470 354 natus
1487 327 1521 354 sit
1529 330 1646 354 exeunte
1656 332 1729 352 anno

947 375 1111 410 Dionysiano
1123 374 1252 407 secundo,
1267 381 1339 400 anno
1351 373 1384 400 54
1396 377 1523 405 exeunte,
1543 379 1597 399 non
1611 371 1729 407 amplius

947 427 1021 447 xxxii
1035 427 1121 447 annos
1135 419 1237 447 solidos
1261 419 1421 454 expleverit;
1438 418 1548 445 ineunte
1564 425 1629 445 vero
1646 425 1727 447 xxxv.

950 466 1117 493 tricesimum
1131 466 1238 493 tertium
1253 466 1405 493 inchoabat.
1421 464 1492 500 Ergo
1507 464 1625 499 primum
1641 463 1729 491 atatis

947 517 1048 537 annum
1074 510 1228 546 Campanus
1244 518 1305 538 eum
1325 513 1460 542 numerat,
1478 516 1532 544 quo
1554 509 1581 536 in
1601 513 1726 536 materno

948 562 1027 585 utero
1039 561 1158 592 gestatus
1175 561 1226 584 ρει.

947 613 986 640 De
1006 613 1143 648 Sigeberti,
1170 612 1302 643 Mariatii,
1321 611 1484 648 aliorumque
1512 611 1729 645 chronologorum

981 647 1204 689 litilliicinaiione,
1239 647 1308 682 quod
1350 647 1384 673 ad
1421 655 1481 674 cera:
1512 648 1730 680 anticipationem

983 687 1105 717 pertinet.

982 739 1060 772 Quod
1080 743 1122 767 est
1139 746 1154 766 a
1174 739 1252 767 nobis
1279 739 1403 774 proxime
1428 738 1606 773 disputatum,
1626 736 1729 772 Diony-

952 785 1055 812 siaoam
1089 792 1180 818 teram,
1215 793 1277 813 cum
1297 785 1331 812 ab
1358 791 1430 811 anno
1463 783 1659 811 lncarnationis
1687 782 1731 810 in-

948 830 1070 857 choanda
1091 831 1126 858 sit
1146 830 1180 857 ab
1193 837 1236 863 eo,
1264 830 1311 865 qui
1335 829 1505 857 Nativitatem
1523 829 1656 864 sequitur,
1679 828 1729 855 lio-

947 875 1043 902 dierno
1057 882 1107 902 usu
1124 876 1218 909 repeti,
1234 876 1321 910 prima
1336 875 1424 902 fronte
1439 874 1595 909 Sigcbertus
1607 874 1730 901 animad-

949 920 1062 947 vertisse
1088 919 1172 946 videri
1198 923 1296 954 potest.
1323 918 1390 946 Nam
1410 918 1442 945 ad
1462 925 1563 945 annum
1591 918 1644 945 552
1675 917 1732 944 hinc

947 965 1073 991 adnotat:
1085 964 1123 990 Ab
1137 965 1183 990 hoc
1199 964 1280 992 etiam
1294 972 1363 990 anno
1374 963 1518 997 Dionysius
1533 963 1613 989 abbas
1629 963 1732 989 orditur

948 1008 1049 1043 cyclum
1065 1017 1156 1041 suum,
1183 1008 1314 1043 cyclorum
1346 1017 1360 1034 ν
1387 1007 1668 1035 decemnoveimalium.
1699 1007 1732 1033 Et

948 1056 1010 1090 quia
1024 1057 1152 1082 secundus
1172 1063 1256 1082 annus
1271 1055 1349 1088 hujus
1368 1055 1453 1089 operis
1474 1055 1633 1081 concordare
1655 1055 1731 1081 debet

949 1101 977 1126 in
992 1101 1093 1127 ratione
1119 1101 1235 1134 computi
1250 1101 1335 1134 primo
1351 1107 1420 1126 anno
1443 1099 1600 1126 Nativitatis
1621 1099 1731 1131 Christi,

949 1145 1022 1172 debet
1040 1153 1111 1172 xxxv
1121 1153 1205 1171 annus
1217 1145 1284 1180 cycli
1298 1144 1457 1179 Dionysiani
1471 1145 1630 1171 concordare
1642 1145 1667 1170 in
1686 1153 1715 1170 ra
1725 1159 1732 1164 -

951 1192 1021 1218 tione
1048 1192 1163 1225 computi'
1197 1192 1327 1218 tricesimo
1362 1191 1439 1217 tertio
1475 1199 1543 1227 apno
1573 1190 1732 1217 Natit‘itatis

951 1235 1070 1263 Christi:
1089 1237 1188 1264 scilicet
1199 1241 1227 1263 ut
1241 1245 1284 1263 xiv
1296 1236 1360 1263 litna
1374 1236 1472 1271 Aprilis
1491 1241 1612 1263 occurrat
1625 1245 1650 1263 ix
1669 1236 1731 1263 Kal.

951 1281 1017 1316 Apr.
1032 1283 1057 1308 in
1069 1289 1085 1308 ν
1099 1282 1187 1317 feria:
1204 1281 1298 1309 Passio
1312 1281 1412 1309 Christi
1428 1290 1475 1309 vni
1496 1281 1562 1310 Kal.
1577 1283 1642 1317 Apr.
1655 1284 1681 1309 in
1706 1289 1732 1310 vt

952 1327 1040 1362 feria;
1055 1326 1221 1353 Resurrectio
1248 1334 1274 1353 Vl
1292 1325 1356 1353 Kal.
1383 1327 1448 1361 Apr.
1470 1327 1497 1354 in
1517 1327 1655 1354 Dominicu
1679 1327 1732 1355 die.

952 1371 1004 1398 Sed
1019 1371 1082 1406 quia
1093 1379 1145 1397 non
1164 1371 1202 1398 ita
1219 1371 1344 1401 occurrit.
1362 1372 1406 1398 sed
1429 1371 1491 1398 luna
1506 1379 1551 1398 xtv
1565 1371 1664 1406 Aprilis
1689 1380 1735 1399 oc-

952 1418 1035 1444 currit
1051 1425 1080 1444 eo
1097 1425 1166 1444 anno
1180 1425 1217 1444 xii
1234 1416 1299 1443 Kal.
1314 1418 1377 1452 Apr.
1393 1418 1420 1444 in
1441 1418 1528 1451 prima
1541 1417 1625 1452 feria:
1643 1418 1735 1445 Denti-

953 1463 1013 1490 nica
1025 1471 1083 1490 vero
1099 1463 1154 1490 dies
1173 1463 1282 1489 Pascha:
1299 1463 1325 1489 in
1343 1471 1357 1489 ν
1386 1462 1448 1489 Kal.
1466 1463 1542 1496 Apr..
1564 1463 1622 1490 ideo
1635 1465 1735 1499 impro-

954 1509 1042 1542 batur,
1058 1510 1120 1544 quia
1138 1514 1266 1543 repugnat
1287 1508 1443 1544 evangelica:
1452 1510 1566 1536 veritati.
1584 1509 1644 1537 llaec
1660 1510 1735 1545 Sige-

955 1552 1058 1579 bertus.
1076 1551 1142 1584 Quae
1165 1559 1226 1579 cum
1252 1552 1448 1580 obscurissima
1476 1558 1558 1581 sunt:
1589 1559 1645 1581 tum
1671 1562 1736 1582 vero

955 1605 1017 1625 cum
1034 1598 1072 1625 ait
1086 1605 1187 1625 annum
1205 1598 1273 1634 cycli
1289 1598 1446 1634 Dionysiaui
1460 1599 1495 1626 '55
1515 1600 1680 1634 respondere
1702 1601 1737 1627 55

952 1644 1120 1676 Nativitatis,
1138 1644 1209 1671 istud
1221 1644 1324 1679 ipsum,
1343 1644 1416 1678 quod
1432 1652 1446 1671 a
1465 1645 1544 1672 nobis
1561 1645 1736 1672 observatum

953 1694 1005 1722 est,
1026 1688 1160 1716 allirmare
1175 1689 1290 1716 videtur.
1315 1688 1383 1716 Nam
1401 1690 1423 1716 si
1447 1690 1627 1725 Dionysianus
1643 1691 1737 1725 cyrlus

953 1744 1008 1763 uno
1025 1743 1096 1763 anno
1109 1734 1327 1762 lncaruationein
1346 1735 1490 1767 antecedit,
1510 1743 1621 1763 necesse
1636 1741 1688 1768 est,
1707 1740 1737 1764 ut

952 1780 1075 1814 ejusdem
1092 1779 1158 1815 cycli
1175 1779 1271 1806 tertius
1288 1780 1392 1814 primus
1408 1779 1443 1807 sit
1459 1783 1520 1814 post
1542 1779 1714 1808 Nativitalem
1727 1801 1736 1814 ,

953 1826 1075 1860 adeoque
1099 1825 1166 1860 cycli
1184 1821 1219 1852 55
1245 1825 1314 1852 sita
1341 1825 1485 1852 Nativitate
1513 1826 1557 1852 55.
1584 1825 1622 1853 Ita
1649 1834 1736 1855 annos

953 1870 1107 1898 Nutivitatis
1133 1875 1195 1905 post
1221 1869 1395 1898 Nativitatem
1428 1871 1513 1906 ipsam
1544 1872 1661 1906 cuipiam
1693 1873 1736 1900 iii-

954 1917 1053 1944 clioare
1067 1917 1210 1944 videbitur.
1227 1916 1326 1944 Verum
1344 1918 1486 1945 character
1502 1918 1556 1951 ille,
1569 1926 1649 1953 quem
1666 1919 1732 1946 sub-

952 1963 1024 1997 jicit,
1040 1963 1112 1990 aliud
1127 1970 1178 1990 nos
1191 1962 1348 1990 existimare
1361 1964 1441 1997 cogit.
1467 1963 1573 1991 Etenim
1596 1963 1738 2000 Dionysia-

954 2015 1016 2035 iiam
1031 2016 1113 2036 ieram
1131 2009 1252 2040 damnat,
1270 2008 1342 2043 quod
1356 2016 1417 2035 cum
1435 2016 1523 2036 annus
1536 2009 1604 2044 cycli
1623 2009 1658 2036 35
1675 2018 1737 2039 cum

954 2060 1027 2080 anno
1042 2053 1197 2081 Nativitatis
1214 2053 1249 2080 55
1263 2055 1410 2080 convenire
1431 2053 1538 2086 debeat,
1558 2055 1622 2089 quia
1640 2063 1738 2082 secun-

955 2099 1006 2126 dus
1020 2099 1087 2133 cycli
1104 2099 1206 2133 primus
1223 2103 1264 2126 est
1278 2098 1442 2131 Nativilatis,
1462 2107 1630 2134 nequaquam
1645 2104 1736 2128 tamen

955 2145 1128 2172 consentiat:
1144 2151 1284 2180 propterea
1301 2147 1373 2180 quod
1397 2146 1431 2173 55
1455 2146 1522 2181 cycli
1540 2146 1631 2174 lunam
1659 2147 1740 2175 habet

956 2198 1001 2217 xiv
1032 2190 1058 2217 in
1085 2199 1123 2217 xii
1149 2191 1206 2218 Kal.
1226 2192 1291 2226 Apr.
1309 2191 1376 2218 feria
1393 2199 1411 2223 i,
1430 2191 1482 2218 hoc
1496 2196 1537 2219 est
1558 2192 1646 2219 Martii
1675 2201 1737 2227 xxt,

119 2241 146 2267 in
167 2238 234 2266 illud
250 2237 394 2272 prolapsus
409 2239 459 2262 est.
475 2233 542 2261 Nam
564 2234 588 2260 in
601 2234 747 2268 Computo,
760 2241 819 2268 cap.
832 2233 866 2259 2i
877 2237 904 2259 et
920 2243 942 2270 ι)
957 2233 1060 2261 Pascha
1076 2242 1140 2262 vero
1156 2243 1172 2262 v
1187 2234 1246 2262 Kal.
1271 2235 1348 2270 Apr.,
1366 2243 1455 2262 annus
1474 2240 1564 2262 autem
1585 2235 1740 2265 Nativitatis

119 2287 164 2318 59.,
177 2284 317 2312 Christum
343 2281 486 2307 Dominum
501 2284 593 2306 natum
604 2283 741 2306 asseverat
753 2286 824 2304 anno
837 2277 903 2313 cycli

121 2329 376 2362 decemiiovennalis
405 2326 536 2358 secundo,
563 2326 629 2360 cycli
659 2333 722 2352 vero
749 2329 903 2359 cpactarum

120 2377 212 2408 tertio,
229 2379 290 2401 ante
305 2381 321 2400 ιι
340 2370 591 2403 niciisesinchoato,
609 2370 651 2396 die
668 2369 793 2397 vicesima
808 2376 905 2404 quarta

119 2420 270 2451 lunationis
297 2417 495 2449 cmbolima‘ae,
519 2423 580 2451 qua:
603 2416 721 2442 Secundo
746 2415 905 2442 Decembris

119 2469 196 2500 iniit;
218 2467 294 2502 cyclo
309 2465 375 2492 solis
393 2472 420 2497 x,
447 2463 536 2490 littera
553 2462 631 2490 Dom.
650 2463 679 2489 Β.
703 2461 761 2489 Non
776 2462 846 2489 alius
861 2462 905 2488 hic

119 2521 209 2541 annus
222 2516 274 2543 est,
295 2518 376 2546 quam
401 2517 462 2536 (erit:
483 2508 654 2543 Dionysiaiim
681 2508 785 2542 primus
799 2527 806 2539 ,
836 2507 904 2542 cycli

121 2555 281 2592 Dionysiani
307 2554 453 2585 secundus,
474 2561 554 2587 quem
573 2560 622 2580 nos
639 2553 755 2587 primum
776 2560 790 2579 a
816 2551 904 2579 Natali

120 2607 278 2637 computare
297 2601 434 2633 solemus;
451 2607 505 2634 quo
522 2599 612 2634 cyclus
627 2604 782 2633 cpactarum
798 2601 904 2632 trrtius,

120 2649 166 2684 qui
180 2648 251 2675 idem
266 2652 307 2675 est
323 2654 384 2674 cum
397 2645 590 2678 Alexandrino,
599 2645 632 2673 ab
645 2645 663 2672 S
674 2646 794 2680 -ptcnibri
812 2653 906 2673 mense

121 2694 213 2729 carpit,
234 2697 358 2721 currente
373 2699 457 2720 aureo
472 2699 584 2719 numero
605 2691 636 2717 ll.
663 2690 769 2718 Rursus
794 2699 905 2726 passum

121 2749 182 2768 esse
196 2740 336 2767 Christum
354 2739 430 2766 docet
442 2746 513 2765 anno
528 2738 615 2765 relatis
631 2737 674 2769 5i,
696 2745 750 2772 quo
760 2737 862 2764 Pascha
879 2738 904 2764 in

123 2793 148 2813 iv
164 2785 225 2812 Eid.
240 2785 305 2819 Apr.
323 2783 428 2811 incidit.
446 2783 493 2811 Est
507 2783 530 2810 is
542 2791 631 2811 annus
653 2791 714 2809 atra:
735 2782 906 2818 Dionysianze

121 2831 167 2863 55,
181 2839 237 2866 quo
257 2829 332 2866 cyclo
356 2829 461 2856 labente
475 2828 547 2856 luna:
561 2835 624 2859 xvn,
647 2826 793 2854 Neonicnia
821 2826 906 2855 Nisan

122 2876 224 2906 Μαίωιὶ
236 2876 307 2904 radit
318 2876 344 2903 in
361 2875 451 2903 Martii
465 2883 550 2909 xxVii,
566 2874 663 2907 feriat,
681 2873 757 2908 ryclo
771 2873 837 2901 solis
849 2882 904 2908 xw,

958 2280 992 2306 55
1008 2280 1098 2307 lunam
1114 2288 1160 2307 χιν
1180 2281 1305 2308 habuerit
1334 2289 1359 2308 ix
1378 2281 1438 2308 Kal.
1465 2281 1530 2316 Apr.
1555 2280 1622 2308 feria
1647 2290 1673 2314 v,
1690 2282 1740 2310 Pa-

958 2326 1023 2353 scha
1037 2334 1063 2352 \'l
1089 2325 1150 2354 Kal.
1167 2326 1232 2360 Apr.
1250 2326 1333 2361 Igitur
1349 2335 1422 2354 xxxv
1439 2335 1500 2354 eum
1521 2335 1607 2355 xxxiii
1621 2337 1685 2361 non,
1710 2321 1759 2358 ut.

958 2371 1082 2405 debebat,
1097 2371 1233 2406 congruit.
1256 2371 1294 2398 lta
1311 2371 1478 2406 Sigebertus.
1498 2372 1568 2399 idem
1584 2373 1617 2400 ad
1638 2382 1738 2402 annum

959 2417 1028 2444 1076
1042 2417 1092 2444 ista
1108 2417 1200 2444 scribit
1214 2426 1220 2444 :
1235 2419 1291 2444 Hoc
1307 2426 1376 2444 atina
1388 2418 1433 2453 qui
1449 2423 1486 2445 est
1501 2427 1549 2446 χιιι
1566 2427 1649 2446 annus
1660 2421 1742 2454 primi

958 2463 1200 2491 decenmovennalis
1212 2463 1279 2499 cycli
1291 2465 1318 2490 in
1331 2465 1440 2498 repetito
1451 2473 1545 2499 magno
1558 2473 1627 2493 anno
1641 2466 1741 2502 Diony-

958 2510 1002 2542 sii,
1016 2510 1118 2537 duobus
1135 2511 1235 2546 magnis
1252 2510 1329 2537 annis
1339 2518 1355 2536 a
1371 2509 1500 2536 Passion:
1514 2510 1621 2538 Domini
1641 2512 1741 2539 ret-olu-

960 2557 1004 2588 tis,
1020 2557 1118 2588 omnia,
1131 2565 1189 2591 qua:
1207 2557 1241 2583 ad
1255 2564 1361 2583 cursum
1388 2557 1453 2584 solis
1469 2562 1493 2583 et
1516 2557 1586 2584 luna:
1610 2563 1737 2592 spectant,

959 2609 1027 2628 anno
1040 2601 1184 2628 Dominica:
1198 2601 1338 2629 Passionis
1355 2602 1523 2629 concordant.
1540 2601 1613 2629 Unde
1631 2609 1739 2637 apparet

958 2649 1026 2681 quod
1039 2647 1182 2682 Dionysius
1203 2655 1254 2674 non
1276 2652 1343 2674 recte
1366 2655 1449 2674 annos
1468 2648 1571 2674 Domini
1597 2647 1669 2681 cyclo
1694 2656 1742 2674 suo

959 2694 1099 2724 aimezuii;
1114 2693 1175 2728 quia
1189 2693 1258 2719 enim
1286 2693 1318 2719 ab
1340 2701 1409 2720 anno
1425 2693 1532 2719 Domini
1557 2692 1609 2719 532
1636 2693 1741 2726 ,τυειιιπι

959 2747 1035 2765 suum
1051 2747 1126 2766 orsus
1140 2744 1199 2770 est,
1221 2739 1346 2765 nimirum
1370 2738 1482 2765 intendit
1504 2737 1638 2764 Christum
1660 2737 1743 2771 fuisse

959 2788 1050 2810 natum
1069 2782 1137 2811 anno
1159 2785 1273 2811 secundo
1302 2785 1399 2818 prioris
1415 2784 1504 2819 magni
1521 2783 1606 2814 anni;
1631 2790 1662 2809 ac
1694 2791 1741 2817 per

959 2830 1006 2857 hoc
1020 2831 1061 2857 hic
1076 2838 1160 2857 annus
1178 2837 1247 2856 anno
1264 2829 1407 2856 Dommicw
1422 2828 1559 2855 Passionis
1576 2827 1741 2854 concordatis

959 2876 1087 2904 debuisset
1104 2884 1159 2903 esse
1181 2875 1269 2910 magni
1294 2874 1361 2908 cycli
1376 2881 1460 2900 annus
1476 2881 1528 2900 non
1552 2872 1605 2906 i5,
1624 2873 1669 2898 sed
1685 2871 1740 2904 35;
