1935 3044
89 188 138 216 9M

671 187 716 215 DE
734 188 828 216 ANNO
846 189 974 216 NATALI
993 189 1133 217 CHRISTI

1668 196 1722 223 902

88 246 151 277 fuit,
165 249 191 272 et
206 244 270 276 Et“,
296 245 352 284 sive
375 244 501 272 Julianus
515 245 561 277 45,
586 244 665 280 lphiti
685 246 747 278 77.5,
764 247 879 273 Lentulo
894 253 915 279 Α
930 255 982 282 quc
1006 247 1213 276 methodus,rel
1231 249 1323 282 pueris
1349 250 1554 285 cognitadmjus
1573 251 1611 278 rei
1638 253 1718 280 fidem

87 297 115 318 et
133 291 288 318 Marcellino
302 298 444 322 coss.,non
461 291 605 323 bisextilis,
624 292 670 319 sed
687 292 721 319 ab
736 299 769 319 eo
782 300 881 320 secun-

86 336 140 363 dus
155 341 206 364 est.
223 337 289 369 Qua».
306 336 396 363 omnia
418 336 444 363 id
468 337 540 370 quod
557 337 637 364 modo
655 338 824 372 propositum
840 342 881 365 est

86 383 240 410 certissime
258 382 462 411 demonstrant:
486 391 588 410 annutn
604 382 743 410 Julianum
762 383 879 418 primum

86 437 136 463 per
152 436 306 463 regressum
324 428 350 455 in
374 429 521 459 anteriora,
535 437 642 464 usuque
661 435 755 456 nostro
769 429 880 457 bisctti-

87 476 140 501 lem
156 481 227 506 esse,
245 478 275 500 ιιι
293 479 319 501 et
341 473 443 501 Paulus
469 474 754 510 Forosemproniensis
776 475 879 503 docuit.

87 519 137 547 Est
147 525 237 547 autem
256 521 281 547 in
295 520 490 548 constituendis
502 520 670 548 bisextilibus
682 521 812 549 habendae
826 530 879 549 non

86 566 217 593 editionis
241 565 367 596 Julianae.
389 566 434 594 sed
451 566 602 601 Augustam:
617 575 650 594 ac
670 572 768 594 nostrae
793 567 878 595 ratio:
900 594 904 599 _

87 611 114 638 id
130 612 202 646 quod
220 611 369 638 Annalibus
398 612 564 647 imposuisse
584 612 701 640 videtur.
726 612 754 639 In
781 613 881 648 quibus

87 664 151 682 cum
177 664 210 682 ex
235 655 300 682 Julii
324 656 440 683 Caesaris
457 657 628 684 institutione
647 657 795 684 bisextilem
817 665 879 684 eum

86 709 150 728 esse
171 705 351 728 monstrasset
375 709 489 732 annum.
506 710 560 736 quo
576 701 707 730 Lentulus
725 708 751 730 et
768 703 881 730 Mareel-

87 746 162 773 linus
184 755 256 774 coss.
281 746 401 779 fnernut,
423 747 576 774 confectam
603 749 655 776 sibi
675 756 731 776 rem
753 748 879 784 putavit;

85 793 167 828 quasi
192 793 327 827 eamdem,
353 801 434 828 quam
451 801 466 820 a
489 793 562 821 Julio
580 794 687 822 C:esare
711 795 879 830 propositam

86 839 213 871 afﬁrmat,
235 839 400 867 bisextilium
425 840 523 866 seriem
549 840 689 874 Augustus
712 841 878 868 retinuisset.

86 884 127 912 Ex
146 892 201 920 quo
220 891 246 912 et
261 885 326 912 illud
352 885 472 912 manavit
498 890 527 913 ut
549 887 582 922 τῇ
597 886 723 912 ὑποθέσει
747 885 880 912 δουλεύων

931 293 967 319 ab
992 293 1087 320 invitis
1112 297 1263 328 extorquet.
1279 293 1355 321 ‘Nam
1373 295 1395 321 si
1411 295 1462 321 hoc
1482 303 1565 328 anno,
1588 304 1644 332 quo
1664 304 1723 326 tum
1760 297 1762 299 ’

931 338 1087 371 scribimus,
1113 339 1159 374 qui
1184 344 1226 366 est
1252 347 1313 366 term
1342 340 1513 376 Dionysianae
1538 342 1604 369 1621
1629 343 1721 379 cyclus

931 384 1012 419 vulgo
1030 389 1201 417 numeratur,
1239 385 1304 412 solis
1316 385 1345 424 β,
1369 386 1438 413 lunae
1453 387 1480 418 7,
1511 387 1603 415 indict.
1620 388 1646 420 4,
1675 398 1721 416 ne-

930 437 1008 456 cesse
1030 434 1071 457 est
1098 435 1127 457 ut
1148 438 1237 457 annus
1262 438 1322 458 tera:
1340 431 1442 465 primus
1470 432 1562 467 cyclos
1586 433 1720 466 habuerit,

931 475 997 502 solis
1014 475 1058 508 10,
1077 475 1149 503 lunze
1161 476 1189 507 εὶ,
1207 475 1299 503 indiet.
1316 477 1350 509 4;
1366 476 1467 504 Natalis
1482 485 1545 504 vero
1559 478 1660 505 Christi
1676 487 1721 506 so-

930 521 964 547 lis
977 520 1004 553 9,
1021 521 1092 548 lunze
1108 521 1119 547 1
1133 541 1140 553 .
1168 522 1261 548 indict.
1280 530 1294 549 a
1313 521 1373 549 Kal.
1391 522 1452 549 Jan.
1475 523 1501 550 3.
1540 522 1597 551 Non
1635 529 1723 559 potest

930 570 1020 593 autem
1039 567 1135 601 triplex
1152 567 1196 593 hic
1210 572 1364 602 postremus
1380 568 1521 595 character
1536 569 1623 601 alteri,
1639 577 1720 604 quam

930 612 964 638 45
987 611 1096 639 Iuliano
1122 613 1215 643 tribui.
1248 613 1355 649 Olymp.
1378 614 1429 640 194
1465 622 1537 641 anno
1555 615 1572 641 4
1595 615 1719 643 labente:

931 657 1008 685 urbis
1024 657 1117 685 Roma!
1133 667 1148 686 a
1166 658 1298 686 Palilibus
1313 659 1491 687 Varronianis
1506 660 1557 687 755
1573 670 1578 687 :
1597 661 1621 687 id
1637 662 1720 696 quodI

930 702 952 729 si
970 708 1042 730 recte
1064 704 1203 738 superiora
1223 706 1310 739 posita
1327 709 1402 736 sunt,
1419 707 1571 733 necessario
1587 708 1720 741 sequitur.

929 746 1112 776 Pl'ﬂllCl‘lllluO
1137 750 1233 776 sideris
1256 750 1400 785 utriusque
1416 750 1585 779 defectiones
1603 760 1634 779 ac
1659 753 1718 780 reli-

929 802 1000 828 quos
1016 803 1150 822 annorum
1166 796 1338 824 characteres
1354 804 1386 824 ac
1413 802 1491 824 notas
1507 807 1513 824 :
1531 798 1630 832 quibus
1645 799 1715 826 velut

930 839 1095 868 ﬁrmissimis
1120 841 1256 876 prasidiis
1273 847 1426 877 temporum
1450 843 1507 870 hzec
1523 844 1645 871 doctrina
1662 852 1725 871 Inu-

931 886 1072 914 nitur:de
1095 887 1195 922 quibus
1219 887 1341 922 plerique
1381 889 1433 916 hac
1458 893 1618 924 tempestate
1643 891 1724 918 docte

85 939 190 958 annum
207 930 345 957 lulianum
369 931 399 958 5t
428 931 579 966 legitimum
605 939 638 958 ex
654 931 770 967 Augusti
788 939 880 959 corre-
896 926 916 953 Β
930 937 1062 967 acuteque
1077 933 1258 967 scripserunt.

85 979 177 1007 ctione
203 978 338 1006 bisextum
355 978 484 1006 habuisse
501 979 612 1007 diceret.
633 979 700 1007 Nam
718 980 776 1007 sive
797 980 831 1007 ab
847 987 880 1007 eo

85 1023 120 1050 ad
136 1024 172 1050 45
195 1030 333 1055 recurras,
359 1024 417 1050 sive
439 1031 454 1050 a
478 1024 566 1058 primo
581 1023 691 1052 Juliano
707 1025 740 1052 ad
755 1025 879 1052 eumdem

85 1067 121 1094 18
141 1067 302 1100 descendas,
330 1067 356 1094 in
384 1067 537 1095 bisextilem
563 1069 677 1096 incides.
704 1069 756 1096 Sed
780 1069 878 1097 falsum

84 1117 138 1143 est.
161 1121 263 1140 annum
286 1113 425 1140 Juliauum
442 1122 473 1141 ex
491 1115 605 1149 Augusti
631 1114 824 1142 reformatione
839 1115 879 1142 bi-

85 1159 212 1186 sextilcm
240 1159 344 1186 fuisse:
363 1160 513 1194 praesertim
541 1161 564 1188 si
588 1161 716 1188 vitiosum
742 1161 878 1188 bisextum

87 1195 278 1234 duodecimum
303 1214 375 1233 anno
404 1198 514 1233 Jitliano
541 1206 586 1239 56,
602 1206 675 1241 quod
703 1207 818 1234 Annales
837 1207 879 1234 fa-

87 1253 175 1284 ciunt,
193 1251 380 1283 tribuerimus.
395 1252 462 1279 adeo
478 1257 507 1280 ut
529 1252 669 1288 Augustus
690 1261 762 1280 anno
775 1253 809 1280 58
823 1257 879 1280 sta-

86 1299 169 1325 tuerit
186 1298 328 1326 duodecim
342 1298 403 1326 illos
414 1298 473 1326 sine
486 1298 592 1326 biscxto
608 1299 798 1333 transigendos
808 1306 877 1326 esse.

86 1344 121 1372 Ut
136 1345 209 1372 enim
226 1345 260 1373 ab
270 1344 459 1373 annoJuliano
471 1345 505 1372 37
514 1345 617 1379 primus
632 1353 662 1371 ex
679 1345 811 1372 duodenis
826 1345 878 1373 illis

85 1391 247 1427 ἀνεμϐόλοις
269 1391 394 1426 ςαιρριηίι,
417 1391 597 1418 duodecimus
617 1390 668 1417 erit
682 1389 806 1417 Julianus
820 1390 855 1417 48
869 1400 876 1417 :

87 1446 142 1472 quo
168 1443 274 1469 exacto,
301 1439 502 1472 peremptisqne
526 1436 640 1463 hisexlis
664 1437 808 1470 supertluis
833 1438 879 1464 tt'i-

86 1485 148 1516 bus,
171 1492 260 1510 annus
286 1483 311 1509 in
338 1483 410 1510 viam
436 1482 565 1509 reductus
580 1487 629 1509 est.
653 1481 730 1509 lianc
752 1490 827 1515 vero,
849 1487 878 1509 ut

85 1530 182 1556 ordine
199 1537 231 1555 ac
254 1529 359 1555 ratione
383 1528 513 1562 deinceps
537 1527 683 1560 insisteret,
701 1532 797 1562 quarto
818 1532 879 1562 post

86 1575 121 1602 48
134 1583 207 1602 anno
222 1575 355 1602 bisextilis
370 1581 459 1601 annus
483 1573 658 1600 collocandus
679 1573 746 1607 fuit;
770 1572 877 1601 Juliano

85 1621 192 1647 scilicet
207 1620 250 1650 5:2,
261 1624 290 1646 ut
301 1628 334 1646 ex
348 1618 431 1646 Paulo
448 1618 627 1652 Middelburg.
644 1620 770 1653 superius
786 1623 877 1644 osten-

85 1667 187 1694 dimus.
208 1666 242 1693 At
263 1673 329 1693 vero
349 1666 372 1692 si
388 1665 418 1692 5|
443 1672 544 1692 annum
569 1665 721 1691 hisextilem
738 1665 878 1698 Augustus

85 1720 148 1740 esse
164 1712 261 1743 voluit,
277 1711 303 1738 in
326 1711 398 1738 idetn
416 1710 513 1737 vitium
531 1711 656 1743 incurrit,
674 1711 746 1744 quod
764 1710 878 1737 Juliame

85 1758 215 1786 editionis
233 1758 310 1784 initio
327 1756 504 1784 commissum
521 1755 609 1783 fuerat
623 1764 630 1788 ;
649 1763 745 1789 nempe
759 1761 787 1782 ιιι
799 1760 878 1782 tertio

86 1807 149 1838 post
174 1802 324 1830 bisextilem
354 1809 427 1829 anno
453 1801 588 1829 hisextilis
614 1801 691 1828 aliter
721 1806 876 1835 poneretur.

87 1849 209 1884 Denique
224 1855 305 1876 nemo
321 1848 452 1875 hactenus
468 1847 595 1874 inventus
611 1852 662 1878 est.
677 1847 723 1882 qui
738 1845 876 1874 lulianum

86 1895 118 1922 51
141 1900 203 1930 post
218 1894 333 1930 Augusti
357 1893 576 1921 emendationem
592 1893 743 1920 bisextilem
766 1892 875 1920 faceret.

123 1941 159 1968 At
173 1941 246 1969 enim
259 1940 468 1968 trecentesimus
489 1939 675 1974 sexagesimus
689 1944 803 1974 quartus
817 1943 878 1973 post

85 1986 163 2014 illum
180 1986 315 2014 bisextilis
337 1991 389 2017 est,
407 1990 455 2013 aut
472 1986 625 2012 docendum
651 1985 678 2011 in
704 1985 877 2013 recensendis

86 2040 161 2060 coss.
176 2032 273 2059 vitium
290 2031 444 2066 irrepsisse.
467 2031 530 2058 llaec
547 2032 618 2058 enim
638 2032 781 2058 Annalium
795 2032 877 2059 verba

86 2083 162 2106 sunt.
185 2078 237 2106 Sed
256 2083 283 2106 ct
297 2079 362 2105 illud
384 2086 438 2105 non
459 2078 550 2105 minus
571 2077 680 2111 falsum,
696 2086 796 2105 annum
817 2086 878 2106 ante

86 2125 254 2152 Christianae
285 2125 352 2155 564,
381 2129 442 2159 post
468 2123 610 2151 Lentulum
638 2130 665 2151 et
692 2123 876 2151 Marcellinum

87 2177 162 2198 coss.
187 2177 248 2197 esse
270 2170 490 2197 trecentesimum
515 2169 715 2204 sexagesimum
737 2174 876 2204 quartum,

87 2222 151 2242 cum
172 2222 233 2241 vere
254 2214 290 2241 sit
303 2214 337 2241 ab
353 2214 462 2240 illorum
486 2214 628 2241 consulatu
647 2214 699 2241 566
714 2223 721 2246 ;
737 2215 876 2242 sciendum

967 977 1007 1004 Ac
1028 978 1062 1005 de
1079 978 1163 1013 cyclis
1188 983 1216 1005 et
1240 978 1266 1005 id
1291 986 1377 1014 genus
1393 979 1455 1007 aliis
1479 981 1646 1007 mentionem
1671 981 1721 1009 hoc

932 1022 992 1050 loco
1007 1031 1041 1051 ne
1057 1024 1147 1052 littera
1162 1024 1272 1059 quidem
1289 1025 1449 1059 attigissem,
1474 1025 1524 1053 nisi
1546 1034 1562 1053 a
1583 1027 1722 1054 nonnullis

932 1073 1017 1096 totum
1035 1068 1087 1096 hoc
1108 1070 1245 1103 negotium
1272 1070 1420 1104 improbari
1438 1078 1589 1103 cernerent,
1606 1078 1638 1097 ac
1664 1075 1722 1098 tan-

930 1122 1013 1148 quam
1032 1115 1112 1141 inanc
1143 1119 1225 1149 atque
1245 1115 1363 1141 otiosum
1380 1115 1472 1142 rideri.
1491 1114 1549 1142 \"idi
1566 1124 1616 1151 ego
1635 1124 1722 1150 nuper

930 1162 975 1196 qui
994 1162 1058 1189 huic
1083 1161 1210 1188 methodo
1228 1161 1333 1195 pondus
1359 1169 1390 1188 ac
1416 1161 1494 1188 fidem
1515 1163 1548 1189 iis
1571 1163 1721 1190 rationibus

930 1207 1095 1234 detraheret.
1119 1207 1241 1234 Primum
1257 1207 1394 1242 cyclorum
1409 1207 1540 1234 incertam
1555 1209 1646 1236 aiebat
1660 1217 1721 1236 esse

929 1253 1148 1288 dispositionem,
1171 1261 1260 1287 neque
1279 1260 1443 1287 quemquam
1459 1261 1542 1280 unum
1557 1262 1618 1281 eum
1635 1255 1721 1281 altero

929 1299 1096 1326 convenire:
1115 1300 1188 1334 quod
1212 1299 1259 1326 alii
1282 1299 1335 1326 alio
1363 1299 1429 1326 solis
1445 1307 1477 1326 ac
1499 1300 1570 1327 lunre
1584 1301 1660 1336 cyclo
1677 1301 1720 1328 fa-

930 1345 1061 1372 bricatum
1078 1345 1162 1372 velint
1182 1345 1352 1372 universum.
1370 1344 1423 1372 Sed
1438 1346 1499 1372 huic
1513 1345 1591 1373 facile
1608 1355 1622 1374 a
1637 1348 1717 1374 nobis

931 1391 1096 1417 occurritur.
1113 1389 1198 1416 Nemo
1215 1395 1256 1417 est
1269 1390 1342 1417 enim
1364 1391 1410 1424 qui
1427 1391 1536 1425 quidem
1551 1392 1606 1418 duo
1621 1400 1651 1418 ac
1669 1394 1720 1420 tria

930 1443 1072 1462 numerare
1095 1436 1198 1470 possit;
1224 1435 1271 1470 qui
1309 1436 1335 1462 in
1364 1435 1531 1471 Dionysiaua
1558 1437 1719 1472 volgarique

929 1481 1016 1508 forma
1032 1481 1122 1516 cyclos
1137 1481 1215 1508 aliter
1235 1486 1374 1516 computet
1387 1489 1468 1516 quam
1492 1482 1582 1517 quivis
1599 1491 1614 1510 e
1626 1483 1716 1518 vulgo.

928 1527 1021 1555 Potest
1035 1527 1145 1562 quidem
1170 1528 1196 1554 in
1223 1534 1369 1559 annorum,
1396 1528 1442 1562 qni
1468 1528 1502 1554 ah
1526 1528 1592 1561 orbe
1609 1530 1720 1557 condito

929 1574 1042 1605 fluxere,
1061 1580 1176 1600 numero
1191 1573 1259 1600 alter
1276 1573 1309 1600 ab
1323 1573 1409 1600 altero
1423 1573 1578 1602 dissentire.
1605 1574 1656 1602 Sed
1672 1576 1718 1610 qtti

928 1621 962 1647 de
976 1620 1056 1646 annis
1071 1619 1141 1646 inter
1155 1626 1183 1645 se
1203 1619 1390 1649 convenerint.
1411 1618 1439 1645 in
1454 1619 1550 1654 cyclis,
1566 1619 1616 1647 nisi
1635 1628 1719 1655 pecu--

928 1664 977 1691 des
1006 1664 1079 1695 sint.
1113 1663 1278 1691 conveniant
1311 1671 1423 1690 necesse
1450 1667 1503 1690 cst.
1539 1663 1626 1692 Habet
1654 1673 1720 1692 vero

929 1717 1057 1745 magnum
1077 1718 1108 1737 ea
1125 1717 1169 1736 res
1184 1709 1218 1736 ad
1234 1716 1319 1735 annos
1334 1708 1497 1736 evehendus
1514 1717 1593 1736 usum
1614 1715 1641 1736 et
1669 1718 1721 1744 op-

928 1756 1120 1790 portunitatem
1136 1765 1143 1782 :
1162 1760 1190 1782 ut
1214 1763 1228 1782 a
1245 1754 1331 1789 teipse
1351 1762 1404 1781 non
1429 1755 1574 1786 dissideas.
1591 1760 1617 1782 ut
1633 1763 1723 1782 anim-

928 1809 989 1828 rum
1008 1802 1166 1833 varietates,
1188 1809 1252 1836 qua:
1269 1804 1333 1828 sunt
1347 1808 1396 1835 pro
1408 1800 1548 1832 nationum
1563 1801 1721 1836 diversitate

928 1847 1103 1880 multiplices,
1127 1851 1229 1874 certam
1258 1846 1291 1873 ad
1317 1847 1436 1880 regulam
1456 1854 1635 1881 normamque
1656 1848 1722 1874 diri~

929 1900 987 1928 gas,
1015 1898 1043 1920 ut
1062 1893 1097 1920 ab
1120 1892 1310 1920 astronomicis
1326 1893 1563 1920 obsnrvatiouibus
1577 1894 1604 1920 in
1628 1901 1723 1928 porse-

929 1937 1038 1971 quenda
1068 1942 1220 1972 temporum
1252 1937 1435 1971 descriptione
1470 1945 1524 1965 non
1559 1939 1720 1966 abhorreas.

931 1981 1034 2009 Etenim
1061 1983 1083 2010 si
1114 1983 1178 2010 anni
1204 1982 1304 2009 Juliaui
1325 1982 1424 2014 forma,
1448 1990 1510 2017 qua:
1532 1987 1591 2018 post
1615 1984 1719 2019 aliquot

930 2034 1064 2054 annorum
1091 2027 1176 2054 millia
1197 2032 1304 2062 recepta
1330 2028 1390 2058 fuit,
1406 2033 1516 2062 propter
1538 2031 1719 2058 commodita-

929 2078 984 2100 tem
1012 2074 1046 2100 ab
1074 2074 1201 2101 onmibus
1225 2074 1303 2101 hodie
1331 2075 1504 2109 chronologis
1529 2075 1562 2102 ad
1581 2077 1719 2103 anteriora

929 2120 1010 2146 etiam
1031 2124 1153 2153 tempora
1174 2124 1328 2150 revocatur,
1357 2120 1390 2145 al
1421 2127 1537 2154 eamque
1562 2120 1719 2148 referuntur

928 2164 989 2198 jure
1005 2170 1118 2194 caetera;
1133 2172 1182 2191 cur
1199 2172 1253 2191 non
1275 2165 1302 2191 in
1321 2165 1405 2200 cyclis
1423 2173 1554 2199 usurpare
1566 2166 1635 2193 idem
1652 2167 1718 2193 lice-

929 2210 990 2237 bit?
1011 2210 1148 2242 Qmeritur
1163 2217 1217 2245 quo
1238 2218 1310 2237 anno
1327 2212 1416 2245 Cyrus
1433 2212 1458 2238 in
1477 2211 1587 2238 Perside
1605 2219 1718 2246 regnare

87 2261 161 2287 enim
178 2264 219 2287 est
232 2259 287 2287 duo
297 2260 323 2286 in
337 2259 483 2286 Annalibus
496 2260 571 2294 paria
583 2260 729 2287 consulum
741 2266 876 2295 exempta,
894 2267 916 2294 Ι)
931 2256 1053 2290 cmperit.
1067 2255 1167 2283 Audies
1176 2264 1190 2282 a
1200 2256 1373 2291 cbronologis
1384 2264 1457 2284 anno
1467 2257 1553 2292 primo
1567 2256 1672 2293 Olymp.
1683 2259 1718 2285 5:5

87 2307 190 2342 quibus
215 2314 248 2333 ex
273 2306 369 2334 ordine
390 2306 516 2336 sublatis,
547 2305 702 2332 Christiana
729 2314 794 2339 atra,
816 2314 878 2341 qua:

87 2352 199 2379 biennio
223 2351 354 2378 hactenus
379 2351 528 2384 anticipata
555 2350 654 2383 fuerat,
683 2359 744 2377 cum
773 2350 878 2385 vulgari

88 2399 199 2425 demunt
220 2397 246 2424 in
262 2397 435 2424 concordiam
455 2396 533 2432 rediit
549 2406 556 2422 :
572 2395 644 2430 quod
668 2395 737 2422 idem
760 2396 785 2422 in
803 2395 878 2423 Oriu-

89 2444 185 2471 trianis
207 2442 306 2475 Fastis,
330 2443 386 2477 pari
413 2449 485 2470 coss.
509 2450 564 2469 uno
581 2449 739 2476 suppresso,
755 2442 876 2478 contigit,

88 2492 121 2519 de
135 2499 190 2525 qua
205 2497 233 2518 re
249 2489 428 2524 opportunius
445 2488 509 2515 alibi
531 2487 648 2515 dicetur.

122 2536 183 2564 Jam
209 2544 285 2567 vero,
310 2535 382 2570 quod
408 2541 462 2562 atra
488 2534 535 2561 illa
563 2534 728 2566 communis.
753 2541 833 2568 quam
861 2542 875 2561 a

89 2582 190 2610 Christi
205 2582 291 2609 Natali
308 2581 467 2616 repetimus,
481 2581 606 2608 eumdem
622 2580 744 2608 Natalem
758 2581 783 2607 in
797 2581 876 2608 tinent

87 2628 189 2655 Juliani
207 2628 243 2655 45
256 2628 394 2663 conjiciat,
409 2635 442 2654 rx
457 2627 602 2662 disputatis
626 2627 757 2654 hactenus
772 2626 809 2653 ita
823 2627 878 2653 col-

89 2673 348 2708 ligiturzAugustus
372 2673 519 2707 imperator
533 2671 652 2700 excessit
672 2679 744 2698 anno
769 2671 877 2698 Juliano

89 2719 135 2746 .59.
155 2718 203 2746 Est
224 2724 315 2746 autent
341 2726 364 2746 IS
379 2726 440 2746 terat
467 2717 638 2753 Dionysianae
653 2717 695 2749 M,
715 2721 743 2744 ut
756 2722 818 2744 ante
832 2718 878 2743 de-

88 2769 270 2792 monstrntum
288 2770 338 2793 est.
362 2764 445 2800 Igitur
462 2772 522 2792 mne
538 2764 620 2798 hujus
637 2763 743 2791 initium
755 2771 787 2790 ex
805 2771 829 2790 a.
849 2763 875 2790 d.

89 2810 148 2838 Kal.
164 2810 226 2838 Jan.
243 2811 340 2845 incipit
364 2811 427 2838 anni
450 2809 550 2837 Juliani
571 2809 615 2841 46,
631 2811 751 2843 adeoque
774 2808 877 2836 Natalis

87 2856 189 2884 Christi
217 2855 395 2884 Dionvsianus
416 2863 477 2883 cum
498 2862 569 2882 anno
592 2853 701 2881 Juliauo
715 2854 750 2881 45
762 2859 876 2881 exeunte

87 2904 223 2934 congruit.
247 2903 401 2936 Quinetiam
416 2902 551 2938 cyclorunt
578 2901 734 2935 pervulgata
753 2905 875 2934 recepta-

932 2302 1073 2336 intperiuni
1091 2303 1204 2336 cepisse.
1226 2302 1278 2328 Sed
1296 2310 1357 2329 cum
1373 2302 1545 2338 Olympiades
1569 2305 1603 2330 ab
1624 2305 1718 2331 aestivo

929 2347 1045 2374 solstitio
1066 2347 1168 2380 ineant,
1184 2353 1276 2374 utrum
1299 2348 1332 2374 de
1352 2349 1489 2382 prioribus
1506 2358 1531 2376 vr
1556 2351 1619 2377 anni
1646 2351 1718 2379 illius

929 2393 1080 2425 mensibus,
1099 2400 1132 2419 an
1152 2393 1186 2420 de
1206 2392 1403 2427 posterioribus
1430 2394 1586 2429 loquantur.
1612 2396 1662 2424 hoc
1677 2402 1718 2425 est

928 2439 962 2466 de
977 2446 1048 2466 anno
1063 2440 1165 2474 periodi
1185 2438 1300 2466 Iuliana:
1314 2439 1393 2472 4154,
1409 2448 1443 2468 an
1466 2442 1546 2474 “55,
1563 2443 1649 2471 nihilo
1662 2451 1718 2470 Ina-

928 2486 969 2521 εἰς
997 2493 1136 2522 agnosces.
1175 2486 1276 2519 Quodsi
1295 2487 1482 2521 chronologus
1505 2487 1560 2520 ille.
1593 2490 1719 2525 quisquis

928 2537 979 2564 est,
990 2532 1081 2567 cyclos
1096 2532 1242 2564 addiderit.
1258 2533 1350 2559 statim
1363 2537 1425 2561 utro
1439 2541 1512 2561 anno
1527 2533 1630 2563 factum
1645 2536 1720 2563 dixe-

928 2578 963 2605 rit
978 2578 1132 2605 neccssario
1150 2578 1320 2606 docebimur.

962 2623 998 2651 At
1009 2624 1082 2651 enim
1099 2623 1126 2650 in
1142 2631 1215 2652 amto
1230 2623 1322 2658 aliquo
1338 2624 1456 2659 primum
1472 2625 1540 2660 cyrli
1553 2625 1633 2653 deﬁxi
1656 2633 1719 2653 esse

927 2670 1037 2702 debent.
1062 2677 1118 2704 quo
1128 2678 1162 2698 ex
1177 2677 1251 2697 anno
1268 2670 1436 2706 reliquorum
1448 2672 1516 2706 cycli
1530 2672 1674 2706 pendeant.
1690 2670 1716 2699 ιε

927 2721 1018 2744 autem
1047 2723 1136 2751 neque
1157 2723 1191 2743 ex
1211 2716 1363 2751 Scriptura.
1388 2725 1476 2752 neque
1493 2717 1602 2744 aliunde
1626 2722 1716 2752 potest

927 2762 1028 2797 colligi.
1044 2761 1119 2789 Itane
1139 2761 1223 2789 vero?
1238 2760 1276 2789 De
1291 2762 1375 2797 cyclis
1388 2762 1458 2790 inter
1476 2762 1647 2790 Christianos
1664 2763 1714 2789 ho-

927 2808 971 2836 die
988 2815 1042 2835 non
1056 2808 1194 2841 convenit,
1208 2807 1254 2842 qui
1270 2809 1380 2843 quidem
1397 2816 1570 2836 communem
1591 2809 1714 2836 matricis

927 2854 1073 2886 Ecclesiae,
1090 2855 1143 2882 hoc
1158 2859 1200 2882 est
1226 2854 1366 2888 Romane,
1391 2863 1471 2883 usum
1494 2855 1630 2882 retinent?
1653 2854 1713 2882 Non

927 2908 1021 2928 omnes
1035 2906 1136 2927 annum
1152 2901 1254 2927 Christi
1272 2899 1394 2928 Natalem
1422 2900 1450 2927 in
1470 2902 1576 2937 cyclum
1599 2902 1665 2930 solis
1683 2903 1712 2930 9.
