1935 3044
208 161 261 189 903

771 158 943 188 APPENDXK
967 157 1280 186 DISSERTATIONUM.

1785 158 1848 186 901

210 223 280 251 luna!
298 221 309 249 Ι
327 220 492 248 conferunt?
517 220 583 253 Quis
598 224 656 251 cst,
683 221 729 255 qui
755 221 777 248 si
802 221 870 248 alios
896 220 923 247 in
947 220 998 247 ista
1013 221 1034 248 A
1049 226 1131 250 anno,
1145 219 1279 253 quibusve
1290 221 1449 247 coss.natus
1458 215 1636 247 sitChristns,
1647 217 1845 250 exposuimus.

207 267 334 294 Inetnodo
350 267 441 301 cyclos
459 265 594 297 statuerit,
619 274 672 292 non
692 266 733 292 vel
755 266 789 293 ab
813 266 937 301 logistica
953 273 995 292 re-

209 311 336 338 fellatur?
350 310 487 338 Habemus
504 310 585 344 igitur
601 310 627 336 in
646 318 700 337 tera
721 309 890 345 Dionysiaua
909 314 995 337 statos

207 361 235 384 et
251 355 321 383 ﬁxos
343 363 476 382 annorum
498 357 608 390 cyclos,
631 363 647 382 a
671 356 771 390 quibus
789 360 843 382 tam
860 355 893 382 ad
916 362 996 389 supe-

208 403 292 435 riora,
309 409 390 436 quam
406 402 438 428 ad
454 401 583 429 inferiora
601 408 722 436 tempora
738 401 863 436 progredi
888 401 913 427 in
934 401 996 427 inti-

210 449 295 475 uitum
319 448 398 481 licet;
424 456 512 483 neque
530 456 642 476 necesse
663 453 705 476 cst
726 449 752 476 id
769 456 802 476 ex
822 449 905 476 ullius
921 449 998 476 testi-

211 494 301 521 monio
324 494 485 528 scriptoris,
509 495 551 521 vel
571 495 665 529 eclipsi
690 502 724 522 ex
746 495 836 529 aliqua
860 499 996 526 constare,

210 547 270 565 eum
285 546 424 566 consensu
445 539 565 566 omnium
580 539 701 566 stabilita
717 539 753 566 sit
771 539 823 566 ista
840 539 996 570 metbodus,

209 588 235 610 et
247 583 272 610 in
287 591 366 610 usuin
381 583 506 611 deducta.
520 583 662 611 Postremo
677 583 742 611 illud
754 584 911 619 opponitur,
924 583 998 619 quod

210 629 243 655 ad
269 629 405 664 cyclorum
417 637 449 656 ac
463 629 613 657 ccelestium
625 631 746 657 omnium
760 630 930 664 φαινομένων
944 630 1000 657 ele-

210 674 323 700 vandam
333 674 409 700 fidem
420 676 545 708 pertinet.
557 675 622 701 Nam
633 683 694 702 cum
704 676 816 710 eclipsin
825 675 1000 710 aliquamTa-

209 719 280 745 citus
293 724 357 752 puta
385 720 424 746 vel
438 719 487 746 Dio
499 724 573 747 certo
583 728 655 746 anno
667 721 813 755 contigisse
822 726 942 753 narrant,
952 721 1000 748 bo-

211 772 271 791 rum
291 765 454 799 scriptorum
480 766 664 792 testimonium
685 765 763 792 fidem
785 773 837 792 non
864 765 927 792 facit
947 766 1022 794 IIII-'.

210 817 290 835 mana
306 810 543 843 majorem.Quare
552 810 623 844 quod
637 810 754 836 indidem
766 811 883 841 elicitur,
897 815 1000 837 tantam

211 854 292 880 habet
300 855 604 889 certitudincm,quanta
618 855 740 882 historici
753 856 825 882 illius
834 863 893 883 esse
902 861 999 890 potest,

1047 264 1104 291 Hoc
1114 264 1195 299 igitur
1203 264 1359 298 quicunque
1371 269 1444 290 certa
1457 262 1564 290 ratione
1576 262 1739 296 investigare
1747 262 1847 289 conati

1048 313 1130 339 sunt,
1158 309 1221 336 licet
1242 316 1296 336 non
1324 309 1418 336 eadem
1444 308 1513 335 inter
1539 314 1569 334 se
1595 307 1752 338 senserint,"
1784 313 1847 333 uno

1049 359 1140 381 tamen
1166 354 1316 388 eodemque
1330 353 1409 379 Luca:
1430 351 1586 379 testimonio
1608 351 1686 383 freti,
1714 351 1848 378 diversas

1050 399 1076 426 in
1092 404 1183 434 partes
1199 399 1335 426 abierunt.
1351 397 1504 432 Scripserat
1519 397 1697 432 evangelista,
1715 396 1847 430 baptiza-

1050 449 1107 472 tum
1133 452 1193 472 csse
1216 444 1360 472 Dominum
1388 451 1461 470 anno
1480 444 1514 470 i5
1542 442 1661 473 Tiberii,
1689 450 1750 468 cum
1775 446 1847 468 esset

1050 490 1126 525 quasi
1150 498 1281 516 annorum
1309 491 1428 524 triginta.
1456 488 1511 514 Καὶ
1532 487 1612 519 αὐτὸς
1635 485 1670 522 ἦν
1693 488 1707 513 ὁ
1736 486 1849 520 Ἰησοῦς

1049 534 1115 561 ὡσεὶ
1124 535 1191 561 ἐτῶν
1199 535 1344 570 τριάκοντα
1353 534 1513 570 ἀρχόμενος,
1523 533 1571 566 ὢν,
1580 533 1617 564 ὡς
1626 532 1777 568 ἐνομίζετο,
1788 536 1847 559 etc.

1051 580 1118 613 Quae
1133 581 1215 608 verba
1228 588 1312 607 unum
1331 580 1403 607 istud
1423 579 1588 614 significant,
1608 586 1661 605 non
1686 578 1806 604 multum
1829 584 1847 604 a

1051 626 1192 653 tricesimo
1215 633 1287 653 anno
1304 626 1391 653 aetatis
1417 624 1552 657 abfuisse;
1577 624 1624 651 sed
1648 628 1740 650 utrum
1759 623 1849 650 trice-

1052 671 1121 698 simo
1152 671 1277 698 absoluto
1298 676 1325 698 et
1346 671 1431 698 altero
1454 678 1486 697 ac
1500 670 1637 697 tricesimo
1656 669 1787 700 ineunte,
1808 676 1846 694 an

1052 721 1113 750 post
1125 716 1169 748 29,
1184 716 1294 743 ineunte
1308 717 1342 744 50
1357 716 1384 744 id
1408 717 1548 748 acciderit,
1571 716 1672 743 diserte
1683 722 1737 742 non
1755 714 1847 749 expli-

1053 766 1125 788 cant.
1143 761 1199 788 lino
1213 770 1277 789 vero
1297 763 1359 790 licet
1373 762 1472 796 aliquis
1489 762 1628 789 Christum
1642 769 1715 788 anno
1729 760 1777 790 ‘28,
1799 759 1847 786 vel

1053 808 1098 839 33,
1125 808 1291 842 baptizatum
1305 816 1365 836 esse
1385 809 1475 840 dicat,
1498 817 1551 835 non
1567 813 1656 835 tamen
1679 807 1848 842 evangelica:

1054 853 1206 880 auctoritati
1220 853 1390 888 mcojudicio
1402 858 1542 888 repugnet,
1553 853 1586 880 de
1599 861 1652 888 quo
1667 852 1846 887 postmodum

211 900 257 934 qui
275 900 299 926 id
316 899 441 927 aﬂirmat.
455 901 612 927 auctoritas.
627 900 662 927 Ex
676 901 776 936 quibus
785 909 837 928 non
852 901 993 928 mediocri.
1009 895 1029 923 Β
1044 897 1186 925 videbitur.
1205 897 1256 926 Sed
1271 899 1317 934 qui
1331 899 1410 926 Luca:
1420 899 1514 926 verba‘
1529 899 1730 933 angustioribus
1745 897 1847 932 spatiis

211 949 253 971 ter
270 946 396 972 aberrare
419 945 559 972 contendit
584 952 632 972 eos
656 952 762 977 omnes,
788 946 834 980 qui
849 953 882 972 ex
901 945 996 973 istius-

212 989 284 1015 modi
302 989 383 1016 rebus
397 989 645 1016 demonstrationes
660 990 833 1024 pollicentur,
850 995 876 1017 et
891 990 924 1017 de
938 991 998 1017 die-

213 1033 264 1060 bus
277 1038 358 1067 atque
374 1034 449 1061 horis
463 1042 527 1061 sane
543 1035 656 1062 lidenter
667 1035 855 1070 pronuntiant,
868 1039 998 1071 tanquam

212 1087 300 1114 nuper
313 1087 346 1107 ex
361 1080 472 1108 deorum
498 1081 627 1112 concilio,
655 1086 702 1108 aut
719 1081 911 1109 intermundiis
935 1081 999 1116 Epi-

212 1125 270 1151 curi
285 1124 484 1152 descenderint.
502 1126 538 1152 Ita
555 1126 627 1153 enim
642 1125 730 1161 jocari
747 1126 846 1159 voluit,
859 1127 932 1162 quod
949 1134 998 1154 ne-

212 1176 289 1197 cesse
308 1177 361 1197 non
377 1170 438 1197 fuit.
456 1171 557 1198 Verum
571 1171 636 1206 quid
651 1171 718 1199 illud
733 1175 784 1204 est,
804 1180 909 1207 qnmso,
926 1172 1000 1207 quod

215 1214 278 1243 istic
293 1215 394 1243 audio?
408 1215 469 1244 Non
487 1217 588 1244 habent
601 1218 855 1246 mathematicorum
871 1219 1001 1246 observa-

213 1261 301 1288 tiones
328 1261 460 1296 majorem
494 1261 613 1289 humana
650 1263 747 1291 fidem?
780 1263 916 1291 Acciderit
943 1263 1002 1291 haec

212 1305 322 1340 eclipsis
338 1306 389 1334 hoc
404 1307 446 1333 vel
461 1306 506 1334 illo
521 1306 692 1342 imperatoris
706 1316 789 1339 anno,
807 1307 930 1336 historia!
949 1307 1002 1336 ﬁde

214 1351 320 1382 nititur,
336 1359 398 1385 quae
413 1351 521 1379 tametsi
546 1352 665 1380 humana
689 1353 736 1386 sit,
760 1353 795 1380 ab
808 1361 839 1380 ea
853 1359 942 1381 tamen
959 1361 1001 1381 re-

214 1396 312 1424 cedere
335 1397 380 1423 vix
405 1397 541 1424 interdum
567 1405 628 1426 esse
649 1398 773 1426 videatur
797 1399 926 1428 hominis.
948 1399 1000 1428 Sed

215 1449 277 1468 cum
289 1442 323 1468 ad
339 1441 462 1469 Julianos
477 1443 628 1476 prmsertim
645 1451 744 1475 annos,
757 1452 828 1479 quos
841 1452 938 1472 omnes
949 1445 1000 1472 sibi

214 1487 376 1522 chronologi
399 1487 552 1522 prteligunt,
582 1487 698 1515 deducta
726 1496 770 1516 res
800 1488 893 1521 fuerit,
919 1493 1002 1524 quoto

215 1539 288 1560 anno
302 1532 411 1568 eclipsis
430 1533 474 1560 illa
488 1533 644 1568 contigerit,
657 1541 711 1560 non
727 1534 847 1561 humana
862 1527 997 1569 jam'iide,

217 1579 268 1605 hoc
281 1582 323 1605 est
338 1578 395 1605 sola
417 1579 562 1613 scriptoris
580 1578 759 1612 auctoritate,
781 1579 827 1607 sed
846 1579 999 1607 certissima

215 1623 448 1651 demonstratione
464 1628 581 1656 constat,
599 1625 633 1651 de
647 1632 702 1659 qua
717 1625 768 1652 nisi
789 1625 866 1660 prius
887 1625 1000 1660 imperi-

216 1668 253 1695 tia
270 1668 443 1700 numerandi,
461 1669 502 1696 vel
517 1668 672 1696 tabularum
688 1669 755 1696 vitio
776 1669 870 1704 lapsus
887 1670 938 1701 sit,
951 1670 1002 1696 du—

217 1714 302 1741 bitare
316 1722 396 1742 nemo
415 1714 526 1749 poterit.
544 1712 613 1741 Ecce
629 1714 677 1741 tibi
691 1715 718 1741 in
736 1715 798 1746 hoc,
813 1714 886 1749 quod
903 1719 1002 1741 tracta-

216 1767 287 1792 mus,
303 1756 474 1794 argumento,
490 1765 593 1794 quanta
617 1760 654 1788 sit
676 1760 791 1787 istorum
811 1760 1000 1787 characterum

215 1805 319 1832 utilitas
339 1810 415 1839 potes
430 1805 655 1833 animadvertere.
677 1804 754 1838 Quod
772 1806 853 1840 paulo
869 1809 930 1840 post
944 1805 1001 1831 Au-

216 1851 287 1885 gusti
303 1855 417 1878 mortem
442 1851 505 1877 luna
528 1851 668 1881 defecerit.
685 1851 735 1878 etsi
749 1859 783 1878 ex
808 1851 1000 1879 historicorum

216 1896 406 1923 testiﬁcatione
420 1896 568 1927 credimus,
584 1902 625 1923 est
639 1904 669 1923 ea
686 1902 775 1923 tamen
796 1901 925 1924 constans
939 1897 1000 1931 opi-

217 1941 272 1972 uio,
291 1941 324 1966 de
343 1940 422 1974 cujus
437 1941 552 1968 veritate
569 1949 602 1967 nc
626 1941 761 1967 levissime
773 1941 882 1974 quidem
898 1941 1002 1968 dubita-

217 1990 269 2012 tur.
295 1985 353 2012 Jam
378 1990 478 2020 quotus
503 1986 547 2013 hic
578 1994 667 2013 annus
696 1987 730 2012 sit
753 1994 813 2013 atrae
839 1986 1001 2014 Christiana:

216 2032 356 2066 queritur.
381 2031 433 2064 Qui
459 2032 598 2066 cyclorum
622 2038 646 2058 et
675 2032 812 2066 eclipseon
840 2033 998 2060 methodum

214 2077 355 2108 damnant,
365 2084 437 2103 anno
459 2076 624 2112 Dionysiano
649 2076 682 2103 16
703 2077 819 2104 tribuere
836 2078 932 2104 solent.
950 2077 999 2104 At-

214 2123 259 2157 qui
278 2122 300 2149 is
316 2126 357 2149 est
371 2130 427 2154 xiv,
449 2130 499 2149 nec
515 2123 570 2149 ulla
586 2129 705 2157 unquam
720 2123 889 2150 astronomia
914 2124 998 2151 alium

204 2169 278 2196 .liuic
289 2169 393 2202 cclipsi.
409 2176 469 2203 quae
485 2169 577 2203 paucis
603 2173 663 2202 post
677 2168 792 2203 Augusti
813 2174 926 2196 mortem
943 2170 999 2197 die-

1048 943 1331 979 circumscripserunt,
1359 945 1406 971 alii
1436 952 1488 971 xxx
1510 948 1576 971 tunc
1604 951 1691 971 annos
1719 943 1846 977 expletos

1048 986 1197 1020 fuisse,alii
1211 995 1275 1015 xxix
1288 988 1420 1015 duntaxat
1434 989 1537 1023 opinati
1549 992 1624 1015 sunt.
1645 987 1761 1023 Utrique
1777 995 1845 1014 vero

1048 1032 1215 1066 baptizatum
1224 1032 1319 1059 volunt
1331 1032 1470 1060 Christum
1488 1032 1610 1059 Geminis
1627 1032 1733 1060 duobus
1749 1039 1839 1064 coss.,

1048 1085 1122 1105 anno
1137 1077 1248 1105 Juliano
1261 1078 1306 1110 τι,
1322 1079 1395 1113 quod
1413 1079 1440 1105 in
1462 1087 1525 1106 eum
1544 1079 1647 1107 incidat
1668 1077 1771 1106 Tiberii
1790 1086 1842 1105 an-

1055 1130 1109 1150 nus
1125 1122 1159 1150 l5
1173 1123 1314 1158 superiore
1335 1131 1408 1151 anno
1424 1132 1457 1151 ex
1479 1132 1504 1151 a.
1529 1125 1556 1151 d.
1576 1132 1620 1152 xiv
1643 1123 1701 1151 Kal.
1717 1123 1781 1159 Sep.
1803 1123 1847 1151 iu-

1054 1168 1179 1195 clioatus.
1199 1167 1274 1196 Unde
1289 1177 1350 1196 cum
1367 1169 1394 1196 in
1416 1170 1542 1204 baptismi
1566 1177 1639 1198 anno
1663 1169 1841 1200 conveniant,

1053 1211 1081 1239 in
1096 1211 1186 1240 Natali
1209 1213 1268 1248 ipso
1283 1221 1339 1241 uno
1355 1222 1428 1242 anno
1442 1215 1584 1243 dissident.
1602 1215 1721 1242 Priorem
1737 1216 1772 1243 de
1791 1223 1840 1244 ex-

1055 1258 1130 1293 pleto
1145 1259 1285 1287 tricesimo
1302 1267 1375 1287 anno
1394 1265 1537 1292 sectamet
1552 1261 1707 1296 opinionem
1723 1262 1842 1289 Annales

1050 1304 1224 1333 ecclesiastici
1247 1310 1413 1340 sequuntur,
1437 1307 1615 1341 eamdemque
1636 1311 1725 1334 tuetur
1755 1314 1836 1335 acer—

1051 1352 1121 1380 rime
1136 1350 1257 1381 Scaliger
1271 1359 1297 1378 vt
1313 1350 1351 1378 De
1371 1352 1473 1378 emend.
1499 1357 1577 1386 temp.
1599 1351 1651 1380 Sed
1675 1360 1786 1387 magno,
1806 1358 1838 1380 ut

1050 1397 1129 1428 Solet,
1142 1402 1242 1424 conatu
1259 1395 1395 1424 levissime
1409 1398 1517 1432 probat.
1537 1397 1583 1426 Sic
1609 1398 1682 1425 enim
1702 1398 1815 1425 diSSerit
1831 1419 1839 1425 .

1049 1441 1176 1469 Christus
1191 1442 1325 1470 Dominus
1340 1451 1391 1469 xxx
1406 1451 1493 1470 annos
1507 1443 1661 1471 absolverat
1677 1453 1683 1470 :
1703 1451 1766 1470 nam
1787 1452 1838 1472 xxx

1052 1493 1187 1514 annorum
1206 1487 1230 1515 is
1244 1495 1305 1516 esse
1321 1487 1432 1518 dicitur,
1458 1487 1504 1521 qni
1530 1488 1698 1515 tricesimum
1733 1495 1837 1515 annum

1051 1532 1184 1563 absolvit,
1203 1536 1232 1558 ut
1254 1532 1400 1559 anniculus
1416 1537 1458 1560 est
1474 1532 1496 1559 is
1528 1532 1580 1564 .qui
1614 1533 1667 1560 365
1693 1532 1765 1560 diem
1800 1538 1842 1560 at—

1053 1575 1123 1609 tigit.
1139 1575 1204 1610 Leg.
1220 1576 1319 1604 Annio.
1340 1576 1377 1604 De
1394 1577 1464 1604 verb.
1479 1586 1548 1612 sign.
1564 1576 1642 1610 Quod
1657 1582 1747 1605 autem
1765 1579 1838 1605 scri-

1052 1621 1107 1655 psit
1122 1621 1221 1656 Lucas,
1239 1623 1307 1650 ὡσεὶ
1320 1623 1469 1659 τριάκοντα
1481 1644 1487 1655 ,
1507 1624 1639 1658 particula
1653 1625 1702 1651 ista
1719 1625 1785 1658 capit
1799 1629 1841 1652 est

1053 1673 1104 1693 non
1118 1667 1295 1703 ἀπορητικόν,
1311 1669 1357 1696 sed
1373 1669 1517 1704 ἀληθινὸν;
1536 1674 1564 1696 ιιι
1584 1669 1650 1696 illud
1666 1668 1745 1697 Joan.
1759 1678 1779 1702 ι,
1793 1670 1838 1702 15,

1051 1713 1127 1746 quasi
1151 1712 1286 1748 Unigeuiti
1308 1723 1324 1740 a
1344 1715 1435 1743 Patre.
1452 1714 1502 1742 Sed
1526 1719 1598 1746 esto,
1614 1715 1713 1748 inquit,
1732 1715 1838 1751 ἀπορη-

1051 1757 1146 1784 τικόνς
1171 1759 1251 1792 pauci
1273 1759 1355 1793 igitur
1381 1760 1436 1787 dies
1455 1761 1606 1794 complenda
1628 1762 1661 1789 50
1680 1770 1764 1798 'aunu
1793 1762 1839 1790 de-

1051 1807 1143 1834 erant;
1170 1809 1234 1837 puta
1256 1811 1308 1836 xx,
1324 1805 1362 1831 vel
1378 1807 1472 1832 uternis
1492 1814 1501 1832 :
1522 1814 1671 1841 quanquam
1687 1815 1717 1834 ne
1741 1809 1837 1835 mensis

1051 1847 1156 1880 quidem
1171 1847 1310 1881 defuturus
1330 1849 1467 1880 videatur,
1483 1851 1506 1876 si
1516 1850 1586 1877 ὡσεὶ
1599 1852 1775 1886 ἁπορητικῶς
1791 1860 1837 1878 ac-

1053 1892 1191 1925 cipiamus.
1216 1891 1267 1919 Sed
1288 1893 1385 1919 metm’s
1408 1894 1585 1925 desideretur,
1604 1900 1649 1921 aut
1670 1896 1722 1922 duo
1739 1905 1838 1924 menses

1053 1945 1122 1963 anno
1151 1937 1283 1964 tricesimo
1312 1938 1484 1968 absolvenda:
1511 1945 1535 1966 et
1558 1940 1613 1966 dies
1638 1941 1762 1975 baptismi
1782 1947 1837 1968 esto

1051 1983 1067 2009 6
1089 1981 1153 2009 Jun.
1183 1982 1253 2018 Ergo
1277 1985 1365 2011 cadent
1388 1993 1457 2011 anno
1479 1985 1559 2019 paulo
1582 1991 1640 2018 post
1667 1986 1835 2021 bapttsmum,

1050 2031 1115 2062 puta
1136 2026 1292 2061 Februario,
1307 2030 1411 2064 coeperit
1432 2038 1517 2056 annus
1538 2031 1582 2058 31.
1598 2032 1656 2058 iam
1669 2040 1732 2059 vero
1757 2033 1836 2060 Lucus

1050 2075 1131 2101 verba
1154 2075 1264 2109 perinde
1288 2077 1385 2110 accipit
1412 2085 1443 2104 ac
1464 2077 1486 2104 si
1499 2083 1570 2105 esset
1593 2079 1747 2114 scriptum:
1779 2081 1833 2107 Ka't

1051 2120 1132 2151 αὐτὸς
1155 2121 1258 2156 Ἰησοῦς
1278 2122 1376 2156 ἤρχετο
1397 2122 1434 2148 ὣν
1451 2123 1519 2150 ὲτῶν
1535 2124 1692 2159 τριάκοντα,
1710 2125 1783 2157 υἱὸς,
1798 2126 1834 2158 ὡς

1051 2166 1201 2201 ἐνομίζετο.
1219 2167 1270 2194 Sed
1288 2168 1344 2195 lucc
1365 2167 1548 2203 Scaligeriana
1567 2170 1618 2197 loci
1639 2171 1711 2198 illius
1726 2173 1833 2206 exposi~

215 2215 276 2245 bus,
303 2214 454 2248 Septembri
482 2221 575 2241 mense
598 2214 728 2249 contigit,
753 2222 854 2241 annum
878 2215 996 2242 dctiniet.
1015 2218 1037 2245 ι)
1052 2213 1098 2247 tio,
1111 2218 1139 2239 ut
1166 2213 1228 2240 hinc
1250 2214 1420 2247 potissimum
1444 2215 1584 2249 exordiar,
1594 2216 1712 2244 absurda
1739 2223 1782 2245 est
1809 2223 1834 2246 et

215 2260 281 2291 Quis
306 2267 360 2286 non
386 2259 469 2294 igitur
485 2266 518 2286 ex
534 2266 566 2285 eo
583 2259 679 2285 confici
710 2259 864 2287 necessario
882 2260 997 2294 putabit,

214 2305 367 2337 Angustum
391 2310 452 2330 terte
466 2302 627 2329 Christiana
640 2309 712 2329 anno
728 2302 761 2328 14
777 2307 912 2329 mortuum
928 2310 998 2334 esse,

215 2357 269 2376 non
293 2349 344 2375 16?
358 2348 440 2376 Vides
461 2348 593 2383 majorem
617 2348 735 2375 humana
752 2348 842 2379 iidem,
861 2356 924 2376 cum
949 2349 999 2375 bu-

216 2402 296 2422 mana
320 2399 409 2421 tamen
430 2393 613 2428 implicatam,
636 2399 662 2420 et
686 2401 835 2420 conuexam
851 2403 857 2420 :
876 2401 937 2428 qua:
958 2399 999 2421 ta-

217 2440 295 2468 metsi
320 2440 454 2472 humanae,
477 2440 528 2467 hoc
550 2444 590 2466 est
609 2440 732 2470 alterius,
748 2447 799 2473 qua
818 2439 874 2466 sola
893 2440 936 2466 isti
957 2441 999 2467 ui-

217 2489 322 2516 tuntur,
338 2488 410 2511 esset
432 2483 541 2515 similis,
567 2491 620 2510 non
638 2483 697 2510 ideo
714 2487 802 2510 tamen
827 2484 998 2518 aspernanda

217 2529 297 2562 foret,
313 2529 385 2564 quod
410 2530 544 2561 humana;
561 2529 608 2556 sed
623 2528 665 2556 vel
679 2536 712 2556 eo
730 2529 840 2556 nomine
859 2537 998 2557 commcn-

215 2575 315 2608 danda,
331 2575 403 2609 quod
416 2574 449 2602 ad
469 2575 616 2602 humanam
642 2575 760 2601 humana
777 2574 843 2602 tides
857 2574 996 2610 adjuncta,

215 2625 246 2648 ut
265 2627 318 2647 non
332 2620 452 2647 humana
466 2620 611 2654 majorem,
632 2619 670 2646 ita
690 2619 816 2654 simplici,
831 2627 929 2654 eaque,
943 2628 998 2655 qua

215 2665 339 2693 contenti
357 2665 396 2692 illi
411 2669 492 2697 sunt,
510 2665 654 2692 certiorem
676 2664 863 2692 credulitatem
879 2672 995 2700 pareret.

215 2720 253 2748 De
268 2720 370 2756 uulgari
385 2720 515 2751 methado,
527 2727 588 2756 qua
610 2719 711 2746 Christi
721 2721 836 2756 gnatalis
855 2729 940 2748 annus
953 2723 996 2749 in-

320 2756 464 2790 vestigatur
478 2763 487 2781 :
504 2754 549 2781 ubi
565 2760 589 2781 et
603 2755 634 2781 de
647 2763 701 2781 atra
715 2754 890 2790 Dionysium.

249 2800 335 2828 Nimis
353 2802 435 2828 multa
456 2801 553 2828 fecisse
584 2801 665 2828 verba
688 2801 791 2834 videor,
816 2802 931 2829 necdum
953 2808 991 2830 ta-

215 2853 278 2873 men
294 2847 332 2873 rei
354 2847 439 2881 ipsius
459 2851 539 2882 caput
554 2847 685 2882 attigisse.
708 2845 833 2875 Nondum
847 2848 920 2875 enim
940 2857 994 2883 quo

251 2895 262 2911 ⁸
273 2894 338 2922 Luc.
356 2904 396 2928 tu,
408 2897 451 2924 25.

1050 2257 1175 2285 barbara.
1203 2258 1270 2291 Quis
1289 2260 1361 2286 enim
1383 2260 1418 2286 ita
1440 2259 1534 2288 Grmce
1557 2261 1712 2296 loquentem
1737 2262 1806 2290 ferat
1825 2272 1832 2291 :

1056 2303 1159 2338 Ἰησοῦς
1179 2302 1213 2339 ἦν
1235 2304 1272 2330 ὢν
1294 2305 1455 2340 ἀρχόμενος,
1479 2314 1528 2340 pro
1543 2314 1575 2334 eo
1591 2308 1664 2341 quod
1679 2312 1722 2334 est
1735 2308 1834 2344 ἦρχετο

1049 2348 1098 2376 ῶν.
1121 2348 1207 2376 Satin‘
1217 2349 1360 2377 ridiculum
1378 2359 1410 2378 ac
1425 2352 1548 2385 putidum
1568 2357 1627 2386 est,
1651 2352 1707 2387 ὲγώ
1723 2354 1782 2388 ειμι
1796 2353 1833 2379 ὢν

1049 2394 1209 2430 ἀρχόμενος,
1225 2403 1274 2430 pro
1290 2395 1345 2429 ἐγὼ
1359 2395 1487 2431 ἄρχομαι.
1505 2397 1588 2432 Atqui
1604 2397 1674 2424 hanc
1689 2398 1774 2432 ipsam
1793 2397 1832 2424 in<

1050 2439 1270 2474 terpretationem
1295 2441 1434 2476 anteponit
1453 2442 1530 2469 alteri
1542 2462 1549 2474 ,
1567 2450 1628 2476 quzr
1644 2443 1734 2470 minus
1753 2442 1831 2470 habet

1049 2485 1235 2517 absurditatis,
1263 2487 1370 2513 tametsi
1395 2494 1428 2514 ne
1447 2494 1478 2514 ea
1503 2488 1612 2522 quidem
1633 2489 1737 2523 placet;
1754 2489 1830 2523 quasi

1049 2529 1137 2557 Lucas
1149 2529 1176 2556 id
1187 2530 1311 2562 voluerit,
1325 2530 1422 2565 ἤρχετο
1436 2531 1474 2558 ὢν
1485 2532 1632 2567 τριάκοντα
1642 2533 1719 2565 ὲτῶν,
1731 2532 1778 2566 ὢν,
1794 2533 1830 2566 ὡς

1048 2575 1199 2610 ἐνομίζετο.
1212 2575 1302 2608 Quare
1316 2576 1401 2603 multo
1415 2582 1457 2604 est
1472 2578 1517 2605 ille
1532 2586 1630 2606 sensus
1645 2579 1742 2613 aptior,
1756 2583 1784 2606 ut
1794 2578 1831 2606 ὢν

1048 2621 1082 2648 ad
1104 2621 1255 2656 posteriora
1275 2620 1424 2655 referatur;
1451 2623 1601 2658 ἀρχόμενος
1624 2624 1656 2651 ad
1679 2625 1828 2658 superiora.

1047 2665 1101 2693 Ἦν
1117 2668 1131 2693 ό
1149 2666 1252 2701 Ἰησοῦς
1267 2667 1416 2702 ἀρχόμενος
1428 2668 1495 2695 ὡσεὶ
1511 2669 1578 2695 ἑτῶν
1591 2662 1623 2702 λ’,
1639 2669 1686 2702 ὢν,
1699 2669 1736 2701 ὼς
1743 2671 1825 2706 ἐνομί-

1047 2711 1118 2744 ζετο.
1130 2712 1196 2743 οἰός,
1205 2717 1257 2740 etc.
1267 2712 1433 2747 Epiphanius
1440 2719 1512 2741 certe
1520 2714 1616 2742 haeresi
1630 2723 1741 2747 Lxxvnt.
1753 2723 1781 2743 n.
1796 2717 1811 2742 7
1820 2736 1828 2748 ,

1047 2757 1083 2784 ὢν
1101 2758 1133 2785 ad
1146 2758 1213 2789 υἱός,
1227 2765 1280 2784 non
1296 2758 1328 2785 ad
1340 2758 1490 2793 ἀρχόμενος
1505 2759 1640 2793 pertinere
1654 2760 1757 2794 docuit,
1768 2767 1827 2788 cuin

1047 2804 1084 2830 ita
1101 2804 1190 2830 locutu
1206 2803 1281 2830 illum
1297 2805 1417 2839 protulit,
1438 2805 1479 2831 ὅτι
1491 2804 1528 2831 ῶν
1543 2806 1616 2838 υἱὸς,
1630 2805 1667 2837 ὡς
1681 2805 1826 2841 ἐνομίζετο,

1053 2850 1161 2884 Ἰωσήφ.
1179 2848 1330 2882 Quinetiam
1348 2850 1442 2878 haeresi
1459 2859 1523 2884 xxx,
1537 2852 1666 2885 μαψ-30,
1683 2850 1716 2888 ἦν
1731 2853 1760 2880 δὲ
1777 2851 1827 2887 ’1η-
