1935 3044
91 151 136 180 905

673 144 717 172 nr:
736 144 833 174 ANNO
852 145 977 173 NATALI
997 133 1143 174 CilltlS'l‘l.

1659 151 1713 178 908

91 209 147 239 aut];
157 207 305 244 ἀρχόμενος
317 203 396 232 εἶναι.
410 205 462 233 Sed
479 204 684 237 controversiae,
698 204 873 240 qtnestionis-
889 206 910 234 Α
924 205 987 232 anni
1004 206 1150 233 discrimen
1168 204 1240 234 facit.
1257 205 1310 234 Sed
1322 207 1368 242 qui
1383 207 1478 243 paucis
1490 207 1570 235 annis
1583 206 1653 234 infla
1668 215 1715 235 aut

89 261 136 289 que
150 256 230 287 caput
252 251 278 278 in
295 250 360 277 ὡσεί
385 250 518 285 particula
535 249 654 284 positum
670 253 722 280 est,
740 247 814 283 quod
829 251 872 274 ut-

89 301 226 335 plurimum
253 296 420 333 ἁπορητικόν
443 303 506 323 esse
529 295 617 327 solet,
644 299 672 321 et
694 294 729 321 de
752 292 874 328 perfecto

89 345 261 379 absolutoque
276 343 314 371 rei
333 347 405 371 statu
432 341 557 369 nonnihil
581 340 712 368 detrahit.
735 339 792 367 Hoc
808 345 873 366 vero

90 394 143 420 loco
156 399 209 419 non
232 389 414 425 ὰπορητικόν,
437 388 484 415 sed
500 386 638 423 ἀληθινόν,
658 394 690 413 ac
707 393 820 420 prorsus
837 384 875 411 ai-

90 439 246 466 ﬁrmativum
259 445 320 464 esse
338 436 477 470 Scaliger,
495 440 522 462 et
541 442 602 461 cum
619 442 651 460 eo
667 432 789 467 plerique
809 438 874 458 sen-

90 485 162 512 ‘.iunt.
182 483 234 516 Qui
248 482 314 509 mihi
329 481 383 508 vim
400 488 536 514 risumque
553 479 658 506 vocula:
671 478 750 505 istius
764 485 816 504 non
833 484 874 504 sa-

89 533 121 558 tis
147 528 374 556 animadvertisse
394 528 532 554 videnlur.
556 525 611 553 Nos
639 524 773 559 triplicem
801 522 875 550 illius

89 579 243 610 potestatem
260 573 330 609 apud
345 573 455 600 Graecos
472 571 690 599 observavimus.
714 569 805 595 Prima
821 573 874 598 est.

87 630 147 649 cum
170 619 377 652 ἐνδοιαστικῶς,
411 618 452 646 vel
477 615 654 652 ἀπορητικῶς
683 613 818 646 sumitur;
847 617 877 639 ut

88 669 155 704 apud
169 668 268 695 Lucam
289 674 349 700 cap.
369 674 426 692 xxu
437 685 444 697 ,
461 665 490 692 41
509 671 516 690 :
532 663 588 690 Καὶ
612 661 693 692 αὐτὸς
710 659 875 693 ἀπεσπάσθη

89 716 134 743 ἀπ’
150 715 237 741 αὐτῶν
250 714 316 740 ὡσεὶ
331 711 405 739 λίθου
422 711 513 747 βολήν’
537 714 564 737 et
578 716 637 743 cap.
654 716 673 740 ι,
690 706 745 734 56:
763 706 876 740 Ἔμεινε

90 763 118 789 δὲ
134 761 248 797 Μαριὰμ
263 760 311 786 σὺν
324 759 392 794 αὐτῇ
406 757 473 784 ὡσεὶ
492 757 579 792 μῆνας
591 756 675 790 τρεῖς.
690 752 816 780 Secunda
835 751 876 778 vis

89 815 129 838 est
145 807 317 843 συγκριτικὴ,
340 806 398 833 sive
414 802 608 838 comparativa.
623 801 662 828 lta
676 799 743 827 Luc.
761 806 803 830 ιιι,
819 797 854 824 22
868 806 875 823 :

89 857 141 884 Καὶ
154 854 306 889 καταόἧναι
321 853 352 879 τὸ
368 851 481 886 Πνεῦμα
494 850 525 876 τὸ
539 849 616 883 ἅγιον
634 844 784 882 σωματικῷ
797 844 874 874 εῖδει,

924 257 1006 284 supra
1019 258 1163 277 numerum
1182 251 1317 283 consistit,
1332 251 1399 278 ὡσεὶ
1411 251 1560 286 τριάκοντα
1578 251 1646 279 ἑτῶν
1661 252 1714 280 dici

924 300 1022 331 potest,
1038 300 1068 323 ut
1079 296 1246 331 Epiphanius
1261 297 1360 325 alicubi
1373 298 1503 333 disputat.

958 341 1035 374 Quod
1048 342 1134 377 ipsum
1151 342 1282 377 Keplerus
1297 351 1322 371 c.
1346 343 1379 370 15
1394 344 1507 372 alterius
1532 345 1584 372 loci
1603 352 1715 380 compa-

925 388 1030 415 ratione
1045 389 1150 415 erudite
1162 389 1294 417 declarat.
1317 389 1385 417 Nam
1409 398 1470 417 cum
1493 390 1589 418 Matth.
1607 399 1672 422 xvtt.
1689 391 1714 423 1,

925 433 1057 467 scriptum
1070 435 1123 465 sit.
1139 439 1199 469 post
1217 435 1371 463 institutum
1388 444 1402 463 a
1417 435 1532 464 Domino
1548 444 1714 467 sermonem.

927 480 986 515 μεθ’
998 480 1104 515 ἡμέρας
1115 480 1144 513 ἐξ
1159 481 1381 516 transfiguratqu
1397 489 1475 515 esse;
1493 482 1581 510 Lucas
1591 483 1715 510 eamdem

926 526 1067 553 historiam
1084 535 1232 562 exponens.
1248 535 1308 559 cap.
1328 536 1365 560 Ix.
1380 528 1426 560 28.
1449 528 1475 555 id
1497 533 1559 564 post
1579 528 1637 556 dies
1649 529 1717 555 ὡπεὶ

925 571 998 598 ὀκτώ
1013 573 1047 600 ab
1060 572 1107 599 illo
1119 573 1177 608 ipso
1190 581 1315 601 sermone
1328 573 1428 601 factum
1451 582 1514 602 esse
1528 579 1621 602 narrat
1639 583 1647 602 :
1670 575 1716 602 ubi

925 617 1019 645 eadem
1038 618 1105 644 ὡσεί
1121 619 1215 647 vocula
1233 627 1299 648 usus
1312 625 1364 652 est.
1381 628 1442 648 cum
1459 621 1492 648 ad
1511 628 1603 649 verum
1621 628 1719 648 nume-

926 671 986 691 rum
1003 664 1126 695 biduum.
1144 665 1195 692 hoe
1212 671 1253 694 est
1270 667 1377 694 tertiam
1390 672 1494 702 partem
1513 667 1672 695 addidisset.
1682 668 1718 693 At

926 709 1009 736 instat
1032 709 1162 745 Scaliger,
1178 715 1215 744 et.
1247 710 1356 744 Nullus.
1370 712 1473 747 inquit,
1493 711 1652 740 ercismur
1667 720 1717 746 pu-

927 756 993 782 titur
1007 765 1015 782 .’
1042 755 1097 790 ἐγὼ
1121 756 1240 793 ἄρχομαι
1265 758 1410 794 τριάκοντα
1427 758 1506 789 ἐτῶν,
1532 765 1579 793 pro
1597 758 1717 793 ἄρχομαι

927 801 973 828 τοῦ
989 802 1152 837 τριακοστοῦ
1165 802 1252 835 ἔτους.
1265 803 1343 830 Iesus
1359 802 1392 840 ἦν
1407 804 1553 840 τριάκοντα
1575 804 1643 831 ἐτῶν
1664 809 1718 831 toto

929 855 998 874 anno
1015 855 1078 874 xxxt
1091 857 1098 881 ;
1112 847 1157 875 sed
1168 847 1289 876 absoluto
1310 850 1442 877 tricesimo
1468 850 1559 877 statim
1582 850 1719 877 dicebatur

88 899 153 926 ὡσεὶ
172 879 348 934 περισοεράν.
372 879 534 929 Quanquam
560 893 618 920 haec
642 891 778 927 posterior
801 888 877 916 notio

934 892 1060 928 Ξρχεσοαι
1075 893 1112 920 ὢν
1127 893 1276 929 τριάκοντα
1291 895 1369 922 ἑτῶν.
1392 894 1454 922 Non
1480 896 1550 922 enim
1566 896 1719 931 intelligunt

88 944 120 971 ad
137 932 252 978 priorem
266 932 355 977 potest
369 939 464 967 referri
484 948 491 966 :
511 937 583 973 quod
601 937 674 964 enint
689 934 768 963 alteri
788 932 877 962 simile

88 990 196 1021 dicitur,
208 997 263 1016 non
281 988 353 1015 idem
368 990 411 1014 est
425 984 549 1013 cumino.
569 982 662 1010 Tertio
676 981 786 1009 demum
798 979 879 1006 αιτιο-

87 1035 193 1071 λογικόν
206 1039 248 1063 est
264 1034 340 1066 ὡσεί,
362 1033 419 1060 sive
434 1030 617 1060 causativum.
631 1027 699 1056 Nam
717 1027 741 1055 si
761 1026 823 1062 quis
837 1025 879 1053 di—

89 1083 201 1117 ligenter
230 1079 389 1111 attenderit,
426 1077 545 1104 inveniet
578 1074 738 1110 particulam
771 1072 809 1104 ὡς
836 1071 879 1098 vel

88 1127 153 1155 ὡσεί
164 1147 172 1159 .
190 1126 242 1154 nisi
260 1124 393 1152 ambobus
409 1123 461 1150 illis
478 1121 566 1148 modis
585 1123 750 1154 usurpctur,
764 1123 878 1145 causam

87 1173 237 1204 continere,
262 1175 371 1206 propter
385 1177 468 1205 quam
484 1169 510 1196 id
532 1167 604 1203 quod
628 1170 756 1193 narratur
772 1163 880 1190 accide-

88 1221 134 1248 rit.
149 1219 195 1247 Sic
208 1217 280 1254 apud
296 1216 443 1244 Homerum
464 1213 567 1241 Ὀδυσ.
582 1213 603 1239 Ξ
618 1221 625 1239 :

183 1275 345 1309 Ἐπλέομεν
361 1272 455 1309 Βορέῃ
471 1271 569 1309 ἀνέμῳ
581 1269 692 1309 ᾀκραέϊ
710 1266 792 1299 καλῷ

182 1306 324 1344 Ῥηῖδίὠς,
336 1307 408 1336 ὼσέι
421 1316 452 1334 τε
462 1308 537 1334 κατὰ
548 1306 632 1340 ῥόον.

87 1359 144 1387 Cur
168 1357 248 1385 facile
272 1355 421 1391 navigaret,
451 1360 563 1381 causam
590 1350 711 1378 continet
726 1355 776 1375 vox
803 1345 879 1378 ὡσεί,

87 1405 226 1436 videlicet.
242 1402 314 1438 quod
333 1400 453 1429 secundo
468 1398 535 1426 mari
555 1396 682 1429 ferretur,
706 1395 743 1426 ὼς
759 1395 788 1421 ὲν
804 1393 881 1420 ὕδατι

88 1452 165 1479 κάτω
181 1450 280 1486 ῥέοντι,
295 1447 344 1474 καὶ
357 1446 387 1473 οὐ
408 1444 499 1480 στοιτῷ
511 1443 571 1470 κατ’
587 1442 697 1477 ἰσότητα
708 1439 880 1475 ἐπιφανείας.

89 1499 128 1525 ait
151 1484 321 1524 Eustathius.
343 1492 473 1520 Similiter
486 1491 512 1518 in
527 1490 574 1517 illo
588 1487 702 1515 Joannis
718 1487 787 1518 loco,
802 1484 881 1517 δόξαν

929 939 1103 974 participium
1125 939 1163 966 ὢν
1183 942 1304 973 tacitum,
1319 942 1387 976 quod
1404 943 1531 969 ontissum
1545 948 1584 969 est
1601 951 1632 970 ne
1648 951 1720 978 repe-

930 989 1013 1018 tatur,
1027 982 1060 1020 ἦν
1074 985 1236 1021 ἀρχόμενος,
1254 986 1280 1013 id
1290 992 1329 1014 est
1342 987 1452 1022 ἤρχετο.
1471 987 1533 1016 Haec
1547 988 1601 1016 ille.
1618 987 1666 1015 Vis
1678 993 1722 1016 est

930 1031 1013 1066 igitur
1035 1032 1125 1059 omnis
1150 1033 1178 1059 in
1204 1033 1338 1060 vocabul-0
1365 1034 1419 1060 isto
1445 1034 1595 1070 ἀρχόμενος
1610 1034 1719 1069 posita:

930 1077 1001 1112 quod
1019 1077 1052 1105 ad
1076 1078 1182 1106 initium
1208 1079 1297 1106 mtatis
1313 1079 1465 1107 tricenariae
1477 1080 1598 1108 referunt
1612 1087 1720 1108 omnes.

932 1124 983 1152 Sed
999 1123 1131 1152 Onufrius
1145 1132 1209 1152 xxix
1224 1133 1311 1152 annos
1331 1125 1471 1158 evolutos,
1487 1133 1520 1153 ac
1541 1133 1644 1160 paucos
1662 1126 1721 1154 dies

932 1170 1072 1198 tricesimo
1084 1170 1181 1198 libatos
1206 1171 1356 1204 existimat,
1369 1161 1448 1206 quasi
1460 1171 1533 1199 istud
1544 1172 1579 1199 sit
1588 1171 1721 1208 ἄρχεσθαι

931 1215 1001 1243 εἶναι
1019 1217 1086 1243 ὡσεὶ
1098 1216 1167 1243 ἐτῶν
1178 1215 1210 1243 λ’.
1233 1217 1353 1253 Scaliger
1369 1221 1449 1253 negat
1470 1218 1582 1253 probam
1601 1226 1662 1246 esse
1679 1218 1721 1246 Io-

931 1263 1080 1294 cutioncm.
1096 1263 1149 1291 nisi
1162 1264 1273 1299 triginta
1283 1264 1340 1298 jam
1353 1263 1417 1291 anni
1431 1264 1558 1298 completi
1573 1264 1638 1291 sint.
1655 1263 1721 1290 Mihi

932 1318 1007 1343 vero,
1029 1315 1056 1338 nt
1082 1310 1200 1346 ingenue
1214 1309 1302 1337 dicam
1321 1309 1394 1345 quod
1419 1309 1518 1342 sentio.
1540 1309 1593 1337 alia
1610 1310 1651 1337 vis
1662 1317 1723 1337 esse.

932 1356 1039 1384 vitietur
1052 1355 1188 1390 participii
1203 1355 1294 1389 illius,
1322 1363 1404 1391 quam
1432 1361 1462 1383 ut
1479 1355 1649 1388 inchoatum,
1675 1360 1724 1383 aut

931 1403 1070 1434 expletum
1086 1402 1262 1429 tricenarium
1281 1401 1457 1429 demonstret.
1476 1400 1543 1429 Nam
1558 1409 1621 1430 cum
1638 1402 1723 1437 parti-

933 1448 993 1475 cula
1007 1447 1084 1479 ὠσεί,
1097 1453 1126 1474 ιιι
1144 1455 1225 1482 supra
1240 1447 1406 1474 declaratum
1431 1451 1485 1479 est,
1500 1447 1668 1475 diminuendi
1681 1448 1724 1475 vel

933 1492 1073 1520 dubitandi
1089 1492 1227 1520 notionem
1243 1492 1351 1525 habeat,
1362 1493 1425 1527 quis
1441 1497 1493 1525 est,
1520 1493 1565 1527 qui
1581 1493 1725 1527 scripsisse

88 1543 127 1574 ὡς
141 1540 311 1576 Μονογενοῦς
322 1560 329 1572 ,
344 1538 457 1574 gloriam
475 1536 532 1571 ejus
544 1555 551 1566 ,
567 1534 644 1570 quasi
666 1531 816 1567 Um'geniti.
832 1531 881 1578 ty.-

935 1538 1036 1566 Lucam
1053 1543 1127 1572 putet
1141 1547 1147 1565 :
1168 1537 1314 1572 Incipielmt
1330 1546 1386 1565 esse
1400 1538 1480 1566 lusus
1495 1538 1555 1572 plus
1576 1539 1663 1565 minus
1675 1547 1724 1565 an-

89 1587 206 1622 φατικόν
224 1591 250 1613 οι
271 1583 451 1618 αἱτιολογωὶόν
467 1587 508 1610 est
522 1581 570 1613 ὡς.
586 1581 640 1608 Cur
659 1579 732 1606 enim
754 1582 827 1605 tanta
847 1576 883 1603 sit

89 1621 189 1668 gloria,
203 1630 354 1659 conditioni
371 1630 448 1664 ejus.
466 1635 498 1654 ac
515 1625 640 1661 dignitati
662 1624 743 1651 debet
769 1621 880 1650 ascribi.

89 1678 182 1712 Quare
197 1677 268 1704 idem
283 1680 324 1703 est
338 1675 411 1710 quod
427 1677 526 1708 utpote.
540 1672 593 1699 Sed
603 1678 635 1698 ea
647 1668 812 1705 significatio
821 1675 884 1702 par-

90 1725 182 1752 ticula:
190 1717 632 1758 thepotius,quammseieottvenit
642 1726 648 1744 :
659 1717 724 1749 imo,
738 1715 803 1742 utin
817 1713 884 1741 Tlte-

89 1779 173 1798 tauro
191 1769 346 1804 Stephanus
358 1770 460 1798 monet,
478 1765 543 1792 ὡσεί
555 1763 724 1801 frequentius
738 1765 884 1795 usurpatur

89 1825 140 1852 pro
151 1816 268 1846 circiter,
295 1814 364 1849 fere.
379 1821 410 1841 ac
427 1812 544 1840 fortasse
559 1817 698 1844 nunquam
716 1809 804 1839 aliter,
814 1814 882 1842 pra)—

89 1862 188 1891 sertim
200 1862 226 1889 in
236 1869 314 1896 prosa
325 1859 458 1892 oratione,
468 1858 595 1886 sumitur.
608 1855 684 1883 Unde
691 1855 812 1889 colligas,
821 1860 884 1888 per-

89 1916 186 1945 peram
196 1907 308 1936 Joannis
320 1907 395 1934 illum
408 1906 496 1934 locum
509 1904 574 1931 adid
585 1902 686 1934 atferrt,
696 1900 885 1928 uttricesimus

88 1963 182 1983 annus
196 1954 297 1982 solidus
312 1961 344 1981 ac
356 1952 507 1987 complettts
522 1949 648 1984 baptismi
664 1953 785 1983 tempore
801 1945 886 1973 fuisse

89 2000 357 2029 videatur.Primum
371 1999 407 2026 ibi
422 1997 583 2029 ρειώς,ιιοιι
596 1994 677 2021 ὡσει-
691 1992 886 2028 etapndinter-

89 2053 196 2084 pretem
206 2052 329 2075 nostrum
345 2045 421 2081 quasi
439 2044 509 2071 idem
522 2047 564 2070 est
575 2049 607 2069 ac
628 2045 764 2075 tanquam.
783 2038 886 2065 Deinde

88 2083 284 2128 αἰτιολογικῶς
304 2097 331 2120 et
349 2089 508 2127 ὲμφατικῶς
527 2092 683 2122 usurpatur.
698 2087 732 2112 At
751 2085 778 2112 in
801 2083 886 2111 altero

91 2141 142 2168 illo
156 2140 239 2167 Lucae
253 2139 313 2166 loco
324 2138 390 2164 ὡσεὶ
400 2135 564 2169 αἰτιολογίαν
577 2133 678 2160 nullam
710 2135 757 2158 aut
768 2130 887 2165 ἔμφασιν

89 2188 188 2218 habet,
199 2190 247 2213 aut
263 2192 326 2213 vero
339 2182 554 2211 similitudinem.
569 2179 626 2207 Non
644 2183 715 2206 recte
732 2177 814 2213 igitur
824 2183 885 2202 eutn

88 2233 238 2268 superiore
253 2230 403 2259 confertur.

127 2281 168 2308 De
178 2279 299 2306 annicuti
312 2278 422 2305 notione
434 2275 507 2311 quod
531 2274 658 2310 proponit
673 2271 805 2306 Scaliger,
818 2269 887 2297 nihil

89 2327 126 2354 ad
149 2334 208 2354 rem
223 2326 297 2353 facit.
312 2324 390 2351 Aliud
407 2328 447 2351 est
461 2322 534 2349 enim
551 2319 704 2350 anniculus,
721 2317 793 2344 aliud
810 2316 888 2351 quasi

89 2373 239 2400 anniculus
250 2391 257 2403 ,
279 2371 313 2398 de
326 2377 381 2405 quo
397 2376 488 2397 sermo
506 2368 586 2395 nobis
600 2371 652 2394 est.
674 2364 787 2398 Reliqua
800 2362 887 2390 Scali-

88 2420 150 2454 geri
167 2418 293 2447 collectio
310 2416 445 2451 implicata
462 2419 490 2442 et
504 2414 592 2441 inanis
610 2417 660 2440 est.
681 2411 748 2438 Nam
764 2410 889 2443 quishrec

88 2463 250 2499 intelligat?
266 2463 294 2490 Si
311 2461 383 2489 ὡσεὶ
399 2459 566 2496 ἀπορητικόν
580 2459 626 2490 sit.
645 2458 704 2484 dies
719 2461 824 2484 tantum
840 2463 887 2487 xx,

87 2517 139 2539 aut
151 2511 187 2538 ad
206 2517 344 2538 summum
358 2514 477 2535 mensem
494 2506 526 2532 ad
539 2505 686 2532 rotundum
702 2502 823 2530 defuisse
837 2508 889 2528 ιιιι-

86 2565 215 2586 merum.
241 2555 331 2589 Quare
359 2560 387 2581 ut
415 2553 538 2580 Januarii
565 2560 590 2578 γι
608 2551 762 2586 baptizatus
787 2548 888 2581 fuerit,

87 2603 247 2632 Februario
264 2610 358 2629 mense
381 2600 550 2628 tricesimum
574 2598 711 2632 implesse.
726 2596 809 2629 Quasi
824 2602 889 2622 vero

87 2651 141 2686 qui
158 2648 228 2676 ὡσεί
241 2647 311 2687 apud
330 2647 430 2674 Lucam
455 2644 630 2681 ἀπορητικῶς
643 2651 714 2670 suun
733 2643 888 2674 voluerunt,

87 2697 241 2724 Christum
260 2693 410 2721 Februario
419 2699 512 2719 mense
530 2695 622 2718 natum
636 2697 697 2717 esse.
708 2689 890 2721 crediderint,

88 2749 121 2770 nt
134 2741 284 2773 Onufrius,
300 2741 346 2775 qui
365 2738 526 2766 duodecimo
543 2743 626 2772 prope
650 2743 745 2764 mense
767 2739 828 2771 post
842 2735 892 2762 ba-

88 2791 229 2824 ptismum
248 2791 369 2814 vertente
393 2784 501 2819 triginta
528 2784 638 2810 demum
662 2789 749 2809 annos
767 2781 892 2809 evolutos

89 2835 249 2862 existimat.
272 2832 365 2866 Neque
390 2837 453 2858 vero
476 2829 542 2856 ὡσεὶ
559 2829 734 2865 ἀπορητικῶς
750 2834 891 2862 sumptum

91 2888 251 2916 paucorum
283 2882 387 2905 tantum
408 2877 524 2907 dierum,
543 2880 590 2902 aut
609 2875 690 2902 unius
709 2874 820 2906 mensis,
836 2874 890 2902 imo

249 2929 384 2959 Pt'runt.
415 2925 474 2956 Gn.
501 2923 600 2954 XLII.

934 1592 1029 1611 narum
1044 1584 1174 1619 triginta?
1189 1583 1247 1611 Hoc
1258 1585 1331 1611 enim
1351 1588 1425 1612 esset
1438 1584 1472 1612 ad
1487 1585 1620 1612 inﬁnitam
1637 1585 1724 1620 parti-

933 1629 1023 1657 culam
1043 1629 1177 1656 inﬁnitum
1195 1629 1306 1656 verbum
1327 1629 1458 1664 adjicere,
1484 1637 1547 1656 cum
1565 1633 1619 1656 tam
1645 1629 1724 1662 ὡσεί,

933 1684 1016 1711 quam
1032 1676 1184 1711 ἀρχόμενος
1210 1675 1354 1708 infinitam,
1376 1675 1541 1710 minimeque
1558 1675 1724 1703 determina-

935 1727 989 1748 tam
1001 1721 1227 1756 signilicationem
1254 1721 1381 1748 habeant.
1404 1720 1497 1748 Placet
1512 1721 1594 1755 igitur
1611 1721 1724 1749 verbum

935 1766 1067 1801 ἄρχεσθαι
1085 1766 1118 1793 ad
1134 1766 1240 1793 initium
1255 1766 1457 1800 praedicationis
1468 1785 1475 1798 ,
1491 1767 1666 1803 oixovoplctg,
1682 1767 1725 1794 vel

934 1813 984 1848 τῆς
1009 1812 1170 1847 ἐπιφανείας
1194 1811 1314 1845 referre,
1328 1812 1392 1848 quia
1409 1819 1470 1847 post
1486 1813 1662 1848 baptismum.
1678 1813 1724 1848 qui

936 1859 1068 1886 hactenus
1088 1859 1250 1891 delituerat,
1269 1859 1295 1886 in
1315 1863 1438 1894 apertum
1464 1859 1606 1894 lucemque
1618 1859 1726 1894 prodire

936 1905 1029 1939 carpit.
1055 1905 1143 1938 Quam
1171 1905 1222 1932 loci
1251 1905 1333 1940 hujus
1361 1905 1608 1940 interpretationem
1633 1910 1726 1940 postea

937 1951 1007 1985 apud
1021 1950 1180 1978 Jansenium
1207 1950 1368 1985 scriptorem
1384 1951 1603 1978 eruditissimum
1622 1951 1727 1986 reperi:

937 1998 982 2031 qui
999 1997 1122 2025 eamdem
1137 1998 1243 2024 eteteris
1259 1997 1399 2032 anteponit
1413 1996 1551 2024 omnibus.
1574 1996 1727 2024 Prtesertim

937 2050 998 2068 cum
1024 2042 1085 2069 Act.
1103 2050 1122 2073 ι,
1148 2049 1218 2069 com.
1234 2041 1279 2073 2'2,
1297 2042 1392 2068 eodem
1416 2049 1498 2068 sensu
1525 2040 1637 2068 verbum
1662 2041 1728 2067 illud

939 2091 1099 2120 usurpatum
1126 2085 1227 2113 fuerit:
1246 2087 1291 2112 Ἑν
1308 2082 1330 2119 ᾧ
1348 2085 1467 2121 εἰσῆλθε,
1493 2085 1541 2110 καὶ
1558 2085 1669 2120 ἐξῆλθεν
1685 2085 1729 2119 ἐφ’

938 2131 1011 2166 ἡμᾶς
1021 2132 1035 2157 ὁ
1050 2131 1152 2167 Κύριος
1168 2131 1271 2167 Ἰησοῦς
1280 2132 1433 2167 ἀρξάμενος
1447 2130 1502 2157 ἀπὸ
1514 2130 1562 2157 τοῦ
1574 2131 1730 2166 βαπτίσμα-

938 2187 984 2210 τος
1004 2179 1144 2210 Ἰωάννου,
1169 2183 1196 2205 et
1212 2185 1272 2212 cap.
1293 2186 1320 2209 Χ,
1345 2178 1398 2205 57ε
1423 2177 1588 2214 ’Δρξάμενον
1609 2178 1663 2204 ἀπὸ
1678 2177 1730 2213 τῆς

902 2233 924 2260 D
941 2223 1166 2258 Γαλιλαίας.μετὰ
1176 2223 1206 2249 τὺ
1222 2222 1376 2258 βάπτισμα.
1390 2222 1457 2256 Quae
1472 2224 1493 2250 si
1507 2230 1570 2250 vera
1584 2227 1647 2250 sunt
1658 2243 1665 2255 ,
1685 2230 1730 2258 ap-

939 2273 1016 2303 paret
1035 2277 1067 2295 ex
1087 2269 1139 2296 illis
1165 2269 1245 2296 Lucae
1271 2269 1361 2296 verbis
1379 2273 1483 2296 certum
1509 2269 1597 2296 a:tatis
1626 2268 1730 2296 Christi

940 2320 1047 2349 tempus
1060 2314 1165 2341 deliniri
1182 2322 1236 2341 non
1261 2322 1352 2349 posse.
1370 2313 1425 2342 Nec
1450 2319 1493 2342 est
1508 2314 1579 2349 quod
1592 2319 1729 2341 certorum

939 2360 1051 2387 Patrum
1065 2365 1219 2395 opponatur
1246 2361 1407 2393 auctoritas.
1435 2360 1481 2395 qui
1497 2368 1550 2387 non
1567 2360 1642 2388 aliud
1659 2359 1732 2387 aflir—

940 2415 1015 2435 mare
1035 2412 1159 2442 possunt.
1173 2415 1254 2442 quam
1271 2407 1343 2442 quod
1363 2415 1395 2434 ex
1412 2406 1484 2434 Luca
1497 2407 1668 2441 didicerunt;
1684 2415 1732 2434 nc-

939 2461 994 2488 que
1004 2458 1046 2481 est
1063 2453 1115 2480 ulla
1135 2454 1216 2486 ratio,
1231 2461 1281 2480 cur
1295 2461 1328 2480 ex
1343 2453 1452 2480 illorum
1464 2453 1555 2481 verbis
1571 2452 1672 2480 Lucam
1692 2453 1734 2480 itt-

941 2503 1122 2533 terpri-tcmur
1137 2499 1237 2534 potius.
1253 2507 1334 2533 quam
1351 2506 1383 2526 ex
1401 2498 1474 2526 Luca
1491 2506 1552 2534 quae
1570 2498 1604 2526 ab
1624 2499 1677 2526 illis
1689 2506 1733 2526 as-

941 2546 1060 2573 severari
1081 2546 1217 2573 videntur.
1242 2546 1404 2580 Quanquam
1435 2545 1544 2573 tametsi
1568 2553 1621 2572 non
1651 2544 1732 2572 modo

941 2591 1035 2619 Patres
1046 2613 1053 2624 ,
1071 2592 1117 2619 scd
1130 2596 1156 2619 et
1172 2591 1260 2619 Lucas
1272 2593 1330 2627 ipse
1345 2591 1492 2627 perfectos.
1512 2594 1733 2619 consummatos-

941 2645 995 2672 que
1015 2637 1133 2664 tricenos
1152 2644 1240 2664 annos
1263 2638 1377 2669 diceret.
1400 2637 1469 2664 nihil
1492 2642 1582 2664 tamen
1600 2636 1732 2668 obstaret,

943 2684 1019 2717 qttin,
1037 2684 1059 2711 si
1076 2683 1168 2711 minus
1182 2691 1243 2711 cum
1273 2683 1386 2711 historia
1401 2685 1573 2718 congrueret,
1594 2681 1688 2708 eodem
1704 2681 1732 2708 id

942 2730 1127 2765 acciperemus
1139 2738 1229 2763 sensu,
1239 2738 1293 2765 quo
1305 2738 1365 2765 cap.
1375 2730 1458 2762 ".21,
1469 2729 1556 2756 Lucas
1565 2728 1635 2755 idem
1647 2727 1732 2755 dixit:

944 2775 1007 2803 Post
1024 2781 1219 2804 consunmtatos
1239 2783 1296 2803 acta
1321 2777 1387 2808 dies.
1404 2783 1466 2803 cum
1488 2780 1584 2802 octavo
1606 2775 1664 2808 ipso
1677 2774 1732 2801 cir-

943 2824 1081 2851 cumcisus
1107 2825 1142 2851 sit,
1167 2831 1243 2858 puer.
1260 2829 1289 2850 ut
1306 2823 1452 2850 Jaosenius
1468 2822 1606 2849 observat.
1622 2820 1733 2848 Frustra

944 2872 1027 2907 igitur
1042 2870 1137 2905 Ignatii
1151 2871 1225 2899 locus
1240 2870 1284 2898 ille
1299 2877 1331 2897 ex
1351 2868 1434 2903 Epist.
1450 2868 1485 2894 ad
1497 2867 1580 2894 Trutl.
1589 2866 1662 2894 velut
1675 2874 1735 2901 per-

1535 2915 1574 2943 ‘29
