1935 3044
244 172 295 200 907

796 169 964 198 APPENDIX
986 168 1302 200 DISSEBTATIONUM.

1813 176 1863 203 933

243 232 386 268 entptorius
413 229 538 264 ()lljlt’lltll‘
553 237 558 255 :
577 228 630 255 Καὶ
642 229 714 263 τρῖῖς
735 227 850 259 δεκάδας
866 228 933 254 ἑτῶν
949 227 1016 253 πολι·

1076 225 1183 255 Juliano
1200 228 1244 260 45,
1269 228 1382 256 Lentulo
1411 234 1437 256 ct
1452 229 1549 257 Pisone
1574 237 1658 263 coss,
1675 231 1860 260 collocandmu

243 279 408 313 τευσὰμενος
420 275 570 310 ἐσαπτίσοη
588 275 640 301 ὑπὸ
654 274 776 301 Ἰωάννου
790 296 797 307 ,
816 275 940 301 adrersus
951 282 1026 309 quem

244 334 317 352 neruo
335 323 373 351 vel
390 323 494 353 mulire.
510 321 604 348 nedum
621 321 753 355 refragari
778 321 839 355 jure
863 320 964 347 debent.
985 320 1026 348 An

242 372 313 399 enim
329 371 388 405 plus
406 372 448 395 est
469 369 573 399 dicere.
595 367 786 394 ἐπολιτεύσατο
811 368 886 403 τρεῖς
901 367 1025 399 δεκάδας,

242 424 335 451 quam,
351 413 523 449 ἐπλήσθησαν
537 413 638 449 ἡμέραι
654 411 725 438 ὀκτώ
735 434 741 444 ,
763 417 810 439 aut
823 412 895 446 quod
917 412 979 439 alibi
993 412 1027 439 de

242 460 477 494 transﬁguralione
491 458 597 492 legitur,
609 458 667 492 μεθ’
677 458 783 493 ἡμέρας
793 457 859 483 ὡσεὶ
870 457 951 489 ὀκτώ,
964 465 1025 485 cum

241 513 286 532 sex
313 509 416 531 tantum
447 511 461 529 a
478 502 602 529 Matthzeo
627 502 705 528 solidi
733 502 1026 530 numerentnrMIiror

240 554 345 576 tantum
364 549 391 575 in
417 548 470 575 illis
486 547 579 582 lgnatii
607 547 696 574 verbis
711 546 812 581 aliquid
841 547 969 574 momenti
991 547 1024 574 ad

241 596 312 622 illaut
328 594 489 622 sententiam
506 593 605 623 inesse,
621 592 766 619 nonnullos
786 592 922 620 arbitrari.
938 592 976 620 Ac
1000 593 1024 620 si

240 641 402 669 auctoritate
416 647 458 667 res
471 639 569 674 agitur,
584 639 716 666 habemus
732 638 947 673 antiquissimos,
962 646 1024 674 gra-

241 688 421 721 vissimosque
435 685 529 712 Patres
541 706 547 718 ,
561 685 606 719 qtti
630 691 684 711 non
704 688 733 711 ut
744 683 873 722 lgnatjus.
886 685 1003 712 obscure
1014 705 1023 718 ,

240 733 286 761 scd
312 737 404 767 aperte
418 729 645 766 quemadmodum
661 729 740 757 Lucae
752 730 832 756 verba
845 737 859 756 a
889 729 966 756 nobis
982 730 1023 757 in-

240 777 410 812 terpretanda
429 775 527 806 forent,
543 774 672 809 opinione
690 781 738 801 sua
757 774 918 801 docuerunt.
935 773 1021 801 Justi-

239 832 290 852 nus
302 823 401 858 Martyr
418 821 490 848 Dial.
508 829 565 847 cum
583 819 793 854 Trypltone.pag.
811 819 846 846 9?.
859 820 924 846 edit.
952 819 1020 848 Rob.

240 870 346 904 Steph.,
361 868 408 894 καὶ
418 867 564 902 τριάκοντα
578 865 636 900 ἔτη,
654 864 670 899 ἦ
691 864 801 890 πλείονα
813 885 820 895 ,
841 864 856 900 ἢ
874 865 921 891 καὶ
938 865 1019 892 ἐλάσ-

239 923 304 942 σονα.
320 914 423 949 μείνας,
440 912 534 948 μέχρις
546 907 576 937 οὗ
589 909 771 945 προελήλυθεν
794 910 919 945 Ἰωάννης
934 911 1022 945 κῆρυξ

239 960 330 989 αὑτοῦ.
347 959 455 986 Dubitat
469 962 558 985 utrum
572 963 659 983 annos
673 956 782 990 triginta
794 955 918 982 Christus
928 963 1022 984 exces-

238 1008 313 1039 serit.
331 1014 365 1032 an
382 1004 450 1031 infra
468 1004 529 1030 illos
551 1001 715 1032 constiterit,
740 1008 801 1028 cum
831 1001 863 1028 ad
887 1001 1020 1029 Joannem

238 1052 362 1082 accessit.
387 1051 442 1078 Cur
462 1049 516 1077 ita?
543 1048 636 1075 Nonne
659 1047 730 1082 quod
746 1047 833 1074 Lucas
846 1048 1022 1084 ἀπορητικῶς

238 1100 310 1134 loqtti
324 1099 401 1126 visus
417 1102 468 1128 est,
482 1103 543 1122 cum
557 1094 623 1120 ὡσεὶ
641 1093 708 1120 ἑτῶν
726 1094 871 1129 τριάκοντα
896 1095 1022 1129 scripsit?

238 1146 270 1172 At
284 1144 400 1171 Irentcus
415 1147 518 1169 tantum
535 1140 569 1167 ab
583 1139 678 1174 rigidis
693 1139 746 1166 illis
759 1138 962 1174 prtehactisqne
974 1148 1020 1168 ro-

237 1192 357 1219 cnlarum
373 1187 566 1223 interpretilnts
579 1187 722 1218 abhorret;
737 1189 766 1212 ut
780 1185 797 1211 l.
812 1193 843 1217 ιι,
859 1193 882 1212 c.
898 1186 1020 1214 59Chri-

237 1245 306 1266 stum
320 1235 444 1271 baptismi
461 1240 581 1269 tempore
592 1232 711 1259 nondum
722 1231 809 1258 aetatis
819 1239 918 1259 annum
938 1233 1020 1260 trice-

237 1285 335 1313 simum
353 1281 503 1315 cxplevisse
523 1283 643 1307 censeat.
659 1277 837 1305 Prmtcrmitto
857 1280 1020 1308 recentiores

236 1328 392 1364 apostolicis
415 1327 468 1354 illis
483 1324 650 1359 temporibus
665 1323 767 1355 Patres,
778 1328 944 1359 ett-torosque
959 1333 1019 1359 gra-

236 1384 294 1408 ves,
310 1381 336 1402 et
352 1373 472 1401 eruditos
496 1371 636 1401 homines;
662 1370 707 1404 qui
734 1369 813 1396 Lucae
833 1371 1018 1399 testimoniunt

236 1422 394 1456 ἀδιορίστως
408 1422 514 1446 aztatcm
528 1415 641 1448 Christi,
655 1423 687 1442 ac
703 1414 848 1447 πλατυκῶς
866 1416 1020 1451 signiﬁcare

237 1475 290 1494 nott
309 1465 441 1493 dubitant.
467 1462 523 1489 Nec
545 1459 698 1492 defuerunt.
724 1460 769 1494 qui
793 1467 841 1494 pro
856 1461 1017 1496 ἀρχόμενος,

235 1512 381 1548 ἐρχόμενος
409 1508 530 1543 legerint,
553 1510 583 1533 ut
606 1505 773 1540 Epiphanius
787 1510 814 1532 et
839 1505 1016 1541 Euthymius;

235 1559 302 1585 adeo
324 1555 495 1591 participium
512 1552 662 1588 ἀρχόμενος
682 1552 715 1578 ad
737 1551 818 1578 oliicii
843 1556 870 1578 et
885 1552 1017 1586 prxdica—
1031 1566 1053 1596 α

235 1602 316 1630 tionis
331 1599 483 1631 exet-dium,
503 1606 557 1625 non
582 1596 615 1625 ad
636 1597 772 1623 ineuntem
787 1600 892 1623 aetatem
910 1597 1016 1625 illorum

234 1647 368 1675 sententia
383 1649 534 1672 revocatur.

270 1692 323 1720 Sed
342 1695 384 1718 est
397 1690 469 1717 aliud
483 1688 624 1724 quiddam,
637 1687 709 1722 quod
723 1693 827 1714 veteres
840 1687 963 1721 perinde.
985 1696 1017 1716 ac

233 1738 399 1766 recentiores
412 1741 517 1765 omnes.
529 1733 575 1767 qui
590 1732 623 1760 de
635 1731 716 1758 natali
725 1739 797 1772 anno
808 1732 908 1759 Christi
922 1732 1017 1768 dispu-

234 1788 335 1815 tarunt.
351 1786 480 1815 tanquam
499 1778 683 1806 certissimum
709 1777 790 1812 vulgo
818 1784 1015 1812 sumpserunt:

233 1830 361 1856 nimirum
388 1826 526 1854 Christum
551 1831 623 1851 anno
647 1831 681 1851 xv
707 1823 809 1850 Tiberii
846 1824 1014 1859 baptizatum

234 1875 328 1901 fuisse.
345 1871 422 1899 Unde
438 1878 499 1898 cum
512 1869 615 1897 Tiberii
635 1876 669 1895 xv
682 1869 795 1903 cmperit
811 1876 884 1896 anno
906 1868 1016 1897 Juliano

232 1921 277 1951 75,
295 1918 388 1946 Silano
400 1921 426 1944 et
437 1916 524 1943 Nerva
546 1922 665 1947 coss..ex
679 1915 711 1941 A.
730 1913 762 1940 D.
780 1922 824 1941 xtv
842 1914 905 1943 Kal.
926 1914 1014 1950 Sept_,

232 1971 259 1993 et
272 1964 423 1999 haptismus
440 1962 540 1990 Christi
558 1961 584 1988 in
599 1960 722 1987 Januarii
736 1967 761 1986 ι·ι
780 1960 935 1993 incurrerit.
950 1969 1015 1988 conv

230 2011 305 2039 venit
319 2016 390 2037 anno
408 2008 515 2035 Juliano
530 2006 578 2039 74.
596 2005 717 2033 Geminis
732 2005 840 2033 duobus
856 2013 939 2038 eoss.,
955 2015 1015 2041 qum

230 2062 272 2084 est
286 2056 407 2083 omnium
432 2054 487 2082 fere
501 2051 655 2080 communis
679 2051 781 2086 opinio.
803 2051 881 2085 Quod
907 2053 1013 2081 illarum

231 2103 430 2129 ﬁrmamentum
446 2099 470 2133 si
484 2098 546 2133 quis
561 2095 715 2128 extorserit,
730 2097 831 2124 ‘omuis
847 2097 891 2124 illa
910 2098 1013 2126 Christi

231 2148 328 2176 natalis
341 2145 520 2181 investigandi
531 2144 601 2171 ratio
613 2142 775 2170 labefactata
792 2144 921 2171 concidit.
931 2144 1013 2180 Atqui

231 2201 302 2221 anno
331 2193 391 2227 ipso
416 2191 517 2218 Tiberii
536 2198 569 2217 xv
589 2190 756 2225 baptizatum
787 2198 847 2219 esse
875 2191 1012 2218 Christum
1034 2205 1039 2210 -

1029 2241 1052 2270 ι)
1066 2231 1160 2266 nysius
1175 2232 1279 2267 cyclum
1298 2240 1376 2260 suum
1398 2233 1498 2269 dirigit.
1514 2236 1682 2264 novilunium
1697 2238 1786 2266 Martii
1804 2248 1851 2274 xu,

231 2239 302 2266 unde
321 2238 428 2265 tandem
445 2235 616 2263 habuerunt?
633 2235 721 2263 Lucas
733 2235 806 2263 enim
821 2244 880 2271 cap.
895 2245 932 2268 tu,
948 2237 1012 2270 1,2,

230 2291 302 2310 anno
315 2291 347 2310 xv
374 2282 475 2309 Tiberii
488 2280 619 2308 Joannem
635 2281 721 2308 sancti
743 2281 859 2316 Spiritus
874 2281 963 2309 adlatu
979 2282 1012 2310 ad

230 2328 431 2364 prmdicandam
457 2327 642 2362 pmnitentiam
663 2327 798 2361 prodiisse
816 2332 931 2358 narrat.
958 2335 1012 2354 non

228 2382 293 2402 vero
310 2374 447 2401 Christum
462 2372 612 2400 codemillo
627 2371 729 2400 Tiberii
744 2381 778 2400 xv
793 2380 864 2399 anno
878 2380 893 2399 a
908 2372 1012 2400 Joanne

231 2419 405 2454 baptizatum.
420 2416 525 2449 Etenim
544 2418 601 2445 ﬁeri
617 2422 714 2453 potest,
731 2422 761 2445 ut
783 2417 892 2445 Juliano
907 2418 950 2449 74,
967 2417 1012 2445 Ti-

229 2465 294 2492 berii
315 2472 347 2491 xv
362 2469 486 2497 exeunte,
508 2468 601 2499 utputa
619 2464 740 2499 Augusto
756 2463 875 2495 ineunte,
892 2465 1012 2492 Joannes

227 2509 320 2537 relicta
335 2509 482 2536 solitudine
496 2508 521 2536 in
538 2509 674 2544 publicum
689 2508 839 2541 emerserit,
848 2513 875 2536 et
891 2517 964 2536 anno
976 2509 1010 2536 75

226 2555 334 2582 Juliano
363 2555 516 2589 baptizatus
533 2555 566 2582 ab
591 2555 685 2582 eodem
703 2554 738 2582 sit
753 2555 889 2588 Christus,
908 2555 1008 2583 Tiberii

228 2609 280 2628 xvi.
298 2599 376 2633 Quod
392 2608 407 2627 a
419 2600 537 2633 nemine,
550 2603 682 2634 quantum
699 2599 794 2633 sciam,
811 2600 942 2628 hactenus
961 2601 1009 2628 ob-

226 2653 374 2679 servatum,
390 2646 536 2681 plurimum
556 2646 588 2673 ad
611 2647 765 2674 communis
786 2654 818 2674 ac
838 2646 1008 2681 Dionysiana:

221 2702 284 2720 terat
298 2692 480 2727 patrocinium
501 2691 617 2719 confert.
636 2691 720 2719 Nemo
733 2696 775 2723 est
796 2693 870 2720 enim
890 2699 943 2720 tam
959 2701 1006 2729 pa-

224 2746 295 2771 rum,
309 2746 361 2765 non
375 2738 462 2765 dicam
481 2737 680 2765 mathematicis
696 2738 812 2771 artibus.
835 2739 882 2767 sed
903 2739 1006 2774 vulgari

223 2783 268 2810 iila
282 2784 377 2818 peritia
399 2783 638 2810 subducendorum
661 2788 814 2818 temporum
842 2785 1004 2817 instructus,

223 2828 268 2860 qui
283 2835 336 2854 non
353 2835 472 2862 pugnare
488 2835 578 2855 secum
595 2826 655 2856 illos
670 2836 764 2857 omnes
794 2829 1002 2862 animadvertat,

222 2874 269 2906 qui
285 2873 406 2900 Natalem
420 2874 524 2901 Domini
536 2883 567 2902 ex
580 2881 632 2902 atra
640 2875 743 2909 vulgari
758 2875 811 2902 alio
824 2883 906 2908 anno,
919 2884 1001 2911 quam

1064 274 1263 308 scripserunt;
1289 275 1368 302 itaut
1385 276 1489 310 primus
1512 283 1617 308 eorum.
1635 285 1704 311 quos
1731 285 1748 304 a
1775 277 1859 305 Natali

1077 318 1179 346 Christi
1207 325 1342 354 putamus,
1367 320 1494 348 Julianus
1524 321 1559 348 sit
1583 321 1627 354 46,
1646 322 1677 350 C.
1709 322 1815 350 Ctesare
1832 328 1859 351 et

1078 363 1161 391 Paulo
1178 373 1249 393 coss.
1273 366 1350 398 Quod
1371 368 1478 401 quidem
1496 369 1632 403 eclipseon
1657 376 1688 395 ac
1709 369 1858 396 cmlestinm

1077 415 1199 437 motuum
1214 410 1371 446 descriptio,
1387 418 1412 439 et
1424 413 1490 447 cycli
1505 414 1556 449 ipsi
1573 422 1606 440 ex
1622 414 1724 448 vulgari
1734 415 1859 442 methotlo

1076 455 1142 483 satis
1162 456 1308 489 evincunt,
1337 462 1365 484 nt
1392 458 1499 485 abunde
1525 459 1656 486 hactenus
1679 459 1857 486 ostendimus.

1076 500 1153 534 Quod
1173 502 1196 529 si
1211 503 1272 537 quis
1294 511 1376 530 {eram
1395 504 1545 540 vulgarent,
1570 513 1651 539 quant
1668 503 1858 541 Dionysianam

1075 552 1173 574 vocant
1189 568 1196 580 ,
1225 556 1286 576 eutn
1307 549 1340 577 iis
1356 550 1483 577 omnibus
1499 551 1644 578 conciliare
1661 551 1787 583 voluerit,
1806 552 1858 579 imo

1075 594 1231 620 consentire
1245 594 1304 628 ipse
1320 602 1412 622 secum
1426 605 1433 628 ;
1453 596 1570 630 primum
1586 596 1694 624 Juliano
1720 606 1803 629 anno,
1830 606 1858 626 ac

1075 644 1146 664 coss.
1164 645 1234 672 quos
1248 638 1303 665 dixi
1317 659 1324 671 ,
1353 637 1474 667 Natalem
1492 640 1593 668 Christi
1611 642 1730 669 tribuere
1754 642 1833 670 debet
1849 651 1856 668 :

1074 685 1131 708 tum
1145 683 1269 709 eumdem
1283 682 1420 711 Christum
1438 684 1547 712 Juliano
1559 685 1592 712 75
1608 686 1772 721 baptizatutn
1784 695 1857 714 asse-

1073 734 1142 759 rere,
1155 734 1227 754 anno
1236 729 1392 756 :etatisxxtx
1404 729 1459 763 jam
1475 730 1618 765 completo.
1633 736 1659 758 et
1673 732 1783 759 ineunte
1794 741 1854 760 xxx.

1073 771 1180 807 Alioqui
1190 780 1250 800 cttm
1260 773 1436 801 Geminorum
1446 776 1605 803 consulatus
1620 783 1693 804 anno
1710 777 1745 804 ‘29
1761 777 1857 814 Diony-

1072 817 1155 845 siantc
1168 825 1229 845 serae
1247 825 1389 854 congruat.
1409 821 1485 855 cyclo
1501 822 1566 849 solis
1581 830 1608 854 ι,
1629 823 1700 849 lume
1725 832 1762 855 ιι,
1777 824 1857 852 Chri-

1067 867 1142 895 stus,
1149 864 1262 898 expletis
1270 864 1401 892 duntaxat
1409 874 1492 894 xxvm
1503 867 1592 900 annis,
1602 868 1754 903 baptizatus
1766 869 1855 898 fuerit.

1038 897 1058 925 Β
1074 906 1131 934 Imo
1149 915 1213 943 vero
1225 909 1247 936 si
1263 908 1382 945 Dionysii
1395 910 1468 939 illius
1479 919 1540 939 tera:
1558 914 1717 947 conditoris,
1733 923 1764 943 ae
1778 916 1857 944 Beda:

1073 952 1190 980 decretis
1214 953 1377 986 insistimus.
1390 956 1498 985 nonnisi
1513 966 1587 986 xxvu
1602 967 1688 987 annos
1703 960 1857 989 absolverat

1070 995 1208 1030 Christus,
1228 1005 1291 1025 cum
1312 999 1345 1026 ad
1362 999 1494 1029 Joannem
1507 1003 1592 1030 venit.

1072 1051 1210 1084 Quomodo
1226 1054 1342 1097 vulgaria
1360 1065 1415 1097 tera
1431 1057 1531 1097 Christi
1543 1059 1585 1097 _ab
1603 1061 1719 1088 auctoris
1735 1061 1856 1097 Dionysii

1327 1092 1450 1119 instituto
1464 1093 1602 1122 dissideat.

1107 1133 1253 1162 Sciendum
1266 1136 1338 1163 enim
1350 1142 1401 1170 est,
1411 1145 1512 1166 annum
1527 1140 1614 1172 illum,
1629 1149 1709 1176 quem
1723 1150 1784 1171 tera:
1797 1145 1856 1171 vul-

1070 1180 1143 1214 garis
1166 1182 1284 1214 primum
1312 1182 1439 1216 facimus,
1455 1189 1482 1212 et
1498 1187 1622 1220 proxime
1649 1195 1664 1214 a
1688 1188 1776 1216 Natali
1794 1191 1854 1226 ipso

1071 1223 1218 1254 Salvatoris
1232 1228 1437 1263 auspicamur,a
1451 1232 1538 1266 primo
1549 1233 1622 1261 illius
1635 1241 1745 1264 auctore
1761 1237 1853 1265 lucar-

1071 1271 1189 1299 nationis
1215 1280 1248 1299 ac
1277 1272 1380 1302 Natalis
1399 1283 1500 1303 annum
1523 1285 1583 1305 esse
1604 1281 1782 1308 constitutum
1801 1291 1807 1308 :
1829 1283 1854 1310 id

1071 1316 1142 1350 quod
1161 1324 1193 1344 ex
1210 1317 1329 1353 Dionysii
1345 1319 1430 1354 ipsius
1441 1339 1449 1352 ,
1473 1327 1505 1348 ac
1531 1321 1609 1349 Beda:
1626 1325 1784 1352 testimonio
1797 1326 1854 1361 pla-

1070 1368 1135 1388 ttum
1151 1361 1246 1390 faciam
1268 1373 1274 1391 :
1292 1372 1353 1391 nam
1368 1365 1523 1401 Dionysius,
1536 1372 1565 1394 ut
1582 1374 1677 1396 auctor
1694 1375 1736 1397 cst
1752 1371 1823 1399 Beda
1836 1374 1854 1399 l.

1071 1407 1108 1434 De
1123 1413 1201 1443 temp.
1219 1410 1398 1446 ratione.cap.
1418 1412 1467 1444 45,
1493 1417 1520 1440 ct
1542 1414 1606 1441 alibi
1634 1423 1722 1450 saepe.
1748 1418 1854 1453 cyclnm

1069 1460 1148 1480 suum
1165 1462 1297 1483 annorum
1312 1456 1364 1483 552
1378 1457 1412 1484 ab
1432 1466 1464 1486 eo
1489 1459 1627 1488 inchoavit
1643 1469 1725 1495 anno,
1743 1464 1791 1498 qni
1810 1464 1855 1491 lu-

1070 1501 1255 1528 carnationem
1273 1507 1300 1529 et
1326 1502 1498 1532 Nativitatem
1518 1508 1674 1535 antecessit.
1695 1508 1788 1545 itaque
1801 1512 1856 1546 pri-

1071 1553 1145 1573 mum
1163 1554 1264 1575 annum
1280 1549 1348 1584 cycli
1364 1550 1408 1576 Sui
1420 1551 1504 1578 voluit
1518 1559 1581 1580 eum
1599 1561 1669 1586 esse.
1684 1556 1780 1589 quiest
1793 1565 1855 1585 aera:

1069 1593 1222 1620 communis
1237 1593 1302 1626 532;
1326 1595 1476 1623 secundum
1491 1604 1556 1624 vero
1575 1606 1647 1632 cum,
1670 1601 1716 1634 qui
1734 1607 1777 1629 est
1791 1603 1853 1630 535.

1068 1637 1128 1671 Qun
1144 1639 1182 1670 tit,
1198 1644 1227 1666 ιιι
1240 1639 1263 1667 si
1274 1645 1345 1667 retro
1358 1642 1482 1676 progredi
1500 1644 1628 1678 volueris,
1646 1653 1734 1674 annus
1746 1649 1854 1682 primus

1069 1685 1135 1720 t'ycli
1152 1684 1306 1720 Dionysiani
1329 1687 1450 1721 proxime
1473 1689 1670 1719 lncarttationis
1695 1699 1728 1720 ac
1750 1692 1856 1721 Nativi-

1069 1729 1131 1756 tatis
1145 1737 1246 1757 annum
1262 1732 1405 1765 praecedat.
1431 1732 1504 1761 Idem
1521 1735 1548 1762 in
1573 1735 1717 1772 Computo,
1739 1740 1854 1774 cap.l7,

1068 1775 1164 1810 repetit
1178 1775 1249 1803 Beda
1262 1781 1306 1804 :et
1322 1785 1355 1804 nc.
1365 1785 1417 1812 qua
1429 1779 1563 1808 dubitatio
1576 1783 1661 1816 possit
1676 1790 1747 1815 esse,
1764 1791 1855 1812 certos

1068 1819 1239 1848 characteres
1255 1820 1339 1852 addit.
1355 1823 1455 1857 quibus
1469 1826 1607 1853 secundus
1619 1826 1664 1854 ille
1677 1835 1768 1855 annus
1783 1830 1853 1864 cycli

1067 1865 1101 1892 ab
1115 1865 1176 1892 aliis
1192 1866 1355 1894 discernitur
1371 1878 1377 1895 :
1401 1870 1495 1902 veluti,
1511 1871 1582 1905 quod
1599 1879 1707 1906 cpactas
1727 1873 1855 1903 habuerit

1067 1919 1093 1938 xt
1105 1920 1112 1942 ;
1126 1917 1321 1941 concurrentes
1342 1922 1373 1946 v;
1389 1914 1450 1942 luna
1463 1915 1525 1943 item
1538 1925 1583 1944 xiv
1598 1918 1625 1945 in
1638 1926 1685 1946 vni
1701 1919 1761 1947 Kal.
1786 1921 1852 1956 Apr.

1067 1957 1205 1986 Dominica
1219 1966 1282 1986 vero
1297 1959 1437 1988 Paschalis
1454 1969 1479 1989 vt
1497 1962 1554 1990 Kal.
1572 1964 1636 1999 Apr.
1655 1965 1718 1993 luna
1733 1975 1789 1994 xvi.
1806 1967 1855 1995 Est

1065 2004 1138 2031 enim
1150 2004 1195 2032 hic
1212 2012 1300 2033 annus
1314 2014 1374 2033 terre
1389 2008 1543 2036 communis
1560 2010 1675 2043 primus,
1696 2012 1773 2045 cyclo
1786 2013 1855 2039 solis

1064 2057 1092 2082 x,
1107 2050 1178 2078 luna:
1196 2057 1228 2081 ιι,
1241 2055 1343 2086 epactre
1359 2060 1396 2085 xi.
1420 2059 1617 2082 concurrentes
1631 2064 1657 2083 γ.
1674 2055 1854 2085 Ncrilnninm

1066 2097 1183 2123 medium
1197 2105 1229 2124 ex
1244 2097 1355 2125 Frisicis
1369 2097 1471 2126 Mulieri
1487 2100 1691 2129 tabulis.;'llat'tEi
1704 2110 1764 2135 xm,
1783 2104 1853 2131 hora

1064 2141 1091 2172 7,
1103 2141 1147 2172 59.
1161 2141 1204 2173 59.
1216 2147 1278 2176 post
1288 2143 1358 2170 med.
1375 2148 1493 2176 nectent,
1508 2145 1570 2172 luna
1583 2154 1638 2178 xrv.
1656 2147 1745 2174 Martii
1760 2157 1824 2176 xm
1843 2157 1852 2176 :

1064 2187 1154 2214 sedob
1171 2188 1324 2223 προήγησιν
1340 2187 1456 2216 Nicmnis
1467 2191 1645 2225 temporibus,
1663 2193 1695 2220 ad
1708 2202 1770 2228 quae
1787 2194 1853 2222 Dio-

1064 2278 1126 2304 luna
1136 2285 1192 2311 xtv,
1202 2277 1288 2305 Martii
1301 2286 1360 2312 xxv,
1374 2279 1431 2307 sive
1446 2287 1493 2307 vttt
1505 2280 1555 2308 Kal
1575 2282 1652 2316 Apr..
1662 2284 1701 2310 lit.
1713 2284 1851 2314 Domittic.

1063 2322 1093 2349 Β.
1113 2322 1229 2351 Proinde
1244 2323 1332 2351 Martii
1346 2333 1426 2357 xxvn,
1443 2325 1593 2355 Dominica.
1610 2327 1678 2356 Hinc
1694 2335 1736 2358 est
1763 2334 1851 2367 quod,

1063 2373 1092 2396 ut
1108 2369 1202 2397 scribit
1216 2369 1298 2402 Beda,
1316 2371 1459 2406 Dionysius
1477 2372 1511 2400 ad
1524 2374 1680 2402 methodum
1700 2376 1852 2406 decemno-

1063 2416 1186 2443 vennalis
1203 2416 1282 2444 annis
1309 2417 1415 2444 Domini
1438 2425 1521 2446 unum
1537 2420 1616 2454 adjici
1636 2421 1731 2455 jubet;
1749 2423 1853 2459 signiﬁ~

1061 2469 1125 2488 cans
1150 2462 1197 2488 illo
1217 2462 1357 2489 incuruata
1378 2471 1458 2490 unum
1480 2463 1581 2492 Cit-culi
1605 2466 1851 2496 deccmuovennalis

1060 2514 1158 2533 annum
1173 2509 1230 2543 jam
1243 2508 1324 2542 fuisse
1337 2509 1504 2543 completum.
1523 2510 1626 2543 Quibus
1637 2520 1670 2540 ex
1687 2513 1765 2541 Beda:
1785 2515 1852 2543 Dio—

1060 2553 1184 2588 nysiique
1208 2555 1298 2582 verbis
1313 2555 1435 2583 vitiosam
1463 2555 1691 2592 Dionysianorum
1706 2561 1850 2595 cyclorum

1059 2598 1266 2634 descriptionem
1282 2608 1342 2629 esse
1356 2606 1437 2636 patet.
1447 2610 1506 2636 qua:
1519 2604 1588 2638 apud
1602 2605 1726 2632 eumdem
1745 2605 1850 2635 Bedam

1060 2648 1133 2671 tomo
1148 2643 1157 2670 ι
1170 2646 1312 2680 reperitur.
1325 2644 1363 2673 lbi
1378 2646 1450 2673 enim
1468 2654 1540 2674 anno
1556 2649 1643 2682 pritno
1654 2649 1745 2678 littera
1755 2651 1778 2678 E
1795 2660 1848 2687 po«

1059 2690 1132 2718 nitur
1146 2699 1153 2718 z
1171 2699 1243 2719 anno
1256 2692 1385 2732 secundo,
1397 2691 1449 2720 DC.
1463 2693 1544 2728 Atqui
1556 2694 1659 2728 primus
1673 2703 1762 2724 annus
1777 2698 1847 2733 cycli

1058 2737 1215 2773 Dionysiani
1233 2738 1367 2766 bisextilis
1383 2742 1434 2770 est,
1451 2745 1503 2765 non
1532 2740 1681 2771 secundus.
1697 2742 1744 2776 qui
1762 2742 1847 2770 habet

1057 2783 1172 2810 litteram
1189 2782 1219 2815 B,
1235 2783 1272 2810 uti
1285 2784 1358 2818 prior
1374 2783 1426 2811 DC.
1442 2783 1504 2812 Ideo
1515 2784 1612 2812 merito
1626 2785 1696 2813 Beda
1711 2788 1846 2819 correxit.

1055 2834 1082 2856 ct
1107 2829 1259 2858 hisextilem
1288 2831 1355 2866 cycli
1377 2831 1495 2865 primum
1524 2839 1628 2859 annum
1655 2840 1716 2860 esse
1746 2833 1845 2861 voluit.

1055 2877 1216 2910 Quanquam
1230 2875 1363 2911 suspicari
1383 2876 1444 2907 licet
1458 2875 1615 2912 Dionysium
1633 2877 1723 2913 primo
1735 2885 1844 2906 annum
