1935 3044
115 169 167 198 909

693 165 736 192 DE
753 163 846 193 ANNO
863 163 988 192 NATALI
1008 162 1154 191 CHRISTI.

1679 161 1731 189 9l0

116 228 240 256 Natalem
260 227 287 254 in
302 227 409 254 tertium
425 224 529 262 oly'mp.‘
547 225 596 252 itii
611 224 810 259 eonjicientcm,
826 228 899 252 recte
913 227 936 255 Α
951 223 1038 251 littera
1057 223 1133 250 Dom.
1157 222 1187 249 B.
1199 221 1290 256 Quare
1304 221 1408 250 decima
1426 225 1523 256 quarta
1534 219 1672 248 Paschalis
1690 220 1732 247 in-

117 275 264 302 adnoiasse
281 272 435 308 proximum
450 272 526 299 illum
542 275 604 298 ante
628 271 779 298 bisextilcm
803 269 897 303 fuisse,

116 321 198 354 eique
210 322 350 353 propterea
370 318 487 344 litteram
500 316 521 342 E
538 316 666 344 tribuisse
683 323 688 341 :
709 320 799 350 postea
810 320 898 342 tamen

118 366 327 397 hallucmatum,
350 363 471 391 Natalem
494 363 665 390 submovisse
693 361 719 388 iii
747 369 848 388 annum
873 368 899 387 iv

117 411 221 446 olynip.
232 410 364 444 ejusdem,
376 409 417 436 vel
429 413 501 436 certe
514 408 625 435 alteram
640 407 794 442 quempiam
815 405 900 433 ascri-

116 457 206 492 psisse
227 456 345 483 litteram
361 454 392 487 E,
408 461 489 488 quant
511 453 657 480 convenire
675 455 767 479 nosset
782 458 854 478 anno
871 458 900 477 ιιι

116 502 219 537 olymp.
244 500 305 528 194.
331 499 374 526 cui
402 498 546 533 Dionysius
566 497 688 524 Natalem
705 496 901 531 assignaverat,

115 554 167 573 nec
182 545 340 576 advenisse.
353 544 442 570 minus
456 543 509 570 hoc
523 543 556 569 ad
571 549 651 570 suum
669 541 822 568 institutum
834 547 902 575 qua-

115 593 207 618 drare.
224 590 367 625 Utcunque
384 596 448 616 vero
467 588 606 621 ceciderit,
630 594 681 614 nos
702 594 783 613 ieram
798 586 900 621 Diony-

115 637 222 664 sianam
236 643 290 663 uno
307 634 487 668 anticipamus
513 640 604 660 anno:
617 637 645 660 et
657 639 736 666 quem
751 632 795 659 ille
812 631 902 658 lucar-

117 683 238 710 nationis
256 688 283 708 et
305 680 460 708 Nativitatis
484 688 584 707 annum
605 686 665 706 esse
682 678 778 711 voluit,
809 677 901 712 proxi-

116 735 191 754 mum
207 735 221 754 a
239 726 384 753 Nativitate
396 723 901 759 constituimus,quodimprudentibus

116 772 197 800 nobis
210 771 340 806 obrepsit.
355 771 423 798 Cum
434 770 507 797 enim
527 777 646 803 majores
661 769 747 796 nostri
765 775 852 796 annos
867 768 901 794 ab

116 816 307 844 liicarnatione
320 819 503 846 numerarent,
522 818 616 849 postea
629 812 730 841 factum
742 818 793 843 est,
805 817 835 840 ut
851 813 899 848 qui

115 869 131 888 a
148 860 294 888 Nativitate
305 859 395 894 potius
409 859 514 885 initium
539 863 660 892 repetere
672 858 780 890 vellent,
796 865 857 885 cum
873 865 898 885 ix

950 269 1035 297 currit
1049 270 1075 296 iu
1092 277 1119 296 ix
1132 270 1196 304 Apr.
1214 269 1263 296 l'er.
1277 276 1323 295 vn.
1335 267 1470 295 Postridie
1484 268 1573 300 itaque
1590 265 1730 293 Dominica

950 315 1099 343 Paschalis.
1115 315 1195 350 Atqui
1213 313 1376 341 utChristus
1394 319 1474 341 natus
1491 314 1525 340 sit
1533 316 1649 340 exeunte
1660 318 1733 339 anno

951 360 1115 396 Dionysiano
1127 359 1256 392 secundo,
1271 367 1344 386 anno
1355 359 1388 386 54
1401 363 1527 392 exeunte,
1547 365 1601 385 non
1615 357 1732 392 amplius

951 413 1024 432 xuii
1040 412 1125 433 annos
1138 405 1241 433 solidos
1265 405 1425 440 expleverit;
1442 404 1553 432 ineunte
1568 411 1633 431 vero
1650 411 1731 434 xxxv.

954 452 1121 478 tricesimum
1135 452 1242 479 tertium
1257 451 1409 478 inchoabat.
1425 450 1496 486 Ergo
1511 450 1629 485 primum
1645 450 1733 477 mtatis

950 502 1052 523 annum
1078 495 1232 531 Campanus
1248 504 1309 524 eum
1329 499 1464 528 numerat,
1481 503 1536 531 quo
1558 495 1585 523 in
1605 500 1729 522 materno

952 547 1031 570 utero
1043 547 1162 577 gestatus
1178 547 1230 570 est.

951 599 990 626 De
1010 599 1147 634 Sigeberti,
1173 598 1307 629 Mariani,
1324 597 1488 634 aliorumque
1516 597 1732 631 chronologorum

985 633 1207 674 Imltiicinatione,
1243 633 1312 667 quod
1353 633 1388 659 ad
1424 641 1484 660 certe
1515 634 1733 666 anticipationem

987 673 1109 703 pertinet.

986 724 1064 757 Quod
1083 729 1126 752 est
1143 732 1157 752 a
1178 725 1256 753 nobis
1282 725 1406 760 proxime
1432 724 1610 759 disputatum,
1630 723 1732 758 Diony-

955 770 1059 798 sianam
1091 778 1184 804 teram,
1219 778 1280 798 cum
1300 771 1334 798 ab
1362 777 1433 797 anno
1465 769 1662 797 lucarnationis
1690 768 1734 796 iii-

951 816 1073 843 ciioauda
1094 816 1129 844 sit
1150 816 1183 843 ab
1197 823 1240 848 eo,
1267 816 1314 851 qui
1338 816 1508 843 Nativitatem
1526 815 1660 850 sequitur.
1683 814 1732 841 ho-

951 861 1046 887 dierno
1060 868 1110 887 usu
1128 861 1221 895 repeti,
1237 862 1323 896 prima
1339 860 1427 888 fronte
1442 860 1598 895 Sigebcrtus
1610 860 1733 887 animad-

115 914 227 934 menses
242 893 383 933 detrahere
400 905 538 937 deberent,
555 905 641 931 tribus
658 908 825 931 aiiievertere
841 910 898 929 nia-
913 893 937 923 Β
953 905 1065 932 vertisse
1091 893 1175 932 videri
1202 893 1299 940 potest.
1326 904 1393 932 Nam
1413 905 1445 931 ad
1465 893 1566 931 annum
1595 904 1647 931 552
1677 904 1735 931 inec

117 952 230 983 luerint,
246 955 271 978 et
287 951 321 978 ab
335 957 368 978 eo
383 949 481 980 Natali.
497 949 543 984 qui
559 949 756 976 lncarnationis
768 948 899 982 epocham

116 996 263 1028 antecedit,
275 1003 328 1022 non
340 995 375 1022 ab
390 1002 423 1022 eo
436 994 482 1029 qui
497 993 633 1029 sequitur.
651 993 811 1021 numerandi
825 993 900 1027 prin-

115 1041 220 1078 cipium
237 1040 376 1068 duxerint.
395 1039 515 1066 Tametsi
530 1038 734 1066 vetustissimus
758 1037 802 1065 hic
824 1044 901 1064 error

114 1094 158 1117 est
186 1087 309 1121 adeoque
332 1085 453 1125 Dignysii
474 1085 570 1120 ipsius,
601 1091 631 1112 ac
657 1083 744 1110 Bedaa.
772 1081 901 1109 Hincilla

115 1134 191 1160 velut
204 1141 237 1160 ex
253 1132 355 1166 tripode
367 1130 537 1165 pronuntiata
553 1129 684 1156 sententia
699 1136 705 1153 z
725 1127 810 1154 Habet
820 1128 900 1158 enim,

115 1179 169 1205 nisi
186 1177 278 1212 fallor,
301 1175 425 1202 Ecclesia:
440 1175 516 1209 ﬁdes,
534 1174 673 1200 Dominum
688 1173 715 1200 in
730 1180 808 1199 carne
821 1172 902 1206 paulo

115 1225 176 1259 plus
190 1231 269 1258 quant
285 1222 452 1249 xxxruanuis
464 1228 543 1255 usque
560 1221 594 1246 ad
610 1227 658 1245 sua
672 1223 788 1253 tempera
799 1218 902 1252 passio-

115 1271 157 1296 nis
171 1268 268 1295 vixisse
282 1275 292 1293 :
308 1267 370 1302 quia
384 1266 499 1293 ridelicct
513 1273 564 1292 xxx
580 1272 708 1291 annorum
723 1264 802 1298 fuerit
816 1263 901 1298 bapti-

117 1321 196 1342 zatus
208 1323 217 1347 ,'
229 1315 296 1340 sicut
316 1313 474 1347 evangelista
489 1311 577 1338 Lucas
590 1315 711 1342 testatur,
724 1314 748 1337 et
763 1315 813 1336 tres
825 1309 902 1336 semis

115 1368 200 1387 annos
216 1363 274 1394 post
292 1358 422 1391 baptisma
433 1357 626 1391 prazdicauerit.
637 1355 775 1382 llrecBeda
785 1363 844 1390 cap.
857 1354 903 1381 illo

115 1407 160 1433 47.
174 1406 240 1438 Quae
255 1404 277 1431 si
288 1411 321 1430 ex
337 1402 473 1434 Ecclesiae,
492 1407 520 1428 ut
532 1401 638 1433 asserit,
654 1401 705 1428 [Ide
714 1401 822 1428 decreta
834 1400 902 1433 sint,

116 1451 186 1478 nihil
199 1457 289 1477 causa:
304 1453 355 1481 est,
375 1448 442 1482 quin
465 1447 521 1481 ipsa
535 1450 630 1473 contra
657 1453 830 1473 communem
854 1445 904 1472 Ec-

117 1496 208 1524 clesia:
222 1495 300 1521 tidem
317 1493 428 1521 sentiat.
449 1491 553 1519 Etenim
565 1491 703 1518 Christum
721 1497 830 1525 passum
844 1496 905 1517 esse

118 1541 201 1568 tradit
219 1548 293 1566 anno
310 1547 371 1566 aera:
386 1543 486 1565 nostra
507 1537 551 1564 54.
570 1536 647 1564 Unde
670 1535 901 1571 quemadmodum

119 1593 221 1613 annum
239 1592 300 1611 mra:
317 1588 414 1610 nostrte
425 1583 485 1615 555,
494 1582 540 1617 qui
556 1587 597 1609 est
614 1581 726 1609 secundi
745 1579 904 1616 Dionysiani

118 1630 189 1667 cyeli
208 1629 355 1660 secundus,
375 1628 540 1662 respondere
565 1630 658 1654 censet
684 1633 755 1652 anno
778 1625 827 1658 illi,
850 1633 905 1660 quo

117 1675 246 1704 Christus
260 1675 421 1700 incarnatus
435 1677 477 1700 est
493 1680 500 1698 :
517 1672 552 1699 ita
569 1672 603 1699 ad
623 1671 676 1698 55?.
688 1671 748 1698 addi
768 1670 846 1705 jubet
859 1671 904 1703 54,

119 1725 150 1748 ut
164 1721 232 1747 liant
247 1718 308 1752 566,
324 1718 370 1753 qui
386 1725 475 1744 anuus
493 1717 654 1752 respondeat
682 1717 759 1743 alteri
784 1715 833 1748 illi,
851 1723 906 1749 quo

118 1773 219 1801 passus
234 1771 277 1792 est
291 1764 431 1796 Dominus,
447 1764 494 1799 qui
506 1768 548 1791 est
560 1771 620 1790 mra:
635 1763 679 1790 54.
693 1763 811 1797 Apparet
824 1762 906 1798 igitur

118 1810 193 1846 apud
211 1809 322 1841 Bcdam,
338 1813 365 1835 et
381 1808 539 1844 Dionysium
567 1815 599 1834 eo
612 1815 696 1839 anno,
711 1807 757 1842 qui
781 1812 823 1834 est
846 1813 906 1834 arma

119 1855 277 1885 communis
290 1854 335 1887 54,
352 1854 419 1890 cycli
449 1853 606 1888 Dionysiani
626 1853 671 1885 55,
687 1852 824 1880 Christum
845 1860 906 1880 esse

119 1910 245 1939 passum.
262 1900 352 1934 Quare
373 1907 448 1939 cum,
472 1904 502 1926 ut
518 1899 556 1926 illi
578 1903 711 1930 statuunt,
737 1906 810 1926 anno
837 1899 905 1934 cycli

118 1948 250 1977 secundo.
271 1955 332 1974 rene
358 1936 447 1973 autem
471 1947 569 1980 primo,
588 1946 746 1973 incarnatus
771 1950 906 1980 natusque

119 1994 156 2021 sit
172 1992 306 2018 Dominus
330 1999 416 2019 :cum
443 1998 540 2025 passus
562 1995 614 2022 est,
642 1998 730 2017 annos
753 1991 906 2018 absolverat

119 2041 255 2068 duntaxat
277 2047 352 2066 χχχιι
376 2046 436 2064 cum
457 2038 561 2071 aliquot
585 2037 734 2063 mensibus.
758 2036 814 2064 Nisi
836 2037 906 2064 forte

119 2095 222 2115 annum
247 2086 335 2113 astatis
359 2085 476 2119 primum
502 2091 677 2110 numeremus
708 2083 793 2116 illum,
809 2083 904 2118 quoin

119 2138 199 2161 utere
215 2132 309 2158 matris
324 2135 444 2165 gestatus
458 2135 513 2161 eSt;
529 2127 601 2163 quod
616 2127 842 2155 absurdissimum
853 2132 905 2155 est.

156 2178 190 2205 Et
207 2182 296 2204 tamen
313 2176 467 2210 Campanus
483 2173 598 2206 insignis
606 2178 794 2206 computoruiii
810 2173 905 2199 artifex

950 950 1076 976 adnotat:
1088 950 1126 976 Ab
1139 950 1187 976 hoc
1202 950 1283 977 etiam
1298 957 1366 976 anno
1378 949 1521 983 Dionysius
1536 949 1616 975 abbas
1632 949 1735 975 orditur

951 993 1053 1028 cyclum
1068 1002 1159 1027 suum,
1186 994 1317 1029 cyclorum
1348 1002 1364 1020 ν
1390 993 1671 1021 decemnoueunalium.
1702 993 1735 1020 Et

951 1041 1013 1075 quia
1027 1042 1156 1068 secundus
1175 1049 1259 1067 annus
1274 1041 1352 1074 hujus
1371 1041 1456 1075 operis
1477 1041 1637 1068 concordare
1658 1041 1734 1068 debet

952 1086 980 1111 in
995 1086 1096 1112 ratione
1123 1087 1238 1120 computi
1253 1087 1338 1120 primo
1353 1093 1423 1112 anno
1446 1085 1603 1112 Nutivitatis
1624 1085 1734 1118 Christi,

952 1130 1025 1157 debet
1043 1138 1114 1157 xxxv
1124 1139 1208 1157 annus
1220 1131 1287 1165 cycli
1301 1130 1460 1165 Dionysiani
1475 1131 1633 1157 concordare
1645 1131 1671 1157 in
1689 1139 1718 1157 ra
1728 1146 1735 1151 -

953 1177 1024 1203 tione
1051 1177 1166 1210 compitti
1200 1177 1330 1203 tricesimo
1365 1177 1441 1203 tertio
1478 1185 1546 1213 anno
1576 1177 1735 1204 Natii‘itatis

954 1221 1052 1248 Christi
1064 1230 1073 1249 :
1092 1223 1190 1249 scilicet
1202 1227 1230 1249 ut
1243 1231 1286 1249 xiv
1299 1222 1363 1249 luna
1377 1222 1475 1257 Aprilis
1494 1227 1614 1249 occurrat
1628 1231 1652 1250 ix
1671 1222 1734 1250 Kal.

954 1267 1020 1301 Apr.
1035 1268 1060 1294 in
1072 1275 1087 1294 ν
1101 1267 1169 1302 feria
1181 1276 1190 1294 :
1206 1267 1301 1294 Passio
1315 1267 1415 1295 Christi
1430 1276 1478 1295 Viti
1499 1267 1565 1296 Kal.
1580 1269 1645 1303 Apr.
1657 1270 1684 1295 in
1709 1276 1735 1296 ιί

955 1312 1042 1347 feria:
1058 1311 1224 1339 Resurrectio
1251 1319 1277 1339 vi
1294 1311 1359 1339 Kal.
1386 1313 1450 1348 Apr.
1472 1313 1500 1340 in
1520 1313 1658 1340 Dominica
1682 1314 1734 1341 die.

955 1356 1007 1383 Sed
1021 1357 1084 1391 quia
1096 1364 1147 1382 non
1167 1357 1205 1383 ita
1221 1357 1347 1388 occurrit,
1364 1358 1409 1384 sed
1431 1357 1494 1384 luna
1509 1365 1554 1385 xiv
1567 1358 1667 1392 Aprilis
1692 1366 1737 1385 oc-

954 1403 1038 1430 currit
1053 1411 1083 1429 eo
1099 1410 1169 1429 anno
1183 1410 1220 1429 χιι
1236 1401 1301 1429 Kal.
1317 1404 1380 1437 Apr.
1396 1404 1423 1430 in
1444 1404 1530 1437 prima
1543 1404 1628 1438 feria:
1645 1404 1738 1431 Domi—

955 1449 1015 1476 nica
1027 1456 1085 1475 vero
1101 1448 1157 1475 dies
1176 1448 1285 1475 Pascha:
1302 1449 1328 1475 in
1345 1457 1359 1475 v
1389 1448 1451 1475 Kal.
1469 1449 1545 1482 Apr..
1566 1450 1624 1477 ideo
1638 1451 1737 1486 impro-

957 1495 1045 1528 batur,
1060 1495 1123 1530 quia
1141 1499 1268 1530 repugnat
1289 1494 1568 1530 cvangelicwveritati.
1586 1495 1646 1524 llaec
1663 1497 1738 1531 Sige-

958 1537 1061 1565 bertus.
1078 1537 1145 1570 Quae
1167 1545 1229 1565 cum
1254 1538 1450 1566 obscurissima
1478 1545 1560 1567 sunt:
1591 1545 1647 1567 tum
1674 1549 1739 1568 vero

957 1591 1019 1611 cum
1037 1584 1075 1611 ait
1089 1591 1190 1611 annum
1207 1584 1276 1619 cycli
1291 1583 1448 1620 Dionysiani
1462 1585 1497 1613 55
1517 1587 1682 1620 respondere
1704 1587 1739 1614 55

955 1629 1123 1662 Nativitatls,
1140 1630 1211 1657 istud
1227 1630 1327 1664 ipsum.
1345 1630 1418 1664 quod
1434 1638 1448 1657 a
1468 1631 1546 1658 nobis
1563 1631 1737 1658 observatum

955 1679 1008 1707 est,
1029 1674 1162 1702 aliirmare
1177 1675 1292 1702 videtur.
1317 1674 1385 1702 Nam
1403 1676 1425 1702 si
1450 1676 1629 1711 Dionysiauus
1645 1677 1738 1712 cyrlus

955 1729 1010 1748 uno
1027 1729 1099 1748 anno
1112 1720 1330 1748 lncarnationem
1348 1721 1492 1753 antecedit,
1512 1729 1623 1749 necesse
1637 1727 1690 1754 est,
1709 1727 1739 1750 ut

955 1766 1077 1800 ejusdem
1094 1765 1160 1801 cycli
1177 1765 1273 1792 tertius
1290 1766 1394 1800 primus
1409 1765 1445 1793 sit
1461 1769 1522 1800 post
1544 1765 1715 1794 Nativitalem
1729 1787 1738 1800 ,

955 1812 1077 1846 adeoque
1101 1811 1168 1846 cycli
1185 1807 1221 1837 55
1247 1811 1315 1838 sita
1342 1810 1487 1838 Nativitatc
1515 1811 1558 1839 55.
1585 1812 1624 1840 lta
1651 1820 1738 1842 annos

954 1856 1109 1884 Nativitatis
1135 1861 1197 1891 post
1223 1855 1397 1884 Nativitatem
1430 1857 1515 1892 ipsam
1545 1858 1663 1892 cuipiam
1695 1859 1738 1886 in-

956 1903 1056 1930 choare
1068 1903 1212 1930 videbitur.
1229 1902 1328 1930 Verum
1346 1904 1488 1931 character
1503 1904 1558 1937 ille,
1571 1912 1652 1939 quem
1667 1905 1734 1933 sub-

954 1948 1026 1983 jicit,
1041 1949 1115 1975 aliud
1129 1956 1180 1975 nos
1193 1949 1349 1976 existimare
1362 1949 1443 1984 cogit.
1469 1949 1575 1977 Etenim
1598 1950 1740 1987 Dionysia-

956 2001 1017 2020 iiaiu
1033 2002 1115 2022 teram
1132 1994 1253 2026 damnat,
1272 1995 1343 2029 quod
1358 2002 1419 2021 cum
1436 2002 1524 2022 anuus
1538 1996 1606 2031 cycli
1626 1996 1660 2023 55
1677 2005 1739 2026 cum

956 2046 1029 2066 anno
1044 2038 1199 2067 Nativilatis
1216 2039 1251 2066 55
1265 2041 1411 2066 convenire
1433 2039 1539 2072 debeat,
1559 2041 1623 2075 quia
1641 2048 1740 2068 secun-

956 2085 1007 2111 dus
1022 2085 1089 2119 cycli
1106 2085 1208 2119 primus
1225 2089 1266 2112 est
1280 2083 1443 2117 Nativitatis,
1463 2093 1632 2121 nequaquam
1646 2090 1738 2114 tamen

957 2131 1129 2158 consentiat:
1146 2136 1286 2166 propterea
1302 2133 1375 2166 quod
1398 2132 1433 2159 55
1456 2133 1523 2167 cycli
1541 2132 1632 2160 lunam
1659 2134 1740 2161 habet

957 2183 1003 2202 χιν
1033 2176 1060 2202 in
1087 2184 1125 2203 χιι
1151 2176 1208 2204 Kal.
1227 2178 1292 2212 Apr.
1310 2177 1377 2204 feria
1394 2185 1412 2208 i,
1431 2177 1483 2204 hoc
1497 2182 1538 2206 est
1559 2178 1646 2205 Martii
1676 2187 1738 2213 xxi,

121 2225 148 2251 in
169 2223 236 2250 illud
251 2222 396 2257 prolapsus
411 2224 460 2246 est.
476 2219 543 2245 Nam
565 2219 590 2245 in
603 2219 748 2253 Computo,
762 2226 821 2252 cap.
833 2218 868 2244 2i
879 2222 906 2244 et
922 2228 943 2256 υ
959 2219 1062 2246 Pascha
1076 2228 1142 2247 vero
1157 2229 1173 2247 v
1189 2220 1248 2248 Kal.
1273 2221 1349 2256 Apr.,
1368 2229 1455 2248 anuus
1475 2226 1564 2248 autem
1586 2221 1740 2251 Nativitatis

120 2271 165 2302 52,
178 2268 318 2296 Christum
344 2266 487 2292 Dominum
503 2269 594 2290 natum
605 2268 743 2291 asseverat
754 2271 826 2290 anno
838 2262 905 2298 cycli

122 2313 378 2346 deccniiiovcimalis
406 2312 537 2343 secundo,
564 2311 630 2345 cyeli
660 2318 723 2337 \‘Ct‘u
749 2315 904 2344 cpactarum

121 2360 213 2392 tertio,
231 2363 292 2385 ante
307 2366 323 2384 ιι
341 2355 592 2388 niensesinclioato,
610 2355 652 2382 die
668 2355 794 2382 vicesima
809 2361 906 2389 quarta

121 2405 272 2435 lunatioiiis
299 2402 496 2434 cmbolimarae,
520 2408 581 2436 qua:
604 2401 723 2428 secundo
748 2400 906 2428 Decembris

121 2454 197 2485 iuiit;
219 2451 296 2486 cyclo
311 2450 376 2477 solis
395 2457 422 2481 χ,
449 2448 536 2475 littera
555 2447 632 2475 Dom.
650 2448 680 2474 Β.
704 2447 762 2474 Non
777 2448 847 2474 alius
862 2447 906 2474 hic

121 2505 210 2525 annus
224 2501 275 2528 est,
296 2503 378 2530 quant
402 2502 463 2520 mra:
485 2493 656 2528 Dionysiana:
681 2493 807 2528 primus,
837 2493 906 2527 cycli

123 2540 282 2576 Dionysiani
308 2538 454 2570 secundus,
475 2545 555 2572 quem
574 2545 623 2565 nos
640 2537 756 2572 primum
777 2546 791 2564 a
817 2537 905 2564 Natali

121 2591 279 2622 computare
299 2585 435 2617 solemus;
452 2592 506 2619 quo
523 2583 613 2619 cyclus
627 2589 783 2618 cpactaruin
800 2585 905 2618 tertius,

122 2633 167 2667 qui
181 2633 252 2659 idem
267 2636 307 2659 est
324 2639 385 2659 cum
398 2630 633 2663 Alexandriiio,ab
645 2630 664 2658 S
674 2631 796 2665 ~ptenibri
813 2639 907 2659 mense

122 2678 214 2713 cmpit,
235 2682 359 2705 currente
374 2684 458 2704 aureo
473 2684 585 2704 numero
606 2676 637 2702 ll.
664 2675 770 2703 Rursus
795 2685 905 2711 paSSum

123 2733 183 2752 esse
197 2724 337 2752 Christum
355 2724 432 2750 docet
443 2731 514 2750 anno
528 2723 616 2750 inlatis
631 2723 675 2754 54,
696 2731 750 2757 quo
762 2722 863 2750 Pascha
880 2723 905 2750 iu

124 2777 149 2796 Iv
165 2769 225 2796 Eid.
241 2769 306 2804 Apr.
324 2768 429 2795 incidit.
447 2767 494 2796 Est
508 2767 530 2795 is
543 2775 631 2795 annus
654 2776 715 2794 atrae
736 2767 907 2803 Dionysianae

123 2815 167 2847 55,
182 2823 238 2850 quo
259 2814 333 2850 cyclo
357 2814 462 2840 labente
476 2813 546 2840 luute
562 2820 625 2844 xvu.
647 2811 794 2840 Ncomcuia
821 2811 907 2840 Nisan

123 2860 225 2890 Nicxui
237 2861 308 2889 radit
319 2860 345 2888 iu
363 2859 452 2888 Martii
466 2868 551 2894 χχιέι,
567 2859 632 2887 feria
645 2867 663 2892 i,
681 2858 758 2893 cyclo
772 2859 837 2886 solis
850 2867 905 2893 χιι,

959 2265 993 2292 55
1009 2265 1161 2300 luiiainxiv
1181 2267 1306 2294 habuerit
1335 2275 1361 2294 ιχ
1380 2266 1438 2294 Kal.
1466 2267 1531 2302 Apr.
1556 2267 1623 2294 feria
1648 2276 1674 2300 ι’,
1690 2268 1741 2296 Pa-

959 2311 1024 2338 scha
1038 2319 1064 2337 vi
1091 2311 1151 2339 Kal.
1169 2312 1234 2346 Apr.
1251 2312 1335 2347 igitur
1351 2321 1423 2340 xxxv
1439 2321 1500 2340 cum
1521 2322 1608 2341 xxxiii
1621 2323 1686 2347 non,
1711 2307 1759 2343 ut~

959 2356 1083 2390 debebat,
1098 2357 1234 2391 congruit.
1258 2357 1295 2384 lia
1312 2357 1479 2392 Sigehertus.
1498 2357 1568 2385 Idem
1584 2359 1617 2386 ad
1639 2368 1739 2388 annum

960 2402 1028 2429 1076
1043 2403 1093 2428 ista
1109 2403 1202 2429 scribit
1215 2412 1221 2430 ε
1236 2405 1292 2430 Hoc
1308 2412 1377 2430 anno
1389 2404 1434 2439 qui
1449 2408 1487 2431 est
1502 2413 1550 2432 xui
1566 2413 1650 2432 annus
1661 2407 1742 2440 primi

959 2449 1201 2476 decenmovrunalis
1213 2450 1280 2485 cycli
1292 2451 1319 2476 in
1333 2451 1441 2484 repetito
1452 2459 1546 2485 magno
1559 2459 1628 2478 anno
1643 2452 1742 2488 Diony-

959 2496 1003 2527 sii,
1017 2495 1119 2522 duobus
1135 2497 1236 2530 magnis
1253 2497 1330 2523 annis
1341 2504 1356 2522 a
1373 2495 1501 2522 Passione
1515 2496 1622 2524 Domini
1641 2498 1741 2526 revolu-

961 2542 1006 2574 tis,
1021 2542 1119 2574 omnia,
1132 2550 1190 2576 quw
1208 2542 1243 2568 ad
1256 2550 1362 2569 rursum
1389 2543 1454 2570 solis
1470 2548 1494 2569 et
1516 2543 1587 2571 laute
1611 2549 1738 2578 spectant.

959 2595 1028 2614 anno
1040 2587 1185 2614 Dontiuica:
1199 2587 1338 2615 Passionis
1355 2589 1524 2615 concordant.
1541 2588 1614 2615 Unde
1632 2595 1739 2623 apparet

959 2635 1027 2667 quod
1040 2633 1183 2668 Dionysius
1204 2641 1254 2660 non
1277 2638 1344 2660 recte
1367 2641 1450 2660 annos
1469 2634 1572 2660 Domini
1598 2633 1670 2668 cyclo
1695 2642 1742 2660 suo

960 2680 1099 2710 aitnexuit;
1115 2679 1176 2713 quia
1190 2679 1259 2706 enim
1287 2679 1320 2706 ab
1341 2687 1410 2706 anno
1426 2679 1532 2705 Domini
1558 2678 1609 2706 532
1637 2678 1742 2713 pyelum

960 2733 1036 2751 suum
1053 2733 1127 2752 orsus
1141 2730 1180 2752 est
1193 2744 1200 2757 ,
1222 2725 1347 2752 nimirum
1371 2724 1483 2752 intendit
1505 2724 1639 2750 Christum
1661 2723 1742 2758 fuisse

960 2774 1051 2796 natum
1070 2778 1138 2797 anno
1161 2771 1274 2797 secundo
1303 2771 1399 2804 prioris
1416 2770 1505 2804 magni
1522 2769 1606 2801 anni;
1632 2777 1663 2795 ac
1695 2777 1741 2803 per

959 2815 1007 2842 hoc
1021 2816 1063 2842 hic
1077 2823 1161 2843 annus
1178 2823 1248 2842 anno
1265 2815 1408 2841 Dommica:
1423 2813 1560 2840 Passionis
1577 2813 1741 2840 concordam

959 2861 1088 2888 debuisset
1105 2869 1160 2888 csse
1182 2861 1270 2895 magni
1295 2860 1361 2894 cycli
1376 2866 1461 2885 annus
1476 2865 1528 2885 non
1553 2858 1606 2892 15,
1625 2860 1670 2885 sed
1685 2857 1740 2890 53;
