1935 3044
211 172 255 201 911
772 168 942 197 AI’PENDIX
963 169 1279 198 DlSSERTATIONUM.

1787 167 1846 196 9i?

210 228 271 262 quia
285 227 306 253 is
324 226 373 261 fuit
389 235 474 253 annus
496 225 632 253 Passionis
660 225 765 252 Domini
780 235 787 252 :
809 231 834 253 et
858 235 904 261 per
929 227 995 253 hunc
1012 229 1031 256 A
1046 228 1150 255 rexisse
1164 236 1228 254 vero
1244 227 1330 254 Martii
1346 234 1432 258 xxv",
1453 225 1518 252 feria
1541 232 1560 252 l.
1577 223 1636 257 Quo
1650 223 1722 251 velut
1738 227 1843 258 postu-

211 272 422 301 consrqucntiam
435 271 530 297 solaris
554 275 578 297 et
599 271 701 297 lunaris
727 279 819 298 cursus
837 272 996 298 concordant

211 317 368 351 rrungeticw
391 316 505 342 ueritati.
535 315 678 350 Dionysius
704 317 791 350 posuit
822 316 997 343 Nutiritutcm

212 363 460 390 Chrislixxtunnis
492 362 594 388 tardius
622 371 703 397 quant
735 363 834 390 debuit.
858 363 919 390 Haec
942 363 996 390 ille.

211 409 278 434 (lum
293 408 318 434 in
333 407 473 441 superiore
494 407 554 434 loco
570 407 731 439 deliniisset,
754 415 855 434 annum
878 408 912 435 55
929 408 997 444 cycli

211 454 308 480 debere
319 460 380 479 esse
395 451 550 479 Nativitatis
561 452 606 485 25,
615 460 670 487 quo
682 460 779 487 passus
792 457 834 480 est
849 452 995 479 Dominus:

213 507 284 526 nunc
303 504 331 525 ut
350 498 420 525 idem
439 497 580 525 Passionis
596 506 685 525 annus
700 491 763 525 cum
780 506 823 530 eo,
839 499 885 533 qui
905 499 997 525 l3nu-

212 550 342 577 mcratur,
358 544 432 571 otnni
454 551 486 570 ex
505 549 581 578 parte
599 545 763 576 consentiat,
783 545 820 572 ait
843 545 931 579 ipsum
949 545 997 572 de-

212 592 274 617 bere
285 598 345 617 esse
361 590 428 624 cyeli
442 590 610 616 tricesimum
627 591 748 617 tertium.
774 591 854 625 Atqui
871 591 905 617 55
929 590 997 625 cyeli

211 635 378 666 Nativitatis,
396 635 453 662 sive
466 635 558 669 potius
581 633 778 662 lucaruatiouis
804 640 847 662 est
869 635 914 662 52.
931 634 997 667 Quis

212 682 449 710 hallueiuationem
464 688 517 707 non
529 679 620 707 videt?
640 679 676 706 Ex
696 680 728 708 iis
746 684 857 715 apparet
875 680 942 707 nihil
964 681 997 707 de

211 729 330 760 bietmio,
351 727 422 761 quod
435 732 498 754 ante
512 734 614 753 annum
639 725 743 753 Natalis
759 725 918 762 Dionysiani
944 734 996 752 Illl-

211 774 370 802 morandum
393 780 453 800 esse
470 773 626 803 docuimus,
654 772 679 798 in
709 775 827 799 mentem
856 771 998 808 Sigeberto

212 821 338 852 venisse;
351 824 377 846 et
398 818 552 846 Nativitalis
573 826 673 845 annum
689 818 724 845 ab
740 825 773 845 eo
790 825 852 845 cum
869 817 996 845 Inearna-

211 866 295 893 tionis
310 872 381 891 anno
399 863 527 891 condendi
542 873 548 890 :
570 863 698 898 quoniam
715 864 823 897 quidem
845 864 996 891 secundum

1048 274 1113 305 lato,
1128 279 1154 301 et
1169 274 1304 301 axiomatc
1336 272 1408 304 freti,
1438 272 1599 303 historiam,
1623 278 1654 299 ac
1681 275 1844 305 temporum

1047 327 1240 354 annorumque
1255 319 1352 346 seriem
1373 319 1407 345 ad
1436 325 1513 345 suam
1543 317 1616 344 illam
1643 316 1780 352 πρόληψιν
1796 324 1842 343 ae<

1047 363 1223 392 commodare
1242 363 1408 394 maluerunt,
1432 370 1513 397 quam
1539 361 1604 389 illud
1630 361 1719 396 ipsum
1745 361 1844 394 cujus-

1048 410 1127 445 modi
1136 413 1219 440 esset,
1245 408 1390 443 diligenter
1406 408 1553 442 inquirere.
1573 406 1666 441 Itaque
1688 414 1751 433 eum
1775 406 1844 432 anui

1048 457 1075 483 in
1096 459 1152 482 toto
1164 455 1331 490 Dionysiano
1350 454 1426 488 eych)
1444 459 1499 480 tres
1520 452 1632 479 omnino
1650 453 1844 479 characterem

1048 501 1120 528 hunc
1137 500 1236 528 habere
1254 501 1369 534 possint,
1390 499 1520 526 nimirum
1540 506 1601 530 xm.
1631 498 1678 533 qui
1707 502 1750 525 est
1778 505 1846 524 aet-a2

1048 555 1096 579 xtl,
1112 547 1156 574 cui
1175 546 1269 581 eyelus
1288 546 1360 572 lunm
1372 545 1499 580 congruit
1515 552 1575 577 xut,
1592 545 1658 571 solis
1672 551 1730 576 xxI,
1748 543 1844 570 littera

1048 592 1155 620 Domin.
1176 591 1221 620 CB
1237 600 1243 618 :
1257 591 1321 619 item
1338 598 1426 618 anntts
1440 589 1503 622 260,
1529 597 1591 617 atrae
1608 589 1753 624 259.cyclo
1769 590 1845 617 solis

1048 646 1103 671 va,
1121 638 1211 665 littera
1228 637 1261 668 Β,
1283 637 1355 664 lunae
1381 644 1451 664 xm:
1474 644 1507 663 ac
1531 639 1669 670 postremo
1688 635 1752 668 450,
1779 643 1846 662 terre

1046 684 1110 716 449,
1127 683 1204 719 cyrlo
1214 682 1279 710 solis
1295 690 1322 714 x,
1335 683 1424 710 littera
1434 682 1466 714 Β,
1489 681 1559 708 lunae
1573 689 1620 708 xm
1636 689 1642 713 ;
1659 688 1707 715 pro
1718 689 1751 709 eo
1764 682 1843 716 quod

1047 729 1136 755 caeteri
1144 727 1301 755 retnotiOres
1309 726 1532 761 eSsent,primum
1540 726 1715 760 arripuerunt
1723 734 1829 753 annum
1835 747 1842 759 ,

1047 775 1093 809 qui
1105 778 1147 802 est
1160 774 1228 809 cyrli
1246 772 1403 808 Dionysiani
1419 772 1462 806 15⁷
1478 780 1539 800 terte
1558 772 1609 806 l2;
1633 777 1660 799 et
1679 779 1694 799 a
1707 771 1843 808 Dionysio

1049 819 1256 856 μεταχρονισμῷ
1271 824 1410 855 peccatum
1426 826 1486 846 esse
1499 818 1625 845 dixerunt
1639 818 1841 845 annorum22:

1050 867 1117 893 adeo
1125 870 1155 892 ut
1163 865 1209 899 qui
1221 869 1378 892 numeratur
1385 863 1584 891 incarnationis
1591 863 1624 889 12
1633 883 1640 895 ,
1653 863 1721 898 eyeli
1735 863 1780 895 15,
1791 863 1843 890 de—

212 920 313 939 annunt
337 911 416 946 cycli,
433 909 480 944 qui
507 909 578 936 haud
594 909 676 937 dubie
703 909 900 937 lnearnationis
926 909 996 943 apud
1014 902 1034 931 Β
1050 911 1138 937 buerit
1152 909 1347 938 lnearnationis
1360 917 1419 937 esse
1433 909 1467 936 54
1481 930 1488 942 ,
1513 908 1581 944 eycli
1600 909 1644 936 55.
1661 908 1791 936 Testatur
1815 909 1841 936 id

212 959 273 985 illos
294 957 398 990 prinuts
414 960 466 987 est,
484 955 602 990 primum
617 961 693 989 teque
706 954 861 982 Nativitalis
874 962 934 982 esse
949 955 997 981 de-

213 1004 281 1030 linil.
296 1002 347 1029 Sed
365 1002 390 1028 in
409 1000 462 1027 illis
479 1000 587 1027 duobtts
605 999 736 1035 Sigeberti
753 1000 820 1028 locis
834 1001 918 1027 multa
934 1005 999 1027 sunt

212 1050 311 1085 partim
332 1048 475 1084 Scriptoris
488 1048 578 1082 culpa,
593 1047 690 1082 partim
705 1046 811 1073 librarii
830 1046 934 1073 incuria
952 1047 998 1072 de-

213 1101 335 1130 pravata.
348 1094 386 1122 Ac
401 1095 493 1129 priore
509 1094 618 1129 quidem
646 1093 672 1120 in
694 1093 754 1120 loco
776 1093 879 1119 nullutn
898 1092 924 1118 in
945 1100 998 1118 nu-

214 1141 362 1168 meralibus
380 1141 451 1168 notis
467 1140 595 1167 mcmlum
606 1147 676 1171 esse,
691 1146 752 1166 cum
769 1139 802 1166 5i
814 1138 882 1174 cycli
896 1145 998 1165 annum

213 1188 346 1219 nominat,
367 1188 509 1214 character
526 1186 583 1220 ipse
612 1185 679 1213 satis
707 1184 835 1212 ostendit.
851 1183 896 1211 Ait
925 1183 998 1210 enim

214 1234 265 1260 hoc
282 1241 355 1260 anno
373 1233 504 1260 decimam
524 1236 648 1267 quartam
669 1231 732 1257 luna
756 1230 855 1265 Aprilis
880 1229 1000 1264 (Aprilis

214 1280 306 1306 lunam
325 1279 468 1305 identidem
487 1277 614 1312 appellat,
634 1284 686 1303 non
711 1283 774 1310 qua:
797 1275 884 1310 Aprili
905 1281 1000 1301 mense

214 1324 322 1349 initium
343 1323 451 1353 habeat,
469 1322 516 1349 sed
531 1330 592 1356 qua:
608 1321 633 1348 in
647 1321 767 1356 Aprilem
779 1320 884 1347 desinat
899 1330 905 1347 :
927 1319 1000 1354 quod

215 1367 382 1395 Sehuliastes
397 1369 507 1402 quidam
527 1368 617 1394 minus
632 1366 850 1393 animadvertetis
873 1365 1000 1392 vitiosum

215 1421 277 1441 esse
288 1413 402 1440 credidit
416 1414 424 1447 )
440 1421 476 1439 xtt
493 1412 551 1439 Kal.
569 1413 633 1446 Apr.
656 1411 722 1438 feria
741 1419 747 1438 ι
764 1411 910 1438 convenire
924 1419 932 1443 ;
951 1409 1001 1436 Pa-

214 1458 280 1485 scha
297 1465 361 1484 vero
379 1466 391 1483 ι·
407 1457 465 1483 Kal.
483 1456 579 1491 April.,
593 1456 665 1491 quod
687 1457 800 1483 omnino
821 1456 911 1490 magni
932 1454 1000 1490 cycli

214 1512 287 1531 anno
301 1503 335 1530 55
349 1503 476 1537 congruit
490 1523 497 1534 ,
513 1509 574 1529 mra:
597 1501 767 1536 Dionysiana:
781 1501 825 1533 3L,
845 1501 921 1536 cyt-lo
937 1499 1003 1527 solis

214 1558 260 1582 xr,
279 1549 368 1576 littera
387 1549 464 1575 Dom.
480 1548 512 1580 C,
542 1547 619 1583 cyclo
644 1547 713 1573 lumn
743 1555 798 1573 XVI.
829 1546 1000 1573 Noviluniuut

215 1593 343 1629 paschale
359 1593 496 1620 Nicazuum
519 1591 602 1628 (nam
621 1592 773 1627 προήγησιν
788 1591 888 1617 nullam
915 1597 1000 1618 srceu-
1015 1575 1036 1603 C

215 1640 271 1666 lum
288 1639 355 1666 illud
373 1638 503 1673 agnovit)
528 1638 615 1665 Martii
634 1646 679 1664 vm
695 1647 701 1664 :
732 1637 844 1672 proinde
861 1637 924 1663 luna
955 1643 1000 1662 λιν

216 1685 304 1712 Martii
321 1692 376 1712 xxt.
401 1683 480 1711 llune
507 1691 609 1711 annutn
635 1691 698 1710 cum
731 1690 817 1709 xxxm
847 1681 1002 1709 Nativitais

216 1738 288 1758 anno
301 1729 456 1757 consentire
477 1729 574 1757 debere
591 1728 749 1762 Sigebertus
766 1728 878 1759 asserit,
899 1728 936 1754 uti
963 1727 1003 1754 lu-

216 1783 277 1803 nam
296 1783 340 1802 xtv
357 1774 455 1801 habeat
471 1782 497 1801 lx
510 1773 568 1801 Kal.
583 1775 647 1808 Apr.
661 1773 728 1800 t'cria
742 1781 768 1806 ν,
782 1773 886 1800 Pascha
901 1781 926 1800 vn
942 1772 1000 1799 Kal.

215 1820 516 1856 Apr.;qnandoquidetu
543 1827 631 1846 annus
655 1819 699 1846 illc
717 1818 873 1846 Nativitatis
892 1819 1002 1846 eosdem

217 1867 278 1893 illos
295 1867 468 1893 characteres
494 1865 608 1892 obtinet.
635 1864 759 1900 Fungum
781 1873 833 1891 non
866 1865 1002 1891 hominem

217 1916 322 1946 oportet
335 1918 405 1942 esse,
422 1910 467 1937 cui
482 1910 552 1937 istud
567 1911 738 1944 persuadeat.
761 1911 856 1937 Annus
871 1909 1004 1937 Nativita-

217 1959 263 1988 tis,
278 1958 334 1984 she
348 1964 408 1982 il'l‘tl‘
420 1955 591 1990 Dionysiana:
606 1956 639 1982 55
660 1956 803 1990 respondet
819 1956 888 1991 cycli
906 1955 1004 1991 Diony-

218 2003 286 2029 siani
301 2010 355 2029 non
369 2002 414 2034 55,
431 2002 477 2029 sed
498 2001 544 2032 54,
560 2002 693 2036 siquidem
715 2009 804 2029 annus
825 2002 929 2036 primus
948 2001 1003 2028 Na-

218 2048 330 2076 tivitatis
348 2052 391 2075 est
420 2048 488 2083 cycli
507 2048 654 2075 secundus.
682 2047 767 2074 Habet
794 2055 876 2082 porro
899 2047 1003 2082 t-yelum

218 2096 289 2122 luna:
303 2102 347 2127 xv,
363 2095 455 2122 lunam
471 2101 534 2121 vero
552 2101 596 2121 xtv
614 2093 640 2120 in
659 2093 718 2120 Kal.
735 2094 801 2128 ipsis
820 2093 885 2128 Apr.
906 2092 1004 2128 Cyclus

218 2141 283 2167 solis
297 2144 338 2167 est
352 2147 395 2167 xtv
409 2149 417 2173 ;
434 2139 538 2167 Pascha
555 2141 620 2173 Apr.
642 2147 668 2172 v,
698 2139 787 2166 littera
814 2139 845 2166 D.
871 2139 1004 2172 Qttorirca

219 2187 288 2221 apud
304 2186 472 2222 Sigebertum
489 2185 516 2211 in
532 2185 620 2219 priore
636 2185 696 2212 loco
706 2185 857 2219 legendum,
872 2185 1004 2212 tricesimo

1049 961 1143 990 prmter
1150 955 1320 992 Sigebertum
1327 955 1464 982 Marianus
1471 953 1842 989 Scotus,quiad,annun1552

1048 1005 1134 1033 notat,
1151 1002 1223 1029 hunc
1236 1001 1324 1036 ipsum
1342 1008 1444 1028 annum
1457 1000 1573 1035 primum
1587 999 1647 1026 eSse
1663 999 1755 1034 magni
1772 1000 1842 1035 cyeli

1049 1047 1220 1083 Dionysiani,
1236 1047 1316 1082 cujus
1331 1054 1402 1074 anno
1418 1054 1465 1074 xm
1484 1045 1631 1074 resurrexit
1646 1044 1841 1077 Dominus,\1II

1050 1091 1109 1119 Kal.
1132 1092 1300 1128 April.,luna
1315 1099 1370 1119 xvn
1383 1091 1448 1127 (sed
1467 1098 1515 1125 pro
1537 1097 1587 1118 vm
1603 1089 1667 1116 Kal.
1683 1091 1836 1118 emendan-

1049 1139 1115 1166 dum
1130 1144 1171 1167 est
1184 1146 1210 1165 vr
1230 1137 1305 1165 Kal.:
1327 1137 1427 1172 alioqui
1443 1137 1535 1172 cyclus
1549 1141 1621 1164 esset
1645 1137 1716 1163 luna:
1735 1144 1761 1169 v,
1781 1144 1837 1164 non

1052 1192 1100 1211 xm
1113 1184 1193 1220 ),ltoc
1206 1188 1250 1210 est
1263 1191 1336 1211 anno
1353 1190 1391 1210 xtl
1409 1182 1617 1214 Inearnationis,
1640 1182 1719 1216 juxta
1738 1182 1842 1217 Diony-

1050 1230 1132 1258 siutn.
1148 1230 1216 1257 Cum
1229 1235 1320 1257 autem
1338 1230 1371 1257 ad
1383 1237 1485 1256 annutn
1499 1229 1552 1256 551
1565 1228 1644 1256 Beda:
1655 1228 1746 1256 loctnn
1762 1228 1840 1259 citat,

1051 1276 1128 1311 quasi
1146 1276 1181 1303 sit
1200 1283 1288 1303 annus
1305 1274 1464 1302 Diocletiani
1480 1274 1544 1306 248,
1569 1274 1639 1302 scito
1665 1274 1841 1301 librariorum

1050 1330 1142 1350 errore
1156 1322 1315 1354 factum,ut
1339 1321 1397 1348 hrce
1423 1325 1574 1356 nota,qu:e
1603 1321 1637 1347 ad
1654 1327 1757 1347 annum
1788 1319 1842 1347 532

1052 1368 1150 1395 ascribi
1180 1367 1286 1399 debuit,
1305 1368 1331 1394 in
1349 1367 1401 1394 554
1419 1367 1613 1402 conjiceretur,
1633 1374 1666 1394 ne
1691 1366 1753 1401 quis
1766 1362 1842 1393 'i'orte

1052 1413 1204 1440 Marianum
1222 1413 1370 1440 discrimen
1385 1413 1451 1440 illud
1466 1413 1579 1444 biennii,
1593 1412 1664 1446 quod
1679 1417 1741 1439 ante
1753 1419 1842 1439 annos

1051 1459 1157 1494 aliquot
1185 1458 1275 1494 urgeri
1307 1458 1403 1493 coepit,
1431 1458 1577 1494 agnovisse
1607 1465 1669 1485 cum
1702 1457 1842 1493 Scaligcro

1053 1509 1173 1532 censeat.
1189 1503 1237 1531 llic
1255 1504 1327 1531 enim
1347 1504 1394 1532 lib.
1412 1512 1451 1534 vr.
1469 1511 1495 1538 p.
1514 1504 1576 1536 515,
1592 1504 1634 1531 ed.
1646 1503 1673 1536 εὶ,
1691 1503 1727 1530 Dc
1739 1503 1841 1531 emend.

1054 1556 1144 1585 tcmp.,
1154 1550 1345 1586 Dionysiauam
1360 1557 1441 1577 :eram
1456 1550 1566 1577 biennio
1581 1558 1662 1585 quant
1673 1558 1720 1585 par
1733 1551 1842 1578 sit‘bt‘e-

1055 1597 1156 1623 viorem
1182 1603 1196 1622 a
1214 1595 1337 1623 Mariano
1367 1596 1420 1623 dici
1448 1596 1603 1632 conlirmat,
1627 1601 1655 1623 et
1677 1596 1734 1623 haec
1752 1596 1838 1630 ipsius

1053 1642 1135 1669 verba
1158 1647 1376 1669 commemorat:
1398 1642 1473 1667 Anno
1496 1642 1530 1668 ad
1549 1642 1684 1668 veritatem
1704 1642 1841 1676 Erangrlli

1054 1687 1144 1720 1076‘,
1165 1687 1308 1714 secundum
1325 1695 1384 1714 vero
1402 1686 1524 1722 Dionysii
1541 1688 1642 1722 ryclum
1660 1687 1738 1721 1074,
1757 1688 1840 1714 llilli-

1054 1733 1181 1766 orandus,
1199 1733 1244 1768 qui
1259 1738 1282 1759 et
1300 1732 1451 1767 Gregorius,
1469 1737 1521 1760 etc.
1538 1733 1603 1766 Quae
1624 1733 1733 1768 quidem
1760 1734 1840 1761 verba

1054 1779 1081 1805 in
1095 1779 1215 1806 editione
1232 1778 1409 1805 Francol‘ord.
1427 1778 1590 1811 Pistoriana,
1611 1786 1671 1813 qua:
1696 1779 1763 1806 mihi
1779 1787 1840 1806 eum

1055 1825 1113 1851 haec
1126 1824 1272 1852 scriberem
1290 1824 1322 1851 ad
1340 1831 1451 1850 manum
1476 1829 1534 1851 erat
1547 1843 1554 1856 ,
1585 1832 1721 1859 nusquam
1743 1826 1840 1860 reperi.

1056 1870 1108 1897 Sed
1127 1875 1155 1897 ut
1170 1869 1269 1897 alicubi
1285 1870 1423 1904 legantur,
1438 1869 1500 1904 quis
1516 1877 1570 1896 non
1584 1870 1768 1898 emendandas
1783 1879 1841 1898 esse

1055 1916 1210 1943 numerales
1232 1919 1310 1943 notas
1335 1915 1445 1942 videat?
1460 1915 1566 1943 Etenim
1591 1916 1713 1952 Dionysii
1747 1917 1840 1952 cyclns

1055 1962 1194 1996 vulgarent
1208 1969 1290 1988 atram
1308 1969 1363 1989 uno
1383 1963 1510 1997 pra‘eedit
1534 1969 1627 1995 anno;
1655 1968 1753 1998 estque
1775 1964 1840 1999 (μεΙί

1056 2008 1268 2036 δροιιιιιιυςνωιαξ
1283 2008 1397 2042 primus.
1416 2007 1491 2036 Unde
1506 2008 1528 2035 si
1548 2009 1611 2043 quis
1625 2017 1706 2035 mrum
1735 2009 1841 2036 biennio

1057 2058 1228 2088 promoveat,
1242 2054 1342 2081 incidet
1357 2054 1383 2081 in
1396 2055 1651 2083 decemnoveunalis
1661 2055 1729 2090 cycli
1741 2063 1840 2082 annum

1057 2099 1102 2130 19,
1123 2100 1213 2134 magni
1234 2099 1303 2135 cyeli
1318 2099 1477 2136 Dionysiaui
1495 2100 1566 2131 55%;
1591 2101 1642 2127 hoc
1667 2106 1709 2128 est
1731 2102 1841 2129 alterius

1057 2146 1123 2180 cyrli
1138 2146 1309 2179 postulatilii,
1325 2154 1356 2173 ac
1365 2146 1506 2180 proleptici
1521 2147 1656 2173 ultimum.
1672 2146 1841 2181 Itlroquean-

1057 2198 1108 2217 nus
1119 2190 1233 2217 verioris
1242 2198 1303 2218 terre
1313 2190 1380 2218 1076
1392 2196 1442 2218 erit
1452 2190 1610 2226 Dionysiani
1620 2192 1688 2227 cycli
1702 2191 1778 2224 1075,
1791 2200 1840 2219 non

219 2239 312 2269 quarto
325 2241 394 2260 anno
408 2231 566 2259 Nuticitatis
583 2231 682 2258 (.‘Iiristi
699 2238 747 2265 pro
762 2232 892 2257 tricesimo
915 2232 1000 2258 tertio.

1064 2235 1143 2262 1071.
1180 2234 1323 2263 Debuissct
1346 2236 1484 2263 Marianus
1510 2243 1564 2263 non
1584 2236 1689 2271 cyelum
1711 2236 1840 2272 Dionysii,

219 2282 253 2307 At
272 2280 297 2306 in
315 2279 465 2314 posteriore
480 2278 515 2304 ita
529 2277 719 2311 corrigendum
737 2277 871 2310 videatur,
887 2285 938 2303 non
954 2282 1005 2303 ter-

220 2327 272 2353 tius
289 2327 414 2356 decimus.
426 2326 471 2352 sed
487 2325 635 2351 tricesimus
655 2329 768 2359 quartus
788 2333 838 2360 pro
859 2325 1006 2351 tricesimus

221 2373 323 2398 tertius.
339 2371 415 2404 Quod
427 2375 454 2397 et
472 2371 613 2405 sequentia
633 2370 748 2403 docent,
764 2378 826 2398 cum
852 2371 890 2397 ait
910 2370 1007 2405 Diony-

221 2419 289 2444 sium
305 2417 465 2445 Nutivitutis
482 2416 582 2444 Christi
598 2417 717 2450 posuisse
738 2425 783 2443 xxt
802 2417 879 2443 annis
889 2417 1006 2449 tardius,

222 2471 300 2498 quum
316 2463 451 2490 debuerat.
467 2463 543 2490 Adde
567 2462 596 2489 2|
615 2463 649 2490 ad
675 2463 718 2492 15,
736 2463 802 2489 lient
818 2462 852 2489 54
867 2463 931 2489 anui
948 2470 1006 2489 ma-

221 2508 266 2543 gni
279 2508 345 2543 cycli
364 2508 519 2543 Dionysiani
537 2517 543 2535 :
558 2508 605 2543 qui
620 2508 728 2543 quidem
761 2516 849 2536 anttus
879 2507 1007 2534 Inearna-

223 2554 304 2581 tionis
320 2553 370 2580 crit
386 2554 430 2580 55.
452 2553 551 2581 Verum
576 2561 638 2581 cum
664 2554 851 2589 superioribus
875 2555 1008 2589 pugnabit

221 2599 304 2630 istud,
320 2599 367 2626 ubi
385 2607 456 2626 xxxv
472 2600 539 2634 cyeli
560 2598 700 2627 Passionis
712 2607 815 2626 annum
836 2607 897 2627 esse
910 2599 1005 2627 voluit.

222 2647 306 2682 Igitur
326 2647 399 2673 hunc
413 2646 439 2673 in
467 2646 577 2673 modum
595 2645 685 2679 potius
710 2646 860 2680 posteriore
884 2646 946 2674 loco
967 2647 1007 2674 le-

222 2693 349 2727 gendum,
370 2691 500 2718 debuisset
512 2699 567 2717 esse
582 2691 670 2725 magni
680 2691 748 2725 cyc/i
765 2700 862 2724 annus,
884 2700 935 2719 non
952 2693 986 2719 15
999 2712 1007 2724 ,

219 2739 265 2765 sed
282 2738 316 2765 55
328 2747 334 2771 ;
345 2742 372 2765 et
380 2745 455 2770 mox,
465 2737 608 2772 Dionysius
619 2737 705 2771 posuit
718 2737 893 2765 Nativitutem
908 2738 1007 2765 Christi

221 2791 278 2810 χιιι
292 2776 368 2810 armis
382 2783 496 2816 tardius,
513 2791 590 2818 quam
606 2783 716 2814 debuit;
734 2791 787 2811 non
806 2789 895 2812 autern
914 2792 971 2812 xxt.

257 2829 362 2856 Etenim
392 2829 472 2864 vulgo
504 2836 663 2864 persuasum
692 2829 746 2856 illis
772 2830 901 2858 omnibus
928 2835 1005 2858 erat:

220 2874 358 2902 Christum
377 2882 487 2910 passum
501 2883 560 2903 esse
575 2883 628 2903 xxv
648 2875 748 2908 Martii,
763 2875 830 2904 feria
845 2884 870 2904 Vl
887 2885 893 2910 ;
917 2885 1008 2904 resur-

1058 2281 1104 2307 sed
1125 2288 1207 2307 teram
1223 2281 1334 2308 dicere:
1351 2281 1456 2316 cyclum
1473 2281 1545 2308 enim
1573 2281 1769 2316 Dionysianum
1795 2290 1841 2309 nc-

1057 2334 1110 2360 que
1125 2325 1273 2359 Marianos,
1299 2335 1386 2362 neque
1413 2326 1571 2362 Sigcbertus
1596 2327 1774 2362 improbant:
1796 2328 1841 2355 sed

1057 2372 1256 2400 lncarnationis
1286 2373 1364 2401 annis
1392 2380 1520 2408 perverse
1546 2374 1680 2401 duntaxat
1712 2372 1839 2409 illigatum

1057 2418 1233 2452 existimant;
1254 2419 1280 2446 in
1298 2427 1353 2454 quo
1376 2427 1428 2446 non
1449 2419 1571 2452 biennio,
1588 2419 1635 2446 sed
1651 2420 1731 2447 annis
1750 2420 1840 2447 solidis

1058 2464 1177 2496 duobus,
1192 2469 1219 2492 et
1236 2461 1329 2500 viginii
1341 2466 1498 2492 abcrratunt
1516 2473 1576 2493 esse
1589 2469 1724 2493 statuunt.
1739 2466 1770 2493 Et
1783 2474 1839 2494 cum

1058 2517 1178 2537 erroretn
1195 2510 1277 2537 istum
1298 2510 1401 2546 vulgari
1420 2518 1554 2538 annorum
1572 2511 1670 2539 rationi
1701 2517 1754 2538 tam
1781 2520 1841 2539 con-

1059 2560 1162 2583 stanter
1180 2556 1318 2584 aseribant
1331 2578 1338 2589 ,
1355 2557 1455 2584 mirum
1476 2562 1517 2585 est
1532 2557 1593 2585 illos
1618 2558 1645 2585 in
1658 2558 1840 2594 Chronologiis

1059 2602 1118 2629 suis
1135 2601 1239 2629 adeam
1257 2602 1343 2636 ipsam
1360 2610 1442 2630 teram
1459 2603 1618 2635 adhaesisse,
1634 2611 1717 2638 quam
1734 2604 1840 2631 damna-

1059 2653 1164 2681 verant,
1179 2656 1266 2683 ncque
1279 2649 1359 2676 aliter
1374 2658 1455 2684 quam
1480 2657 1512 2677 ex
1529 2649 1698 2686 Dionysiano
1721 2653 1839 2686 praescri-

1060 2698 1106 2728 pto
1121 2699 1241 2728 tempora
1253 2689 1410 2729 digessisse.
1427 2695 1565 2723 Marianus
1583 2697 1654 2723 enim
1673 2697 1706 2724 ad
1721 2705 1781 2724 eum
1797 2706 1840 2725 an-

1061 2747 1137 2771 num,
1150 2739 1198 2775 qui
1213 2739 1428 2768 Int'arnationcm
1460 2747 1487 2769 et
1510 2740 1634 2769 Natalem
1654 2741 1761 2770 Domini
1778 2741 1826 2778 ἆμέ

1061 2793 1115 2817 σως
1128 2785 1272 2816 antecedit,
1297 2786 1353 2813 lucc
1373 2787 1519 2814 observat:
1538 2786 1634 2821 Cyclas
1656 2796 1766 2822 magnus
1791 2787 1839 2814 Pu-

1060 2832 1158 2859 sr/iulis
1177 2832 1269 2863 incipit
1293 2832 1371 2860 hinc:
1389 2833 1416 2859 in
1437 2833 1513 2868 cujus
1542 2841 1611 2859 anno
1633 2833 1746 2860 secundo
1767 2833 1838 2868 juxta

1062 2877 1230 2908 υἰοιιιιεὶκυι,
1249 2878 1390 2906 indictione
1415 2879 1512 2912 tertia,
1543 2883 1621 2906 nutus
1633 2884 1671 2906 est
1705 2879 1838 2907 Dominus.
