1935 3044
201 161 253 190 915

765 158 939 187 APPENDIX
955 153 1271 187 DISSERTATIONUM.

1771 158 1829 186 9ίῦ

204 225 252 253 per
269 216 479 251 imprudentiam
502 215 640 243 habuisse.
655 215 722 243 Nam
748 217 830 251 paulo
849 220 912 251 post
929 215 985 242 Au-
1001 217 1026 246 Α
1040 215 1130 243 ticulae
1142 215 1208 242 ὡσεί
1236 215 1370 242 rationem
1397 215 1541 242 admodum
1564 215 1713 243 baberent:
1731 215 1831 244 Eccle-

205 262 278 299 gusti
292 268 408 290 mortem
421 263 485 290 luna
502 262 610 295 deiecit,
625 262 800 298 Septem.27,
811 263 890 297 cujus
904 269 986 296 supra

205 309 389 336 meminimus.
408 308 494 341 Quam
522 316 585 336 vero
605 307 673 335 falsa
695 309 731 336 sit
745 308 987 343 Middelburgensis

205 355 250 382 illa
267 355 338 382 ratio
351 359 423 389 patet
441 361 472 381 ex
488 361 532 386 co,
550 353 623 389 quod
641 362 722 389 supra
741 354 918 381 constitutum
933 358 986 385 est,

205 403 357 436 Augustum
374 408 445 427 anno
458 400 578 435 vulgaris
594 408 655 427 tum
673 400 717 433 Μ,
732 408 785 427 ιιοιι
798 400 832 427 IS
848 405 986 427 mortuum

205 453 274 473 esse.
289 445 324 472 At
335 445 445 478 eclipsis
465 445 510 472 illa
530 445 597 472 solis
620 445 699 472 tertio
721 450 782 480 post
802 445 862 480 ejus
883 444 986 471 obitum

205 497 276 516 anno
299 489 422 524 contigit.
438 490 552 524 Augusti
574 497 639 517 vero
657 495 772 517 mortem
795 489 822 516 in
841 490 987 517 triennium

204 535 432 566 submoveri,nec
448 535 563 562 Herodis
581 542 727 568 annorum,
756 543 806 562 nec
827 535 914 570 ipsius
930 535 988 562 Au-

204 581 276 616 gusti
301 585 429 608 accurata
446 581 624 616 computatio,
640 589 691 608 nec
710 581 904 608 historicorum
923 589 988 608 cett-

204 626 297 653 sensio
311 626 453 661 permittit.
468 626 507 654 Ae
527 627 550 654 si
568 634 662 654 verum
685 631 769 659 esset,
793 627 865 662 qttod
887 626 988 653 Paulus

204 671 355 703 contendit,
371 679 424 698 non
437 671 557 705 biennio,
573 672 619 700 sed
637 672 753 699 triennio
768 672 914 707 Dionysius
926 672 986 698 hal-

203 716 339 744 lucinatus
361 717 438 744 foret.
457 718 564 752 Quippe
588 718 658 745 idem
680 726 778 748 annus.
793 720 839 753 qui
861 718 989 753 Dionysio

204 761 238 788 M
251 767 303 794 est,
317 763 350 789 15
368 763 402 790 ab
419 762 537 790 Eusebio
554 768 722 796 numeratur,
737 764 809 798 quod
825 764 847 790 is
867 763 988 790 Natalem

203 807 304 836 Christi
331 809 459 844 conjiciat
481 809 507 836 in
529 817 631 837 annum
656 811 765 837 tertium
786 810 887 845 olymp.
918 809 988 842 l94;

205 861 261 889 quo
277 854 371 881 eodem
383 861 456 881 anno
469 855 578 882 ineunte
592 862 645 882 tera
657 854 758 882 Christi
770 854 921 882 Eusebiana
936 854 988 881 ini-

205 900 271 927 tium
289 900 380 933 habet,
401 899 510 928 Juliano
529 901 574 928 45.
596 900 758 936 Dionysiana
781 907 846 928 vero
865 900 989 935 sequenti

204 946 250 973 46.
263 946 362 973 Verum
378 947 411 974 de
424 947 539 981 Augusti
551 951 578 973 et
594 946 710 974 Herodis
721 946 799 973 annis
814 954 877 973 mox
893 946 989 973 dicen-

203 990 267 1018 dum
283 990 344 1018 erit.

204 1046 385 1073 Excutiuntur
409 1053 439 1072 ea
469 1053 527 1080 qua:
548 1045 672 1072 adversus
696 1044 887 1079 Dionysianam
908 1051 990 1072 teram

322 1089 362 1116 ea:_
374 1080 488 1115 Josepho
501 1089 583 1115 nuper
598 1080 678 1115 objici
698 1085 781 1114 cazpta
795 1085 866 1107 sunt.

241 1126 382 1160 Omnium,
403 1134 464 1162 qua:
489 1127 623 1162 superiori
640 1127 728 1161 capite
739 1125 930 1157 disseruimus,
958 1133 991 1153 eo

205 1181 313 1200 stnnma
325 1173 404 1204 redit,
416 1177 446 1199 ut
461 1173 483 1200 si
495 1172 556 1207 quis
568 1171 760 1206 Dionysianam
774 1178 855 1197 aram
872 1178 904 1197 ac
917 1177 991 1197 com-

205 1226 315 1246 munem
332 1219 401 1246 tueri
413 1218 488 1250 velit,
497 1217 652 1245 necessario
666 1217 723 1244 haec
731 1217 864 1244 atlirmare
877 1217 990 1244 debeat:

206 1266 324 1300 primum
339 1265 399 1300 ejus
422 1265 530 1292 initium
547 1272 619 1292 anno
631 1263 741 1290 Juliano
764 1263 798 1290 46
814 1263 940 1298 ccepisse,
958 1262 989 1291 C.

205 1311 314 1338 C:csare
328 1315 355 1337 et
371 1309 456 1338 Paulo
479 1316 565 1341 coss.,
592 1316 623 1336 ac
642 1309 665 1336 si
681 1308 804 1342 proxime
817 1314 879 1335 ante
891 1308 992 1342 princi-

206 1357 280 1391 pium
298 1363 358 1384 terat
372 1360 465 1382 natum
478 1363 539 1382 esse
554 1354 691 1382 Christum
705 1353 853 1385 existimet,
879 1354 903 1380 id
920 1360 992 1380 anno

205 1402 315 1430 .luliano
329 1402 365 1429 45
378 1401 563 1432 tribucndutn,
588 1408 660 1429 coss.
682 1401 809 1428 Cornelio
822 1400 938 1428 Lentulo
965 1406 993 1428 ct

207 1448 354 1483 Calpurnio
374 1447 484 1474 Pisone.
509 1446 609 1473 Deinde
634 1446 773 1474 Christum
793 1454 880 1474 annos
898 1451 992 1474 natutn

208 1502 304 1521 novent
319 1497 345 1520 ct
369 1492 464 1528 viginti
490 1492 523 1519 ad
551 1493 715 1527 baptismum
742 1493 903 1524 accessisse,
920 1500 992 1519 anno

208 1539 307 1566 Tiberii
323 1547 379 1572 xvt,
406 1538 511 1566 Vinicio
529 1544 556 1565 et
579 1538 701 1573 Longino
717 1546 800 1570 coss,
812 1539 923 1565 ineunte
942 1538 992 1564 tri-

207 1586 321 1612 cesimo.
352 1584 409 1612 Hac
435 1593 489 1612 una
516 1584 622 1612 ratione
647 1584 749 1611 biennii
779 1584 994 1620 μεταχρονιτμὸς

209 1631 254 1658 ille
268 1630 383 1657 devitari
406 1635 505 1665 potest,
523 1637 604 1665 quem
620 1629 751 1665 Scaliger,
767 1630 881 1665 ejusque
906 1634 995 1656 secta-

209 1682 282 1704 tores
307 1676 441 1711 objiciunt
457 1671 464 1703 ὲ
483 1676 528 1710 qui
544 1675 653 1710 quidem
682 1675 838 1702 necessario
861 1674 994 1709 sequitur,

207 1723 231 1751 si
250 1722 364 1750 Lentulo
391 1729 424 1749 ac
451 1721 607 1748 Marcellino
628 1720 827 1752 coss.,Juliano
849 1720 884 1746 45
902 1725 994 1746 natum

208 1775 269 1795 esse
285 1767 424 1795 Christum
441 1774 566 1799 asseras;
586 1771 613 1793 et
632 1766 733 1794 Tiberii
759 1773 803 1798 xv,
825 1765 933 1793 Iuliano
948 1766 992 1798 Ἠ,

209 1813 297 1840 anatis
313 1820 369 1841 sua:
393 1812 534 1839 tricesimo
555 1811 611 1846 jatn
638 1811 775 1844 absoluto,
792 1811 903 1839 ineunte
930 1819 995 1839 vero

209 1857 345 1885 tricesimo
360 1857 457 1892 primo,
475 1855 639 1890 baptizatum
656 1855 749 1883 fuisse.

245 1903 279 1930 Et
293 1904 426 1930 hactenus
451 1902 559 1937 quidem
577 1907 649 1929 recte
664 1902 816 1930 communis
830 1909 882 1928 aera
898 1909 996 1936 proce-

210 1950 274 1977 dere
286 1948 381 1984 potuit.
402 1949 454 1974 Sed
468 1955 536 1975 nova
549 1947 671 1982 quaedam
696 1953 757 1974 ante
768 1947 818 1974 hos
833 1947 927 1982 viginti
943 1956 994 1974 att-

211 2003 260 2022 nos
284 1995 370 2022 eidem
398 1993 499 2021 moveri
513 1994 697 2021 controversia
718 1994 808 2028 carpit.
823 1993 889 2020 Nam
906 1994 951 2028 qui
968 1994 994 2021 in

209 2040 320 2074 Josephi
340 2040 493 2074 gravissimi
507 2039 650 2074 scriptoris
674 2039 814 2066 historiam
838 2040 995 2075 diligentius

211 2085 403 2117 iucubuerunt,
420 2092 535 2120 eatnque
557 2093 621 2112 cum
646 2083 777 2112 Romanis
797 2085 934 2113 historicis
948 2094 994 2113 ac-

209 2130 382 2158 curatissime
397 2130 582 2162 contulerunt,
594 2131 692 2158 eruditi
706 2131 873 2166 solertesque
882 2131 996 2159 chrono-

210 2178 275 2213 logi,
301 2177 381 2205 facile
406 2177 652 2211 deprehenderunt,
678 2185 732 2204 non
763 2177 872 2205 biennio
895 2179 993 2211 solum,

1038 261 1086 288 sia:
1102 269 1165 288 vero
1181 262 1290 289 decreto
1304 261 1364 294 ulli,
1379 261 1420 288 vel
1437 262 1594 289 auctoritati
1620 269 1784 296 repugnare,
1799 262 1828 288 id

1037 312 1194 335 constanter
1206 314 1283 342 nego.
1298 306 1355 334 Non
1366 307 1438 334 enirn
1457 313 1619 341 temporum,
1636 315 1830 341 annorumque

1039 354 1122 381 tricas
1136 354 1215 385 istas,
1231 361 1263 380 ac
1280 354 1420 385 minutias,
1435 359 1482 380 aut
1497 353 1712 384 intervallorum,
1742 357 1830 387 atque

1039 401 1204 435 epocharum
1234 400 1375 435 ἀκρίϐειαν
1400 405 1477 426 curat
1491 399 1620 431 Ecclesia,
1641 399 1687 426 sed
1717 404 1830 434 recepta

1039 454 1071 473 ac
1102 446 1225 481 populari
1264 445 1508 480 computaudorutu
1539 449 1691 478 temporum
1720 444 1831 471 ratione

1038 494 1163 517 contenta
1180 493 1230 517 est.
1248 489 1315 522 Quis
1330 490 1401 516 enim
1423 493 1498 523 putet
1515 494 1630 514 veteretn
1649 488 1722 514 illam
1739 495 1831 515 anno-

1040 543 1098 562 rum
1108 535 1142 562 ah
1156 535 1221 562 orbe
1238 535 1347 562 condito
1359 541 1492 561 summam
1506 541 1520 560 e
1533 532 1690 560 Cnccornm
1703 532 1831 560 fontibus

1040 579 1178 612 haustam,
1202 587 1284 614 quam
1310 584 1338 607 et
1365 579 1557 614 antiquissima
1583 579 1698 606 concilia
1725 579 1830 613 saepius

1041 627 1235 658 adhibuerunt,
1253 631 1280 653 et
1309 626 1443 661 hodieque
1467 625 1494 652 in
1523 624 1682 659 Menologiis
1704 624 1829 652 Ecclesia

1040 673 1145 706 retinet,
1170 677 1217 700 aut
1239 673 1361 705 illorum,
1382 677 1430 699 aut
1456 671 1537 706 hujus
1560 671 1720 698 auctet‘itate
1742 671 1831 699 fuisse

1040 718 1316 747 constitutam?adeo
1340 723 1369 746 ιιι
1396 718 1441 753 qui
1457 717 1615 745 Latinorum
1632 717 1828 744 Hebrmorum-

1039 772 1092 800 que
1109 769 1163 792 tam
1178 765 1313 792 diversam
1330 771 1362 791 ac
1379 764 1554 791 dissidentem
1572 768 1671 794 teneat,
1691 763 1764 790 illius
1780 763 1829 791 de-

1040 815 1115 838 creto
1137 814 1277 845 repugnet.
1306 809 1372 842 Quis
1396 814 1438 837 est
1466 809 1625 842 autem,qui
1652 809 1703 836 hoc
1724 808 1830 836 saeculo

1041 855 1247 890 chronologiam
1274 854 1400 889 attingat,
1426 854 1473 888 qui
1498 861 1551 881 non
1580 852 1715 885 Latinam,
1732 859 1758 881 et
1776 852 1825 880 lle-

1043 901 1161 928 braicam
1179 900 1260 927 istam
1286 900 1374 932 alteri,
1389 907 1470 934 quam
1494 899 1590 927 ascivit
1604 899 1735 932 Ecclesia,
1747 903 1830 926 ante-

1041 946 1193 981 ponendam
1206 945 1353 973 existimet.
1371 945 1423 972 Par
1435 950 1477 972 est
1491 945 1518 972 in
1535 953 1588 972 aera
1603 945 1704 972 Christi
1720 945 1829 980 vulgari

1041 991 1194 1020 institutum
1210 991 1385 1024 Ecclesiae,ut
1399 999 1469 1023 eam,
1483 991 1555 1026 quod
1570 991 1639 1026 apud
1655 990 1830 1018 Christianos

1043 1045 1138 1066 omnes
1153 1038 1312 1071 obtinuerit,
1325 1040 1356 1065 ad
1370 1046 1449 1065 usum
1471 1037 1636 1065 transferat:
1654 1042 1745 1065 utrum
1763 1045 1830 1064 vero

1044 1083 1077 1110 ab
1094 1083 1152 1117 ipso
1167 1082 1254 1110 Natali
1272 1083 1373 1110 Christi
1394 1087 1520 1110 accurate
1544 1082 1657 1117 repetita
1681 1082 1728 1115 sit,
1757 1081 1830 1108 nihil

1043 1129 1111 1156 adeo
1125 1129 1382 1164 perquirat;neque
1406 1128 1439 1155 ad
1454 1128 1511 1156 haec
1534 1128 1636 1155 leviora
1656 1127 1831 1162 gravitatem,

1046 1175 1292 1209 auctoritatemque
1309 1182 1398 1206 suam,
1411 1182 1470 1209 qua:
1482 1178 1656 1201 sacrosancta
1670 1173 1749 1201 debet
1757 1180 1831 1206 esse.

1043 1219 1178 1254 interponi
1198 1219 1326 1254 patiatur.
1342 1218 1428 1252 Quam
1446 1218 1473 1245 in
1495 1225 1552 1245 rem
1571 1218 1641 1245 valet
1665 1217 1692 1244 in
1719 1218 1829 1253 primis,

1043 1265 1116 1300 quod
1132 1265 1231 1293 Paulus
1248 1264 1493 1299 Middelburgensis
1506 1264 1552 1291 lib.
1574 1271 1635 1296 Illi,
1651 1271 1710 1298 cap.
1726 1263 1831 1293 6,scri-

1045 1316 1121 1346 ptum
1138 1310 1257 1345 reliquit.
1273 1309 1341 1338 Nam
1371 1317 1433 1337 cum
1461 1309 1600 1337 biennium
1627 1309 1703 1339 illud,
1719 1308 1753 1335 de
1775 1315 1831 1343 quo

1043 1364 1126 1392 supra
1154 1356 1284 1388 diximus,
1312 1355 1459 1390 Dionysius
1483 1362 1544 1382 aera:
1557 1354 1652 1382 deesse
1679 1354 1829 1385 docuisset,

1044 1402 1159 1430 subinde
1177 1403 1229 1430 sibi
1247 1402 1319 1430 istud
1338 1401 1432 1437 objicit
1446 1409 1453 1428 :
1472 1401 1547 1436 sequi
1563 1409 1596 1428 ex
1612 1408 1644 1428 eo
1656 1400 1740 1427 videri
1755 1420 1762 1432 ,
1781 1400 1831 1427 Ec-

1044 1449 1155 1476 clesiam
1175 1448 1202 1475 in
1226 1449 1317 1481 bullis,
1335 1456 1367 1476 ac
1384 1447 1522 1483 rescriptis
1541 1447 1598 1475 suis
1623 1447 1761 1474 oberrare.
1780 1446 1830 1473 Cui

1045 1496 1084 1523 sic
1096 1495 1215 1523 occurrit
1228 1503 1235 1522 :
1250 1493 1400 1522 Eeclesiam
1421 1493 1474 1521 hac
1487 1497 1640 1528 temporum
1653 1491 1832 1519 subductione

1047 1541 1085 1568 uti
1106 1541 1223 1575 quidem,
1239 1540 1285 1568 sed
1302 1540 1414 1566 minime
1431 1539 1555 1574 probare,
1570 1546 1663 1565 verum
1676 1545 1691 1564 a
1707 1537 1831 1564 chrono-

1046 1587 1114 1621 logia
1130 1590 1278 1612 tnutuatam
1293 1593 1372 1613 suum
1382 1585 1414 1612 ad
1424 1592 1504 1611 usum
1516 1583 1731 1611 accommodare.
1747 1582 1832 1615 Quid-

1045 1630 1109 1665 quid
1123 1635 1213 1657 autem
1231 1629 1295 1657 insit
1308 1629 1422 1660 erroris,
1438 1629 1466 1656 id
1487 1629 1539 1656 illis
1551 1635 1621 1659 esse,
1634 1635 1688 1654 non
1704 1626 1832 1654 Ecclesia:

1046 1675 1230 1703 tribuendum.
1243 1675 1283 1702 Hd
1301 1676 1358 1702 haec
1373 1683 1427 1702 non
1443 1679 1572 1710 perpetuo
1589 1674 1658 1701 hanc
1670 1673 1696 1699 in
1709 1672 1830 1699 Ecclesia

1047 1721 1206 1749 numerandi
1236 1721 1368 1748 rationem
1396 1721 1549 1752 chtitisse;
1571 1719 1618 1746 sed
1643 1725 1704 1745 ante
1728 1726 1830 1754 paucos

1046 1775 1142 1799 annos,
1155 1767 1206 1794 sub
1217 1766 1338 1802 Eugenio
1351 1765 1492 1795 lV,Blondi
1508 1764 1700 1793 Foroliviensis
1709 1765 1753 1791 Ιιυι
1762 1768 1829 1796 tatu,

1046 1813 1092 1848 qui
1107 1812 1239 1848 pontiﬁcii
1255 1812 1360 1847 collegii
1385 1820 1399 1838 a
1423 1812 1536 1838 secretis
1552 1811 1674 1838 notarius
1688 1814 1756 1841 erat,
1780 1810 1829 1836 ad-

1046 1859 1168 1887 missam.
1188 1858 1270 1885 Addit
1293 1861 1320 1884 et
1335 1857 1494 1892 Dionysium
1510 1855 1646 1891 Exiguum
1662 1856 1742 1883 istius
1770 1862 1829 1882 3:le

1045 1905 1214 1932 conditorem
1226 1910 1345 1930 errorem
1359 1902 1502 1936 agnovisse
1522 1910 1614 1933 suum,
1629 1907 1656 1930 et
1676 1901 1830 1928 verecundia

1045 1951 1194 1985 confusum,
1210 1949 1342 1976 utscribit
1354 1948 1519 1983 Sigebertus,
1535 1949 1647 1983 frontem
1660 1947 1710 1974 sibi
1722 1947 1828 1980 pudoris

1046 1996 1161 2023 cauterio
1173 1995 1312 2022 exussisse.
1321 1994 1381 2023 llaec
1395 1994 1496 2022 Paulus
1510 1994 1543 2022 de
1552 2003 1604 2021 atra
1618 1993 1793 2029 Dionysiaua,
1802 1993 1829 2020 in

1046 2050 1099 2077 qtta
1115 2040 1334 2076 reprehendenda
1345 2040 1430 2068 tnulto
1443 2040 1487 2067 ille
1497 2039 1734 2074 reprehendendus
1743 2039 1828 2074 magis

1045 2089 1098 2116 est,
1112 2089 1141 2111 ut
1158 2085 1184 2111 in
1200 2084 1388 2118 superioribus
1403 2083 1513 2118 platuttn
1528 2083 1616 2111 cuivis
1642 2091 1702 2111 esse
1726 2083 1827 2110 fctum

1045 2131 1218 2158 conﬁdimus.
1233 2129 1288 2158 Nec
1302 2135 1343 2158 est
1362 2131 1474 2158 omnino
1487 2131 1634 2165 quidquam
1652 2139 1666 2157 a
1681 2130 1828 2165 Scaligero.

1046 2175 1175 2209 Calvisio,
1192 2176 1350 2211 callet-isque
1365 2181 1457 2204 contra
1474 2177 1543 2204 hanc
1556 2177 1679 2208 allatum,
1691 2176 1763 2212 quod
1775 2184 1831 2203 mo-

210 2224 258 2251 sed
273 2228 300 2251 et
315 2223 505 2259 quadriennio,
520 2224 560 2250 vel
579 2223 765 2258 quinquennio
782 2231 875 2250 verum
890 2224 992 2252 Christi
1011 2232 1033 2260 ι)
1048 2222 1130 2249 tuenti
1159 2222 1260 2257 aliquid
1283 2222 1392 2255 habeat,
1414 2227 1511 2258 praeter
1532 2231 1563 2250 ca
1584 2230 1644 2258 quae
1658 2231 1689 2250 ex
1714 2221 1830 2257 .Ioscpho

210 2270 331 2298 Natalem
350 2271 551 2306 anticipandum
573 2269 682 2306 essehsi
697 2277 760 2297 Vera
777 2276 852 2303 sunt,
879 2279 939 2306 qua:
961 2272 996 2300 ab

210 2317 264 2345 illis
279 2317 416 2344 historicis
433 2316 594 2351 produntur.
622 2315 774 2350 Disputavit
787 2324 818 2344 ea
835 2316 868 2344 de
890 2325 919 2345 re
941 2318 995 2352 pri-

211 2371 273 2389 mus
288 2362 409 2388 omnium
436 2360 565 2387 Dckerius
594 2366 702 2395 noster;
729 2362 808 2396 cujus
833 2363 996 2390 sententiam

211 2407 354 2441 amplexus
365 2410 419 2438 est,
437 2410 463 2433 et
478 2406 621 2433 illustravit
640 2407 787 2441 plurimum
805 2407 937 2442 Keplerus
953 2408 996 2435 irt-

211 2451 297 2486 signis
323 2451 542 2483 mathematicus,
560 2451 628 2479 libro
658 2451 694 2478 De
711 2460 781 2479 anno
805 2452 909 2486 Natali,
926 2459 953 2480 et
969 2453 995 2480 iu

211 2495 320 2531 Eclogis
335 2495 519 2530 chronologis.
543 2487 630 2529 Quam
653 2497 760 2524 illorum
776 2498 931 2532 opinioncnt
955 2499 997 2525 di-

210 2551 290 2578 gnam
303 2543 430 2575 arbitror,
444 2550 504 2577 qua:
515 2543 595 2569 etiam
607 2548 688 2578 atque
699 2545 780 2571 etiam
791 2545 994 2575 consideretur:

211 2586 350 2621 indignam
381 2591 463 2619 certe,
479 2594 560 2620 quatn
584 2595 644 2614 cum
669 2588 728 2622 ejus
745 2593 855 2615 auctore
883 2589 996 2617 Dekcrio

211 2633 252 2659 vir
267 2633 327 2667 pius
341 2636 368 2659 et
381 2632 505 2659 eruditus
524 2640 591 2667 pene
618 2633 742 2660 hostilem
759 2634 784 2660 in
803 2635 913 2661 modum
931 2643 993 2670 pro-

213 2679 362 2711 scriberet,
375 2683 504 2713 tanquatn
524 2686 633 2711 novam,
651 2684 677 2707 et
692 2680 726 2707 ab
741 2688 791 2707 usu
808 2680 891 2708 totius
904 2680 997 2716 Eccle-

212 2725 260 2752 sia:
275 2729 419 2752 remotam.
435 2725 491 2758 Ego
508 2731 572 2751 vero
591 2733 687 2752 novam
710 2732 770 2753 esse
786 2727 892 2760 quidem
911 2727 996 2760 illam,

214 2777 263 2798 nec
277 2769 311 2797 ab
325 2770 443 2804 antiquis
460 2774 618 2804 usurpatam
634 2770 711 2798 video
729 2778 736 2796 :
753 2772 835 2805 quod,
850 2776 880 2799 ut
895 2772 996 2800 dictum

214 2820 266 2846 est.
278 2823 439 2850 persuasum
468 2815 600 2844 hactenus
611 2820 682 2844 esset
696 2817 835 2851 omnibus,
857 2817 996 2846 Christum

218 2860 305 2889 aetatis
324 2867 395 2888 anno
410 2861 550 2890 tricesimo
564 2862 728 2897 baptizatum
742 2871 813 2897 esse,
830 2871 917 2899 neque
934 2873 997 2899 par-

1048 2273 1176 2303 petuntur
1187 2278 1193 2302 ;
1204 2276 1265 2303 qua:
1280 2277 1313 2296 ne
1333 2269 1390 2304 ipsa
1407 2270 1516 2304 quidem
1528 2269 1635 2296 illorum
1654 2269 1763 2296 biennio
1778 2269 1831 2296 suf-

1049 2315 1206 2350 fragantur;
1221 2316 1352 2350 quoniam
1368 2324 1421 2343 non
1442 2316 1549 2344 duobus
1567 2316 1666 2347 solum,
1679 2316 1726 2343 scd
1740 2323 1776 2348 tv,
1792 2318 1831 2344 vel

1048 2371 1063 2389 v
1079 2363 1173 2390 solidis
1188 2363 1267 2390 annis
1290 2363 1390 2390 Christi
1405 2362 1525 2389 Natalem
1548 2363 1770 2390 antevertendum
1785 2363 1830 2390 de-

1048 2414 1210 2437 monstrattt.
1226 2409 1290 2442 Qua:
1298 2417 1340 2436 res
1355 2409 1486 2436 adversus
1498 2409 1697 2436 nobilissimum
1714 2409 1830 2436 historia:

1048 2456 1208 2490 scriptorem
1224 2455 1297 2483 viros
1310 2456 1443 2490 quosdam
1461 2455 1520 2490 pios
1546 2463 1578 2482 ac
1589 2456 1683 2483 doctos
1700 2455 1829 2490 majorem

1048 2502 1074 2528 in
1090 2502 1198 2529 modum
1215 2502 1372 2533 commovit,
1391 2505 1421 2528 ut
1432 2510 1513 2535 quem
1529 2501 1662 2528 mendacii
1678 2501 1829 2528 convictum

1048 2551 1185 2582 putarent,
1213 2546 1281 2573 nihil
1297 2546 1323 2572 ei
1351 2546 1433 2573 tribui
1450 2545 1622 2573 auctoritatis
1637 2553 1669 2573 ac
1684 2545 1742 2572 lidci
1758 2551 1830 2580 pate-

1049 2599 1144 2620 rentur
1156 2601 1164 2625 ;
1178 2592 1327 2627 prmsertim
1345 2592 1371 2618 in
1384 2591 1416 2619 iis
1433 2599 1493 2626 qua:
1507 2592 1540 2618 ad
1564 2591 1678 2619 Herodis
1693 2599 1779 2618 annos
1790 2596 1829 2618 at-

1049 2640 1133 2666 tinent
1150 2647 1157 2665 :
1183 2639 1209 2664 in
1227 2637 1325 2672 quibus
1345 2637 1460 2664 absurda
1477 2642 1501 2664 et
1520 2642 1671 2672 portentosa
1695 2638 1828 2664 mendacia

1049 2685 1148 2716 inesse,
1163 2692 1224 2711 cum
1245 2691 1352 2710 summa
1381 2684 1573 2717 inconstantia,
1593 2689 1620 2711 et
1645 2683 1826 2711 Romanorum

1049 2730 1188 2757 annalium
1209 2729 1318 2757 inscitia
1339 2728 1521 2756 Ecclesiastici
1549 2729 1659 2756 annales
1686 2729 1825 2756 allirmant.

1048 2775 1108 2803 Non
1132 2776 1149 2802 ii
1165 2783 1271 2809 sumus,
1283 2775 1330 2810 qui
1357 2783 1526 2802 summorum
1546 2775 1666 2802 virorum
1683 2777 1825 2803 memorize.

1049 2825 1075 2847 et
1086 2820 1280 2848 existimationi
1298 2819 1442 2847 obtrectari
1457 2820 1580 2852 velimus,
1590 2821 1723 2855 praeipue
1736 2823 1826 2848 catho-

1050 2867 1181 2899 licorum;
1195 2866 1256 2894 utsi
1270 2866 1334 2901 quid
1351 2866 1385 2894 ab
1398 2866 1452 2894 illis
1467 2867 1623 2901 titubatum,
1639 2865 1825 2895 commissum—
