1935 3044
105 158 156 185 ίηῖ

687 160 732 187 DE
751 161 844 188 ANNO
864 160 991 188 NATALI
1011 163 1158 191 CHRISTI.

1673 163 1725 190 9l8

105 224 158 249 que
169 217 215 247 sit,
233 216 355 244 severius
370 223 584 251 persequamur;
599 224 686 251 neque
699 225 750 244 nos
777 217 890 245 omnino
905 219 924 247 Α
941 223 994 245 lum
1012 225 1132 248 rect-usa.
1151 219 1245 255 Itaque
1257 221 1279 246 si
1294 220 1406 254 Joscplto
1421 220 1510 247 (lentus
1532 228 1618 251 am‘es,
1632 229 1688 253 qua:
1708 230 1724 248 ιι

104 261 203 288 canina
225 261 270 288 i-lla
287 260 412 288 facundia
429 261 554 294 delectat,
567 269 627 296 qme
643 261 793 288 multorrrm
806 269 888 289 occu-

105 306 179 340 parit
197 306 314 340 ingenia.
339 306 392 333 Sed
414 306 479 333 illud
494 310 583 333 tamen
604 306 675 341 quod
690 306 777 334 cuivis
795 306 846 334 hoc
862 306 890 333 in

106 351 258 378 litterarum
285 358 383 385 genere
407 359 568 378 concessum
590 357 640 383 cst,
660 356 786 386 negatum
811 351 890 378 nobis

106 403 167 423 esse
183 395 327 427 nolumus;
344 401 374 422 ut
388 395 411 423 si
427 396 492 431 quid
508 397 587 423 aliter
603 402 685 429 alque
697 397 734 423 illi
745 397 889 429 senserint,

107 441 195 468 visum
217 441 296 468 nobis
321 440 411 471 fuerit.
434 441 459 468 id
484 442 599 477 ingenue
616 443 802 477 profiteantur,
817 442 891 469 acli-

106 487 188 519 bere;
204 494 237 514 ne
251 487 317 522 quid
333 487 439 514 veritati
470 487 526 514 haec
553 487 621 522 ipsa,
640 495 700 522 quae
725 488 827 514 servire
852 487 891 514 illi

107 532 198 563 debet,
213 532 286 559 obsit
303 533 444 560 homirnam
463 533 620 565 auctoritas,
635 538 661 560 ct
680 533 889 560 commendatio.

106 577 185 610 Quod
205 586 239 605 ne
264 579 388 613 praesenti
402 578 429 605 in
453 579 561 613 negotio
574 579 714 611 conlingat
730 586 892 614 magnopere

105 627 148 650 est
160 624 318 651 verendum.
332 623 425 659 Neque
442 631 506 651 vero
517 623 629 659 Joseplri
647 625 828 659 patrocinium
842 624 892 651 hoc

107 667 169 695 loco
185 669 370 704 suscipimus;
387 677 437 696 nec
448 677 555 697 errasse
567 670 644 696 illum
660 669 814 697 inticiamur
826 679 833 701 ;
845 674 893 696 aut

107 717 246 747 postremo
263 714 304 742 vel
322 715 463 741 minimum
479 719 571 742 contra
587 722 726 742 sacrarum
741 713 819 742 fidem
835 714 892 742 Lit—

107 763 228 786 terarum
254 760 379 795 scriptori
394 760 441 787 ulli
462 761 618 788 tribuimus.
636 759 736 787 Verum
762 768 812 788 nec
833 768 894 796 quae

107 803 141 830 ad
171 804 244 831 illius
275 805 449 832 minuendam
479 805 710 832 existimationem
732 804 893 837 alferrrntur,

106 857 171 876 vera
193 854 320 884 putamus
335 850 442 883 omnia;
472 855 499 878 et
522 852 595 886 quod
623 851 657 878 ad
682 851 832 879 recentiora
849 851 894 879 Ju-

107 895 230 921 darorrrnr
247 900 367 930 tempora
389 900 502 930 spectat,
524 896 666 923 certiorem
682 904 714 924 ac
727 897 892 924 constantio-
909 881 929 908 Β

108 948 166 966 rem
192 940 323 967 habemus
351 945 461 968 auctore
487 941 540 968 isto
556 941 701 968 ncnrincrn.
728 941 767 968 Ac
787 945 891 968 tantum

107 985 197 1015 abest,
214 985 270 1012 haec
282 988 310 1011 ut
321 989 374 1012 tam
386 986 507 1019 assilua,
519 991 572 1013 tam
587 987 684 1014 acerba
697 994 758 1013 cum
773 986 892 1022 Josepho

110 1030 255 1057 Annalium
272 1031 454 1064 expostulatio
478 1031 511 1058 de
533 1031 604 1059 illius
622 1031 692 1066 apud
709 1039 752 1058 me
770 1032 820 1059 Hth
852 1032 892 1059 Vel

109 1076 246 1102 tantillum
271 1076 428 1108 detraxerit,
447 1081 476 1104 ut
501 1077 552 1104 hoc
566 1077 624 1111 ipso
649 1077 766 1112 primum
785 1077 895 1105 nomine

108 1124 235 1154 susperta
248 1128 307 1147 esse
321 1121 386 1148 mihi
414 1122 552 1150 accusatio
569 1122 613 1149 illa
633 1123 759 1157 cmperit,
777 1123 849 1157 quod
866 1123 893 1149 in

108 1172 171 1191 eam
189 1169 264 1192 tanto
276 1166 426 1198 stomacho,
439 1174 470 1193 ac
484 1166 563 1194 toties
575 1167 753 1194 incurrerent.
770 1166 838 1194 Tum
848 1166 894 1194 ubi

109 1209 169 1236 Ir:ch
188 1210 319 1238 attentius
343 1212 462 1243 excussi,
477 1219 537 1246 quae
561 1212 593 1239 ad
609 1211 757 1246 Josephum
774 1216 896 1240 everten-

109 1255 176 1282 drrrn
197 1256 361 1284 validissima
378 1257 567 1289 credebantur,
581 1257 649 1284 nihil
662 1257 746 1285 atroci
761 1258 804 1285 illa
819 1258 898 1286 casti-

110 1301 219 1334 gatione
231 1302 351 1337 iniquius
368 1307 409 1330 est
426 1303 523 1330 visum.
540 1303 605 1336 Qua:
618 1304 725 1331 tametsi
743 1304 807 1331 olim
820 1311 834 1330 a
853 1311 897 1331 me

110 1347 310 1380 anirrradversa,
323 1348 459 1382 disputata
473 1349 645 1383 postmodum
669 1349 703 1376 ab
716 1349 787 1382 aliis,
816 1353 898 1384 atque

110 1392 245 1426 explicata
280 1393 417 1428 comperi.
439 1393 520 1421 licere
550 1394 616 1421 nrihi
644 1394 754 1429 quidem
779 1394 898 1421 arbitror

112 1446 174 1472 quae
186 1438 297 1472 perinde
312 1443 341 1465 ut
367 1438 405 1465 illi
416 1438 577 1474 inqrrirendo
594 1444 759 1467 consecutus
781 1439 897 1472 fueram,

112 1491 167 1510 non
179 1487 209 1510 ut
225 1484 258 1510 ab
275 1483 328 1511 illis
344 1489 465 1519 accepta,
484 1485 530 1512 scd
550 1490 605 1512 uta
626 1493 668 1513 me
681 1486 763 1513 etiam
787 1485 898 1520 excogi-

112 1533 168 1556 tata
183 1536 341 1563 propellere.

148 1573 220 1608 Ergo
234 1574 267 1600 ad
284 1574 439 1601 elevandam
461 1574 571 1609 Josrphi
595 1574 675 1602 ﬁdem
689 1582 705 1602 c
722 1574 814 1602 multis
838 1574 897 1608 ejus

113 1620 252 1647 erroribus
269 1620 294 1647 hi
311 1621 383 1647 velut
403 1621 522 1656 insignes
549 1629 580 1648 ac
605 1620 728 1655 palnrarii
751 1628 897 1648 numeran-

114 1668 168 1690 tur.
191 1663 312 1691 Primurn
339 1665 410 1700 quod
430 1669 526 1692 exacto
547 1665 688 1698 Archelao,
711 1665 842 1698 Quirinus
869 1665 896 1692 in

114 1706 161 1743 Syr
170 1709 222 1735 iam
242 1708 416 1744 Iuda-umque
425 1710 526 1737 missus
535 1717 597 1737 esse
606 1709 714 1742 dicitur,
723 1717 793 1736 anno
804 1717 895 1736 xxxvrr

113 1758 175 1787 pust
195 1754 331 1781 Actiacam
356 1762 482 1790 pugnam.
506 1754 611 1785 Verum,
627 1755 723 1789 inquit,
739 1755 762 1781 εἰ
785 1755 840 1782 [uec
863 1754 897 1781 ad

112 1804 234 1827 exactum
249 1805 393 1834 temporum
413 1801 540 1827 rationem
558 1801 666 1835 referas,
680 1800 751 1834 falsa
769 1808 823 1827 esse
837 1808 898 1835 pro-

113 1846 157 1872 cul
170 1845 249 1872 dubio
265 1845 387 1874 invenies.
406 1846 477 1872 Nam
493 1848 516 1873 si
533 1854 651 1873 numeres
675 1854 770 1879 annos,
785 1846 830 1881 qui
854 1847 897 1872 in-

113 1896 261 1918 tercurrunt
291 1891 323 1917 ab
341 1891 450 1918 Actiaca
476 1899 574 1926 pugna,
591 1899 650 1926 quae
677 1891 786 1926 contigit
807 1891 898 1926 Augtk

113 1943 155 1964 sto
170 1936 219 1964 III
236 1942 260 1964 et
275 1937 391 1964 Messala
405 1946 486 1969 0033.,
503 1945 583 1964 annos
598 1945 653 1964 esse
667 1945 698 1964 Μ.
712 1937 829 1972 colliges.
845 1938 898 1964 Sed

115 1983 172 2009 lucc
187 1982 361 2009 hatlnciuatio
380 1986 430 2009 cst.
448 1981 514 2008 Nam
531 1982 640 2009 Actiaca
655 1989 744 2016 pugna
762 1981 856 2008 incidit
871 1982 898 2008 in

114 2035 215 2055 annum
233 2027 313 2055 Urbis
329 2028 390 2059 723,
407 2027 508 2054 Julian.
524 2027 567 2054 15.
585 2027 733 2054 Archelaus
747 2034 811 2054 vero
834 2033 898 2061 pro-

114 2073 231 2107 scriptus
243 2077 285 2099 est
300 2079 371 2099 anno
390 2072 470 2100 Urbis
485 2071 546 2103 759,
559 2071 667 2098 Juliano
680 2071 723 2098 5|.
735 2071 838 2105 Quippe
849 2070 898 2097 Dio

114 2118 147 2144 ad
165 2118 237 2144 hunc
253 2125 355 2144 annum
372 2121 466 2144 auctor
476 2122 527 2149 est,
543 2117 675 2144 Herodem
690 2116 864 2144 Palaestinam
882 2123 898 2143 a

114 2164 242 2192 fratribus
255 2169 410 2192 accusatum
428 2168 503 2190 trans
516 2163 595 2198 Alpes
609 2163 769 2198 relegatum,
783 2162 899 2197 ejusque

942 262 1014 290 Luca
1029 269 1053 291 et
1069 264 1195 292 Matt/two
1215 265 1246 292 de
1270 265 1372 291 llcrotte
1395 265 1492 298 scriptu
1517 271 1588 297 sunt,
1604 266 1656 299 ﬁrlc
1680 274 1725 292 crr-

942 315 1015 335 rt’ant
1032 317 1134 336 necesse
1147 315 1195 337 est.
1215 309 1272 337 Non
1288 310 1353 337 satis
1369 310 1446 336 dixit.
1460 309 1551 344 Neque
1566 311 1637 337 cnim
1651 310 1725 337 bien-

941 355 997 386 nio,
1010 355 1056 382 sed
1072 355 1261 390 quadriennio,
1284 355 1366 382 ferme
1382 354 1503 382 Natalem
1519 355 1618 382 Christi
1634 355 1727 390 vulga-

942 407 1009 432 rem,
1027 400 1218 437 Dionysianum
1230 409 1295 428 vero
1307 401 1388 428 etiam
1401 400 1588 436 quinquennio
1600 404 1726 427 antever-

943 445 983 471 tit.
1004 445 1054 472 Sed
1081 446 1152 472 hunc
1180 446 1267 480 ipsum
1292 454 1384 473 verum
1397 454 1458 473 esse
1471 445 1594 472 Natalem
1609 453 1642 472 ex
1659 445 1728 473 Mat-

942 489 1022 518 tiaco.
1039 489 1078 516 vel
1094 488 1165 516 Luca
1182 490 1283 524 colligi,
1299 490 1325 516 id
1340 495 1494 517 constanter
1505 497 1645 525 negamus.

977 534 1108 566 Quartum
1133 535 1319 562 inconstantiae
1339 535 1475 570 specimen
1494 539 1551 567 est,
1567 535 1639 569 quod
1654 542 1726 561 anno

942 585 986 604 xvr
1010 577 1123 606 Herodis
1145 580 1217 614 regis
1239 578 1340 606 Varum
1366 579 1505 614 prursidem
1536 579 1621 614 Syria:
1643 579 1727 607 fuisse

942 629 1035 650 narrat
1048 624 1095 651 lib.
1110 633 1152 657 xv,
1169 632 1194 652 c.
1212 625 1255 652 15.
1269 624 1333 652 Post
1352 629 1454 658 autem,
1469 625 1507 652 ait
1523 625 1647 652 eurrrdem
1665 632 1727 652 suc-

942 670 1058 696 cessisse
1079 670 1172 697 Sentio
1197 670 1356 703 Saturnino,
1376 678 1447 698 anuo
1468 675 1530 698 ante
1541 670 1655 698 Herodis
1668 670 1727 697 obi‘

943 718 1000 740 trrm
1018 722 1024 740 :
1041 721 1102 740 cum
1114 708 1182 741 inter
1194 718 1337 747 rrtrumque
1350 715 1442 750 viginti
1457 715 1520 742 antri
1532 715 1626 743 saltem
1643 715 1727 742 inter-

943 759 1085 786 ersscrint.
1100 759 1179 794 Atqui
1199 767 1252 786 non
1277 760 1363 787 Varus
1386 767 1401 787 a
1421 759 1539 795 Josepho
1561 768 1661 796 praeses
1681 760 1727 787 illo

944 804 1004 831 loco
1016 804 1124 838 dicitur,
1141 804 1186 832 sed
1201 804 1296 832 Varro.
1311 805 1400 838 Quare
1418 805 1488 841 αὕτη
1504 807 1520 841 ἡ
1539 805 1668 842 μήρινθος
1683 807 1726 832 οὐ·

944 848 988 875 ὁὲν
1001 848 1114 876 ἔσπασε.
1141 849 1260 884 Denique
1277 858 1384 882 novem,
1400 850 1498 885 irrqrrit,
1514 849 1629 878 Herodis
1642 858 1728 878 annos

944 894 1124 927 prtL‘tcrmisit.
1150 894 1255 922 Etenim
1284 903 1346 922 curn
1371 903 1462 922 xxxvrr
1484 895 1603 930 regnarit
1630 903 1727 927 annos,

944 939 1041 966 horum
1055 939 1162 966 initium
1179 940 1213 967 ab
1227 947 1260 967 eo
1281 940 1340 975 ipso
1359 948 1441 972 anno,
1459 947 1513 975 quo
1531 940 1618 966 navali
1635 940 1728 974 pra-lio

943 984 1031 1012 victus
1055 989 1097 1012 est
1118 985 1262 1017 Antonius,
1289 990 1410 1020 repetere
1432 985 1535 1018 debuit,
1552 984 1662 1012 Juliano
1683 985 1728 1016 1;”),

943 1036 997 1056 non
1015 1036 1030 1055 a
1046 1037 1083 1060 vr,
1097 1037 1152 1064 quo
1163 1037 1196 1057 ex
1210 1030 1460 1058 senatus-consulto
1481 1037 1593 1064 regnum
1617 1029 1729 1064 adeptus

944 1079 995 1101 est.
1010 1073 1073 1101 Ideo
1096 1078 1211 1102 mortem
1237 1074 1352 1103 Herodis
1367 1075 1480 1102 Annales
1496 1075 1522 1102 in
1536 1083 1636 1102 annum
1652 1081 1728 1102 octa-

944 1126 1007 1144 vum
1032 1119 1132 1146 Christi
1157 1120 1315 1154 conjiciunt,
1330 1120 1432 1155 Lepido
1455 1125 1481 1148 et
1503 1121 1634 1148 Arruntio
1654 1128 1726 1148 coss.

945 1162 1010 1190 Erat
1022 1171 1111 1191 annus
1126 1164 1209 1192 Urbis
1227 1165 1287 1197 759,
1299 1164 1422 1193 Julianus
1437 1165 1480 1198 51,
1497 1166 1544 1201 qui
1561 1170 1652 1194 sextus
1667 1174 1728 1194 arra:

945 1208 1098 1240 communis
1123 1217 1184 1237 esse
1212 1209 1351 1243 debuerat,
1374 1210 1426 1238 nisi
1453 1211 1563 1239 biennio
1586 1216 1728 1247 peccatum

947 1253 1026 1281 foret.

981 1300 1016 1327 At
1043 1305 1209 1335 quantopere
1231 1301 1308 1328 illunr
1332 1303 1400 1330 ratio
1419 1302 1538 1338 fugerit,
1564 1302 1644 1337 paulo
1669 1307 1730 1338 post

947 1346 1097 1379 constabit;
1121 1347 1165 1373 ubi
1189 1355 1249 1382 qua:
1266 1347 1298 1374 de
1323 1347 1437 1375 Herodis
1461 1348 1551 1381 annis,
1566 1352 1593 1374 et
1618 1348 1730 1376 historia

947 1393 1064 1428 sparsim
1080 1392 1215 1428 Joseplrus
1240 1394 1344 1426 inserit,
1360 1395 1455 1430 paucis
1479 1394 1729 1430 perstrinxerimus.

946 1438 1038 1466 Prima
1053 1439 1166 1466 Herodis
1178 1440 1248 1474 apud
1259 1440 1388 1467 cximium
1406 1440 1476 1467 hrrnc
1484 1441 1642 1475 scriptorem
1655 1448 1729 1467 mcu-

948 1484 985 1510 tio
1010 1484 1037 1511 fit
1062 1484 1109 1511 lib.
1129 1492 1174 1511 xrv
1192 1484 1257 1519 Orig
1270 1492 1307 1516 ,e.
1323 1484 1364 1511 l2.
1391 1484 1427 1511 lbi
1441 1484 1612 1519 Antipatrum
1627 1484 1732 1519 Antipze

948 1527 979 1556 F.
997 1527 1110 1556 Herodis
1123 1532 1262 1563 parentem
1280 1528 1374 1555 scribit
1387 1535 1402 1555 θ
1416 1527 1505 1563 Cypro
1519 1528 1645 1555 Arabissa
1657 1528 1731 1562 prin-

949 1574 1009 1608 cipe
1034 1574 1132 1600 femina
1164 1574 1283 1608 qrrirrqrre
1312 1574 1462 1608 suscepisse
1483 1573 1592 1604 liberos.
1616 1573 1733 1600 Phasac-

949 1620 1016 1652 lum,
1034 1619 1178 1651 Herodem,
1194 1618 1353 1654 Joscplrum,
1370 1619 1527 1652 Pheroram,
1546 1624 1573 1646 et
1591 1619 1729 1646 Salomon.

947 1665 1088 1697 Eumdem,
1107 1672 1167 1692 crrnr
1183 1666 1312 1692 adversus
1325 1664 1510 1692 Aristobulum
1535 1663 1633 1691 bellrrm
1657 1671 1732 1698 gere-

948 1715 998 1742 rct,
1023 1709 1123 1737 liberos
1150 1717 1214 1736 suos
1241 1708 1311 1743 apud
1335 1708 1454 1735 Arabum
1477 1707 1625 1742 principem
1650 1706 1733 1741 depo-

948 1756 1045 1783 srrisse.
1063 1755 1180 1782 Finitum
1194 1759 1236 1782 est
1246 1754 1346 1781 bellum
1363 1753 1434 1781 istud
1446 1753 1646 1780 Aristobulcum
1659 1760 1732 1779 anno

947 1801 1004 1834 illa,
1019 1808 1074 1836 quo
1095 1800 1281 1835 Hierosolyma
1298 1799 1443 1834 Pompeius
1464 1798 1544 1833 cepit,
1568 1805 1639 1825 coss.
1655 1798 1732 1825 Cice-

948 1853 1014 1872 rone
1035 1849 1063 1873 et
1083 1845 1211 1877 Antonio,
1227 1849 1257 1871 ut
1277 1849 1372 1871 auctor
1390 1847 1432 1871 est
1453 1842 1587 1878 Joseplrus
1610 1842 1656 1869 lib.
1675 1850 1731 1874 xrv,

948 1899 972 1918 c.
989 1891 1016 1923 5,
1031 1898 1136 1918 necnon
1157 1895 1184 1917 et
1197 1890 1246 1917 Dio
1262 1899 1268 1917 :
1284 1889 1365 1916 Urbis
1377 1897 1410 1916 ex
1432 1889 1553 1916 Varrone
1568 1888 1732 1923 69l.'0por-

948 1942 985 1964 tet
998 1937 1080 1972 igitur
1093 1936 1226 1964 Herodem
1243 1940 1306 1963 ante
1323 1935 1396 1962 hunc
1410 1943 1512 1962 annum
1528 1933 1613 1962 fuisse
1626 1938 1731 1966 natura,

948 1992 1027 2019 quem
1043 1983 1112 2018 apud
1124 1982 1239 2010 Arabem
1256 1987 1331 2017 pater
1344 1981 1508 2017 deposuerit.

983 2029 1080 2056 Postea
1096 2029 1144 2056 lih.
1162 2036 1217 2060 xrv.
1242 2036 1302 2063 cap.
1319 2028 1363 2060 l5,
1378 2035 1439 2055 cum
1462 2027 1603 2061 Antipater
1625 2025 1732 2053 Juliano

948 2074 1047 2102 Caesari
1063 2079 1200 2102 strerruarrr
1215 2074 1241 2100 in
1264 2073 1382 2109 Egypto
1399 2077 1524 2100 navasset
1535 2079 1657 2107 operam,
1671 2071 1732 2097 sui.

947 2129 1047 2157 τροπος
1069 2121 1104 2147 ab
1124 2127 1157 2147 eo
1181 2119 1374 2148 [adsuefactus
1388 2124 1439 2150 est,
1452 2123 1477 2146 et
1490 2118 1614 2154 Hyrcano
1626 2116 1732 2151 pontiﬁ-

949 2171 1025 2193 catus
1049 2166 1184 2193 decretus.
1198 2165 1246 2191 llic
1267 2170 1308 2191 est
1322 2162 1402 2191 Urbis
1417 2171 1506 2191 annus
1521 2163 1585 2194 707,
1601 2170 1655 2197 quo
1668 2161 1731 2189 Ale-

114 2210 244 2237 ditionem
258 2211 283 2237 in
301 2210 467 2245 provinciam
483 2210 630 2237 redactam.
644 2209 740 2236 Annus
756 2216 837 2244 porro
846 2209 896 2237 «ιιι-
915 2213 936 2240 D
950 2210 1111 2238 xandrinum
1125 2210 1223 2238 bellum
1235 2213 1370 2244 patratum
1387 2213 1438 2241 est,
1457 2212 1486 2235 ut
1500 2215 1532 2235 ex
1545 2206 1663 2241 Joseplro
1675 2207 1732 2234 col-

114 2255 203 2284 lianus
223 2256 253 2283 5t
277 2257 431 2284 tricesimus
453 2257 585 2290 septimus
599 2260 641 2283 est
655 2263 670 2282 a
687 2263 732 2282 xv.
751 2254 834 2282 Recte
848 2255 900 2282 ita-

114 2311 167 2338 qrrc
177 2301 310 2337 Iosephus
322 2302 488 2330 tricesimum
501 2301 646 2336 septimum
662 2300 811 2328 adnotavit.

151 2348 277 2376 Secundo
296 2348 389 2375 iisdem
414 2348 442 2374 in
463 2347 527 2374 locis
550 2346 680 2382 Josephus
705 2347 738 2374 de
759 2346 898 2374 consulatu

115 2393 222 2426 Quirini
239 2393 366 2425 meminit,
379 2392 455 2427 quasi
471 2392 502 2419 de
526 2400 553 2419 re
578 2392 720 2418 admodum
734 2392 830 2418 recenti
844 2399 853 2418 .'
867 2399 900 2418 ea:

114 2447 165 2474 quo
186 2438 283 2465 Festos
307 2438 383 2465 illum
403 2439 555 2465 consulares
579 2438 714 2472 ignorasse
736 2442 835 2464 certum
849 2442 897 2464 est.

118 2484 188 2512 Nam
205 2484 346 2517 Quirinum
361 2492 414 2511 una
426 2492 486 2510 cum
500 2483 650 2512 (Emiliauo
662 2483 760 2518 collega
776 2488 836 2510 ante
850 2491 900 2510 an-

116 2539 163 2558 nos
179 2539 233 2558 xxrr
260 2530 426 2557 consulatum
450 2531 560 2564 gessisse
584 2535 623 2556 est
646 2529 897 2563 exploratissimum.

116 2576 187 2604 Nihil
212 2576 345 2612 ejusmodi
367 2575 502 2610 Iosephus
521 2575 562 2602 vel
581 2575 717 2602 levissime
727 2574 898 2609 significavit.

115 2622 291 2650 Consularem
315 2622 446 2649 duntaxat
467 2621 552 2652 illum,
568 2621 619 2648 hoc
641 2625 682 2648 est
705 2620 835 2647 ὑπατικόν
850 2628 900 2648 cx-

117 2674 203 2695 tremo
229 2669 274 2695 lib.
289 2676 345 2695 xvrr
369 2668 501 2695 nominat.
519 2667 632 2694 Constat
656 2671 745 2694 autem
772 2673 830 2697 eos.
853 2667 899 2701 qui

115 2714 287 2741 consulatum
314 2713 397 2741 semel
423 2714 450 2740 in
474 2713 527 2740 vita
553 2712 716 2748 gessissent.
742 2711 900 2739 consulares

115 2759 244 2793 deinceps
260 2758 421 2794 appellatos,
437 2759 476 2786 uti
490 2759 676 2794 triumphales,
692 2758 739 2794 qui
751 2758 899 2793 aliquando

116 2804 339 2839 triumphassem.

152 2849 244 2878 Tertio
261 2849 374 2877 Herodis
391 2849 490 2877 obitum
504 2849 607 2877 biennio
623 2854 683 2877 aute
698 2848 833 2878 Christum
849 2857 899 2877 ua-

950 2256 1050 2291 ligitur.

985 2301 1084 2328 Eodem
1107 2308 1190 2334 anno,
1207 2306 1236 2328 ut
1251 2299 1385 2335 Iosephus
1400 2299 1451 2326 H7
1468 2298 1573 2332 scribit,
1592 2297 1732 2332 Antipater

949 2346 1109 2375 Phasaclunr
1132 2346 1325 2382 Hierosolymis
1345 2345 1465 2381 prmiicit,
1483 2345 1582 2372 Herodi
1593 2344 1732 2372 Galilaeam

949 2394 1103 2427 committit,
1112 2393 1164 2429 νέῳ
1177 2393 1265 2420 πάντα.
1278 2393 1360 2419 πᾶσιν
1373 2391 1440 2418 ὄντι·
1459 2394 1489 2417 ιε’
1508 2390 1562 2426 γὰρ
1576 2389 1650 2425 αὑτῷ
1672 2390 1732 2423 ἐγε-

949 2438 1022 2473 γόνει
1046 2438 1114 2473 μόνα
1135 2438 1194 2473 ἔτη.
1221 2437 1391 2464 Manifestum
1417 2436 1444 2463 in
1472 2442 1586 2463 numero
1603 2434 1731 2461 mendum

949 2489 1007 2518 est;
1022 2484 1093 2519 quod
1104 2484 1217 2511 eruditis
1230 2483 1296 2511 viris
1307 2483 1442 2515 suboluit;
1457 2486 1484 2509 et
1495 2484 1534 2508 κε’
1549 2489 1597 2516 pro
1616 2481 1646 2508 ιε’
1661 2481 1730 2508 scri-

949 2530 1078 2557 bendum.
1091 2529 1170 2556 Certe
1186 2536 1248 2556 cum
1264 2533 1326 2556 ante
1348 2535 1449 2555 annum
1472 2526 1554 2554 Urbis
1572 2525 1620 2553 69!
1638 2530 1730 2552 natum

949 2579 1054 2603 constet
1068 2574 1212 2606 Herodem,
1224 2581 1297 2601 anno
1317 2574 1364 2601 illo
1382 2573 1432 2600 707
1447 2573 1582 2601 decimqu
1606 2576 1730 2598 octavum

951 2621 1045 2648 saltem
1058 2620 1193 2655 attigerat.
1209 2620 1243 2646 At
1257 2627 1321 2647 vero
1342 2626 1403 2654 qua:
1429 2622 1485 2646 toto
1509 2618 1555 2644 illo
1574 2622 1629 2643 xvrt
1645 2614 1732 2648 capite

951 2667 985 2693 ab
1001 2665 1104 2693 Herode
1125 2671 1200 2700 gesta
1219 2669 1414 2696 memorantur,
1437 2671 1490 2691 non
1512 2669 1625 2698 puerum
1649 2659 1732 2687 Hero~

951 2711 1022 2744 dem,
1035 2710 1081 2738 sed
1093 2710 1220 2745 juvenem
1231 2710 1369 2738 exhibent.
1383 2709 1477 2744 Neque
1489 2707 1599 2735 dubium
1614 2710 1656 2733 est
1666 2705 1730 2739 qrrin

950 2765 1001 2784 vox
1011 2755 1071 2784 νέου
1080 2756 1183 2783 virilem
1195 2755 1275 2783 etiam
1287 2760 1403 2787 aetatem,
1414 2754 1498 2782 mrrlto
1510 2752 1595 2787 magis
1603 2750 1730 2786 juventu-

952 2808 1005 2830 tem
1019 2802 1162 2837 signiﬁcet.
1180 2801 1237 2834 Qua
1251 2801 1356 2828 ratione
1371 2800 1468 2828 Saulus
1481 2799 1542 2826 Act.
1558 2804 1605 2829 γη,
1619 2795 1733 2829 57,νεα-

950 2848 1010 2880 νίας
1020 2840 1147 2882 vocatur,
1158 2855 1210 2876 non
1227 2846 1299 2881 quod
1313 2845 1470 2875 vocabulum
1485 2843 1555 2872 istud
1571 2843 1688 2870 ferocem
1700 2848 1734 2869 eo
