1935 3044
212 159 265 189 επεν

780 160 952 189 AI’PENDIX
971 161 1282 191 DISSERTATIONUM.

1793 159 1853 188 θεῖ-ο

211 219 281 248 loco,
299 221 326 244 et
345 216 474 245 audacem
497 217 624 245 declaret.
643 217 733 253 Friget
756 219 828 246 cnim
845 219 903 246 [nec
917 218 1001 245 inter-
1017 223 1041 250 Α
1057 219 1184 246 nimirum
1197 226 1269 246 anno
1281 219 1340 254 ipso
1356 225 1421 245 xvu.
1450 217 1550 245 Eodem
1563 225 1636 245 anno
1651 225 1715 244 xvnt
1729 218 1785 251 (ait
1796 217 1852 244 Jo—

211 259 335 297 preiatio.
355 263 459 298 Quippe
476 264 538 291 licet
554 264 661 297 νεανίας
681 265 814 292 interdum
837 273 867 292 ca
892 265 1002 292 notione

210 313 350 340 sumatur,
369 316 505 342 nunquam
523 313 612 336 tamen
626 309 685 337 sine
703 310 874 337 substantivo
889 309 999 344 aliquo;

210 359 272 388 puta
297 353 393 389 ἀνδρός
416 354 457 381 vel
483 354 574 388 λόγου,
598 360 650 383 etc.
669 356 747 390 Apud
772 356 873 383 Lucam
890 365 939 388 vn,
956 357 999 388 Η,

210 405 311 431 autem,
327 399 370 425 ubi
382 399 506 427 absolute
531 401 651 435 penilur.
671 401 786 436 idipsum
801 407 854 434 est,
870 402 942 436 quod
960 402 1001 429 in-

210 449 314 479 lci-pres
330 449 419 472 "()5le
442 446 586 480 exp:essit,
602 446 762 474 adolescens.
780 447 857 482 Apud
874 447 1001 475 ϐρωθῆ-

209 497 274 516 num
289 489 373 517 Varro
386 491 581 526 quadrifariam
604 493 722 520 hominis
739 497 844 520 aetatem
866 494 999 528 partitur;

208 540 235 563 et
249 537 392 570 pueritiam
411 538 444 564 ad
459 546 561 565 annum
576 547 625 571 xv;
645 538 707 567 inde
722 539 756 567 ad
774 547 828 566 xu
844 540 1001 567 adolescen-

209 582 274 609 tiam
291 582 394 610 deﬁnit.

244 627 309 656 Post
333 629 390 657 haec
413 637 428 657 a
450 629 533 658 Sexto
546 630 655 659 Caesare
675 631 831 668 leesyriae
856 632 1001 668 prmﬁcitur

209 673 340 707 Herodes,
354 675 450 703 eodem
475 684 557 704 anno.
573 676 660 704 Credo
686 678 842 712 quindecim
865 686 999 705 annorum

210 728 323 754 puerum
355 720 495 749 Romanus
522 721 668 756 imperator
695 723 848 758 στρατηγόν
878 723 999 751 faceret:

210 771 270 794 csto
288 767 313 793 id
329 767 355 794 in
373 767 464 802 priore
477 768 601 802 exemplo
616 760 729 803 paterno
747 769 833 803 possit
856 768 941 796 amori
959 769 1002 796 in-

209 812 409 852 dulgentiaeque
438 813 533 841 tribui.
550 813 660 846 lterum,
681 819 708 841 ut
734 814 814 841 refert
836 822 896 849 cap.
915 815 956 846 19,
986 822 1001 841 a

209 857 293 885 Bruto
308 863 335 886 et
349 857 446 886 Cassio
459 859 580 894 ejusdem
590 859 745 896 leosyria:
762 861 914 895 στρατηγός
926 869 1000 888 (trra-

210 909 254 930 t-ts
270 909 323 936 est,
342 911 404 931 cum
420 904 567 937 mandatis,
585 909 613 932 ut
628 906 778 932 exercitum
795 905 926 932 adversus
943 906 1000 932 Au-

209 953 317 982 gustum
335 953 362 976 et
391 947 539 976 Antonium
559 950 757 983 conscriberet;
786 949 856 977 facta
879 950 1000 984 potiundi

210 993 284 1028 regni
301 1002 359 1028 spe,
379 999 439 1028 post
454 994 625 1029 impetratam
643 995 795 1022 victoriam.
807 995 867 1028 Quo
881 1001 1002 1030 tempore

211 1038 333 1066 Malclms
357 1039 445 1067 Arabs
468 1040 640 1073 Antipatrum
664 1049 769 1068 veneno
787 1041 910 1074 necavit;
927 1040 1002 1067 ideo-

209 1093 261 1120 quc
273 1085 385 1120 iubente
405 1085 503 1114 Cassio
525 1086 648 1114 Malchus
661 1087 695 1114 ab
710 1086 815 1114 Herode
833 1091 874 1114 est
890 1086 1001 1114 interfe-

210 1135 280 1158 ctus.
291 1130 319 1158 Cu
331 1136 452 1166 ugruunt
465 1132 521 1159 lucc
534 1139 606 1159 anno
625 1131 704 1158 Urbis
719 1131 780 1164 712,
796 1131 906 1159 Juliano
918 1139 1000 1166 quar-

210 1182 247 1204 to.
271 1175 426 1206 Secundum
449 1178 650 1213 Philippensem
673 1186 791 1213 pugnam
814 1178 951 1206 Antonius
974 1178 1000 1205 in

210 1222 316 1259 Syriam
343 1224 493 1260 prolectus,
517 1224 679 1253 Phasaclum
696 1230 722 1252 et
745 1224 878 1252 llerodctn
905 1223 1002 1252 tetrarL-

209 1271 276 1303 chas
287 1272 439 1304 constituit,
457 1272 504 1298 καὶ
519 1271 573 1298 τῶν
600 1271 735 1298 Ἰουδαίων
752 1272 844 1304 αὐτοῖς
859 1271 1002 1308 ἐπιτρέπει

211 1317 374 1353 πράγματα,
391 1317 526 1353 Josephus
543 1318 590 1345 lib.
607 1326 663 1352 uv,
683 1326 744 1353 cap.
764 1318 810 1345 25.
827 1317 934 1345 Accidit
951 1318 1002 1346 hoc

209 1371 282 1390 anno
298 1362 379 1390 Urbis
394 1363 457 1396 713,
472 1363 580 1391 Juliano
594 1363 622 1390 5.

246 1409 311 1437 Post
325 1417 385 1437 cum
403 1409 494 1436 Parthi
513 1410 679 1445 Antigonum
693 1410 838 1438 Aristobuli
860 1410 890 1437 F.
914 1410 940 1437 in
959 1417 1002 1438 re-

210 1463 292 1491 gnum
311 1456 505 1490 restituisseut,
525 1457 645 1484 Herodes
661 1457 694 1484 ab
718 1458 751 1484 iis
767 1457 863 1492 pulsus
885 1457 1000 1484 Romam

210 1501 244 1528 ad
268 1501 417 1528 Antonium
434 1506 461 1529 et
477 1501 612 1529 Caesarem
628 1500 750 1536 confugit
765 1511 771 1528 :
786 1509 800 1528 a
818 1501 918 1536 quibus
940 1508 1001 1535 per-

1053 266 1155 300 sephus
1172 273 1232 300 cap.
1251 264 1294 299 14)
1313 264 1442 299 templum
1459 269 1611 291 instaurare
1621 271 1768 298 aggressus
1783 268 1828 290 cst
1842 271 1850 294 ;

1052 319 1133 346 quem
1152 319 1253 338 annum
1264 311 1398 338 decimum
1417 311 1541 345 quintum
1554 309 1622 336 libro
1639 316 1646 335 ι
1669 308 1780 336 Ἀιιώσ.
1799 316 1852 342 ap-

1052 357 1144 392 pellat,
1161 364 1253 384 crrore
1270 356 1461 389 librariorum,
1482 359 1510 382 ut
1525 355 1660 389 Keplerus
1679 354 1824 381 existimat
1841 361 1848 378 :

1052 411 1132 437 quem
1151 407 1178 429 tu
1195 402 1315 430 consule.
1331 401 1463 428 Prii-terea
1483 400 1530 427 lib.
1548 407 1592 426 xrt
1605 421 1611 433 ,
1631 407 1691 434 cap.
1708 399 1736 429 9,
1753 399 1851 426 Caesa-

1053 457 1105 476 rcze
1119 448 1325 476 aedificationem
1351 447 1504 474 absolutam
1523 446 1618 473 scribit
1635 445 1748 471 Herodis
1772 453 1851 471 :Inno

1053 503 1151 527 xxvnt;
1167 495 1268 529 olymp.
1289 492 1350 521 192.
1368 492 1396 520 Si
1417 500 1431 520 a
1445 491 1554 519 Juliano
1565 492 1581 518 9
1592 511 1599 522 ,
1620 490 1700 518 Urbis
1714 491 1780 522 717,
1795 490 1852 517 ini-

1054 542 1119 568 tium
1136 540 1249 568 Herodis
1267 539 1425 569 deduxeris.
1442 546 1531 565 anuus
1543 537 1589 569 28,
1601 537 1727 564 Julianus
1739 537 1850 570 erit56,

1053 586 1134 614 Urbis
1151 586 1221 620 74.1;
1247 592 1302 620 quo
1326 585 1408 619 empit
1424 583 1582 618 lphiti7b‘7,
1599 583 1656 609 sive
1671 582 1774 616 olymp.
1796 581 1851 608 192

1053 642 1141 661 annus
1151 633 1255 661 tertius.
1264 631 1377 659 Demum
1393 631 1439 657 lib.
1453 638 1517 661 xm,
1526 628 1601 660 (2.12,
1611 632 1734 654 mortuus
1742 632 1785 654 est
1793 626 1850 652 11e-

1053 681 1142 711 rodes,
1158 677 1321 714 βασιλεύσας
1332 677 1389 712 μεθ’
1403 677 1417 702 ὃ
1434 677 1482 711 μὲν
1498 675 1602 702 ἀνεῖλεν
1620 673 1786 707 Ἀντίγονον,
1800 672 1850 706 ἔτη

1052 728 1173 762 τέσσαρα
1196 725 1242 751 καὶ
1274 723 1436 760 τριάκοντα”
1469 721 1527 756 μεθ’
1548 720 1562 747 ὃ
1581 720 1609 746 δὲ
1627 719 1679 746 ὑπὸ
1700 718 1851 753 Ῥωμαίων

1053 772 1236 802 ἀποδέδεικτο,
1252 770 1323 796 ἑπτὰ
1338 769 1386 795 καὶ
1397 767 1544 803 τριάκοντα
1554 775 1560 782 ·
1578 765 1646 793 Cum
1661 769 1799 799 regnasset
1815 763 1850 790 ab

1053 818 1180 852 Antigoni
1190 824 1250 842 nece
1258 823 1342 842 annos
1358 822 1452 840 xxxtv.
1467 813 1508 839 EI
1519 820 1569 847 quo
1587 819 1646 838 vero
1663 819 1709 838 rex
1721 819 1737 837 a
1749 809 1851 836 Ranm-

1054 866 1095 892 nis
1110 870 1215 891 creatus
1226 867 1263 890 est
1278 869 1369 889 xxxvn
1385 868 1391 886 :
1408 859 1490 895 paulo
1505 864 1569 886 ante
1586 858 1701 890 Pascha,
1716 861 1746 884 ut
1764 865 1797 884 ex
1816 856 1846 883 11

1054 911 1140 946 capite
1152 910 1236 945 liquet
1252 917 1258 935 :
1274 915 1337 935 cum
1352 911 1430 934 antea
1443 906 1507 932 luna
1522 904 1669 932 defecisset
1685 903 1771 939 ιπερὶ
1787 902 1850 934 ἔτος

1053 956 1252 992 ἑϐδομηκοστόν
1267 955 1329 982 vilae
1345 961 1400 981 sua:
1417 961 1423 978 :
1442 960 1503 987 cap.
1521 951 1548 978 8.
1564 951 1658 986 Itaque
1671 951 1694 978 si
1708 958 1783 977 anno
1799 949 1850 976 Ju-

1052 1004 1126 1031 liano
1143 1003 1159 1030 6
1175 1009 1286 1037 regnum
1299 1009 1333 1028 ex
1349 998 1591 1028 senatusconsulto
1608 996 1730 1024 Herodes
1757 995 1848 1029 impe-

1052 1049 1149 1076 travit:
1162 1055 1234 1075 anno
1257 1046 1366 1074 Juliano
1378 1045 1422 1078 ΛΞ,
1440 1044 1521 1079 coepit
1544 1043 1587 1071 37.
1601 1043 1648 1070 Sin
1667 1043 1785 1069 abanno
1797 1040 1848 1067 Ju-

1052 1095 1125 1122 liano
1137 1094 1153 1122 9
1165 1094 1295 1121 inchoare
1312 1092 1409 1123 mavis,
1425 1091 1521 1118 eodem
1536 1089 1646 1116 Juliano
1656 1087 1799 1123 λῆμ’ῳηί
1812 1086 1847 1114 54

1053 1140 1159 1168 initium
1176 1138 1312 1174 sumpsit:
1331 1137 1403 1173 quod
1419 1137 1497 1172 paulo
1512 1139 1606 1171 postea
1621 1133 1847 1168 disceptabimus.

1087 1185 1145 1212 Jam
1162 1192 1223 1212 cum
1237 1183 1357 1211 Herodes
1381 1189 1483 1209 annum
1507 1179 1628 1215 attigerit
1650 1178 1797 1213 septimum
1817 1184 1849 1203 ac

1053 1236 1072 1258 tt
1081 1231 1234 1262 icesimum,
1243 1236 1370 1264 magnam
1379 1228 1442 1255 inde
1453 1226 1571 1261 Josepho
1584 1225 1700 1252 Annales
1712 1223 1846 1250 invidiam

1053 1277 1171 1310 faciunt;
1187 1276 1260 1312 quod
1270 1276 1386 1303 istorum
1402 1281 1538 1302 annorum
1550 1272 1691 1299 exordium
1700 1277 1847 1305 perperam

1052 1325 1079 1351 in
1095 1323 1234 1351 Julianum
1246 1327 1353 1350 sextum
1364 1320 1511 1349 contulerit
1523 1329 1529 1346 :
1539 1326 1627 1353 eoque
1636 1317 1764 1348 maxime,
1774 1315 1848 1350 quod

1053 1378 1125 1398 anno
1143 1369 1223 1397 Urbis
1237 1368 1299 1401 702,
1316 1367 1419 1395 Caleno
1433 1371 1460 1394 ct
1473 1366 1579 1394 Vatinio
1597 1371 1679 1396 coss.,
1692 1361 1848 1397 quindecim

1051 1424 1139 1444 annos
1148 1419 1229 1443 natus
1238 1415 1344 1442 dicatur
1353 1412 1485 1444 Herodes,
1494 1415 1672 1445 mortuusque
1680 1416 1752 1436 anno
1758 1407 1848 1435 {etatis

1052 1470 1135 1499 prope
1143 1470 1206 1489 Lxx.
1216 1460 1283 1488 Nam
1292 1461 1314 1488 si
1322 1460 1355 1487 ad
1365 1459 1417 1486 707
1424 1458 1507 1485 addas
1515 1457 1560 1490 5-1,
1571 1464 1661 1484 annus
1671 1454 1787 1482 Herodis
1795 1462 1827 1480 ιι
1834 1461 1849 1479 ι

1052 1511 1113 1537 iniit
1128 1517 1202 1537 anno
1222 1508 1304 1536 Urbis
1320 1507 1382 1540 761,
1399 1505 1507 1533 Juliano
1521 1505 1565 1537 53,
1579 1501 1810 1531 termCltristiatue
1821 1499 1846 1527 8.

211 1547 366 1574 humaniter
379 1553 518 1582 exceptus,
535 1552 561 1575 et
569 1547 673 1575 senatui
696 1547 869 1580 conciliatus,
887 1555 998 1581 regnum

1054 1557 1237 1591 Aliundeergo
1246 1563 1337 1597 xxxvii
1351 1553 1387 1581 illi
1396 1553 1459 1580 anni
1469 1549 1619 1579 deducendi
1628 1553 1707 1577 sunt:
1717 1546 1847 1574 nimirum

209 1592 327 1620 obtinuit
340 1600 372 1620 ex
386 1593 624 1620 senatusconsulto
636 1613 643 1623 .
657 1592 809 1629 olympiade
833 1592 896 1625 181,
911 1592 1001 1620 Domi-

211 1638 249 1665 tio
282 1638 396 1666 Calvino
419 1638 439 1665 ll
454 1644 482 1666 et
491 1639 585 1666 Asinio
601 1638 724 1667 Pollione
735 1646 819 1672 coss.,
833 1646 906 1666 anno
919 1637 1000 1666 Urbis

211 1684 274 1717 7H,
290 1683 399 1712 Juliano
409 1684 445 1718 6;
459 1692 514 1720 quo
527 1685 608 1713 desiit
621 1685 784 1721 Olympiadis
799 1684 851 1712 184
864 1692 952 1712 annus
964 1692 1001 1717 tv,

209 1734 238 1758 et
264 1730 398 1766 olympias
421 1731 472 1759 185
499 1731 590 1767 coepit.
606 1731 692 1759 lioma
714 1731 742 1759 in
765 1731 936 1759 Palaestinam
957 1739 1002 1758 re-

211 1784 306 1805 versus
315 1776 437 1806 Herodes
447 1785 510 1806 cum
521 1778 658 1813 Antigono
672 1777 772 1805 bellum
786 1777 886 1813 gessit:
902 1777 1000 1809 donec,

210 1824 357 1860 adjuvante
377 1824 468 1858 Sosio,
485 1828 563 1860 capta
580 1825 647 1852 urbs
657 1829 709 1858 est,
719 1829 747 1852 et
762 1825 915 1859 Antigonus
929 1825 1003 1852 occi-

211 1879 349 1903 sus,anno
358 1871 516 1903 sabbatico;
535 1871 653 1907 Agrippa
673 1875 699 1897 et
710 1870 825 1898 Canidio
837 1870 1002 1901 Gallocoss..

211 1917 359 1954 olympiad.
383 1917 445 1951 185,
471 1924 565 1945 mense
593 1917 683 1950 terlio,
710 1918 743 1952 τῇ
768 1917 850 1952 ἑορτῇ
877 1917 926 1951 τῆς
953 1924 1002 1950 νη-

213 1964 314 1996 στείας.
326 1963 375 1992 llic
385 1968 427 1991 est
441 1971 531 1991 anuus
542 1962 623 1991 Urbis
635 1963 698 1994 717,
710 1962 836 1990 Julianus
853 1962 884 1995 9;
899 1961 1001 1997 olymp.

212 2009 264 2036 185
280 2017 369 2037 annus
386 2017 415 2037 ut
434 2009 574 2041 desinens,
590 2013 618 2036 ct
641 2009 730 2036 iniens
745 2017 780 2041 ιν,
796 2008 900 2043 periodi
916 2007 1003 2035 Julia-

214 2065 255 2083 me
268 2056 348 2089 4677,
362 2064 418 2091 quo
444 2056 573 2083 currebat
597 2055 764 2087 sabbaticus,
782 2055 856 2090 cyclo
882 2054 954 2081 lunae
974 2053 1002 2081 5.

212 2101 262 2129 Dio
278 2109 343 2129 vero
361 2101 432 2129 libro
447 2108 511 2128 χιιι
525 2099 713 2136 Hierosolyma
730 2103 809 2134 capta
826 2107 886 2127 esse
908 2099 1004 2127 scribit

212 2156 286 2176 anno
306 2148 494 2181 antecedente,
507 2147 622 2174 Claudio
646 2151 672 2174 et
693 2145 822 2173 Norbano
846 2154 931 2178 coss.,
952 2145 1003 2173 Ju-

213 2195 286 2222 liano
300 2195 327 2222 8.
342 2194 395 2222 Sed
417 2193 550 2223 sabbatiei
565 2194 630 2221 anni
652 2193 795 2221 character
810 2192 929 2228 Joscpho
944 2192 1003 2220 suf-

213 2241 345 2276 fragatur.

249 2287 381 2322 Deinceps
401 2286 504 2322 aliquot
520 2285 636 2314 Herodis
660 2285 725 2313 anni
749 2285 912 2314 nominatim
927 2292 942 2312 a
957 2284 1003 2312 Jo-

212 2334 298 2369 sepho
313 2333 514 2367 concipiuntur.
528 2331 698 2360 Velutilibro
718 2339 763 2362 xv,
784 2339 844 2366 cap.
867 2331 893 2364 7,
913 2339 1003 2358 annus

212 2379 315 2407 Actiaci
340 2379 437 2414 przclii,
451 2379 497 2413 qui
522 2383 565 2406 est
581 2377 707 2406 Julianus
724 2378 768 2409 15,
790 2377 905 2404 Herodis
926 2377 1002 2412 regni

211 2426 344 2460 septimus
372 2429 498 2452 vocatur.
520 2418 586 2452 Item
605 2425 674 2452 libro
701 2432 746 2456 xv,
766 2431 826 2458 cap.
848 2423 891 2453 12,
901 2423 1003 2451 mentio

212 2473 241 2499 lit
257 2471 321 2498 armi
337 2479 385 2498 xm
399 2469 513 2498 Herodis
531 2479 538 2497 ε
558 2478 644 2505 quem.
656 2469 788 2505 chlcrus
799 2476 901 2496 annum
918 2468 1003 2496 fuisse

212 2517 309 2553 probat
319 2516 456 2543 Julianum
471 2516 517 2550 21,
531 2516 614 2544 Urbis
639 2515 701 2543 729.
718 2515 753 2542 At
768 2523 829 2549 cap.
851 2514 1001 2546 15,decimi

212 2562 332 2597 septimi,
347 2561 388 2589 vel
404 2561 503 2589 decimi
524 2561 611 2589 octavi
627 2561 767 2593 meminit,
786 2560 834 2595 τῆς
851 2559 933 2586 αὑτοῦ
956 2559 1003 2594 βα-

213 2607 315 2639 σιλείας
330 2607 362 2639 ιζ’
379 2606 559 2642 παρελθόντος
579 2606 666 2637 ἔτους,
679 2606 705 2632 id
722 2610 764 2632 est
781 2605 909 2632 inchoato
925 2613 1002 2632 xvnt.

212 2655 272 2687 Quo
288 2653 397 2689 quidem
414 2652 548 2680 Zenodori
564 2652 740 2679 tetrarchiam
753 2656 849 2678 nactus
863 2655 914 2678 cst.
926 2651 1003 2685 Apud

213 2700 325 2728 Dionem
346 2700 371 2727 id
399 2699 499 2727 accidit
523 2706 595 2726 coss.
620 2698 735 2733 Apuleio
762 2703 789 2725 et
816 2697 904 2731 Silio;
922 2696 1003 2725 Urbis

213 2747 274 2779 754,
290 2746 399 2773 Juliano
426 2745 471 2773 26.
494 2745 629 2778 Keplerus
644 2745 671 2772 in
698 2743 814 2771 Herodis
830 2752 931 2770 ammm
947 2751 1002 2771 xvn

213 2792 336 2825 confert;
360 2793 475 2826 ichque
500 2795 562 2819 ante
577 2790 675 2825 Nisan;
692 2790 763 2818 unde
787 2789 901 2818 Herodis
916 2798 1003 2818 annos

214 2838 361 2873 Josephum
375 2838 513 2872 auspicari
527 2842 613 2873 putat.
629 2837 706 2871 Quod
724 2836 792 2864 nihil
815 2841 857 2864 est
879 2843 1001 2864 necesse.

215 2883 282 2910 Nam
302 2883 480 2917 παρελθόντος
507 2883 554 2910 τοῦ
572 2884 647 2916 ἔτους
676 2882 708 2915 ιζ’
724 2881 832 2917 scripsit
855 2881 1000 2917 Josephus,

1053 1603 1086 1631 ab
1094 1611 1126 1630 eo
1139 1589 1227 1633 anno,
1238 1608 1293 1635 quo
1304 1589 1418 1627 ‘Actiaca
1435 1605 1524 1633 pugna
1542 1595 1699 1632 proﬂigatus
1713 1598 1755 1621 est
1768 1593 1848 1620 Anto-

1053 1649 1132 1682 nius;
1142 1649 1265 1680 Augusto
1280 1645 1324 1679 Ill,
1335 1651 1362 1673 et
1371 1645 1484 1673 Messala
1498 1651 1582 1675 coss.,
1591 1639 1764 1678 olytnp.187,
1776 1646 1848 1666 ann.»

1053 1704 1072 1723 ιι
1089 1703 1096 1720 :
1119 1694 1177 1727 Quo
1185 1701 1217 1720 ea;
1232 1698 1346 1727 tempore
1354 1690 1468 1718 Herodis
1480 1689 1543 1716 anni
1554 1687 1689 1715 numerari
1701 1691 1848 1721 creperum:

1052 1745 1190 1775 propterea
1226 1737 1295 1774 quod
1316 1745 1376 1764 cum
1399 1738 1534 1771 Augustus
1558 1742 1591 1761 ea:
1619 1731 1848 1760 scitatusconsulto

1055 1787 1214 1818 rescidisset,
1230 1786 1358 1820 irritaque
1373 1782 1534 1810 reddidisset
1544 1788 1604 1816 qua:
1622 1780 1653 1807 ab
1672 1779 1788 1806 Antonio
1804 1787 1846 1813 ge-
1892 1774 1898 1783 ‘

1054 1839 1096 1862 sta
1106 1838 1194 1866 erant,
1209 1841 1261 1859 non
1276 1831 1352 1858 licuit
1371 1829 1472 1857 Herodi
1487 1836 1549 1856 suos
1564 1835 1647 1855 annos
1662 1834 1802 1853 munerare
1816 1826 1846 1852 al:

1054 1888 1083 1907 eo
1095 1885 1221 1914 tempore,
1240 1887 1291 1913 quo
1306 1877 1339 1905 ab
1355 1877 1471 1904 Antonio
1488 1882 1598 1910 regnum
1614 1874 1714 1908 accepit
1729 1881 1737 1900 :
1753 1872 1799 1899 sed
1815 1872 1846 1898 ab

1054 1933 1083 1952 ea
1094 1924 1194 1959 potius,
1209 1931 1260 1959 quo
1271 1923 1304 1949 ab
1316 1922 1446 1957 Augusto,
1460 1925 1485 1947 et
1498 1928 1530 1947 ea;
1543 1917 1773 1946 senatusconsulto
1789 1925 1847 1943 rur-

1053 1979 1099 1997 sus
1123 1970 1192 1997 idem
1216 1969 1284 1996 illud
1311 1976 1418 2004 regnum
1435 1967 1545 2002 adeptus
1561 1970 1609 1993 est.
1631 1964 1694 1992 l'Itec
1720 1963 1845 1990 Annales.

1054 2015 1121 2049 Quae
1136 2023 1189 2042 non
1203 2015 1295 2042 minus
1306 2021 1410 2046 secum,
1427 2020 1509 2048 quam
1525 2020 1588 2039 eum
1602 2010 1721 2038 historia:
1735 2009 1847 2036 veritate

1055 2065 1187 2097 pugnant.
1202 2059 1261 2088 Non
1274 2060 1348 2088 enim
1368 2064 1551 2087 consentanea
1567 2058 1619 2085 ista
1632 2061 1715 2083 sunt:
1734 2055 1847 2082 Herodis

1054 2108 1162 2135 initium
1174 2107 1208 2134 ab
1219 2114 1252 2134 eo
1271 2111 1392 2141 tempore
1407 2105 1551 2136 deducere,
1565 2111 1620 2138 quo
1636 2102 1662 2129 in
1683 2101 1798 2137 gratiam
1814 2100 1847 2128 ab

1054 2153 1179 2187 Augusto
1195 2155 1321 2186 receptus
1336 2155 1388 2182 est,
1403 2158 1466 2178 cum
1483 2149 1509 2176 in
1521 2148 1647 2176 Rhodum
1669 2147 1702 2174 ad
1718 2154 1781 2174 eum
1799 2153 1846 2174 na-

1055 2199 1174 2234 vigasset
1189 2206 1195 2224 Ξ
1210 2203 1237 2225 οι
1257 2199 1329 2225 IIUHC
1341 2205 1440 2224 annum
1461 2204 1521 2224 esse
1541 2196 1631 2230 ipsum
1644 2201 1778 2225 asserere,
1794 2201 1847 2227 quo

1020 2248 1043 2275 ι)
1057 2246 1146 2272 victus
1158 2248 1200 2272 est
1217 2244 1249 2271 ad
1267 2244 1375 2272 Actium
1389 2242 1536 2273 Antonius,
1552 2240 1676 2276 Augusto
1691 2238 1722 2266 ιιι
1739 2244 1765 2266 et
1779 2239 1847 2266 Mes-

1055 2290 1112 2317 sala
1129 2296 1203 2316 coss.
1225 2287 1295 2322 Non,
1308 2289 1431 2323 inquam,
1445 2286 1541 2315 eodem
1562 2293 1645 2317 anno,
1669 2292 1723 2319 quo
1738 2284 1845 2311 Actiaca

1054 2335 1170 2362 victoria
1184 2334 1308 2369 contigit,
1324 2333 1407 2361 Urbis
1423 2333 1484 2366 7'23,
1499 2332 1547 2359 sed
1563 2331 1689 2366 sequenti
1700 2330 1753 2357 7'24
1764 2329 1846 2358 Hero-

1055 2381 1104 2408 des
1120 2381 1244 2416 Augusto
1261 2379 1456 2408 reconciliatus
1482 2383 1533 2406 est.
1546 2377 1614 2404 Nam
1634 2382 1695 2412 post
1708 2377 1844 2404 Actiacam

1055 2426 1160 2454 cladem
1188 2426 1337 2453 Antonium
1355 2425 1468 2452 minime
1484 2425 1625 2457 destituit;
1657 2425 1705 2452 sed
1734 2424 1761 2450 in
1788 2424 1845 2458 ejus

1055 2473 1108 2500 fide
1123 2472 1292 2507 permansit:
1323 2471 1405 2506 idque
1428 2471 1510 2498 etiam
1528 2470 1598 2505 apud
1615 2471 1766 2505 Augustum
1788 2470 1844 2504 ειο·

1056 2518 1142 2546 riatus
1156 2522 1212 2550 est,
1226 2517 1257 2543 τὺ
1284 2517 1344 2552 μηδ’
1359 2516 1509 2552 ἡττηθέντα
1526 2516 1574 2552 τὴν
1591 2517 1619 2542 ἐν
1640 2516 1739 2551 Ἀκτίῳ
1757 2516 1844 2551 μάχην

1055 2564 1225 2595 καταλιπεῖν,
1239 2563 1307 2598 μηδὲ
1321 2562 1531 2598 συμμεταϐῆναι
1544 2563 1602 2594 ταῖς
1615 2562 1845 2598 ὲλπίσι,φανερ‹ῖ›;

1054 2611 1105 2645 ἤδη
1121 2609 1336 2645 μεταὸαινούσης
1352 2609 1402 2644 τῆς
1419 2609 1503 2644 τύχης
1518 2628 1526 2640 ,
1537 2609 1576 2636 ait
1592 2608 1727 2643 Josepbus
1741 2608 1789 2636 lib.
1803 2617 1844 2640 μ’,

1055 2662 1114 2689 cap.
1135 2654 1178 2681 10.
1195 2653 1286 2687 Quare
1299 2662 1372 2682 anno
1383 2655 1492 2681 demum
1510 2653 1590 2681 Urbis
1606 2653 1667 2686 721,
1678 2652 1787 2682 Juliano
1802 2654 1843 2686 iii,

1056 2701 1089 2727 ab
1103 2700 1229 2735 Augusto
1244 2705 1341 2735 praeter
1360 2708 1435 2736 spem
1457 2708 1568 2735 regnum
1590 2700 1626 2727 illi
1644 2700 1842 2731 confirmatum,

1054 2750 1082 2773 et
1096 2750 1208 2773 senatus
1234 2746 1344 2774 decreto
1369 2746 1577 2774 corroboratum
1603 2750 1646 2774 est
1664 2755 1670 2773 :
1687 2753 1742 2773 non
1756 2746 1791 2773 ita
1807 2753 1843 2773 ta-

1055 2799 1128 2824 mcn,
1146 2796 1175 2818 ut
1195 2798 1295 2818 novum
1311 2791 1374 2819 inde
1390 2791 1465 2826 regni
1484 2790 1597 2818 Herodis
1614 2790 1723 2818 initium
1746 2791 1841 2825 repeti-

1055 2843 1112 2865 tum
1141 2838 1239 2872 fuerit;
1257 2839 1328 2872 quod
1354 2838 1379 2866 ci
1409 2846 1549 2873 nunquam
1575 2837 1716 2872 Augustus
1735 2838 1840 2873 eripuit.

1056 2884 1134 2917 Quod
1148 2883 1171 2911 si
1185 2884 1248 2911 anni
1264 2884 1301 2911 illi
1314 2892 1405 2912 xxxv"
1423 2884 1457 2912 ab
1471 2884 1587 2912 Actiaca:
1601 2883 1687 2912 cladis
1707 2892 1779 2913 anno
1793 2893 1841 2913 nu-
