1935 3044
94 183 146 214 921

681 183 724 211 DE
743 185 837 212 ANNO
855 183 985 212 NATALI
1006 183 1152 212 ClllilS’ll.

1680 174 1733 203 922

98 241 222 269 lucrandi
243 241 346 275 forent;
359 245 524 277 postremus,
542 243 594 271 hoc
609 247 651 271 est
671 244 825 272 tricesimus
845 251 890 272 se-
906 247 928 274 Α
945 244 997 278 ljar
1012 243 1112 271 Juliani
1127 242 1267 278 sequentis
1290 239 1384 268 ordiri.
1396 237 1473 271 Quod
1490 237 1512 264 si
1531 243 1625 263 verum
1638 238 1710 262 esset
1724 255 1733 267 ,

99 289 212 323 ptimus,
226 295 278 315 non
295 288 329 315 ab
342 296 415 315 anno
429 289 547 324 vulgaris
563 297 623 316 serae
636 294 743 322 octavo,
760 290 806 318 sed
823 298 895 318 nono

99 333 225 361 inchoari
249 333 361 365 debuit;
391 333 499 361 Iuliano
522 334 566 362 52.
584 335 703 363 Tametsi
720 335 786 363 illud
803 336 895 363 animo

99 378 277 413 repetendum
292 386 298 403 :
316 387 418 406 annum
436 380 523 412 illum,
539 381 586 415 qui
602 381 628 408 iu
654 381 803 409 Annalibus
819 386 895 409 octa-

99 430 152 450 vus
166 430 181 450 a
201 422 288 450 Natali
306 422 409 451 Christi
419 424 530 458 dicitur,
540 433 601 453 term
610 425 774 453 Christianae
786 431 894 454 sextum

99 475 173 501 csso,
190 472 217 495 et
230 475 333 495 nouum
348 468 441 502 istum,
459 470 623 505 septimum;
643 470 669 498 id
684 471 758 506 quod
775 479 807 498 ex
821 471 897 498 bien-

100 514 140 541 nii
154 514 214 541 labe
230 514 370 548 manavit,
386 515 419 543 de
430 523 484 551 qua
501 524 583 551 supra
600 516 897 552 disputavimus.Unde

100 568 135 588 ex
150 560 296 588 Annalium
319 563 462 595 sententia,
484 562 600 591 Herodis
628 563 719 591 obitus
746 563 772 590 in
795 571 896 591 annum

100 606 285 635 eonferendus
300 613 341 636 est
356 607 494 636 Iulianum
508 609 552 641 5‘2,
571 609 612 636 vel
627 610 672 642 55,
689 610 712 638 si
727 610 896 644 septuagesi-

101 661 178 680 mum
192 653 351 688 expleverit.
372 654 454 690 Atqui
469 655 548 689 longe
567 660 629 683 ante
644 655 695 683 hoc
718 660 824 690 tempus
844 655 898 682 lle-

102 699 184 727 rodes
199 700 275 728 obiit.
303 700 409 728 Etenim
429 701 596 734 Archelaus,
624 701 670 736 qui
694 705 755 736 post
770 701 898 736 ipareotis

102 750 221 772 mortem
238 746 387 774 etlmarcha
399 747 433 774 ab
449 747 572 782 Augusto
588 746 677 775 factus
691 751 742 780 est,
769 754 841 775 anno
854 755 896 774 re-

103 791 149 823 gni
181 790 224 818 sui
249 791 482 823 nonoinchoalo,
515 797 545 820 ut
572 800 604 820 ex
630 792 751 828 Josepho
777 793 824 820 lib.
840 801 896 820 xvn

104 833 259 870 0rig.,eap.
274 835 319 868 15,
333 840 360 863 et
371 843 389 862 ιι
410 836 592 872 Ἀλώσηοειι).
608 837 649 869 lt,
665 843 748 873 patet,
764 837 896 865 Viennam

103 881 242 916 relegatus
259 886 319 914 est;
337 882 419 916 idque
429 882 480 909 Dio
494 883 619 910 evenisse
634 883 729 910 scribit
740 883 775 910 Μ.
797 883 898 919 Lepido

104 930 133 954 et
147 926 178 953 L.
197 926 329 954 Arruntio
352 935 436 961 coss.,
460 928 568 956 .luliano
582 929 627 960 51.
649 929 696 964 qui
713 935 802 957 annus
817 930 899 956 morti

106 972 222 1000 Herodis
236 973 263 1000 in
278 973 426 1000 Annalibus
440 974 596 1009 assignatur
609 983 615 1000 :
629 981 690 1001 eum
707 979 790 1001 antex
805 980 901 1007 annos,

106 1020 237 1046 nimirum
252 1018 360 1046 Juliauo
371 1019 416 1051 42,
436 1024 572 1046 mortuum
593 1027 653 1046 esse
669 1019 802 1047 Herodem
816 1027 901 1054 opor-

106 1066 200 1097 tuerit,
226 1065 248 1092 si
268 1065 420 1093 Archelaus
437 1073 463 1092 ιχ
489 1066 523 1092 ab
550 1065 596 1092 illo
619 1072 707 1092 annos
736 1065 899 1099 impleverit.

107 1111 181 1138 Idem
195 1111 276 1138 et‘es
291 1110 407 1144 Philippi
423 1110 577 1143 tetrarchae,
593 1109 707 1137 Herodis
724 1109 900 1144 lilii,imperio

108 1156 198 1192 colligi
211 1161 308 1191 potest.
326 1155 376 1183 llic
392 1155 465 1183 enim
483 1161 595 1183 auctore
607 1154 737 1190 Josepho,
755 1155 801 1182 lib.
821 1163 900 1188 χχιιι,

107 1209 169 1237 cap.
187 1201 214 1233 6,
229 1201 345 1228 moritur
359 1209 431 1228 anno
449 1201 549 1228 Tiberii
564 1209 615 1234 xx;
642 1201 786 1235 imperavit
810 1206 900 1228 autem

109 1254 200 1274 annos
218 1254 321 1274 xxxvii.
338 1246 439 1274 Tiberii
460 1254 543 1282 porro
557 1247 662 1282 primus
686 1247 747 1274 iniit
767 1255 840 1274 anno
853 1246 901 1274 Ju-

109 1293 184 1321 liano
198 1293 251 1327 59;
267 1293 414 1321 vicesimus
437 1298 539 1324 autent.
566 1292 675 1320 Juliano
690 1292 723 1319 78
740 1302 747 1319 :
769 1301 824 1328 quo
842 1293 903 1326 qui-

109 1339 184 1370 dem,
199 1339 240 1366 vel
256 1339 391 1374 sequenti,
405 1338 548 1374 Philippus
558 1339 637 1366 obiit.
652 1338 740 1373 Coepit
754 1339 837 1373 igitur
854 1337 903 1365 Ju-

110 1385 186 1411 liano
199 1385 255 1412 42:
286 1393 342 1420 quo
360 1385 442 1412 etiam
471 1393 544 1412 anno
568 1384 679 1419 eclipsis
706 1384 751 1412 illa
779 1385 902 1419 contigit,

111 1432 195 1466 paulo
207 1436 271 1459 ante
281 1431 403 1464 Pascha;
418 1439 490 1466 quae,
503 1430 637 1458 utscribit
651 1429 798 1465 Josephus,
817 1430 903 1457 Hero-

112 1477 156 1505 dis
169 1481 289 1506 mortem
302 1478 457 1506 antecessit.
473 1477 540 1510 Quae
551 1477 655 1509 omnia,
669 1480 698 1504 ut
709 1481 736 1503 et
754 1476 805 1503 alia
818 1477 905 1512 plera-

113 1532 168 1560 que
181 1525 286 1553 erudite
300 1533 315 1553 a
330 1524 445 1553 Dekerio
467 1530 574 1556 nostro,
603 1528 629 1550 et
655 1522 770 1557 Keplero
790 1523 904 1550 demon-

916 915 936 943 H

114 1575 238 1598 strantur
275 1578 326 1599 nos
341 1570 468 1606 privatim
483 1578 515 1597 ac
531 1570 676 1604 diligenter
701 1576 817 1596 excussa
836 1569 901 1596 deli-
919 1586 941 1616 Ο

116 1616 182 1644 bare
207 1615 254 1645 hic
288 1624 401 1645 necesse
417 1617 574 1644 habuimus.

947 297 1039 324 posset
1060 290 1130 317 idem
1144 294 1170 316 et
1183 289 1214 315 ad
1228 287 1329 314 Tiberii
1340 293 1371 312 ac
1386 283 1503 318 Philippi
1525 288 1612 309 annos
1627 287 1735 307 accom-

947 336 1051 362 modari
1071 344 1078 361 :
1098 334 1266 370 proindeque
1281 330 1383 359 Tiberii
1408 330 1512 364 primus
1528 335 1561 355 ex
1583 329 1672 353 mente
1687 324 1736 350 Jo-

947 381 1022 416 scplii
1037 381 1071 408 ab
1086 369 1138 416 liar
1157 380 1220 406 anni
1231 377 1332 406 Juliani
1344 376 1378 403 60
1394 374 1529 403 ineundus
1544 375 1633 403 esset,
1653 374 1680 397 et
1696 369 1736 396 \i-

947 428 1066 455 cesimus
1083 427 1118 453 ab
1144 425 1198 460 ljar
1213 423 1314 452 Joliaui
1331 423 1378 455 79;
1401 429 1433 448 ac
1456 419 1572 453 denique
1592 417 1695 451 primus
1711 419 1738 442 et

948 473 1094 500 vicesimus
1109 471 1143 499 ah
1155 471 1207 506 ljar
1217 469 1318 497 Juliani
1331 468 1366 495 80
1381 478 1386 495 :
1404 470 1466 493 ante
1480 471 1559 499 queui
1572 463 1663 490 obitus
1678 460 1738 487 Phi.

948 519 1012 554 lippi
1032 517 1221 553 conjiciendus
1238 519 1322 548 esset,
1341 520 1412 541 anno
1433 510 1555 547 ejusdem
1577 507 1737 554 xxxvirjam

947 565 1054 600 expleto
1071 573 1076 590 :
1089 564 1169 598 cujus
1182 562 1287 598 primus
1307 567 1395 588 annus
1407 558 1440 586 ab
1464 557 1515 591 ljar
1528 555 1628 583 Juliani
1643 553 1678 603 es
1699 553 1738 578 in-

948 611 1090 639 choandus
1121 609 1203 636 fuerit
1217 617 1222 635 :
1241 606 1350 635 tametsi
1371 603 1491 632 llerodes
1502 608 1573 628 anno
1586 605 1737 633 superiore,

949 658 1000 684 hoc
1017 661 1058 684 est
1073 656 1106 683 42
1120 653 1285 686 decesserit;
1303 654 1447 687 propterea
1461 646 1533 682 quod
1552 645 1669 673 maxima
1683 643 1737 678 jam

948 703 1045 730 aﬁ'ecla
1060 702 1124 730 anni
1140 701 1174 728 42
1186 705 1273 736 parte,
1287 702 1313 725 et
1326 701 1385 732 post
1407 694 1460 730 ljar
1480 692 1623 726 Philippus
1644 693 1740 716 tetrar-

948 750 1037 777 chiam
1054 749 1121 776 adiit
1136 756 1143 774 :
1161 748 1278 781 ideoque
1290 744 1324 771 ab
1343 743 1396 778 ljar
1417 743 1547 775 sequente
1566 737 1671 772 primus
1688 742 1739 762 nu-

950 795 1049 823 met'at‘i
1066 794 1157 829 carpit.

989 842 1042 869 Sed
1058 849 1089 869 ea
1102 827 1278 875 computandi
1293 835 1374 867 ratio,
1389 840 1472 869 quam
1485 829 1604 865 Joseplio
1617 827 1742 876 Scaliger

950 888 1069 923 allingit,
1094 873 1256 914 auctoritate
1280 887 1355 910 caret
1379 890 1384 908 :
1407 879 1548 923 multoque
1569 873 1743 923 verisimilius

953 939 995 961 est
1015 916 1188 960 “numerandi
1225 929 1333 957 initium
1359 927 1394 953 ab
1426 932 1458 952 eo
1484 922 1569 952 Nisan
1597 919 1667 954 apud
1693 916 1742 967 Jo-

952 980 1066 1014 sephum
1082 977 1192 1008 deduci,
1208 975 1256 1011 qui
1276 972 1391 1001 Herodis
1413 969 1558 1014 exordium
1583 966 1743 1014 antecessu,

951 1011 1032 1060 quam
1050 1024 1128 1050 abeo
1149 1028 1254 1053 mense,
1271 1019 1315 1054 qui
1335 1021 1448 1045 secutus
1469 1018 1519 1060 est.
1538 1011 1571 1060 Et
1587 1013 1743 1060 quanquam

952 1051 1093 1105 Scaligero
1108 1067 1293 1095 cencedamus
1305 1063 1396 1090 omnia
1407 1083 1413 1092 ,
1431 1059 1548 1095 pessime
1565 1056 1589 1082 is
1607 1051 1744 1105 tamenndc

952 1097 1067 1144 Herodis
1079 1114 1160 1142 annis
1176 1113 1228 1140 hoc
1246 1110 1328 1138 modo
1345 1107 1526 1136 ratiocinatus
1537 1106 1594 1130 est:
1604 1100 1675 1126 Licet
1690 1097 1743 1144 Ile-

952 1163 1027 1190 rodes
1049 1170 1064 1188 a
1077 1165 1170 1188 senatu
1193 1167 1238 1185 rex
1257 1157 1344 1191 factus
1361 1154 1393 1180 sit
1416 1151 1488 1187 cyclo
1512 1149 1554 1182 l9,
1576 1147 1624 1173 hoc
1641 1148 1679 1171 est
1694 1142 1745 1168 Ju-

952 1208 1024 1235 limw
1039 1206 1067 1240 6,
1085 1205 1188 1241 periodi
1202 1202 1261 1230 Jul.
1275 1200 1358 1233 4674,
1375 1204 1460 1225 tamen
1476 1193 1619 1241 Josepitunt
1635 1196 1685 1216 non
1702 1195 1745 1241 or-

952 1255 1005 1281 diri
1017 1239 1101 1280 aturos
1118 1250 1244 1281 Herodis,
1258 1248 1311 1275 nisi
1329 1255 1344 1273 a
1365 1245 1465 1274 Nisan,
1481 1241 1519 1268 vel
1536 1239 1596 1273 Ijar
1614 1239 1744 1270 sequentis

954 1299 1028 1330 anni,
1045 1297 1118 1333 cyrlo
1135 1304 1154 1324 ι.
1170 1295 1237 1322 Cum
1257 1297 1356 1322 autent.
1373 1285 1486 1323 Josepho
1509 1289 1583 1333 teste.
1604 1289 1685 1309 annos
1701 1286 1745 1305 so-

954 1343 1023 1372 lidos
1057 1329 1150 1370 χχχνιι
1179 1337 1336 1374 regnaverit,
1365 1342 1398 1362 ea:
1426 1340 1477 1368 quo
1504 1329 1746 1376 declaratus-Iret;

954 1399 1034 1418 XKXH'
1051 1397 1121 1419 vero,
1143 1393 1239 1421 eosque
1261 1383 1373 1415 solidos,
1393 1389 1408 1407 a
1426 1378 1508 1413 captis
1526 1385 1543 1403 a
1557 1375 1632 1421 Sosio
1656 1371 1748 1421 llifr0<

954 1435 1078 1471 solymis;
1097 1416 1237 1460 decesserit
1254 1437 1312 1456 vero
1341 1431 1402 1454 ante
1420 1423 1534 1454 Pascha,
1554 1419 1669 1471 nondum
1688 1416 1748 1471 lgor

955 1462 1081 1511 insiante’,
1097 1478 1142 1514 qui
1160 1477 1212 1512 fuit
1224 1476 1344 1511 princeps
1356 1470 1484 1498 ntcnsium
1499 1472 1611 1501 tempore
1621 1462 1746 1514 Jp'scplt'ii:

958 1506 1269 1559 marnifesio'coiiigit'ur,
1291 1506 1413 1554 proximo
1437 1515 1496 1549 ljar
1514 1519 1613 1540 annum
1636 1506 1747 1559 Herodis

959 1554 1061 1600 xxxviii
1078 1570 1207 1596 initurum
1225 1566 1316 1601 fuisse,
1331 1563 1375 1599 qui
1391 1569 1480 1588 revera
1496 1563 1553 1586 erat
1569 1563 1651 1584 χχχιχ
1667 1562 1683 1580 ιι
1694 1554 1749 1579 die-

957 1618 1004 1644 bus
1018 1615 1125 1644 wstiris.
1140 1613 1234 1648 Itaque
1244 1611 1291 1638 Itoc
1305 1609 1381 1636 modo
1396 1606 1514 1633 Ilcrodcs
1527 1601 1665 1648 decesserit
1678 1606 1748 1648 anno

150 1658 253 1688 Verum
267 1662 341 1696 quod
356 1662 391 1690 ad
405 1670 493 1690 annos
509 1663 624 1699 Philippi
638 1668 752 1697 spectat,
765 1670 826 1690 cum
844 1670 904 1690 eum
957 1663 1024 1698 cgcti
1047 1669 1093 1689 XIX
1111 1664 1216 1689 exacto.
1240 1657 1326 1691 prinw
1345 1655 1462 1681 inermia.
1484 1648 1603 1699 Suhjicit
1624 1644 1725 1699 deinde

115 1707 252 1742 Iosephus
266 1706 418 1736 decessisse
443 1709 539 1737 scribit
552 1717 624 1737 anno
641 1710 743 1737 Tiberii
762 1717 795 1736 χχ
806 1729 813 1742 ,
832 1716 908 1734 mcu-

115 1754 182 1780 dum
197 1761 258 1781 esse
272 1754 389 1780 videtur.
402 1753 469 1781 Nam
493 1760 619 1782 mortuus
637 1761 678 1783 est
693 1755 834 1790 Philippus
849 1758 908 1788 post

117 1799 290 1826 consulatum
305 1799 417 1832 Vitellii,
444 1801 491 1835 qui
521 1801 673 1828 secundum
698 1802 771 1828 hunc
800 1800 907 1835 Syriam

117 1844 339 1878 administravit,
364 1851 392 1873 ut
413 1851 509 1874 auctor
533 1852 575 1875 est
589 1846 735 1882 Joseplius.
760 1848 794 1874 At
810 1845 907 1872 Vitellii

117 1889 289 1922 consulatus,
304 1897 385 1924 quem
399 1898 460 1918 eum
476 1890 560 1918 Fabio
571 1890 681 1918 Persico
694 1889 792 1925 gessit,
808 1896 909 1916 conve-

119 1935 160 1962 nit
173 1943 246 1963 anno
259 1935 339 1964 Urbis
352 1937 415 1969 787,
429 1937 536 1964 Juliano
555 1937 603 1970 79,
631 1945 686 1972 quo
711 1936 793 1964 desiit
808 1935 909 1963 Tiberii

120 1989 166 2013 χχ,
178 1986 205 2008 et
219 1990 265 2009 χχι
278 1983 369 2017 coepit.
388 1983 450 2011 Ideo
459 1991 511 2010 non
525 1989 588 2010 ante
601 1988 760 2018 sequentem
770 1983 910 2018 Philippus

119 2027 198 2055 obiit.
213 2027 335 2064 Scaliger
351 2029 399 2056 lib.
413 2037 438 2062 ν,
453 2037 514 2064 pag.
533 2028 637 2057 Ᾱὸὖιυε
651 2029 783 2056 emendat.
794 2049 802 2062 ,
818 2029 909 2064 legem

120 2075 185 2102 dum
200 2074 261 2102 sine
276 2075 330 2102 ullo
342 2075 425 2103 dubio
437 2080 529 2114 censet
545 2075 662 2110 εἰκοστῷ
677 2075 724 2101 καὶ
738 2075 868 2110 δευτέρῳ,
882 2079 909 2102 ιιι

120 2124 163 2148 est
179 2120 251 2155 apud
272 2119 412 2148 Rufinum.
434 2120 571 2148 Vitellium
588 2121 660 2148 enim
673 2121 813 2147 consulem
828 2120 911 2148 fuisse

121 2173 195 2193 anno
210 2165 311 2194 Tiberii
331 2175 376 2199 χχ,
391 2165 500 2194 Juliano
515 2166 565 2200 80;
588 2167 702 2194 missum
727 2174 791 2193 vero
817 2166 843 2192 iu
861 2165 912 2192 Pa-

122 2211 255 2239 laestinam
268 2217 329 2247 post
349 2212 538 2244 consulatum;
556 2220 611 2247 quo
631 2216 751 2246 tempore
771 2210 912 2245 Philippus

960 1689 1073 1736 domino
1096 1706 1179 1741 igitur
1210 1702 1327 1730 Herodes
1350 1699 1461 1727 decessit
1489 1704 1558 1723 anno
1581 1692 1693 1741 Jul-iano
1714 1689 1749 1716 1'15

958 1759 1018 1781 ante
1043 1737 1141 1783 Nisa'n,
1159 1749 1232 1785 cyclo
1253 1748 1324 1774 luna!
1341 1745 1426 1780 primo
1448 1743 1564 1772 ineunte,
1584 1737 1651 1785 solis
1668 1741 1748 1785 n‘ono,

958 1780 1058 1834 periodi
1069 1780 1186 1824 Iuliana:
1201 1794 1283 1822 4715.
1303 1790 1361 1823 Duo
1376 1790 1458 1817 etiam
1474 1794 1542 1834 anno
1559 1782 1663 1834 eclipsis

960 1828 1067 1878 contigit
1082 1840 1208 1869 Januarii
1222 1846 1269 1865 Vlll
1288 1838 1314 1864 iu
1329 1834 1402 1870 cycio
1417 1832 1565 1862 emendato,
1582 1828 1705 1855 Januarii
1721 1831 1748 1849 Vl

960 1893 988 1917 in
1002 1875 1074 1924 cyclo
1091 1888 1193 1915 vitioso.
1211 1884 1263 1912 Sed
1278 1883 1387 1918 eclipsis
1410 1881 1462 1907 ista
1478 1875 1600 1924 Januarii
1651 1877 1750 1924 cornva:

963 1937 1003 1964 uit
1017 1917 1054 1962 vin
1072 1934 1150 1969 cyclo
1167 1931 1322 1960 emendato.
1341 1929 1440 1955 \‘erum
1463 1929 1519 1952 tota
1542 1917 1751 1969 time-Scaligeri

962 1966 1238 2014 eullectiolimplicata
1255 1983 1287 2003 ac
1303 1973 1449 2002 ialsissima
1461 1974 1513 1998 est.
1538 1966 1642 2014 Eteiiiitt
1656 1969 1750 2014 quani—-

963 2028 1003 2055 vis
1019 2027 1114 2055 demus
1126 2011 1202 2057 illud,
1217 2022 1288 2058 quod
1303 2024 1473 2054 nequaquam
1490 2011 1681 2058 concedimus,
1705 2012 1753 2032 alr-

962 2082 1027 2102 nrm
1046 2071 1161 2099 Herodis
1175 2056 1292 2105 primum
1312 2067 1345 2093 ab
1365 2065 1419 2100 ljar
1437 2061 1500 2090 anni
1518 2056 1618 2086 Juliaui
1641 2059 1753 2105 viliqu-

963 2119 1122 2147 meraudum
1135 2096 1210 2148 esse;
1231 2114 1413 2145 eumdemque
1436 2113 1524 2142 regem
1542 2109 1633 2130 χχχνιι
1651 2096 1754 2151 solidos

963 2172 1050 2192 annos
1075 2163 1209 2198 explesse,
1233 2161 1305 2196 quod
1330 2164 1418 2192 neque
1438 2151 1573 2198 Juscphus
1592 2147 1754 2198 asscrtt,lct

964 2209 1048 2245 gratis
1065 2218 1080 2236 ιι
1100 2189 1239 2242 Scaligcro
1260 2204 1370 2241 ponitur
1384 2223 1391 2235 ,
1407 2200 1453 2229 sed
1473 2203 1501 2224 ut.
1524 2197 1561 2245 ita
1582 2200 1643 2220 esse

122 2257 199 2289 obiit,
215 2241 324 2284 Juliano
342 2258 387 2285 8|.
405 2257 532 2285 Deductis
550 2241 642 2284 xlrxvn
660 2241 740 2283 aduis
761 2255 914 2283 tetrarchia:
931 2257 952 2284 D
967 2262 1039 2287 mus,
1058 2260 1199 2288 nunquam
1215 2256 1307 2279 tatueu
1323 2247 1439 2276 Herodis
1452 2241 1606 2289 tricesimus
1621 2241 1755 2289 seponi-Its

122 2303 251 2338 Philippi,
264 2303 456 2339 relinquuntur
472 2304 536 2330 anui
554 2310 616 2330 mv
631 2301 749 2329 absoluti
771 2311 778 2328 :
797 2300 865 2328 adeo
885 2304 914 2327 ut

124 2357 173 2376 va
188 2348 330 2384 Philippus
349 2349 449 2376 inierit.
464 2348 521 2382 Qua
539 2349 565 2375 in
583 2347 789 2375 ratiocinatione
813 2346 912 2373 frustra

122 2400 164 2423 est
179 2395 311 2430 Scaliger.
335 2395 473 2430 Siquidem
485 2395 646 2422 consulatus
662 2393 761 2421 Vitellii
773 2401 826 2420 non
843 2399 914 2419 anno

123 2441 233 2468 .luliano
260 2441 305 2475 80,
332 2441 381 2468 sed
398 2441 431 2469 τε)
447 2442 587 2476 congruit;
618 2439 700 2467 Urbis
726 2439 788 2466 787.
806 2438 914 2465 Primus

124 2494 214 2515 autem
234 2487 360 2515 Julianus
379 2487 461 2522 coepit
491 2487 571 2515 Urbis
586 2487 648 2514 709.
665 2485 743 2519 Quod
772 2485 795 2512 si
813 2483 913 2511 Tiberii

125 2542 197 2561 atino
225 2541 282 2561 χχιι
307 2538 432 2561 mortuus
449 2539 490 2561 est
514 2533 666 2568 Philippus,
686 2533 708 2560 is
725 2531 777 2559 erit
789 2530 914 2558 Julianus

124 2582 167 2612 80,
185 2581 227 2607 vel
242 2580 273 2608 81
287 2588 294 2613 ;
315 2580 521 2614 itaqueJuliauo
540 2579 585 2612 45,
601 2580 641 2606 vel
657 2579 691 2605 44
708 2586 821 2613 regnum
839 2577 915 2605 adic-

126 2628 169 2654 rit.
192 2627 245 2655 Sed
260 2631 290 2654 ut
305 2634 445 2661 perperam
461 2627 531 2660 apud
547 2625 695 2660 Josephum
711 2632 800 2652 almus
820 2632 855 2650 χχ
867 2631 914 2657 pro

127 2680 182 2700 χχιι
212 2673 340 2708 irrepsit:
370 2672 404 2700 ita
421 2672 447 2699 iu
462 2663 548 2700 .auttis'
573 2671 690 2705 Philippi
706 2669 801 2697 vitium
825 2669 916 2697 inesse

127 2726 224 2755 potest,
255 2725 285 2748 ut
304 2720 458 2755 Philippum
481 2719 621 2754 scripserit
648 2726 751 2746 xxxvut
777 2717 859 2746 annis
873 2725 916 2744 re-

126 2774 235 2801 gnasse.
249 2765 316 2793 Nam
338 2767 409 2801 apud
421 2765 549 2793 Bulinum
565 2765 705 2800 depravati
721 2765 827 2792 numeri
840 2769 914 2796 sunt,

127 2818 152 2838 et
168 2812 285 2847 Philippi
303 2820 392 2840 annus
407 2820 463 2840 χχιι
477 2821 526 2847 pro
543 2820 617 2839 χχχιι
635 2812 742 2847 legitur.
761 2811 832 2838 Idem
851 2812 917 2838 Sca«

128 2858 194 2892 ligor
207 2857 323 2886 Herodis
344 2866 432 2885 annos
447 2858 595 2893 .losephum
610 2859 748 2886 existimat
763 2866 816 2884 non
831 2865 845 2883 ει
867 2857 917 2884 Ju-

127 2903 201 2933 L'tauo
215 2903 273 2937 illo,
289 2903 316 2931 in
331 2911 412 2932 auem
424 2903 483 2938 rius
498 2903 678 2939 primordium
697 2903 805 2937 incidit,
822 2903 869 2930 scd
883 2902 916 2930 ab

966 2282 1107 2332 desinens,
1126 2282 1154 2326 et
1171 2298 1260 2325 iniens
1275 2294 1431 2331 tricesimus
1447 2294 1560 2318 octavus
1574 2286 1601 2311 in
1616 2282 1753 2333 Jul-ianum

967 2347 1002 2373 42)"
1017 2329 1133 2378 incidet;
1151 2344 1197 2372 sed
1211 2344 1238 2370 in
1252 2329 1306 2370 Ml:
1326 2341 1348 2369 Si
1367 2338 1496 2367 nimirutu
1521 2333 1553 2360 ad
1571 2339 1596 2357 vi
1623 2329 1755 2378 adio-(fur?

968 2401 1084 2420 χχχνιιι.
1107 2391 1174 2419 Nam
1191 2391 1350 2418 tricesimus
1376 2390 1488 2414 octavus
1515 2379 1623 2407 Juliano
1645 2374 1756 2406 incili“

968 2440 1013 2466 Ut.
1030 2439 1121 2473 Quare
1132 2443 1172 2466 est
1185 2438 1242 2464 haec
1257 2434 1372 2470 insignis
1386 2428 1538 2465 ἀλογιστία.
1555 2424 1611 2479 Nec
1623 2422 1668 2479 illa
1683 2422 1756 2479 cett:

970 2463 1060 2514 mind;
1070 2507 1077 2519 ,
1094 2493 1149 2520 qua
1163 2483 1328 2511 Archelaum
1344 2478 1458 2507 llcrodis
1471 2475 1500 2502 F.
1515 2480 1587 2501 anno
1600 2463 1756 2520 Juliatiobl’)

968 2517 1111 2559 exsulasse
1131 2530 1237 2560 scribit,
1254 2536 1316 2555 cum
1335 2534 1361 2553 ιχ
1378 2523 1481 2551 solidos
1499 2520 1641 2554 regnasset
1657 2517 1754 2560 annos.

969 2577 1119 2605 Archelaus
1128 2576 1200 2604 enim
1212 2582 1294 2610 regno
1304 2577 1402 2599 exutus
1410 2573 1462 2600 est,
1482 2564 1582 2600 Lepido
1593 2565 1620 2610 et

1071 2603 1213 2649 utiauctor
1233 2603 1275 2647 est
1299 2618 1359 2650 Dio,
1383 2621 1456 2643 anno
1476 2611 1588 2639 Juliauo
1606 2603 1758 2655 SIZACG‘PVI}

970 2649 1054 2704 igitur
1066 2667 1176 2695 Juliano
1199 2666 1244 2693 42.
1271 2663 1349 2698 Quod
1373 2662 1395 2689 si
1418 2666 1490 2688 anno
1509 2655 1618 2684 Juliauo
1641 2649 1685 2680 45,
1701 2654 1757 2704 quo

971 2699 1105 2742 Herodem
1121 2712 1243 2746 Scaliger
1259 2708 1414 2737 excessisse
1427 2707 1515 2740 putat,
1537 2703 1650 2746 rcSI‘lfm
1665 2699 1758 2746 “959"

970 2767 1050 2790 catus
1067 2764 1138 2788 esset
1162 2743 1323 2788 Archelaus,
1344 2759 1371 2782 et
1388 2761 1414 2780 ιχ
1439 2749 1542 2778 solidos
1560 2743 1696 2793 explesset
1710 2745 1758 2793 an-

971 2787 1108 2839 nosiuon
1126 2806 1149 2833 is
1171 2804 1280 2832 .luliauo
1303 2802 1348 2834 55,
1366 2799 1412 2826 sed
1437 2796 1471 2824 5t
1495 2793 1629 2839 relegat-us
1648 2787 1755 2815 luisset.

971 2835 1084 2880 Par-est
1102 2851 1268 2882 oscitantia,
1287 2855 1348 2875 cum
1371 2844 1445 2872 addit
1465 2847 1566 2868 annum
1593 2835 1679 2884 illum,
1701 2839 1758 2881 ιιιιο

973 2900 1068 2934 pulsus
1096 2902 1137 2926 est
1167 2895 1329 2927 Archelaus,
1355 2898 1417 2920 esse
1445 2889 1479 2916 ab
1506 2884 1618 2914 Actiaca
1644 2883 1759 2907 victum
