1935 3044
8 718 39 735 Elti

108 134 166 164 9‘25

695 140 740 169 DE
760 141 855 170 ANNO
870 142 999 171 NATALI
1014 144 1164 173 CHRISTI.

1688 143 1742 171 926

108 199 232 222 raturem
249 193 284 221 ab
298 194 421 231 Augusto
447 202 507 224 esse
533 196 634 224 factum
644 218 652 231 ,
678 198 800 233 adeoque
812 218 821 230 ,
843 202 904 233 post
917 200 939 229 A
954 200 1074 233 decreta,
1089 209 1151 236 qua;
1166 209 1199 229 eo
1213 201 1274 229 loco
1285 205 1544 229 commemorantur.
1559 199 1740 235 Posteaquam

109 243 233 272 quatuor
249 239 356 274 imperii
372 240 458 275 ipsius
473 248 571 272 annos.
587 246 616 269 ut
636 250 669 270 ex
695 243 730 270 iis
742 248 823 278 patet,
839 251 901 279 qua:

107 291 194 317 supra
213 291 229 312 e
258 283 380 319 Josepho
408 287 630 320 perstrinximus.
661 287 729 315 Nam
758 288 901 324 Antipater

108 327 225 357 Herodis
247 337 349 364 parens
373 330 494 359 Judanm
511 332 702 360 administrare
723 335 805 369 ctepit
828 341 900 362 anno

107 373 166 404 illo.
181 382 237 408 quo
251 374 341 403 Julius
352 376 444 404 Caesar
455 377 553 404 bellum
569 378 782 406 Alexandrinum
800 380 898 414 gessit,

108 421 210 454 quiest
224 420 305 448 Urbis
321 422 385 447 707:
396 430 450 456 quo
465 424 557 449 eodem
572 431 643 450 anno
653 424 772 451 Herodes
784 425 899 452 Galiliere

107 473 121 491 a
137 470 215 499 patre
233 467 394 500 praepositus
410 472 461 494 est.
481 467 603 495 Mortuus
618 475 660 496 est
681 476 769 496 autem
786 470 898 504 Antipa-

107 516 149 537 ter
165 519 238 537 anno
257 511 336 539 Urbis
363 512 424 546 712,
454 512 560 540 Juliano
588 519 696 548 quarto.
718 516 755 541 Ita
777 516 898 549 quinque

106 557 169 591 plus
186 558 277 585 minus
293 558 373 585 antiis
381 558 428 593 τὴν
443 560 801 594 'em-tpazﬁvadministravit
813 563 898 595 ;quod

106 603 198 630 innuit
215 603 393 638 Epiphanius.
413 604 464 632 Sed
486 606 555 632 idem
584 606 775 639 halluciuatus,
791 608 897 640 Opinor,

105 656 157 683 pro
183 649 257 676 Julio
279 650 395 683 Ctesare,
419 652 570 685 Augustum
590 652 708 686 seripsit,
737 655 808 686 quod
829 654 898 680 ltum:

106 695 198 728 ipsum
218 696 389 722 meminisset
413 697 494 723 etiam
511 697 536 723 in
551 697 677 732 {Egyptm
692 703 717 724 et
729 699 899 726 Alexandria:

105 741 208 767 bellum
235 742 361 775 gessisse.
388 741 490 768 Deinde
517 750 602 777 neque
631 744 694 770 illud
714 752 806 771 verum
831 748 897 771 est:

104 784 229 812 Judzeam
242 791 302 820 post
314 786 451 813 Actiacam
468 788 575 814 demum
590 788 727 815 victoriam
746 789 780 815 ad
799 789 899 816 Ruina-

105 839 158 858 uos
188 832 361 865 pervenisse.
378 837 404 859 et
418 833 554 868 ὑπόιρορον
571 833 666 865 fuisse,
686 842 747 861 cum
769 835 899 862 hactenus

952 253 1016 273 vero
1025 245 1180 273 Judaeormn
1193 254 1307 281 regnum
1319 247 1353 274 ad
1369 246 1502 274 llerodem
1517 245 1676 273 translatum
1687 248 1741 275 est.

951 299 1005 318 non
1022 294 1093 326 puto'
1107 290 1245 318 Romanos
1261 291 1391 318 tributum
1406 290 1441 317 ab
1455 290 1508 317 illis
1523 289 1655 324 exegisse,
1668 288 1741 323 quod

952 336 1022 363 idem
1045 342 1072 364 et
1093 336 1207 371 chlero
1219 336 1338 367 videtur,
1349 344 1412 363 cum
1427 334 1520 363 Juda-a
1533 334 1656 362 nondum
1669 336 1742 361 esset

951 380 978 408 iu
997 381 1114 408 formam
1144 381 1291 416 pi-nvincire
1308 382 1426 409 redacta.
1451 380 1542 413 Quare
1567 387 1616 407 nec
1640 379 1668 405 in
1695 378 1740 405 illa

951 427 1040 461 priore
1056 427 1161 465 Quirini
1175 427 1357 460 descriptione
1374 427 1505 454 tributum
1524 425 1608 452 ullum
1628 431 1741 450 necesse

951 479 991 500 cst
1008 474 1175 507 persolutum
1203 473 1323 500 credere.
1340 472 1400 504 Quo
1423 471 1514 499 minus
1527 470 1662 498 assentior
1677 468 1741 503 Epi-

951 518 1062 552 phanio,
1079 519 1122 552 qui
1139 522 1194 545 tum
1208 519 1249 545 vel
1265 518 1382 544 maxime
1398 517 1497 544 tributa
1512 524 1526 543 a
1545 514 1742 542 Romanis‘im—

951 568 1042 596 perata
1059 563 1163 593 scribit.
1177 568 1203 589 et
1216 571 1278 589 xxix
1293 563 1383 593 annis,
1395 562 1441 597 qui
1456 562 1490 589 ab
1499 561 1608 588 Actiaca
1623 560 1699 587 clade
1707 559 1742 587 ad

950 610 1070 637 Natalem
1085 611 1189 637 Domini
1207 612 1352 644 tluxerunt,
1365 609 1513 645 ὑπόφορον,
1527 608 1636 640 τελείως
1655 616 1743 642 παρα-

950 655 1073 681 δοθεῖσαν
1090 656 1235 690 Ῥωμαίοις
1247 655 1366 682 .lndzeam
1386 654 1571 689 fuisse.Atqni
1588 657 1650 688 post
1660 651 1742 679 Ρυιιιι-

950 702 1074 736 peianam
1094 702 1245 732 victoriam,
1267 709 1300 727 ac
1319 701 1436 735 priorem
1458 699 1570 731 ἅλωσιν,
1601 705 1741 731 nunquam

950 746 1042 773 Jtulzea
1056 747 1143 773 minus
1159 746 1209 773 sub
1226 746 1410 772 Romanorum
1427 745 1579 780 principum
1592 748 1741 779 potestate,

951 793 991 819 \el
1019 792 1256 819 administratione
1285 791 1347 824 fuit,
1377 798 1460 826 quam
1478 790 1592 818 Herodis
1610 789 1656 816 illo
1672 793 1742 815 tem-

952 845 1027 872 pore,
1054 837 1204 871 praesertim
1220 841 1281 871 post
1292 837 1433 864 Actiacam
1448 843 1577 871 pugnam,
1595 843 1656 862 cum
1671 833 1743 868 apud

105 877 227 904 societas
244 878 454 910 intercessisset,
485 887 517 906 ac
542 880 642 907 tributa
658 881 715 907 sive
736 881 823 915 potius
841 889 899 907 ιιιιι-
917 875 937 904 Β
953 884 1103 917 Λιιὲιιςιιιιιι
1131 882 1156 909 in
1173 883 1268 917 primis
1297 883 1339 909 ille
1356 882 1443 917 gratia
1464 886 1491 909 et
1517 880 1679 909 auctoritate
1694 878 1743 906 (lo-

105 931 172 950 nera
187 925 379 958 penderentur.
391 926 495 952 Etenim
511 926 590 960 lenge
605 931 667 953 ante
679 935 795 961 pugnant
811 927 900 954 Actia~

105 978 166 997 eam
180 970 272 998 Judzea
290 971 475 998 Romanorum
491 972 517 998 in
532 976 690 1006 potestatem
711 972 794 1004 venit,
810 976 836 998 et
850 972 899 998 tri-

105 1015 172 1042 buta
188 1017 326 1050 persolvit.
340 1017 459 1050 Primus,
472 1017 523 1044 nisi
546 1018 633 1049 fallor,
648 1018 804 1052 Pompeius,
820 1019 899 1045 Cice-

106 1069 174 1088 r0ne
188 1068 215 1089 et
229 1062 347 1089 Antonio
361 1063 531 1094 coss.,llrhis
555 1063 616 1095 791,
636 1063 829 1099 Hierosolymis
851 1073 899 1091 car--

106 1108 236 1142 pugnatis
262 1109 332 1134 hanc
360 1108 444 1141 ipsam
472 1110 565 1135 urbem
584 1109 742 1144 vectigalem
774 1111 899 1137 reddidit.

105 1155 270 1190 Josephusl.
281 1165 335 1186 XIV,
350 1164 408 1190 cap.
424 1156 471 1182 lii:
486 1157 580 1182 Καὶτὰ
594 1157 642 1191 μὲν
659 1157 831 1192 Ἰεροσόλυμα
840 1158 901 1183 ὐπο-

105 1203 173 1237 τελῆ
191 1203 275 1238 φόρον
299 1203 445 1237 Ῥωμαίοις
474 1203 610 1237 ὲποὶητεν.
633 1202 693 1229 Mox
709 1211 715 1228 :
732 1203 833 1228 Τούτου
853 1203 899 1229 rei

107 1248 215 1278 πάθους
225 1250 281 1278 τοῖς
301 1247 496 1282 Ἰεροσολύμηις
517 1248 597 1273 αἴτιοι
614 1247 782 1282 κατέστησαν
802 1248 901 1283 Ὑρκα-

106 1294 164 1325 νὸς,
180 1294 228 1320 καὶ
248 1294 450 1329 Ἀριστόϐουλος
467 1294 533 1328 πρὸς
549 1294 679 1328 ἀλλήλους
697 1294 898 1325 στασιάσαντες.

106 1342 164 1375 Τήν
188 1349 218 1367 τε
242 1341 296 1374 γὰρ
317 1339 473 1374 ἐλευθερίαν
496 1339 685 1373 ἀπεϐάλομεν,
713 1340 759 1365 καὶ
788 1340 900 1374 ὑπήκοοι

111 1386 260 1420 Ῥωμαίων
272 1385 452 1419 κατέστημεν.
468 1385 549 1418 Igitur
563 1385 597 1411 ab
612 1385 655 1411 illo
668 1391 787 1418 tempore
800 1385 900 1411 Roma—

107 1434 151 1460 nis
167 1432 260 1459 Judaza
286 1432 386 1466 paruit,
414 1439 461 1458 nec
478 1439 542 1457 sttos
565 1439 642 1466 reges
661 1431 771 1462 habuit;
788 1431 837 1457 etsi
853 1431 901 1457 ali-

107 1479 230 1514 quandiu
241 1478 387 1505 conﬂictati
406 1483 478 1504 sunt.
497 1477 622 1513 llyrcano
636 1478 744 1511 quidem
759 1478 900 1511 pontiﬁca-

107 1529 153 1550 tus
166 1523 279 1549 relictus
290 1529 342 1554 est,
352 1531 366 1549 a
379 1522 496 1549 Gabinio
506 1522 671 1557 praesertim:
686 1522 742 1555 qui,
758 1527 787 1548 ut
798 1530 856 1555 cap.
870 1523 901 1548 10

107 1569 170 1595 libri
190 1577 236 1595 ειν
255 1568 361 1601 scribit,
378 1567 498 1603 quinque
516 1568 656 1603 Synedriis
670 1568 694 1593 in
711 1566 802 1593 Jud:ea
817 1568 901 1593 collo-

107 1614 190 1646 catis,
209 1615 411 1642 aristoeratiam
434 1614 587 1641 constituit.
612 1613 675 1640 Post
702 1614 758 1639 ha‘c
772 1613 901 1639 adversus

109 1661 267 1698 Hyrcanum
299 1663 452 1688 Alexander
478 1665 504 1687 et
521 1661 674 1693 Antigonus
692 1659 839 1686 Aristobuli
855 1659 900 1685 lilii

107 1709 217 1744 aliquot
243 1709 323 1736 annis
345 1711 483 1734 certarunt
506 1715 512 1733 :
539 1706 689 1739 iisdemque
709 1713 756 1739 pro
779 1704 902 1739 llyrcano

109 1762 223 1783 strenue
241 1755 382 1788 Antipater
391 1754 502 1785 restitit,
515 1752 561 1786 qui
577 1760 591 1778 a
607 1751 679 1778 Julio
691 1751 798 1777 Czesare
810 1754 902 1784 postea

110 1802 161 1836 τὴν
176 1801 332 1835 ἐπιτροπήν
349 1804 442 1826 nactus
459 1803 518 1831 est;
543 1806 573 1824 ac
588 1805 634 1832 per
648 1798 717 1823 idem
731 1802 836 1830 tempus
851 1803 901 1829 po-

113 1848 169 1882 puli
185 1847 266 1874 Rom.
287 1847 445 1873 societatem
466 1849 493 1871 et
521 1843 667 1870 amicitiam
689 1842 852 1876 impetravit.
867 1841 903 1868 De

109 1902 165 1927 quo
181 1892 324 1926 complura
342 1890 457 1917 Caesaris
483 1889 589 1916 decreta
607 1888 677 1922 apud
695 1887 841 1921 Josephum
858 1894 903 1913 ex-

109 1942 184 1966 Slalll.
194 1938 214 1966 l.
227 1944 281 1968 xw,
295 1944 319 1962 c.
336 1935 379 1962 l7.
397 1934 448 1961 Sed
465 1933 633 1960 antecedenti
646 1933 734 1967 capite
747 1931 856 1966 .losephi
869 1939 902 1958 an

111 1983 220 2011 librarii
231 1981 446 2010 hallucinatione
454 1979 564 2010 accidit,
574 1983 603 2004 ut
616 1985 678 2004 cum
691 1982 800 2004 senatus
811 1978 902 2004 decre-

450 2024 595 2056 uotorum
613 2022 765 2049 reﬁciendis
788 2022 822 2048 ab
834 2021 903 2056 llyr-

515 2075 525 2098 ι
549 2068 630 2095 vellet
655 2066 804 2098 ascribere,
831 2066 905 2094 aliud

552 2111 714 2149 pﬁyrcani
733 2112 848 2149 majori;

111 2036 169 2057 tum
189 2029 223 2056 de
238 2027 324 2055 muris
345 2024 528 2078 HM

8 2103 12 2110 λ
109 2081 183 2103 cano
205 2078 321 2102 Juuiore
347 2079 358 2106 ἢ
549 2078 630 2095 vertet
655 2078 804 2098 ascriucre,
831 2078 905 2094 auuu
956 2079 972 2106 ρ

8 2121 27 2167 ι
81 2078 714 2167 M_.'W.“h=lj’"°f"‘

8 2167 715 2213 “'

721 2307 733 2314 λι

8 2766 969 3006 -

957 2849 966 2878 ι

905 2079 972 2145 .ε

952 934 1031 955 reret.
1051 928 1121 955 Nulli
1140 929 1229 962 itaque
1252 928 1369 955 Romani
1393 927 1587 962 magistratus,
1615 924 1743 960 prtesides

953 974 1018 1001 nulli
1043 974 1162 1001 ,Ιιιιιιυιιιιι
1182 974 1371 1005 obtinuerunt,
1392 980 1442 999 nec
1460 972 1517 1006 alii,
1542 978 1626 1007 quam
1650 976 1743 997 extra-

952 1019 1083 1046 ordinarii
1099 1019 1244 1054 ἡγεμόνες,
1263 1019 1314 1045 hoc
1328 1022 1370 1045 cst
1382 1017 1525 1053 przesides,
1541 1017 1583 1044 vel
1611 1023 1743 1051 procura-

952 1070 1034 1098 tores,
1061 1066 1101 1091 vel
1124 1066 1251 1092 universe
1271 1073 1332 1091 cum
1360 1068 1497 1098 potestate
1523 1063 1616 1097 aliqua
1647 1061 1742 1092 missi,

954 1110 1035 1137 ullam
1051 1110 1165 1137 llerodis
1178 1110 1203 1136 in
1223 1117 1306 1145 regno
1319 1109 1498 1141 iunctionem,
1516 1112 1564 1135 aut
1575 1106 1744 1143 jurisdictio-

952 1163 1013 1182 nem
1034 1160 1223 1182 CXCl't'llCl‘lllll.

987 1203 1021 1228 At
1036 1202 1062 1228 in
1080 1202 1226 1228 Annalibus
1243 1208 1384 1236 perperam
1409 1199 1553 1235 Epiphanii
1576 1206 1654 1226 mens
1671 1196 1744 1225 acci-

955 1250 1037 1285 pitur,
1056 1258 1116 1277 cum
1133 1249 1157 1276 id
1175 1257 1236 1275 eum
1258 1248 1402 1282 scripsisse
1414 1249 1529 1273 narrant
1549 1255 1555 1272 :
1580 1244 1679 1279 Viginti
1695 1251 1744 1270 no-

952 1305 1007 1323 vem
1023 1296 1100 1322 annis
1114 1294 1223 1321 JudmOs
1239 1293 1363 1320 Ronumis
1385 1292 1488 1319 tributa
1514 1291 1680 1326 depcndisse,
1698 1297 1744 1317 an-

954 1348 1056 1377 (equam
1073 1342 1211 1375 Antipater
1227 1340 1338 1367 Herodis
1355 1347 1450 1374 parens
1469 1337 1573 1365 ludam
1587 1341 1744 1372 procurator

953 1398 968 1415 (ι
993 1388 1117 1414 Romanis
1142 1388 1344 1417 institueretur;
1366 1394 1413 1413 nec
1437 1389 1527 1420 postea
1551 1391 1668 1419 unquam
1692 1390 1745 1409 ces-

955 1442 1037 1461 susse.
1055 1433 1115 1465 Quo
1140 1432 1208 1459 nihil
1224 1440 1285 1458 cum
1302 1431 1336 1458 ab
1358 1430 1503 1465 Epiphanii
1528 1437 1621 1461 sensu,
1644 1432 1704 1456 tum
1728 1435 1744 1455 a

953 1482 1068 1508 veritate
1084 1481 1140 1514 ipsa
1153 1480 1206 1506 dici
1224 1479 1339 1505 alienius
1360 1482 1461 1513 potest.
1479 1478 1559 1505 Anno
1582 1475 1664 1504 Urbis
1678 1475 1744 1507 691,

953 1527 1085 1553 Cicerone
1101 1530 1127 1552 et
1141 1525 1258 1552 Antonio
1277 1532 1363 1557 coss.,
1378 1523 1499 1559 primum
1517 1531 1533 1550 a
1547 1521 1675 1557 Pompeio
1694 1521 1744 1548 tri-

956 1573 1049 1598 butum
1073 1571 1175 1598 Judmis
1199 1570 1358 1605 impositum
1381 1573 1463 1597 est:a
1488 1576 1543 1603 quo
1563 1572 1685 1602 tempore
1711 1566 1745 1593 ad

953 1617 1088 1651 Antipatri
1116 1616 1355 1651 procurationem,
1383 1622 1446 1650 qua:
1470 1621 1544 1641 anno
1573 1613 1624 1639 707
1651 1612 1745 1647 carpit,

953 1664 1016 1689 anni
1035 1667 1098 1690 sunt
1115 1670 1168 1689 non
1184 1663 1274 1696 plures
1286 1670 1351 1693 XVII,
1367 1661 1468 1688 nedum
1484 1667 1582 1687 novem
1598 1664 1623 1686 et
1638 1658 1743 1692 viginti.

954 1709 1058 1736 llerode
1074 1709 1182 1743 quidem
1200 1716 1290 1735 rerum
1305 1707 1424 1741 potiente
1446 1707 1580 1733 tributum
1592 1705 1677 1732 ullum
1691 1704 1744 1731 sal-

956 1760 1007 1782 tem
1027 1755 1197 1782 ordinarium
1214 1759 1339 1781 exactum
1358 1752 1453 1785 fuisse,
1471 1759 1559 1786 neque
1578 1758 1671 1778 verum
1697 1758 1743 1777 ar-

954 1802 1050 1832 bitror,
1068 1808 1117 1827 nee
1138 1800 1197 1834 ejus
1215 1800 1382 1826 mentionem
1406 1798 1448 1825 vel
1472 1798 1564 1825 littera
1583 1805 1636 1824 una
1655 1795 1745 1823 Lucas

955 1843 1053 1878 attigit.
1072 1842 1130 1869 Non
1143 1843 1215 1869 enim
1234 1841 1442 1876 ἀπογράφεσθαι
1460 1841 1531 1868 idem
1548 1840 1619 1867 valet
1633 1847 1666 1867 ac
1680 1847 1745 1866 ccu-

956 1897 1027 1919 sum,
1045 1888 1086 1915 vel
1104 1888 1235 1915 tributum
1253 1888 1377 1920 solvere;
1395 1891 1453 1918 aut,
1471 1886 1494 1913 si
1506 1885 1579 1912 istud
1596 1885 1686 1919 ipsum
1706 1884 1746 1912 si-
1762 1878 1767 1882 ’

956 1934 1108 1968 gniticaret,
1126 1933 1219 1960 statim
1236 1933 1269 1960 de
1292 1932 1432 1960 ordinaria
1452 1931 1635 1966 pensitatione
1653 1930 1746 1965 potius

956 1979 1158 2013 intelligendum
1176 1979 1324 2010 videretur,
1341 1985 1421 2012 quam
1443 1977 1476 2005 ad
1498 1975 1747 2004 extraordinariam

955 2025 1138 2052 referendum.
1156 2025 1207 2052 Sed
1223 2032 1273 2051 nec
1288 2024 1353 2051 illud
1369 2024 1465 2059 probo,
1477 2024 1551 2058 quod
1571 2022 1671 2050 ibidem
1686 2021 1746 2048 diss

956 2076 1066 2106 putatur
1083 2078 1090 2097 :
1115 2075 1259 2105 propterea
1282 2070 1400 2104 primam
1421 2069 1495 2096 illam
1513 2077 1529 2095 a
1543 2068 1659 2101 Quirino
1681 2075 1748 2094 cen-

963 2117 1064 2144 sionem
1082 2116 1237 2149 institutam
1253 2115 1318 2146 dici,
1332 2114 1405 2147 quod
1421 2114 1544 2140 Romano
1558 2121 1634 2140 more
1648 2113 1750 2147 quinto

984 2169 1067 2195 goque
1092 2169 1164 2187 anno
1188 2168 1288 2187 census
1318 2160 1475 2187 haberetur.
1505 2158 1573 2186 Nam
1603 2166 1653 2186 nec
1680 2159 1746 2185 illud

1006 2210 1086 2240 petuo
1102 2205 1187 2231 tenuit
1197 2210 1226 2231 ut
1238 2205 1359 2239 quinque
1372 2204 1453 2231 anuis
1463 2204 1634 2231 vertentibus
1646 2211 1750 2230 census

1015 2255 1091 2282 'etur,
1109 2256 1136 2278 et
1160 2252 1242 2278 aliam
1267 2258 1380 2277 causam
1404 2258 1465 2278 esse
1491 2250 1667 2277 manifestum
1692 2253 1745 2280 cst.

1043 2305 1084 2323 am
1101 2297 1187 2332 prima
1205 2297 1261 2324 haec
1277 2297 1311 2324 sit
1326 2297 1460 2331 appellata
1475 2296 1632 2331 descriptio,
1649 2295 1747 2322 videli-

1045 2344 1098 2371 uod
1123 2345 1206 2371 altera
1226 2349 1286 2378 post
1301 2344 1425 2370 Archelai
1445 2344 1640 2378 relegationem
1658 2342 1747 2369 eidem

1034 2398 1069 2418 no
1085 2391 1211 2417 mandata
1226 2390 1319 2417 fuerit.
1337 2390 1374 2417 De
1393 2398 1447 2425 qua
1466 2398 1495 2417 re
1510 2390 1570 2416 vide
1586 2397 1647 2424 quae
1662 2388 1746 2416 Delie-

1029 2440 1125 2463 noster
1148 2441 1174 2463 et
1197 2435 1331 2470 lieplerus
1350 2436 1458 2463 erudite
1476 2435 1655 2463 commentati
1673 2439 1747 2463 sunt.

1033 2488 1049 2509 e
1063 2482 1136 2508 enim
1161 2482 1299 2509 censionis
1323 2481 1407 2516 hujus
1430 2481 1599 2516 Epiphanius
1615 2481 1748 2513 meminit,

1016 2527 1061 2556 ‘Im
1075 2529 1155 2556 nobis
1172 2529 1351 2563 quaestionem
1369 2528 1508 2563 explicare
1523 2536 1636 2556 necesse
1654 2527 1699 2555 sit.

1016 2578 1080 2610 tque
1101 2580 1130 2602 ut
1146 2575 1217 2603 hanc
1232 2576 1265 2602 de
1286 2574 1404 2603 llerodis
1426 2575 1507 2603 annis
1533 2575 1747 2610 disputationem

1000 2620 1102 2654 luando
1127 2621 1301 2653 concludam,
1326 2621 1361 2652 si,
1376 2621 1450 2656 quod
1469 2620 1621 2656 Epiphanio
1645 2621 1746 2656 placet,

995 2672 1004 2692 ι
1026 2664 1065 2692 id.
1086 2666 1222 2702 Jan..quo
1237 2667 1281 2694 die
1300 2671 1381 2694 natus
1396 2672 1436 2695 est
1454 2667 1592 2699 Christus,
1605 2674 1678 2693 anno
1699 2666 1747 2693 Ju-

975 2711 1030 2738 hno
1041 2711 1092 2743 44,
1117 2711 1238 2740 llerodes
1262 2721 1364 2740 annum
1389 2713 1486 2748 agebat
1510 2712 1617 2746 imperii
1646 2720 1745 2746 χχχιιι,

969 2755 1016 2792 sjtts
1034 2756 1140 2785 initium
1157 2758 1183 2785 iu
1201 2758 1342 2786 .lnlianum
1362 2759 1390 2786 ll
1408 2758 1546 2789 convenit,
1563 2757 1675 2785 biennio
1691 2762 1746 2784 tar-

956 2802 1028 2836 dius,
1042 2811 1122 2838 quam
1139 2805 1252 2832 historia
1269 2805 1406 2839 postulat,
1421 2813 1482 2839 qua:
1493 2804 1608 2831 alterum
1627 2802 1742 2831 Herodis

957 2849 1067 2878 initium
1083 2849 1192 2879 Juliauo
1206 2852 1222 2879 9
1237 2851 1372 2879 accidisse
1386 2849 1531 2879 continuat
1547 2857 1553 2876 :
1569 2856 1584 2876 a
1599 2855 1655 2883 quo
1675 2856 1739 2879 cum
