1935 3044
206 167 259 193 9'25

778 162 949 192 APPENDIX
970 160 1289 194 DlSSERTATlONUM.

1784 167 1836 197 924

206 232 309 251 xxxvu.
325 223 392 251 Nam
405 224 542 259 Josephtts
560 223 609 251 lib.
623 231 700 255 xvm,
714 231 774 258 cap.
792 225 819 256 3.
834 223 989 256 Quirinium
1005 222 1029 251 A
1043 230 1108 250 num
1136 223 1183 256 i2,
1199 225 1241 251 vel
1266 224 1312 257 I5,
1330 232 1344 252 a
1363 232 1418 260 quo
1437 226 1475 253 ad.
1493 225 1540 259 l6,
1562 226 1609 261 qui
1627 225 1765 255 Actiacam
1794 227 1837 254 vi-

205 270 330 297 .»\rehelai
345 271 477 298 bonorum
496 277 609 297 censum
630 269 785 297 instituisse
801 273 905 300 narrat,
920 276 993 296 anno

207 324 299 343 xxxvn
313 321 372 350 post
383 315 493 342 Antonii
508 315 611 342 cladem
628 315 662 342 ad
677 314 795 342 Actium.
806 313 845 340 Ex
858 321 891 341 eo
902 314 994 348 itaque

204 369 377 396 consequens
392 365 434 388 cst
450 369 503 388 non
522 361 556 388 55
567 361 688 393 Juliano,
702 361 749 388 sed
766 361 812 392 51,
829 360 992 387 Archelaum

204 407 303 434 exsilio
317 406 487 434 damnatum.
505 405 572 432 Nam
587 406 698 433 Actiaca
713 413 803 441 pugna
812 406 846 433 ad
856 404 993 432 Iulianum

207 452 240 479 l5
256 451 390 486 pertinet;
405 451 466 479 ideo
481 450 592 479 Juliano
607 452 639 479 51
656 452 741 487 coepit
757 459 861 478 xxxv”.

240 509 329 544 Atque
343 509 401 535 haec
415 516 543 543 perversa
558 508 675 536 Herodis
693 516 829 536 annorum
847 508 993 536 subductio

205 556 290 582 multo
303 556 329 582 in
346 556 465 583 Eusebio
485 556 644 590 castiganda
658 556 745 591 magis
763 560 815 587 est,
829 563 844 582 a
861 564 916 590 quo
928 563 991 590 pro-

205 602 275 628 fecta
289 603 407 628 manavit
419 602 445 628 in
459 606 582 629 ceteros.
596 601 646 628 Hic
658 602 732 628 enim
747 601 774 628 in
787 601 926 629 C/tronicis
939 601 994 636 pri-

205 655 279 674 mum
303 655 407 674 annum
431 648 548 683 Augusti
575 648 651 682 ponit
674 655 748 680 eum,
772 648 819 682 qui
843 651 904 682 post;
929 647 994 675 Julii

204 693 322 721 Caesaris
338 701 432 721 necem
450 693 573 728 proxime
589 693 724 728 sequitur,
739 693 842 728 quique
854 693 935 720 Urbis
952 698 994 721 est

206 739 268 770 7ll,
291 739 418 766 Julianus
440 739 467 771 5,
492 739 655 773 Olympiadis
679 739 730 766 181
754 740 900 766 secundus.
923 739 993 766 Tum

205 786 371 820 Antigonum
386 790 555 820 postremum
572 793 604 812 ex
623 786 792 813 Asamonaeis
809 794 899 821 regem
917 794 994 813 tuor—

205 837 282 859 tuum
298 840 359 859 esse
383 832 450 859 dicit
473 839 546 859 anno
570 840 585 858 v
607 832 740 867 Augusti,
763 832 865 868 olymp.
883 833 935 860 l85
949 839 994 860 se-

206 878 316 910 cundo;
334 882 361 904 ut
377 878 403 904 in
416 878 578 912 quibusdam
593 878 796 913 exemplaribus
811 878 924 913 reperiri
950 883 992 905 te-

204 929 292 952 statur
305 925 452 957 Pontacus,
471 925 553 959 idque
569 925 658 960 ipsum
677 926 704 952 in
721 925 840 953 editione
864 933 911 953 sua
928 924 993 953 Sea-

205 971 273 1006 liger
287 972 428 1006 amplexus
442 975 493 999 cst.
508 971 556 998 Est
572 972 617 999 hic
635 971 716 1000 Urbis
739 972 800 1003 7l5,
820 971 946 999 Julianus
965 972 990 999 7.

203 1019 238 1044 At
250 1017 276 1044 in
295 1017 356 1044 aliis
370 1017 511 1044 codicibus
524 1017 664 1045 confertur
683 1018 710 1045 id
721 1018 748 1045 in
761 1026 863 1045 annum
876 1019 991 1053 Augusti

205 1070 248 1095 Iv;
266 1063 292 1089 in
314 1063 375 1090 aliis
398 1070 473 1096 vero,
500 1063 534 1089 10
551 1072 557 1089 :
575 1064 647 1098 quod
670 1067 839 1098 postremum
861 1069 991 1098 tanquam

204 1109 321 1137 Eusebio
332 1110 418 1144 magis
434 1115 661 1141 consentaneum.
673 1114 785 1138 secutus
793 1115 833 1138 est
842 1109 990 1138 Pontacus.

203 1156 436 1190 Quippc,mortuo
449 1156 594 1191 Antigono,
607 1155 727 1184 Herodes
736 1157 848 1191 paeitice
860 1156 992 1191 regnavit,

203 1208 229 1229 et
245 1203 339 1229 eodem
356 1209 428 1228 anno
443 1209 543 1228 norum
555 1203 630 1237 regni
647 1202 799 1237 auspicium
812 1203 915 1230 habuit.
928 1202 994 1230 Erat

205 1246 285 1274 Urbis
301 1255 391 1274 annus
414 1246 475 1278 720,
498 1246 625 1274 Julianus
640 1248 688 1281 1%;
713 1249 839 1283 quamvis
861 1248 942 1275 etiam
964 1248 992 1275 in

203 1292 324 1319 editione
343 1292 457 1319 Pontaci
475 1301 539 1323 cum
566 1293 679 1327 Augusti
703 1302 730 1320 xt
748 1294 852 1328 primus
876 1293 992 1321 Herodis

204 1339 293 1370 ineat;
308 1338 355 1372 qui
370 1342 412 1364 est
431 1338 512 1365 Urbis
527 1337 589 1371 7-21,
603 1337 730 1365 Julianus
746 1339 788 1365 15.
801 1338 838 1365 Ex
855 1339 906 1366 hoc
925 1343 1005 1366 tem“

202 1392 268 1418 pore
286 1391 378 1410 xxxvn
404 1383 574 1419 regniannos
589 1385 695 1411 orditur
709 1374 842 1411 Eusebius
853 1384 991 1418 ;ejusdem

202 1438 268 1457 vero
286 1435 401 1456 mortem
419 1430 541 1465 assignat
564 1438 637 1457 anno
661 1430 776 1465 Augusti
800 1430 990 1465 vaII,olymp.

203 1476 254 1502 191
266 1484 339 1502 anno
347 1480 456 1510 quarto,
467 1476 500 1503 ab
512 1476 667 1503 Abrahamo
679 1477 760 1508 2021,
771 1477 872 1504 Christi
884 1478 990 1512 quinto.

201 1521 385 1553 Quamobrem
409 1521 594 1548 hallucinatur
613 1521 746 1556 Scaliger,
764 1522 811 1556 qui
832 1530 904 1548 anno
919 1521 991 1549 ΙΞΟΠ)

1045 268 1158 296 ctoriam
1173 270 1287 305 excepit,
1304 271 1367 297 anni
1379 275 1444 299 sunt
1460 276 1588 306 quatuor.

1081 313 1268 342 Concludatur
1282 323 1316 343 ex
1331 315 1443 350 Josephi
1458 321 1485 344 et
1498 316 1592 344 Dionis
1606 317 1740 345 sententia
1761 325 1835 345 mor-

1044 363 1124 386 tuum
1154 360 1289 388 Herodem
1317 361 1403 388 videri
1427 369 1501 389 anno
1514 362 1624 389 Juliano
1645 362 1690 390 12.
1717 363 1796 396 Quod
1811 363 1835 390 si

1044 411 1140 432 verum
1169 411 1231 438 est,
1262 405 1365 434 Natalis
1393 406 1494 435 Christi
1527 407 1555 435 in
1583 416 1684 436 annum
1711 408 1742 435 41
1772 416 1834 436 eum

1045 452 1170 487 Dekerio,
1183 455 1223 481 vel
1237 454 1272 482 40
1286 463 1347 482 cum
1366 455 1481 490 Keplero
1496 455 1677 483 conferendas
1691 456 1753 489 erit,
1768 464 1834 489 non,

1046 505 1076 528 ut
1087 501 1177 536 vulgo,
1191 501 1217 528 in
1226 501 1270 528 £5.
1281 501 1318 529 De
1329 510 1384 537 quo
1393 503 1523 530 attentius
1535 503 1710 537 cogitandum
1723 511 1833 533 censeo.

1045 554 1097 574 nec
1110 547 1184 575 illius
1197 547 1337 582 opinionis
1362 547 1483 576 fautores
1499 549 1679 582 accusandos,
1698 549 1834 576 damnan~

1044 591 1148 627 dosque
1154 596 1244 626 antea,
1255 600 1336 628 quam
1345 601 1439 620 eorum
1447 593 1615 629 disceptatis,
1625 601 1657 621 ac
1664 593 1835 622 labefactatis

1044 639 1198 666 rationibus
1207 639 1361 667 communis
1370 639 1492 675 Dionysii
1505 648 1559 667 atra
1569 640 1668 667 certius
1682 644 1831 668 astruatur:

1044 684 1117 718 quod
1139 692 1154 711 a
1178 685 1287 712 nemine
1310 686 1344 713 ad
1370 686 1442 714 hanc
1465 693 1551 721 usque
1575 687 1646 714 diem
1666 686 1744 714 video
1772 695 1833 714 esse

1044 731 1158 764 factum,
1177 740 1227 760 nec
1243 740 1258 759 a
1274 740 1317 760 me
1334 733 1455 766 praestari
1470 741 1562 769 posse,
1576 735 1693 768 ingenue
1703 742 1736 762 ac
1747 734 1834 761 liben-

1045 782 1085 805 ter
1103 779 1240 812 proliteor.

1203 823 1363 857 Explicatur
1373 825 1521 860 ,Epipltunii
1532 826 1671 852 sententia.

1081 867 1159 896 Nunc
1187 869 1332 904 Epiphanii
1356 871 1510 904 sententia,
1543 871 1622 905 cujus
1652 870 1834 904 intelligendae

1045 915 1131 949 gratia
1148 915 1205 942 ha‘c
1221 923 1235 941 a
1255 915 1335 943 nobis
1359 921 1401 943 est
1425 917 1550 944 instituta
1571 917 1730 950 disputatio,
1752 924 1834 950 expo-

1046 961 1137 988 nenda
1162 961 1280 988 videtur.
1302 961 1378 989 Ilanc
1392 963 1464 990 enim
1491 963 1655 998 perobscure
1680 963 1724 989 ille
1753 970 1832 995 sane,

1044 1011 1126 1040 atque
1149 1007 1278 1040 impedite
1303 1007 1434 1035 declarat.
1451 1008 1556 1043 Quippe
1571 1016 1647 1036 num.
1670 1008 1706 1035 22
1719 1009 1834 1035 haeresis

1043 1051 1137 1086 hujus,
1160 1051 1299 1079 Christum
1315 1058 1415 1080 asserit
1429 1062 1501 1081 alnto
1517 1054 1632 1088 Augusti
1656 1062 1709 1080 un
1736 1059 1831 1080 natum

1043 1105 1116 1129 esse,
1132 1096 1248 1125 Herodis
1263 1106 1342 1126 um.
1359 1098 1443 1133 Igitur
1463 1107 1560 1126 novem
1584 1100 1665 1126 annis
1691 1099 1833 1134 Augustus

1043 1142 1177 1171 Herodem
1191 1145 1346 1172 antecessit.
1360 1145 1413 1172 Sed
1426 1146 1525 1172 mirum
1539 1150 1620 1180 quam
1634 1146 1691 1173 haec
1706 1146 1833 1181 perplexe

1045 1190 1226 1218 demonstret.
1243 1189 1394 1225 lmperasse
1419 1196 1496 1226 putat
1515 1191 1668 1227 Augustum
1684 1192 1765 1218 annis
1783 1199 1832 1218 xm

1044 1241 1189 1271 antequam
1205 1236 1297 1263 Judara
1314 1236 1421 1267 penitus
1435 1236 1468 1264 ad
1490 1236 1629 1264 Romanos
1650 1237 1806 1264 transiisset
1823 1245 1832 1263 :

1044 1291 1077 1312 ac
1097 1286 1159 1316 post
1173 1282 1282 1309 initium
1299 1283 1415 1317 Augusti
1429 1287 1547 1317 quatuor
1564 1283 1626 1317 plus
1641 1283 1732 1309 minus
1752 1282 1834 1308 annis

1043 1328 1153 1363 elapsis,
1183 1329 1253 1356 inter
1278 1327 1386 1356 Judmos
1412 1336 1445 1356 ac
1471 1328 1610 1355 Romanos
1639 1328 1787 1355 amicitiam
1805 1332 1834 1354 et

1043 1373 1200 1401 societatem
1221 1374 1408 1402 intercessisse
1425 1383 1432 1401 :
1455 1379 1512 1401 tum
1543 1382 1607 1401 vero
1625 1379 1832 1408 procuratorem

1044 1420 1210 1454 impositum,
1223 1428 1254 1447 ac
1265 1421 1430 1447 tributorum
1448 1421 1573 1447 nonnihil
1590 1421 1733 1452 indictum,
1745 1421 1834 1447 donec

1043 1466 1069 1492 in
1081 1466 1231 1493 Romanam
1246 1466 1376 1493 ditionem
1390 1466 1483 1494 Judma
1495 1468 1603 1502 penitus
1619 1468 1727 1494 redacta
1744 1475 1777 1494 ac
1790 1474 1835 1494 \‘e-

1043 1512 1149 1546 etigalis
1175 1517 1217 1540 est
1240 1512 1312 1540 facta
1329 1522 1334 1539 :
1351 1520 1413 1539 cum
1430 1511 1486 1546 jam
1501 1513 1637 1548 principes
1653 1513 1691 1540 illi
1707 1513 1740 1540 de
1759 1513 1833 1539 tribu

203 1566 228 1592 id
250 1567 284 1592 ab
308 1565 426 1592 Eusebio
448 1566 530 1593 tribui
556 1571 660 1600 censet,
677 1570 705 1594 et
727 1567 987 1594 metachronismum

1046 1557 1109 1586 inda
1125 1559 1280 1592 desiissent,
1296 1563 1378 1594 atque
1395 1559 1515 1587 Herodes
1531 1560 1701 1595 peregrinus,
1727 1564 1755 1587 et
1766 1560 1832 1587 alie-

202 1621 262 1640 esse
273 1613 338 1640 dicit
354 1621 487 1640 annorum
499 1614 590 1641 trium.
601 1613 702 1641 Verum
715 1614 738 1641 si
754 1614 798 1642 hic
810 1622 897 1642 annus
907 1622 989 1649 quar-

203 1663 246 1685 tus
267 1663 308 1685 est
331 1659 432 1694 olymp.
457 1659 520 1690 195,
538 1659 653 1693 Augusti
683 1667 766 1693 XLVII,
786 1667 848 1686 cum
868 1659 989 1688 Herodes

203 1705 285 1739 paulo
303 1709 366 1732 ante
382 1705 488 1733 Pascha
506 1711 632 1734 mortuus
659 1706 705 1737 sit,
725 1711 752 1733 et
773 1706 887 1742 Augusti
915 1713 987 1732 xtvn

202 1759 275 1778 anno
292 1750 392 1778 Juliani
415 1751 449 1778 t9
463 1751 521 1786 jam
543 1752 650 1779 labente
675 1751 746 1786 apud
763 1751 910 1778 Eusebium
934 1758 990 1779 cre-

201 1798 281 1833 perit,
296 1806 406 1825 necesse
421 1801 473 1831 est,
493 1802 523 1825 ut
539 1806 611 1825 anno
626 1797 725 1825 Juliani
746 1798 780 1824 50
792 1797 902 1825 ineunte
927 1805 990 1831 per-

202 1844 264 1871 ierit
281 1844 413 1876 Herodes;
432 1853 495 1871 cum
517 1852 605 1871 annus
625 1849 741 1879 quartus
759 1844 810 1870 l95
828 1843 990 1878 Olympiadis

201 1889 292 1916 adhuc
314 1890 539 1924 deeurreret,qui
565 1893 592 1917 et
610 1888 729 1915 Eusebio
752 1888 900 1915 Ahrahami
919 1888 987 1915 2021

202 1939 341 1962 censetur.
363 1934 443 1961 Certe
462 1935 573 1969 quidem
601 1934 672 1962 2020
696 1935 792 1962 saltem
816 1942 877 1961 esse
899 1934 988 1961 debet.

203 1980 281 2007 Lndc
299 1980 548 2008 metachronismus
563 1982 615 2007 erit
630 1989 661 2008 ex
678 1981 862 2016 Scaligeriana
884 1980 991 2007 ratione

202 2034 338 2054 annorum
366 2027 517 2054 solidorum
544 2028 676 2062 quinque,
705 2035 760 2054 non
783 2033 874 2055 autem
897 2028 989 2055 trium.

202 2072 270 2100 Nam
283 2072 391 2100 Juliano
406 2073 440 2101 45
455 2078 589 2100 mortuum
603 2074 689 2101 credit
703 2073 847 2101 Herodem.

238 2127 297 2156 Jam
309 2136 371 2155 eum
388 2128 458 2155 idem
472 2127 592 2163 Scaliger
605 2128 624 2156 l.
640 2136 657 2155 ν
674 2128 711 2156 De
727 2129 828 2156 etnend.
842 2128 990 2164 Josephum

202 2182 309 2202 errasse
326 2174 501 2210 pronuntiat;
526 2175 599 2209 quod
625 2183 712 2202 annos
730 2175 844 2203 Herodis
867 2183 960 2202 xxxrn
976 2183 991 2202 a

205 2221 315 2248 Domitii
343 2225 370 2248 et
386 2221 473 2248 Asinii
490 2221 634 2248 consulatu
650 2221 769 2253 deducit,
783 2222 885 2249 erroris
899 2221 991 2256 potius

204 2266 262 2300 ipse
272 2266 453 2294 convincitur.
472 2266 539 2294 Nam
557 2266 703 2303 Josephus,
722 2273 791 2295 utex
805 2268 992 2303 superioribus

205 2313 299 2347 liquet,
314 2313 411 2340 'sccum
434 2313 548 2340 mirilice
569 2313 707 2340 consentit
727 2323 733 2342 :
755 2319 782 2341 et
805 2313 992 2341 Eusebianum

205 2359 280 2385 illum
299 2359 561 2386 metachronismum
576 2360 726 2394 redarguit,
740 2367 801 2388 cum
816 2361 992 2395 perspicuum

205 2405 239 2431 sit
251 2403 385 2431 Herodem
411 2405 490 2439 longe
511 2409 574 2432 ante
595 2405 732 2432 Julianum
751 2406 786 2433 50
804 2407 946 2435 occidisse.
963 2408 993 2435 In

206 2450 351 2477 Annalibus
366 2458 420 2478 non
435 2451 479 2482 5t),
493 2456 521 2478 ut
535 2453 605 2486 apud
629 2452 789 2486 Eusebium,
807 2453 854 2480 sed
866 2454 896 2481 5i
921 2462 994 2482 anno

204 2496 314 2523 Juliano
328 2496 443 2524 Herodis
455 2498 546 2525 obitus
561 2500 682 2533 ponitur,
699 2507 759 2526 tera:
774 2500 929 2528 communis
943 2508 991 2529 oc-

206 2548 279 2575 tavo,
293 2543 339 2578 qui
354 2548 447 2571 sextus
462 2546 599 2572 numerari
616 2545 719 2572 debuit.

241 2600 280 2627 Ex
301 2601 334 2629 iis
347 2606 476 2636 prmtcrea
487 2602 586 2637 conjici
598 2607 697 2637 potest,
709 2604 774 2638 quid
791 2604 826 2632 sit
841 2605 914 2639 quod
931 2604 994 2640 Epi-

206 2646 324 2682 phanius
339 2646 366 2674 in
383 2647 502 2674 obscura
520 2647 566 2674 illa
590 2647 705 2676 Herodis
720 2657 854 2677 annorum
870 2651 994 2678 declara-

207 2694 288 2726 tione,
303 2697 365 2727 post
375 2700 401 2720 Iv
416 2693 490 2728 regni
504 2693 564 2727 ejus
589 2701 687 2727 annos,
709 2694 829 2722 Judazam
846 2696 872 2723 in
893 2695 993 2723 Roma-

207 2745 304 2765 norum
320 2737 452 2765 ditionem
469 2738 578 2773 penitus
605 2739 723 2767 cessisse
734 2740 817 2773 dicat,
830 2746 993 2776 sccutosquc

209 2791 270 2810 xxix
289 2791 389 2815 annos,
405 2783 473 2811 adeo
496 2788 526 2811 ut
549 2792 632 2811 xxqu
659 2785 767 2812 demum
787 2785 902 2814 Herodis
919 2795 992 2814 almo

206 2827 332 2856 Christus
347 2835 427 2857 natus
440 2830 485 2857 sit.
502 2829 590 2857 Causa
609 2831 682 2858 enim
698 2832 755 2859 haec
770 2837 822 2866 est,
837 2833 911 2868 quod
928 2842 991 2863 cum

211 2875 327 2904 Eusebio
356 2876 471 2905 Herodis
496 2877 603 2905 initium
620 2878 731 2914 eonjicit
751 2880 887 2910 inannum
905 2881 992 2911 Julia-

1043 1605 1140 1640 nigena
1156 1613 1270 1640 regnum
1288 1611 1460 1640 occupasset.
1476 1606 1542 1639 Qure
1556 1606 1648 1633 omnia
1665 1606 1759 1641 (paulo
1771 1610 1835 1640 post

1043 1651 1141 1686 inquit)
1166 1652 1286 1686 perfecta
1301 1657 1376 1686 sunt,
1392 1661 1453 1680 cum
1472 1655 1506 1681 ab
1520 1658 1582 1680 ortu
1607 1653 1710 1680 Christi
1734 1653 1831 1687 cmpis-

1042 1701 1114 1729 sent,
1129 1704 1202 1724 anno
1213 1697 1327 1733 Augusti
1349 1706 1414 1730 χιιι,
1429 1699 1475 1733 qui
1489 1703 1516 1726 et
1531 1706 1619 1726 nonus
1631 1702 1689 1725 erat
1704 1705 1718 1724 a
1733 1705 1835 1732 procu-

1043 1742 1150 1769 ratione
1159 1741 1306 1777 Antipatri,
1315 1750 1376 1770 cum
1389 1743 1497 1772 Judzcos
1512 1744 1582 1771 inter
1592 1748 1618 1770 et
1630 1743 1768 1770 Romanos
1781 1751 1834 1778 pax

1042 1791 1069 1815 ct
1083 1787 1199 1815 societas
1215 1791 1297 1820 esset,
1315 1796 1346 1815 ac
1358 1788 1415 1823 jam
1438 1793 1566 1823 quartum
1580 1795 1682 1815 annum
1706 1793 1836 1822 regnaret

1043 1831 1174 1860 Herodes.
1191 1832 1334 1861 Postremo
1346 1839 1404 1868 post
1423 1837 1542 1869 quatuor
1556 1833 1670 1861 Herodis
1686 1841 1784 1865 annos,
1807 1839 1836 1861 et

1044 1879 1165 1914 quinque
1189 1880 1397 1913 procurationes
1420 1880 1568 1915 Antipatri,
1597 1879 1707 1907 demum
1738 1879 1834 1907 Judma

1044 1924 1152 1958 penitus
1168 1924 1297 1951 Romanis
1312 1929 1355 1952 est
1368 1925 1498 1959 subjecta,
1521 1933 1610 1960 usque
1623 1925 1656 1952 ad
1670 1933 1756 1952 xxxnt
1781 1925 1836 1953 lle-

1045 1969 1119 1996 rodis
1137 1978 1250 2002 annum,
1269 1971 1316 2006 qui
1328 1975 1370 1998 est
1384 1971 1499 2006 Augusti
1512 1979 1577 2006 xui,
1595 1979 1656 1999 cum
1674 1979 1740 1998 xxix
1753 1971 1835 2000 annis

1043 2015 1182 2050 vectigalis
1195 2016 1307 2043 omnino
1323 2016 1428 2044 fuisset.

1081 2059 1136 2088 Hae
1150 2060 1293 2096 Epiphauii
1308 2061 1430 2089 oratione
1444 2062 1549 2089 nullum
1565 2061 1695 2098 Sphingis
1717 2063 1834 2097 :cuigma

1045 2108 1201 2143 perplexius
1216 2115 1277 2136 esse
1291 2113 1368 2142 puto.
1386 2107 1438 2135 Sed
1452 2109 1503 2136 hoc
1524 2113 1614 2136 tamen
1630 2108 1748 2136 voluisse
1760 2109 1835 2136 vide-

1046 2158 1089 2180 tur
1106 2163 1112 2180 :
1129 2153 1282 2188 Augustum
1297 2154 1385 2189 primo
1399 2162 1448 2181 xm
1463 2154 1542 2181 annis
1556 2154 1715 2188 imperasse,
1733 2155 1834 2189 quibus

1045 2199 1167 2226 nondum
1179 2198 1272 2226 Judzea
1285 2207 1398 2234 prorsus
1411 2199 1598 2227 Romanorum
1613 2200 1727 2235 imperio
1740 2207 1834 2227 cesse-

1008 2255 1030 2282 ι)
1045 2250 1088 2272 rat
1105 2254 1112 2272 :
1128 2252 1160 2272 ac
1172 2249 1234 2279 post
1248 2249 1367 2279 quatuor
1382 2246 1488 2281 priores
1503 2253 1590 2274 annos
1603 2246 1729 2281 Augusti,
1756 2247 1835 2274 Anti-

1045 2296 1151 2326 patrum
1167 2291 1356 2326 quinquennio
1369 2296 1572 2325 procuratorem
1584 2292 1685 2325 fuisse;
1698 2291 1834 2319 Herodem

1045 2338 1152 2370 deinde,
1178 2342 1322 2372 postquam
1349 2338 1385 2365 ab
1410 2338 1533 2373 Augusto
1561 2347 1674 2373 regnum
1703 2339 1832 2371 obtinuit,

1045 2389 1163 2418 quatuor
1174 2391 1262 2410 annos
1278 2383 1407 2411 tenuisse.
1421 2383 1462 2410 Ita
1475 2383 1544 2410 ﬁunt
1561 2384 1595 2410 ab
1621 2384 1737 2419 Augusti
1755 2385 1835 2412 initio

1045 2430 1109 2456 anui
1136 2437 1184 2456 xm
1202 2437 1208 2455 :
1226 2428 1322 2463 reliqui
1347 2434 1412 2456 sunt
1428 2437 1502 2461 xxtx,
1526 2429 1626 2464 quibus
1655 2429 1771 2456 RoInaui
1785 2429 1835 2456 Ju-

1045 2477 1130 2504 dacam
1155 2477 1264 2511 penitus
1284 2481 1463 2511 occuparunt.
1477 2484 1563 2512 usque
1578 2477 1610 2504 ad
1626 2477 1743 2512 Augusti
1765 2485 1832 2508 χιιι,

1046 2521 1160 2549 Herodis
1180 2530 1277 2554 χχχιιι,
1304 2530 1359 2557 quo
1378 2526 1458 2550 natus
1477 2527 1519 2550 est
1541 2522 1684 2550 Dominus.
1711 2523 1779 2550 Nam
1798 2525 1831 2550 ad

1046 2577 1094 2595 xm
1119 2569 1203 2596 additi
1229 2576 1295 2596 xxix
1313 2569 1462 2596 coniiciunt
1477 2576 1554 2595 xui:
1573 2569 1721 2604 itidemque
1746 2570 1769 2596 si
1799 2570 1833 2596 ad

1048 2619 1166 2650 quatuor
1188 2614 1273 2642 addas
1291 2614 1434 2643 nuntient
1455 2622 1553 2642 χχχιιι.
1577 2613 1633 2642 Hos
1653 2619 1743 2641 autem
1766 2623 1833 2642 xxix

1046 2668 1133 2688 annos
1147 2660 1181 2687 ab
1190 2667 1223 2687 eo
1235 2659 1354 2691 deducit,
1363 2659 1409 2692 qui
1419 2654 1558 2687 Actiacam
1568 2661 1711 2688 victoriam
1721 2666 1834 2688 secutus

1044 2712 1095 2738 est,
1109 2706 1220 2734 Juliano
1235 2706 1338 2734 scilicat
1350 2706 1395 2740 16,
1411 2714 1426 2733 a
1441 2715 1496 2741 quo
1509 2707 1655 2734 vicesimus
1671 2714 1772 2740 nonus,
1790 2716 1833 2738 est

1043 2753 1170 2780 Julianus
1183 2753 1229 2785 44,
1246 2760 1300 2787 (μιο
1326 2758 1407 2780 natus
1422 2752 1457 2779 ab
1472 2752 1624 2788 Epiphanio
1639 2753 1767 2782 Christus
1784 2762 1832 2790 po-

1044 2800 1128 2831 nitur,
1145 2800 1267 2834 Augusto
1282 2806 1330 2825 xm
1349 2803 1377 2826 et
1405 2798 1498 2826 Silano
1512 2806 1584 2826 coss.
1594 2798 1632 2826 lla
1649 2799 1757 2834 quidem
1771 2800 1833 2835 Epi-

1045 2845 1162 2880 phanius
1178 2839 1416 2876 miscens‘onmia,
1440 2851 1490 2872 nec
1503 2845 1623 2872 historia)
1638 2846 1705 2873 satis
1718 2849 1832 2875 consul-

1045 2897 1097 2921 tus.
1114 2892 1161 2921 Est
1181 2891 1254 2919 cuitu
1270 2890 1368 2920 falsum
1384 2891 1411 2919 in
1427 2891 1714 2927 primis,Antipatrum
1729 2901 1831 2928 procu-
