1935 3044
95 135 153 164 9‘25

684 142 730 171 DE
750 143 844 172 ANNO
861 143 989 173 NATALI
1005 146 1154 176 CHRISTI.

1678 148 1731 176 9‘26

95 199 220 222 ratur-cm
237 194 272 240 ab
286 194 409 231 Augusto
435 204 496 224 esse
521 197 623 225 factum
633 219 641 232 ,
667 199 790 235 adeoque
802 220 810 233 ,
832 205 894 235 post
907 203 929 231 Α
944 202 1063 235 decreta,
1079 212 1140 238 qua:
1155 212 1189 232 eo
1203 204 1263 232 loco
1275 209 1534 232 commemorantur.
1550 204 1729 240 Posteaquam

96 243 221 273 quatuor
237 239 344 275 imperii
360 241 446 276 ipsius
462 250 560 273 annos.
575 248 605 271 ut
625 251 658 272 ex
685 245 719 272 iis
731 249 813 280 patet,
829 253 890 281 quze

94 291 182 317 supra
201 291 218 312 ε
247 283 367 320 Josepho
396 288 618 321 perstrinximus.
650 289 718 317 Nam
747 291 890 326 Antipater

95 329 214 358 Herodis
236 338 336 365 parens
361 331 482 360 Judrcam
499 334 691 362 administrare
711 337 793 371 carpit
817 344 889 364 anno

94 374 155 405 illo,
170 383 225 408 quo
238 375 328 404 Julius
340 377 432 405 Catsar
443 378 541 405 bellum
557 379 770 408 Alexandrinum
789 382 887 415 gessit,

95 421 143 456 qui
155 426 198 448 est
212 421 293 450 Urbis
309 422 373 449 707:
384 431 438 458 quo
452 425 545 451 eodem
560 433 632 452 anno
641 426 761 454 Herodes
772 427 889 455 Galilteze

94 473 109 493 a
125 471 203 501 patre.
220 467 382 502 prtepositns
397 473 449 496 est.
468 469 592 498 Mortuus
605 477 648 498 est
668 478 757 499 autent
773 473 887 507 Antipa-

94 516 137 539 ter
154 520 226 540 anno
245 512 324 541 Urbis
350 513 412 547 7l2,
442 513 548 542 Juliauo
576 521 684 550 quarto.
706 518 744 544 Ita
765 518 887 552 quinque

92 558 158 592 plus
173 558 265 587 minus
280 559 360 588 annis
369 560 416 595 τὴν
430 562 790 597 iunpo-mhadministravit
801 565 887 598 ;quod

93 604 186 632 innuit
202 604 381 639 Epiphanius.
400 606 452 634 Sed
473 607 543 634 idem
571 608 763 642 hallucinatus,
778 611 886 644 opinor,

92 657 146 684 pro
171 650 244 678 Julio
266 651 383 685 Caesare,
406 653 558 688 Augustum
577 654 697 688 scripsit,
724 657 796 689 quod
816 657 887 683 hunc

93 696 187 730 ipsum
205 698 376 725 meminisset
400 698 482 725 etiam
498 699 524 725 in
538 698 665 735 Egypto,
679 705 705 727 et
716 701 887 729 Alexandriae

92 742 197 769 bellum
222 743 348 777 gessisse.
375 743 478 771 Deinde
504 752 590 780 neque
617 745 682 773 illud
701 754 794 774 verum
819 751 885 774 est:

91 785 217 814 Judaeam
229 793 290 822 post
300 788 438 815 Actiacam
454 790 562 816 demum
576 790 715 818 victoriato
734 792 767 818 ad
786 791 887 820 Roma-

93 840 146 860 nos
175 833 348 867 pervenisse,
364 839 390 862 et
405 834 541 870 ὑπόφορον
557 835 653 868 fuisse,
674 845 735 864 cum
756 837 887 866 hactenus

941 255 1005 275 vero
1015 247 1170 276 Judaaorum
1183 257 1296 284 regnum
1308 250 1342 278 ad
1359 249 1492 278 Herodem
1506 250 1665 277 translatum
1677 254 1730 281 est,

941 301 994 321 non
1011 297 1083 328 puto‘
1097 293 1235 322 Homanos
1251 295 1380 322 tributum
1396 295 1430 321 ab
1444 295 1497 321 illis
1512 294 1645 328 exegisse,
1657 293 1730 328 quod

941 339 1011 366 idem
1034 345 1061 366 et
1082 339 1196 374 Keplero
1209 339 1327 371 videtur,
1339 347 1401 367 cum
1417 338 1509 366 Judara
1523 339 1645 366 nondum
1658 342 1731 366 esset

940 383 967 410 in
987 384 1103 412 formam
1133 384 1280 419 provinciae
1296 385 1415 412 redacta.
1441 384 1530 417 Quare
1555 392 1605 411 nec
1629 384 1656 410 in
1684 383 1729 410 illa

939 429 1030 464 priore
1044 429 1150 469 Quirini
1164 430 1346 465 descriptione
1363 430 1493 457 tributum
1513 429 1597 456 ullum
1617 436 1730 455 necesse

939 481 980 504 cst
996 477 1164 511 persolutum
1192 477 1312 504 credere.
1328 476 1389 508 Quo
1412 475 1503 503 minus
1516 475 1651 502 assentior
1666 474 1730 508 Epi-

939 521 1051 556 phanio,
1067 522 1112 556 qui
1127 526 1183 549 tum
1196 522 1238 549 vel
1253 522 1371 549 maxime
1386 521 1485 548 tributa
1501 529 1515 547 a
1533 519 1730 547 Hornanis‘im-

939 571 1031 600 perata
1048 567 1151 597 scribit,
1165 571 1191 594 et
1204 575 1267 593 xxix
1281 567 1371 598 annis,
1383 567 1429 601 qui
1445 567 1478 593 ab
1487 565 1597 593 Actiaca
1611 565 1687 592 clade
1695 564 1730 591 ad

938 613 1059 640 Natalem
1073 615 1178 641 Domini
1194 615 1340 649 llitxerunt,
1354 614 1501 650 ὑπόφορον,
1515 612 1624 645 τελείως
1644 621 1731 647 παρα·

938 658 1061 685 δοθεῖσαν
1078 659 1223 694 Ῥωμαῖῦις
1235 659 1355 687 Judteam
1375 659 1558 694 fuisse.Atqui
1577 662 1637 693 post
1648 657 1730 685 Poni--

939 705 1062 739 pcianam
1082 705 1233 737 victoriam,
1255 713 1288 732 ac
1307 705 1424 740 priorem
1446 704 1557 736 ἅλωσιν,
1589 710 1729 737 nunquam

937 749 1030 777 iudica
1043 750 1131 777 minus
1146 750 1198 778 sub
1213 750 1398 778 Romanorum
1415 750 1567 785 principum
1581 753 1729 784 potestate,

938 796 980 823 vel
1006 795 1244 823 administratione
1271 795 1336 829 fuit,
1364 803 1447 831 qualn
1466 795 1579 823 Herodis
1598 794 1643 821 illo
1659 798 1729 820 tem-

938 848 1016 876 pore,
1042 841 1193 876 pricscrtim
1208 846 1270 876 post
1280 842 1421 868 Actiacam
1436 848 1565 876 pugnam,
1583 848 1644 867 cum
1659 838 1730 873 apud

93 878 216 906 societas
231 880 440 919 intercessisset,
471 889 504 909 ac
529 883 629 910 tributa
645 883 703 910 sive
722 884 811 918 potius
829 892 887 911 inu-
904 879 925 908 Β
939 887 1091 921 Augustum
1118 886 1144 913 iu
1160 887 1256 921 primis
1285 887 1327 914 ille
1343 887 1431 922 gratia
1452 891 1479 913 et
1505 886 1667 914 auctoritate
1681 884 1730 911 ilo-

92 933 162 952 nera
174 926 365 960 penderentur.
376 928 482 955 Etenim
497 928 577 964 longe
591 933 654 956 ante
666 938 783 964 pugnam
797 931 888 958 Actia-

93 979 155 999 cam
168 972 259 1000 Iudaea
276 973 461 1001 Romanorum
477 974 504 1001 in
518 979 677 1009 potestatem
698 975 782 1008 venit,
797 980 824 1002 et
837 975 887 1002 tri—

93 1016 161 1044 huta
176 1019 312 1052 persolvit.
326 1019 446 1053 Primus,
458 1020 509 1048 nisi
531 1020 620 1053 l‘allor,
635 1021 791 1056 Pompeius,
807 1022 886 1049 Cice-

95 1071 162 1090 r0ue
175 1064 333 1092 etAntouio
347 1066 518 1098 coss.,Urbis
541 1066 603 1098 79l,
623 1065 817 1102 Hierosolymis
838 1076 887 1095 ex—

94 1110 223 1144 pugnatis
248 1111 318 1137 hanc
345 1111 430 1144 ipsam
458 1113 552 1139 urbem
570 1113 729 1148 vectigalem
760 1114 886 1141 reddidit.

93 1157 256 1192 Joscphnsl.
267 1167 322 1190 xw,
335 1166 394 1194 cap.
410 1159 456 1185 l5:
470 1160 525 1186 Καὶ
533 1160 566 1186 τὰ
580 1160 628 1195 μὲν
645 1161 818 1196 Ἰεροσόλυμα
826 1161 888 1188 ὑπο-

94 1205 162 1240 τελῆ
179 1205 261 1241 φόρον
285 1205 431 1240 Ῥωμαίοις
459 1206 597 1241 ἐποίησεν.
619 1206 679 1234 Mox
695 1215 701 1232 :
718 1206 820 1233 Τούτου
840 1207 887 1234 τοῦ

95 1249 201 1282 πάθους
212 1252 266 1281 τοῖς
286 1250 482 1286 Ἰεροσολύμοις
502 1251 583 1278 αἴτιοι
599 1251 768 1286 κατέστησαν
789 1252 887 1287 Ὑρκα-

95 1296 153 1328 νὸς,
167 1296 215 1322 καὶ
233 1296 436 1332 ’Λριστόϐῡυλος
451 1298 519 1332 πρὸς
533 1297 665 1332 ἀλλήλως
682 1299 885 1330 στασιάσαντες.

95 1344 152 1378 Τήν
175 1352 204 1370 τε
227 1343 281 1378 γὰρ
302 1342 458 1378 ἐλευθερίαν
480 1343 672 1378 ἀπεϐάλομεν,
698 1344 745 1370 καὶ
774 1344 887 1378 ὑπήκοοι

100 1388 246 1423 Ῥωμαίων
257 1388 437 1423 κατέστημεν.
452 1388 534 1423 Igitur
548 1389 582 1415 ab
596 1388 641 1415 illo
653 1394 773 1423 tempore
785 1389 887 1416 Roma-

96 1436 140 1463 nis
154 1435 246 1462 Judaea
271 1435 371 1470 paruit,
398 1443 446 1462 nec
462 1443 527 1462 suos
549 1443 628 1471 reges
645 1436 758 1467 habuit;
774 1435 823 1463 etsi
839 1436 888 1463 ali-

97 1482 216 1516 quandiu
227 1481 373 1509 conﬂictati
390 1486 464 1509 sunt.
481 1481 608 1518 Hyrcano
620 1482 730 1516 quidem
745 1482 887 1516 pontiﬁca-

97 1531 142 1553 tns
154 1526 265 1553 relictus
275 1532 327 1558 est,
337 1534 351 1553 a
364 1526 481 1554 Gabinio
489 1527 657 1562 przesertim:
671 1527 727 1561 qui,
744 1531 773 1553 ut
783 1535 842 1561 cap.
855 1527 887 1553 10

97 1571 158 1598 libri
177 1579 222 1598 xw
241 1571 346 1605 scribit,
363 1572 483 1608 quinqu’e
500 1573 641 1608 Synedriis
654 1574 679 1599 iu
696 1571 788 1599 Judzea
802 1572 887 1599 collo-

96 1617 177 1649 catis,
195 1618 396 1646 aristocratiam
418 1619 572 1646 constituit.
597 1619 661 1646 Post
686 1619 744 1645 haec
757 1618 887 1646 adversus

99 1664 253 1700 Hyrcanum
283 1666 437 1693 Alexander
462 1670 489 1693 et
505 1667 659 1700 Antigonus
676 1665 824 1693 Aristobuli
840 1665 886 1692 tilii

97 1711 204 1747 aliquot
228 1712 308 1740 annis
329 1716 468 1740 certarunt
490 1721 496 1739 :
522 1712 674 1746 iisdemque
693 1719 741 1746 pro
763 1710 888 1746 Hyrcano

98 1765 210 1786 strenue
227 1759 367 1793 Antipater
375 1759 486 1792 restitit,
498 1759 546 1793 qui
561 1766 575 1785 a
591 1757 664 1785 Julio
676 1758 783 1785 Caesare
795 1761 887 1792 postea

99 1805 149 1839 τὴν
163 1805 318 1840 ἐπιτροπήν
333 1809 427 1832 nactus
443 1808 502 1838 est;
525 1812 557 1831 ac
571 1812 618 1839 per
632 1804 702 1831 idem
715 1808 821 1838 tempus
836 1809 887 1837 po-

101 1851 156 1885 puli
172 1850 252 1878 Rom.
272 1852 429 1878 societatem
449 1855 477 1878 et
505 1850 651 1877 amicitiam
672 1849 837 1884 impetravit.
850 1848 888 1876 De

99 1905 152 1930 quo
167 1896 308 1930 complura
326 1896 441 1923 Csesaris
466 1895 573 1923 decreta
591 1895 661 1930 apud
679 1894 826 1929 Joscphum
842 1902 888 1922 cx-

98 1945 171 1969 stant
181 1941 200 1969 l.
213 1948 267 1973 xtv,
280 1948 303 1967 c.
320 1940 362 1967 l7.
380 1940 432 1968 Sed
447 1940 617 1968 antecedenti
629 1940 718 1975 capite
731 1939 841 1974 Joscphi
853 1947 887 1967 an

99 1987 206 2015 librarii
217 1987 429 2013 halluciuatione
437 1986 547 2018 accidit,
557 1990 586 2013 ut
599 1993 662 2013 eum
674 1990 785 2013 senatus
795 1986 887 2013 decre-

99 2039 155 2060 tum
176 2033 210 2060 de
224 2032 308 2059 muris
328 2031 578 2067 Hierosolymorum
596 2031 748 2059 reﬁciendis
771 2030 806 2057 ab
818 2030 888 2066 Hyr-

99 2086 168 2106 cano
191 2077 304 2105 Juuiore
332 2077 506 2112 impetratum
532 2077 612 2104 vellet
639 2076 787 2108 ascribere,
815 2075 889 2104 aliud

100 2123 285 2159 subjnnxerit,
309 2124 382 2158 quod
405 2124 430 2150 in
448 2123 562 2159 gratiam
579 2122 696 2158 Hyrcani
717 2122 827 2157 majoris
852 2122 889 2149 l'a-

100 2175 172 2197 etum
194 2169 474 2197 fuerancuialterum
493 2169 697 2196 Atheniensium
715 2170 888 2204 psephisma.

940 937 1019 959 reret.
1039 931 1109 959 Nulli
1127 932 1217 966 itaque
1239 932 1357 959 Romani
1381 932 1575 966 magistratus,
1602 929 1730 966 prrcsides

939 978 1006 1005 nulli
1030 977 1150 1005 Iudaeam
1169 978 1359 1010 obtinuerunt,
1381 986 1430 1004 nec
1447 977 1505 1011 alii,
1530 984 1613 1012 quam
1637 981 1730 1003 extra-

939 1023 1070 1050 ordinarii
1087 1022 1232 1058 ἡγεμόνες,
1250 1023 1302 1050 hoc
1316 1027 1358 1050 est
1371 1023 1513 1058 praesides,
1528 1022 1570 1049 vel
1598 1028 1731 1056 procura-

940 1074 1022 1102 tores,
1048 1069 1089 1096 vel
1111 1070 1239 1097 universe
1258 1077 1320 1096 cum
1348 1073 1484 1103 potestate
1511 1068 1603 1102 aliqua
1634 1067 1728 1098 missi.

940 1115 1023 1141 ullam
1037 1114 1152 1141 Herodis
1165 1114 1191 1141 in
1211 1122 1294 1150 regno
1306 1114 1485 1146 iunctionem,
1504 1117 1550 1141 aut
1562 1112 1730 1148 jurisdictio-

938 1168 1001 1188 nem
1021 1165 1211 1187 CXCI‘CHBI‘HHL

973 1207 1008 1233 At
1022 1207 1049 1233 in
1066 1206 1213 1234 Annalibus
1230 1213 1371 1241 perperam
1396 1204 1540 1240 Epiphanii
1562 1211 1640 1231 mens
1657 1202 1730 1231 acci-

940 1254 1024 1290 pitur,
1042 1262 1103 1282 cum
1119 1254 1144 1281 id
1161 1261 1222 1281 eum
1244 1253 1389 1288 scripsisse
1402 1254 1515 1278 narrant
1535 1260 1542 1278 :
1566 1250 1665 1284 Viginti
1681 1257 1730 1276 no-

938 1309 994 1328 vam
1009 1301 1086 1327 annis
1101 1299 1210 1327 Judazos
1225 1298 1350 1325 Romanis
1372 1297 1475 1324 tributa
1500 1296 1666 1331 dependisse,
1684 1303 1730 1322 αη-

940 1352 1043 1382 tequant
1058 1346 1198 1380 Antipater
1213 1345 1325 1372 Herodis
1341 1353 1437 1379 parens
1456 1343 1559 1370 Judmw
1573 1347 1730 1378 procurator

938 1402 954 1420 α
978 1393 1104 1420 Romanis
1127 1393 1332 1422 institueretur;
1353 1399 1399 1418 nec
1423 1395 1514 1425 postea
1537 1397 1654 1424 unquam
1678 1396 1731 1415 ces-

941 1447 1024 1466 sasse.
1041 1437 1102 1471 Quo
1127 1437 1195 1464 nihil
1211 1445 1273 1464 cum
1289 1437 1323 1463 ab
1345 1435 1489 1470 Epiphanii
1514 1442 1608 1466 sensu,
1630 1438 1690 1461 'tum
1714 1441 1730 1460 a

939 1486 1054 1513 veritate
1070 1486 1128 1520 ipsa
1140 1485 1193 1512 dici
1210 1484 1327 1511 alienius
1346 1487 1448 1519 potest.
1466 1483 1545 1510 Anno
1568 1481 1651 1510 Urbis
1665 1481 1730 1513 69!,

939 1532 1072 1559 Cicerone
1087 1535 1114 1558 et
1126 1531 1245 1558 Antonio
1263 1537 1349 1562 coss.,
1365 1529 1486 1564 primum
1504 1536 1519 1555 a
1533 1527 1662 1562 Pompeio
1680 1526 1730 1553 tri-

941 1578 1035 1604 butum
1059 1576 1161 1604 Judaeis
1185 1575 1345 1611 impositum
1367 1578 1449 1602 estza
1475 1581 1529 1608 quo
1550 1578 1672 1608 tempore
1697 1572 1730 1599 ad

938 1623 1075 1658 Antipatri
1101 1622 1341 1657 procurationem,
1369 1627 1432 1655 quae
1456 1627 1529 1647 anno
1559 1619 1610 1645 707
1636 1618 1730 1653 coepit,

939 1669 1002 1696 anni
1021 1673 1084 1696 sunt
1100 1675 1154 1695 non
1169 1668 1260 1703 plures
1272 1675 1337 1700 xvn,
1353 1667 1454 1694 nedum
1471 1673 1567 1693 novem
1583 1670 1609 1692 et
1624 1664 1729 1698 viginti.

938 1715 1043 1742 Herode
1059 1715 1168 1749 quidem
1185 1722 1276 1742 rerum
1290 1713 1409 1748 potiente
1432 1713 1565 1739 tributum
1578 1711 1663 1738 ullum
1676 1711 1730 1738 sal-

940 1766 993 1789 tem
1012 1761 1183 1789 ordiuarium
1199 1765 1325 1788 exactum
1343 1759 1438 1792 fuisse,
1457 1766 1544 1792 neque
1563 1765 1656 1784 verum
1683 1765 1729 1783 ar-

938 1808 1035 1839 bitror,
1052 1815 1102 1834 nec
1123 1807 1184 1841 ejus
1200 1806 1367 1833 mentionem
1391 1805 1433 1832 vel
1458 1805 1549 1832 littera
1569 1812 1621 1830 una
1640 1802 1730 1830 Lucas

939 1850 1038 1886 attigit.
1057 1849 1115 1877 Non
1128 1850 1200 1876 enim
1220 1848 1428 1883 ἀπογράφεσθαι
1445 1848 1517 1875 idem
1534 1847 1604 1874 valet
1619 1854 1651 1874 ac
1666 1854 1730 1872 cen—

940 1884 1012 1927 sum,
1029 1896 1071 1922 vel
1089 1895 1221 1922 tributum
1238 1895 1362 1927 solvere;
1381 1898 1439 1926 aut,
1456 1893 1479 1920 si
1492 1893 1564 1920 istud
1581 1892 1671 1926 ipsum
1692 1891 1731 1919 si-
1747 1884 1751 1889 ’

941 1941 1094 1977 gniﬁcat-et,
1111 1941 1204 1968 statim
1221 1941 1254 1968 de
1277 1939 1418 1967 ordinaria
1437 1938 1621 1974 peusitatione
1639 1937 1731 1972 potius

940 1987 1144 2022 intelligendum
1161 1987 1310 2018 videretur,
1325 1993 1407 2020 quam
1428 1985 1461 2012 ad
1483 1983 1732 2012 extraordinariam

939 2034 1123 2062 referendum.
1141 2033 1192 2061 Sed
1207 2040 1258 2060 nec
1273 2032 1338 2060 illud
1355 2032 1450 2067 probo,
1462 2031 1536 2066 quod
1557 2030 1656 2057 ibidem
1672 2029 1731 2056 dis—

939 2085 1074 2116 putatur:
1099 2084 1244 2114 propterea
1267 2078 1384 2113 primam
1406 2078 1480 2104 illam
1499 2085 1514 2104 a
1528 2075 1644 2109 Quirino
1667 2083 1733 2102 cen-

943 2126 1048 2153 sionem
1066 2125 1222 2159 institutam
1238 2124 1303 2156 dici,
1316 2123 1390 2156 quod
1407 2122 1529 2149 Romano
1543 2129 1619 2148 more
1633 2122 1734 2155 quinto

941 2179 1052 2206 quoque
1076 2178 1149 2197 anno
1173 2177 1273 2197 census
1302 2169 1460 2196 haberetur.
1491 2167 1558 2195 Nam
1589 2175 1638 2194 nec
1665 2167 1730 2193 illml

101 2216 173 2247 quod
202 2215 297 2242 eodem
324 2215 487 2250 pertinebat,
518 2215 654 2250 ascripsit.
674 2215 751 2248 Quod
776 2215 886 2250 quidem
904 2222 926 2249 υ
940 2220 1070 2250 perpetuo
1086 2214 1344 2249 tcnnitutquinque
1357 2214 1437 2240 annis
1449 2212 1618 2240 vertentibus
1630 2219 1735 2238 census

102 2261 218 2289 Eusebio
236 2261 324 2289 fraudi
352 2261 409 2288 fuit.
436 2261 487 2294 Qui
505 2262 539 2288 ad
564 2269 665 2288 annum
689 2261 799 2288 tertium
824 2259 888 2288 Julii

100 2307 227 2341 Caesaris,
244 2307 346 2343 olymp.
373 2307 424 2334 188
451 2307 571 2339 tertium,
595 2307 724 2338 adnotat,
748 2307 887 2337 decretum

101 2358 211 2381 senatus
231 2358 259 2380 et
278 2352 483 2379 Atheniensium
507 2352 539 2379 ad
556 2351 666 2379 Judzcos
680 2359 742 2379 esse
762 2352 887 2384 missum,

101 2401 145 2435 qui
159 2408 206 2435 per
216 2400 320 2434 legatos
331 2398 480 2426 amicitiam
491 2398 674 2432 postularant.
693 2396 750 2424 Hoc
765 2405 829 2424 vero
841 2397 887 2424 diu

101 2451 161 2474 ante
176 2450 282 2481 gestum
298 2449 365 2477 erat,
382 2444 433 2472 sub
459 2444 585 2480 Hyrcano
603 2443 728 2476 Seuiore,
754 2448 784 2470 ut
802 2442 888 2470 cuivis

101 2497 221 2527 aptaret.

136 2537 197 2565 Haec
215 2538 304 2571 itaque
332 2536 449 2564 societas
464 2539 507 2562 est
530 2535 586 2567 illa,
607 2539 634 2561 et
651 2534 780 2566 amicitia,
805 2542 886 2568 quam

100 2583 148 2610 sub
162 2582 278 2618 Augusti
309 2582 415 2609 initium
435 2581 503 2608 inter
515 2580 623 2607 Judzeos
639 2583 666 2606 et
682 2579 821 2606 Rernanos
846 2579 887 2605 irr-

101 2634 252 2657 stauratutn
268 2628 348 2656 docet
363 2627 543 2662 Epiphanius,
559 2634 620 2662 qua:
643 2625 675 2653 ad
692 2625 755 2652 Julii
771 2625 887 2652 Gtt-saris

102 2679 221 2710 tempora
248 2674 329 2702 debet
353 2673 467 2706 referri;
484 2681 546 2700 cum
576 2672 717 2708 Hyrcanus
731 2671 886 2699 Judazorum

102 2720 233 2755 pontifex,
246 2724 273 2746 et
293 2720 442 2746 ethnareha
456 2720 491 2746 ab
507 2719 553 2746 illo
577 2718 745 2746 constitutus
771 2723 822 2745 est.
849 2717 887 2745 Ac

103 2773 154 2794 tum
166 2766 276 2802 quidem
294 2765 418 2793 nonnihil
436 2765 529 2792 tributi
556 2765 666 2793 nomine
691 2764 886 2799 Hierosolymi-

106 2820 189 2844 tanos,
205 2811 367 2846 Iuda-osque
382 2816 496 2839 caeteros
509 2811 660 2846 peusitasse
668 2810 803 2846 Josephus
818 2811 886 2838 indi-

99 2864 140 2888 cat
153 2859 242 2894 capite
265 2858 311 2887 illo
327 2858 370 2892 l7,
391 2857 442 2886 etsi
458 2857 623 2893 perobscura
637 2861 701 2886 sunt
714 2856 820 2886 Juliana
842 2857 886 2886 illa

940 2265 1075 2297 ageretur,
1093 2266 1120 2288 et
1144 2261 1226 2288 aliam
1251 2268 1364 2287 causam
1389 2267 1450 2287 esse
1476 2258 1651 2286 manifestum
1676 2261 1730 2287 cst,

940 2307 975 2334 ob
986 2315 1068 2342 quam
1085 2307 1171 2341 prima
1188 2306 1246 2334 haec
1260 2306 1295 2333 sit
1310 2306 1445 2340 appellata
1460 2304 1616 2339 descriptio.
1634 2303 1731 2330 videli-

939 2359 992 2386 cet,
1008 2354 1082 2388 quod
1107 2354 1191 2381 altera
1210 2357 1271 2387 post
1284 2353 1409 2380 Archelai
1429 2352 1624 2387 relegationem
1642 2351 1731 2378 cidem

939 2400 1053 2433 Quirino
1069 2400 1195 2427 mandata
1209 2399 1303 2426 fuerit.
1321 2398 1358 2425 De
1378 2407 1431 2433 qua
1450 2406 1479 2426 re
1494 2398 1554 2425 vide
1569 2405 1631 2432 qua:
1647 2396 1730 2424 Del-te-

939 2446 997 2472 rius
1014 2450 1109 2473 noster
1131 2450 1158 2472 et
1181 2444 1314 2479 Keplerus
1333 2445 1442 2472 erudite
1460 2444 1638 2471 commentati
1657 2447 1731 2471 sunt.

938 2490 1032 2526 Neque
1047 2491 1119 2518 enitn
1145 2490 1283 2518 censionis
1306 2490 1391 2524 hujus
1414 2490 1583 2524 Epiphanius
1598 2489 1731 2520 uteminit,

939 2542 970 2565 ut
983 2545 1044 2565 eam
1059 2537 1138 2565 nobis
1156 2537 1335 2572 quazstioncm
1352 2537 1491 2571 explicare
1506 2544 1619 2564 necesse
1637 2535 1683 2563 sit.

974 2584 1064 2619 Atque
1084 2588 1114 2610 ut
1129 2583 1201 2611 hanc
1216 2584 1249 2611 de
1269 2583 1387 2610 Herodis
1409 2583 1490 2611 annuis
1516 2583 1730 2618 disputationem

939 2628 1086 2663 aliquando
1109 2629 1284 2661 concludam,
1309 2629 1344 2660 si,
1360 2629 1433 2663 quod
1452 2628 1604 2663 Epiphanio
1629 2629 1730 2663 placet,

939 2681 986 2701 \llll
1009 2674 1048 2701 ld.
1069 2674 1206 2709 Jan.,quo
1220 2675 1264 2701 die
1282 2679 1364 2701 natus
1379 2679 1419 2702 est
1437 2674 1575 2706 Christus,
1589 2681 1662 2701 anno
1683 2674 1731 2701 Ju-

938 2718 1012 2746 liano
1024 2719 1074 2751 44,
1100 2718 1221 2747 Herodes
1244 2727 1346 2747 annum
1372 2720 1470 2754 agebat
1493 2719 1600 2753 imperii
1630 2727 1728 2753 xum,

938 2765 998 2800 ejus
1016 2765 1123 2792 initium
1140 2765 1165 2792 in
1184 2764 1325 2792 lulianum
1345 2765 1372 2792 ll
1391 2765 1529 2795 convenit,
1547 2765 1658 2792 biennio
1675 2770 1730 2792 tarv

938 2811 1010 2844 dius,
1024 2819 1105 2846 quam
1121 2812 1235 2838 historia
1251 2811 1388 2845 postulat,
1403 2818 1464 2845 qua:
1476 2810 1591 2837 alterum
1611 2810 1726 2838 Herodis

939 2857 1049 2886 initium
1065 2856 1174 2886 Juliano
1188 2858 1204 2886 9
1218 2856 1354 2885 accidisse
1368 2855 1515 2884 conﬁrmat
1531 2864 1537 2882 :
1553 2863 1568 2882 a
1583 2863 1639 2890 quo
1659 2863 1723 2885 cum
