1935 3044
214 165 266 195 921

784 163 955 191 APPENDIX
976 162 1293 191 DISSI‘LIITATIONUM.

1803 161 1855 190 9°73

216 225 350 259 JoScphus
377 231 460 251 xxxiv
484 224 618 259 duntaxat
635 231 723 251 annos
747 223 881 251 Ilerodem
910 223 1001 250 vixiss¢

1064 222 1208 249 inchoatus
1231 221 1329 249 fuerat.
1355 221 1393 248 Ita
1415 226 1472 254 est;
1491 220 1538 248 sed
1563 220 1633 247 κατὰ
1650 220 1785 256 πρόληψιν
1810 228 1856 248 sco

218 276 322 304 narret,
349 270 518 306 Epiphanius
539 270 608 297 libro
633 277 651 302 I,
681 278 708 296 ιι.
736 270 884 304 2.septcm
912 274 939 296 et
959 270 1008 296 tri-

214 317 289 352 ginta
305 317 425 347 deducit,
441 317 541 350 quibus
564 316 629 343 totis
646 323 777 350 regnasse
799 319 861 350 post
887 315 1007 350 primum

213 362 351 389 decretum
370 361 492 394 dicitur,
510 369 572 388 cum
600 362 699 388 horum
730 361 895 396 principium
920 369 935 387 a
957 360 1008 388 Ju-

214 407 286 434 liauo
302 411 380 434 sexto
398 407 485 441 repeti
504 406 612 433 debeat.
629 406 766 439 Quocirca
781 411 898 434 mortem
922 406 1008 434 Hero-

212 453 254 480 dis
276 451 384 480 confert
400 452 426 478 in
443 460 545 479 annum
567 451 710 479 Julianum
729 452 781 485 47;
797 460 859 479 eum
875 452 1008 479 Dominus

212 504 343 533 quartum
365 497 422 532 jam
441 505 544 524 annum
560 498 649 525 anatis
666 498 811 532 attigisset.
836 497 888 524 Sed
907 498 928 525 si
944 506 1005 525 vera

212 547 285 573 sunt,
301 550 362 577 quae
377 541 515 576 Josephus
528 542 562 569 de
578 541 685 569 Ilerode
702 541 872 576 perscripsit,
894 549 1007 568 necesse

211 594 263 620 est.
280 594 309 616 ut
329 589 438 616 Juliano
454 588 489 615 42
506 588 656 615 decesserit
671 596 678 614 :
702 587 774 614 unde
798 592 824 614 et
846 586 961 619 Natalis,
977 590 1007 613 ut

211 634 342 665 diximus,
363 633 470 660 Domini
486 637 614 668 quatuor,
634 634 675 660 vel
693 633 815 668 quinque
828 634 908 660 annis
928 638 1006 660 alite-

211 679 358 706 vvrtendus
372 679 434 706 erit.
453 679 519 712 Quae
535 679 646 714 quidem
666 687 716 706 nos
741 680 862 706 nomlum
881 687 913 706 ex
939 679 1005 714 opi-

213 724 296 751 nione
311 729 404 751 nostra
428 724 592 757 constituta;
607 724 653 752 sed
670 732 702 752 ex
715 724 827 759 Josephi
845 730 944 757 mente,
961 730 1004 752 at-

212 777 265 804 que
279 770 393 797 historia
417 770 531 797 collecta
549 771 641 797 haberi
657 770 682 797 a‘
696 771 857 802 lectoribus,
874 771 1005 806 expendi-

214 823 267 849 que
280 816 417 843 volumus.
437 816 568 851 Superest
583 821 611 843 ut
622 817 656 844 de
671 817 788 852 Augusti
804 824 888 849 anno,
904 817 951 852 qui
963 821 1004 844 est

214 860 284 888 alius
308 859 412 888 Natalis
430 861 564 889 Dominict
587 858 731 890 character
748 863 781 890 ab
796 862 949 898 Epiphanio
962 863 1003 890 al-

212 907 294 941 latus,
314 907 506 943 perstringam.

317 975 403 1008 Quoto
416 975 530 1010 Augusti
545 983 614 1002 anno
628 981 706 1003 natus
722 977 756 1003 sit
773 975 905 1004 Christus.

253 1041 333 1068 Anno
346 1041 521 1076 imperatoris
534 1041 648 1077 Augusti
668 1049 727 1069 χιιι
748 1048 842 1069 natum
855 1050 915 1070 esse
929 1041 1004 1069 Chri-

215 1093 298 1120 stum,
320 1092 414 1115 censet
439 1087 625 1123 Epiphanius,
647 1096 728 1123 quem
756 1096 862 1115 annum
889 1096 922 1115 ex
948 1097 1003 1123 quo

213 1133 298 1160 Judaei
315 1133 437 1160 Βυιιιίιιιο
453 1134 568 1168 imperio
583 1134 721 1169 subiuncti
740 1138 815 1166 sunt,
835 1142 900 1160 χχιχ
918 1133 1004 1160 fuisse

213 1178 291 1205 dicit.
307 1178 369 1205 Tria
385 1179 558 1213 potissimum
569 1179 683 1213 Augusti
695 1179 902 1206 constituuntur
914 1178 1002 1206 initia.

214 1223 336 1251 Primum
353 1225 388 1252 ab
411 1224 469 1262 ipso
485 1232 569 1256 anno,
597 1233 652 1259 quo
669 1223 759 1251 Julius
775 1225 867 1252 Czrsar
891 1225 1003 1251 interfe-

213 1275 275 1297 ctus
289 1274 341 1301 est,
355 1270 402 1304 qui
421 1274 461 1297 est
477 1269 559 1297 Urbis
574 1270 635 1302 710,
651 1269 777 1297 Julianus
788 1270 816 1301 2-,
835 1271 953 1298 alterum
969 1270 1003 1297 ab

216 1322 289 1342 anno
304 1315 438 1349 sitquenti,
462 1314 543 1342 Urbis
561 1315 610 1342 7II
625 1324 633 1347 _;
649 1315 758 1342 tertium
777 1316 812 1342 ab
833 1316 945 1343 Actiaca
963 1316 1003 1342 vi-

213 1361 310 1393 ctoria,
325 1361 382 1388 sive
396 1369 411 1388 a
424 1361 442 1387 ‘2
454 1361 528 1396 Sept.
547 1361 611 1388 anni
633 1361 716 1389 Urbis
732 1361 795 1394 725,
810 1366 839 1388 ut
855 1361 904 1389 Dio
919 1365 1004 1389 testa-

215 1412 260 1433 tur
285 1406 313 1434 in
329 1407 442 1434 exordio
467 1407 514 1434 lib.
534 1414 570 1434 ιι.
599 1405 668 1433 Ilinc
695 1407 822 1434 diversus
847 1408 881 1434 ad
899 1407 1002 1434 Christi

213 1451 336 1480 Natalem
354 1460 488 1481 annorum
504 1453 617 1488 Augusti
633 1461 765 1480 numerus
789 1454 928 1481 statuitur.
949 1453 1002 1481 Sed

215 1499 295 1535 vulgo
311 1507 366 1527 XLII
389 1499 449 1534 ejus
470 1507 543 1526 anno
556 1503 650 1526 natum
666 1506 728 1526 esse
745 1498 839 1526 Patres
855 1499 1001 1531 allirmant,

216 1545 362 1574 Eusebium
383 1545 481 1577 secuti,
504 1545 551 1580 qui
569 1545 687 1580 idipsum
714 1545 812 1572 Eccles.
832 1546 894 1572 ltist.
916 1545 962 1572 lib.
982 1553 1000 1576 I,

213 1600 272 1625 cap.
290 1591 317 1623 6,
328 1596 354 1618 et
371 1591 398 1617 in
414 1590 550 1618 Clzronicis
565 1591 684 1626 scripsit.
697 1591 774 1624 Quod
785 1596 875 1618 autent
885 1591 1001 1618 Annales

213 1637 386 1663 e.‘clt’sias!it‘i
412 1637 545 1669 tradunt,
572 1644 620 1664 eos
640 1637 685 1671 qui
709 1637 735 1664 in
759 1644 861 1664 annum
885 1637 1000 1672 Augusti

215 1690 269 1710 an
297 1682 420 1710 Natalem
437 1682 540 1710 Christi
555 1682 712 1715 conferunt,
725 1682 759 1708 ah
773 1683 833 1716 ipso
847 1689 932 1714 anno,
946 1690 1001 1717 quo

214 1728 304 1755 Julius
319 1728 411 1755 Ca'sar
424 1728 584 1756 interfectus
599 1732 652 1760 est,
664 1735 752 1755 annos
759 1728 879 1755 exordiri
892 1737 899 1755 :
918 1728 1000 1755 simul

213 1774 286 1809 quod
311 1774 486 1801 librariorum
515 1775 595 1808 culpa
620 1773 723 1802 factum
748 1779 856 1809 putant,
886 1779 918 1802 ut
937 1782 1000 1801 cum

215 1819 347 1846 Eusebius
369 1819 428 1854 ipso
452 1826 525 1846 anno
546 1818 661 1846 Julianze
678 1819 762 1852 necis,
786 1819 833 1854 qui
855 1824 896 1847 est
916 1819 999 1855 ulym.

180 1892 183 1893 ,
213 1865 265 1891 181
281 1865 397 1900 primus,
419 1865 535 1900 Augusti
557 1865 694 1898 posuisset
715 1865 834 1897 initium.
856 1865 883 1892 id
902 1865 929 1892 in
958 1873 1002 1892 se-

211 1915 340 1945 quentem
357 1910 522 1937 translatum
539 1910 621 1944 fuerit
633 1910 865 1943 quemadmodum
877 1915 904 1938 et
917 1909 999 1938 Nata-

213 1956 246 1982 lis
261 1955 363 1983 Christi
384 1956 410 1982 in
428 1963 530 1983 annum
553 1956 662 1983 tertium
678 1955 779 1991 olymp.
797 1956 858 1989 19-1,
874 1964 936 1983 cum
954 1964 998 1984 se-

213 2002 303 2028 cundo
315 2008 347 2028 ex
363 2001 582 2032 menteEusebii
606 2006 752 2036 competat,
776 2006 904 2029 neutrum
928 2003 996 2030 mihi

212 2045 321 2081 quidem
340 2046 480 2081 probatur.
501 2046 530 2073 In
549 2046 644 2081 primis
672 2047 746 2074 enim
766 2047 837 2082 apud
851 2046 999 2074 Eusebium

214 2093 241 2119 in
272 2093 394 2120 editione
416 2092 539 2125 Pontaci,
565 2093 706 2120 Octaviani
737 2093 845 2120 initium
872 2093 999 2128 alligatur

212 2146 305 2165 annoa
316 2138 433 2166 Caesaris
445 2146 511 2166 nece
522 2139 658 2173 proximo,
674 2138 837 2174 Olympiadis
857 2139 978 2167 secundo
991 2149 998 2166 :

211 2183 314 2212 Natalis
335 2192 399 2211 vero
430 2184 531 2212 Christi
554 2192 626 2211 anno
640 2185 720 2211 tertio
738 2185 821 2219 olytn.
840 2184 900 2216 194,
925 2185 998 2219 quod

1061 268 1183 294 cundum
1211 273 1238 295 et
1262 266 1505 302 quadragesimum
1535 274 1638 294 annum
1663 274 1677 293 a
1704 265 1763 292 Kal.
1792 266 1854 293 Jan.

1062 314 1181 348 incepit;
1197 313 1270 348 quod
1288 313 1429 348 plerisque
1451 312 1608 347 scriptorib.
1624 312 1685 339 aliis
1705 318 1748 339 est
1773 312 1855 339 fami-

1061 359 1138 386 liare.
1159 358 1226 386 Nam
1248 358 1320 394 quod
1347 359 1382 386 ab
1401 357 1483 385 Urbis
1503 365 1576 385 anno
1598 358 1665 390 711,
1681 357 1793 385 Juliauo
1823 359 1852 390 5,

1060 405 1177 440 Augusti
1195 413 1282 432 annos
1303 409 1455 439 computet,
1469 408 1634 439 argumento
1647 408 1691 431 est
1712 405 1852 439 temporis,

1061 459 1118 486 quo
1140 452 1296 486 imperarit,
1330 451 1374 478 illa
1397 450 1524 485 partitio;
1545 457 1599 484 qua
1625 450 1743 484 prinmm
1766 458 1854 477 annos

1059 498 1191 525 tredecim
1219 497 1368 532 imperasse
1391 496 1504 528 scribit,
1532 495 1616 530 πρινὴ
1640 496 1690 530 τὴν
1722 495 1852 522 Ἰουδαίαν

1060 543 1229 578 συναφοῆναι
1246 542 1355 573 τελείως
1379 541 1525 576 Ῥωμαίοις
1535 561 1542 572 ,
1558 541 1631 575 quod
1645 548 1717 568 anno
1732 541 1768 567 illi
1781 561 1788 570 ,
1806 541 1852 575 qtli

1057 590 1197 616 Actiacam
1216 588 1357 615 victoriam
1379 593 1488 615 secutus
1508 593 1561 620 est,
1589 588 1726 621 congruit,
1741 585 1851 613 Juliano

1057 635 1161 662 scilicet
1176 634 1218 663 16.
1233 634 1414 667 Quamobrem
1431 642 1445 660 a
1458 632 1567 660 Juliaan
1580 633 1660 659 tertio
1670 632 1703 659 ad
1714 632 1851 659 decimum

1056 681 1183 716 quintum
1211 680 1275 707 auni
1299 679 1429 707 tredecim
1455 679 1592 706 exsistunt
1614 688 1620 705 :
1639 678 1740 713 quibus
1766 679 1850 705 additi

1060 726 1106 758 ‘29,
1127 733 1264 752 summam
1289 733 1344 751 an
1368 724 1528 756 coniiciunt,
1558 731 1675 758 quormn
1695 727 1852 758 postremus

1055 772 1089 799 4-1
1106 771 1219 798 Juliano
1237 771 1341 805 incipit,
1359 774 1386 796 et
1401 769 1509 804 quidem
1528 777 1561 795 ex
1581 769 1613 794 A.
1640 767 1672 795 D.
1696 767 1756 794 Kal.
1775 767 1850 798 Jan..

1056 824 1085 846 ut
1098 819 1200 845 dictum
1220 821 1273 844 est.
1294 817 1381 850 Quam
1398 816 1434 842 ob
1448 822 1557 842 causam
1578 822 1650 841 anno
1671 814 1788 849 Augusti
1806 819 1850 840 xu

1055 866 1157 900 potius,
1182 872 1264 899 quam
1284 870 1338 890 xui
1353 861 1455 889 Natalis
1469 860 1570 889 Christi
1591 860 1773 896 assignandus
1789 860 1854 890 fuit,

1052 918 1115 938 cum
1145 909 1255 941 lrcnazo,
1272 907 1398 940 'I‘ertull.,
1422 907 1482 934 aliis
1502 906 1700 941 compluribus.
1713 906 1850 933 Caeterum

1055 955 1125 982 idem
1138 954 1181 981 ille
1197 961 1286 980 annus
1297 958 1359 988 post
1374 952 1512 979 Actiacam
1528 951 1670 978 victoriam
1685 956 1727 978 est
1742 959 1828 978 ιιι-ιιι
1841 959 1849 983 ;

1055 1000 1181 1027 Actiacos
1192 999 1263 1026 enim
1281 1006 1368 1024 annos
1383 997 1504 1032 [Egyptii
1522 1004 1666 1024 numerare
1677 1000 1821 1031 coeperunt
1833 1003 1849 1024 a

1053 1045 1163 1072 .Inliano
1189 1044 1232 1076 I6,
1257 1043 1339 1071 Urbis
1361 1043 1422 1070 726.
1447 1043 1540 1077 Itaque
1564 1042 1710 1070 vicesimus
1735 1047 1849 1070 octavus

1058 1092 1142 1127 carpit
1155 1091 1264 1118 Jnliano
1280 1091 1324 1121 45.
1341 1089 1468 1124 idemque
1478 1094 1505 1117 et
1518 1093 1648 1124 sequente
1657 1088 1778 1121 Juliano,
1792 1097 1849 1123 quo

1055 1141 1134 1164 natus
1145 1140 1188 1163 est
1204 1143 1238 1162 ex
1258 1134 1403 1169 Epiphanii
1422 1134 1557 1161 sententia
1570 1133 1707 1166 Christus,
1725 1127 1850 1161 Januarii

1055 1190 1092 1214 vi,
1111 1182 1202 1209 adhuc
1219 1181 1246 1208 in
1261 1189 1344 1208 cursu
1360 1185 1430 1214 erat,
1448 1188 1528 1216 quem
1544 1181 1589 1208 ille
1608 1185 1696 1208 tamen
1715 1189 1779 1208 xxix
1801 1189 1850 1216 ap-

1054 1229 1135 1264 pellat
1154 1237 1160 1255 :
1179 1227 1253 1263 quod
1273 1227 1325 1255 nisi
1349 1226 1439 1259 fallor,
1459 1231 1556 1255 contra
1572 1222 1655 1262 atque
1669 1227 1848 1255 Alexandrini

1054 1278 1263 1304 consueverant.
1283 1281 1298 1300 a
1323 1272 1382 1300 Kal.
1408 1272 1470 1300 Jan.
1487 1273 1654 1308 auspicetur.
1677 1273 1770 1308 Neque
1784 1282 1850 1301 vero

1054 1323 1144 1345 causze
1160 1317 1310 1352 quidquam
1329 1317 1390 1349 fuit,
1407 1326 1457 1345 cur
1482 1317 1509 1345 in
1532 1317 1682 1344 Annalibus
1705 1319 1770 1346 eccl.
1797 1320 1850 1346 mi-

1054 1371 1115 1390 rum
1132 1363 1280 1395 videretur,
1294 1363 1366 1398 quod
1379 1363 1506 1391 Clemens
1515 1369 1542 1391 et
1551 1363 1686 1392 Eusebius
1693 1364 1727 1391 ab
1736 1365 1848 1393 Actiaca

1055 1416 1147 1444 pugna
1180 1415 1269 1436 annos
1300 1408 1332 1434 ad
1357 1407 1481 1436 Natalem
1514 1408 1624 1436 Domini
1655 1415 1849 1444 computarent

1055 1462 1151 1486 xxviii,
1168 1459 1216 1482 aut
1232 1454 1306 1490 quod
1326 1453 1463 1482 Eusebius
1476 1454 1503 1481 in
1523 1454 1664 1482 Clarom‘cis
1695 1454 1849 1481 Antonium

1053 1505 1081 1527 et
1104 1499 1281 1534 Cleopatram
1309 1499 1462 1527 debellatos
1487 1500 1633 1535 scripserit
1662 1509 1736 1529 anno
1767 1502 1848 1529 tertio

1054 1545 1155 1580 olymp.
1183 1544 1245 1577 187.
1268 1552 1330 1572 cum
1346 1552 1378 1573 ea
1393 1544 1507 1572 victoria
1524 1553 1597 1573 anno
1609 1545 1691 1574 Urbis
1712 1547 1849 1575 accideret

1053 1591 1116 1623 725,
1130 1591 1252 1626 Augusto
1276 1599 1307 1618 ιιι
1328 1595 1355 1618 et
1369 1590 1484 1620 Messala
1505 1592 1757 1627 coss.,nlympiadis
1775 1600 1848 1620 anno

1054 1636 1135 1664 tertio
1155 1644 1241 1663 :nam
1256 1635 1360 1664 Actiaci
1385 1636 1462 1670 anui,
1487 1637 1588 1672 quibus
1615 1637 1742 1665 Clemens
1765 1643 1848 1672 atque

1053 1682 1187 1709 Eusebius
1211 1681 1253 1709 usi
1280 1686 1356 1714 sunt,
1376 1689 1431 1708 non
1459 1682 1494 1708 ab
1517 1681 1577 1716 ipso
1605 1689 1688 1713 anno,
1708 1682 1735 1709 in
1764 1690 1847 1717 quem

1051 1735 1141 1763 pugna
1169 1735 1202 1754 ac
1219 1727 1333 1754 victoria
1354 1726 1525 1759 cecidit,-scd
1548 1735 1562 1754 a
1587 1728 1712 1762 sequenti
1739 1728 1846 1761 ineunt,

1051 1773 1213 1809 Olympiadis
1235 1773 1286 1800 I87
1317 1772 1407 1805 tertio,
1430 1777 1492 1808 post
1511 1773 1622 1800 Antonii
1645 1777 1671 1800 et
1694 1772 1847 1808 Cleopatrae

1051 1826 1157 1846 necem.
1174 1817 1251 1845 Unde
1268 1826 1357 1846 annos
1373 1817 1490 1854 Augusti
1512 1817 1635 1853 plerique
1651 1823 1717 1846 sunt
1740 1819 1845 1851 exorsi,

1051 1863 1098 1898 qui
1122 1868 1266 1898 propterea
1290 1870 1362 1890 anno
1376 1862 1493 1898 Augusti
1519 1869 1606 1890 xxvtu
1630 1867 1724 1890 natum
1750 1864 1846 1892 dixere

1051 1909 1205 1936 Christum.
1229 1908 1392 1943 Quanquam
1415 1908 1443 1935 in
1458 1916 1492 1936 co
1515 1908 1623 1944 negotio
1637 1909 1782 1943 diligenter
1798 1910 1846 1938 ba-

1052 1954 1141 1981 henda
1158 1954 1230 1982 ratio
1241 1958 1294 1987 est,
1317 1954 1382 1988 quid
1403 1954 1554 1989 scriptores
1575 1954 1603 1981 in
1622 1954 1740 1982 Actiatxe
1758 1955 1846 1983 victo-

1051 2001 1100 2028 ria:
1124 2001 1228 2036 epocha
1253 2000 1496 2028 commemoranda
1523 1999 1575 2028 sibi
1602 2000 1748 2028 voluerint.
1775 2001 1843 2029 Nam

1051 2055 1114 2075 cum
1129 2047 1253 2074 Actiacos
1265 2055 1348 2073 anno:
1369 2047 1538 2081 exprimunt,
1565 2053 1581 2074 a
1597 2046 1706 2074 Juliano
1730 2047 1774 2081 I6,
1796 2048 1844 2083 qui

1051 2093 1163 2120 Actiaca
1184 2092 1299 2120 victoria
1323 2092 1459 2127 pOstcrior
1483 2096 1535 2126 est,
1559 2092 1703 2128 incipiunt.
1734 2093 1784 2121 Sin
1809 2094 1844 2122 ab

1052 2139 1165 2166 Actiaca
1189 2138 1304 2166 victoria
1322 2143 1362 2166 tot
1380 2146 1469 2166 annos
1489 2139 1598 2174 elapsos
1613 2147 1673 2166 esse
1690 2139 1793 2172 dicant,
1810 2141 1844 2167 ab

1052 2185 1170 2220 ipsumet
1187 2192 1285 2221 pugna;
1298 2184 1403 2212 navalis
1419 2192 1492 2212 anno
1507 2185 1612 2212 ducunt
1634 2185 1753 2212 initium.
1770 2187 1844 2218 Quo-

211 2234 238 2256 et
250 2228 386 2255 I’ontacus
405 2229 463 2264 ipse
478 2230 518 2256 vir
531 2230 657 2256 eruditus
671 2230 841 2264 argumentis
855 2231 997 2264 approbat.
1017 2239 1040 2268 ι)
1053 2231 1126 2258 circa
1137 2250 1145 2262 ,
1170 2231 1309 2258 immerito
1339 2229 1479 2264 Scaligero
1504 2235 1614 2258 notatur
1640 2231 1844 2259 eruditissimus

212 2273 288 2301 Adde
310 2274 383 2308 quod
403 2273 538 2301 Eusebius
551 2275 672 2308 Augusto
689 2282 776 2302 annos
801 2275 918 2309 imputat
943 2283 999 2308 ιιι,

212 2327 320 2348 menses
334 2327 369 2352 vr,
386 2320 436 2346 hoc
451 2325 492 2347 est
507 2320 664 2348 inchoatum
680 2328 747 2348 LVII.
761 2321 851 2354 Quare
864 2329 926 2349 cum
942 2323 1000 2349 Au-

212 2370 308 2400 gustus
325 2372 398 2392 anno
415 2364 495 2392 Urbis
511 2365 560 2392 767
579 2366 687 2394 duobus
708 2366 799 2394 Sextis
824 2374 897 2394 coss.
924 2375 999 2394 mor-

212 2415 275 2437 tuus
285 2411 330 2443 sit,
344 2418 387 2437 xtv
401 2410 460 2438 Kal.
477 2411 552 2446 Sept.
567 2419 656 2439 annus
672 2413 742 2446 apud
758 2412 905 2439 Eusebium
919 2413 1000 2447 quin-

211 2456 387 2490 quagesimus
419 2457 552 2490 septimus
583 2465 598 2484 a
624 2457 720 2484 Martio
746 2457 838 2484 debuit
860 2457 999 2492 incipere,

211 2502 328 2538 ideoque
343 2504 446 2538 primus
461 2504 556 2531 incidit
572 2504 598 2530 in
620 2503 702 2531 Urbis
716 2504 777 2531 7II.
800 2504 894 2539 Itaque
911 2512 1000 2532 annus

211 2549 325 2584 Augusti
348 2556 403 2576 χιιι
427 2549 511 2584 εαιρίι
528 2549 610 2577 Urbis
635 2558 707 2577 anno
733 2550 795 2583 752,
819 2549 928 2578 Juliano
948 2550 998 2584 44;

210 2595 346 2630 Joscphus
360 2603 423 2623 vero
435 2596 482 2623 lib.
501 2605 519 2623 ιι
534 2596 570 2622 De
581 2597 695 2630 excidio,
708 2604 768 2632 cap.
782 2596 809 2629 8,
821 2604 882 2624 cum
894 2598 999 2632 imperii

211 2649 299 2668 annos
318 2646 446 2668 numerat
473 2649 538 2675 Lvu,
557 2649 664 2670 menses
689 2650 726 2674 vt,
746 2642 806 2670 dies
828 2651 857 2676 ιι,
880 2643 915 2671 ab
940 2643 1000 2678 ipso

210 2695 284 2715 anno
298 2686 414 2714 Iuliana:
429 2687 511 2715 caedis
527 2688 652 2717 orditur:
668 2693 694 2716 et
706 2689 816 2723 quidem
830 2692 940 2724 postero
955 2689 1000 2717 die

211 2733 245 2760 ab
260 2733 349 2761 Idibus
363 2732 480 2760 Martiis.
499 2732 668 2768 Epiphanius
687 2737 790 2766 autem,
803 2734 850 2768 qui
869 2742 941 2761 anno
954 2733 1000 2762 Ju-

211 2779 285 2807 Iiano
305 2779 350 2812 M,
367 2783 461 2807 natum
486 2778 654 2806 Salvatorem
673 2779 798 2812 credidit,
814 2787 860 2806 VIII
875 2779 914 2807 Id.
935 2780 998 2808 Jan.

212 2833 284 2852 anno
297 2825 411 2860 Augusti
427 2833 493 2859 XLII,
510 2826 616 2853 initium
634 2825 695 2861 ejus
710 2826 806 2853 statuit
817 2825 926 2854 Juliano
942 2832 997 2854 ter-

213 2871 263 2905 tio,
279 2870 360 2900 Urbis
374 2872 435 2906 7Il,
457 2873 530 2908 atqui
545 2872 665 2900 nondum
681 2880 747 2905 χιιι,
763 2871 895 2902 Januario
904 2881 998 2903 mense

1052 2276 1184 2304 Onulrius
1201 2285 1208 2302 ε
1226 2276 1298 2311 quod
1322 2284 1384 2303 cum
1409 2281 1503 2304 natum
1523 2284 1585 2304 esse
1601 2276 1742 2303 Christum
1767 2285 1844 2305 asse-

1053 2322 1165 2354 ruisset,
1179 2322 1302 2357 Augusto
1319 2329 1366 2348 xm
1383 2325 1410 2349 et
1426 2320 1537 2348 Silvano
1554 2329 1627 2349 coss.
1651 2321 1717 2357 (Est
1734 2323 1778 2350 hic
1793 2331 1843 2349 an-

1051 2375 1104 2395 nus
1116 2367 1242 2395 Julianus
1254 2367 1300 2401 41,
1316 2367 1418 2403 olymp.
1443 2367 1493 2394 194
1507 2367 1629 2403 tertius),
1649 2368 1775 2395 eumdem
1794 2369 1844 2396 Ur-

1052 2413 1094 2441 bis
1119 2421 1180 2441 csse
1205 2413 1333 2440 statuerit
1357 2412 1426 2443 752,
1453 2412 1594 2440 Actiacum
1621 2421 1685 2440 xxx.
1710 2414 1841 2449 Scaligeri

1050 2459 1132 2486 verba
1147 2462 1211 2486 sunt
1227 2458 1274 2485 lib.
1290 2465 1316 2484 vt
1334 2457 1372 2485 De
1387 2458 1489 2484 emend.
1503 2466 1512 2484 :
1529 2457 1601 2484 Nam
1612 2459 1778 2485 verissimum
1794 2466 1842 2491 est,

1051 2504 1220 2532 consulatum
1241 2504 1356 2538 Augusti
1372 2511 1419 2531 xttl
1438 2504 1669 2531 concurrissecum
1682 2513 1751 2530 anno
1765 2507 1842 2532 tertia

1051 2551 1148 2585 olymp.
1169 2550 1227 2577 194.
1246 2549 1297 2577 Sed
1312 2558 1371 2576 eum
1393 2558 1491 2576 annum
1512 2549 1641 2576 Palilinm
1663 2549 1843 2577 Varroniano-

1051 2603 1109 2622 rum
1134 2594 1215 2628 fuisse
1232 2595 1294 2625 752,
1322 2599 1346 2621 et
1370 2595 1509 2621 Actiacum
1530 2595 1641 2622 50.1100
1664 2603 1724 2622 t'ero
1742 2596 1842 2630 pnsum

1050 2646 1098 2668 est.
1119 2639 1176 2667 Uno
1187 2640 1257 2666 enim
1274 2648 1344 2666 anno
1359 2640 1418 2674 plus
1431 2640 1507 2667 dicit.
1523 2639 1576 2667 Sed
1591 2640 1648 2667 hate
1661 2649 1724 2667 cum
1739 2643 1841 2669 scribe-

1050 2691 1092 2714 ret
1106 2686 1224 2721 vigilans
1241 2685 1396 2713 somniabat
1411 2685 1541 2721 Scaliger.
1555 2685 1629 2713 Nihil
1647 2687 1720 2713 enim
1737 2689 1840 2715 certius

1049 2738 1101 2765 est,
1116 2740 1199 2767 quam
1222 2739 1255 2760 ex
1277 2731 1422 2764 Varronis,
1451 2732 1593 2767 ipsiusque
1607 2732 1675 2759 adeo
1707 2732 1840 2769 Scaligt-ri

1050 2781 1167 2811 ratione,
1191 2779 1366 2807 consulatum
1385 2779 1499 2814 Augusti
1515 2786 1563 2806 xm
1577 2782 1604 2806 et
1618 2779 1720 2806 Silvani
1742 2781 1776 2806 ad
1793 2787 1839 2806 an-

1050 2835 1115 2857 num
1139 2825 1221 2854 Urbis
1245 2825 1297 2852 752
1313 2826 1461 2860 pertinere,
1483 2824 1621 2852 Julianum
1639 2824 1683 2857 41,
1705 2833 1763 2859 per.
1783 2824 1838 2853 Jul.

1050 2873 1130 2907 4712,
1145 2872 1221 2907 cyelo
1232 2872 1299 2900 solis
1311 2879 1370 2906 xix,
1385 2872 1456 2900 lunae
1469 2880 1528 2904 nu,
1544 2871 1638 2900 indiet.
1653 2879 1682 2898 ll.
1695 2870 1745 2900 Est
1755 2872 1839 2900 etiam
