1935 3044
61 169 113 198 929

61 273 151 306 ipsum
170 280 269 307 pugure
285 273 402 307 primum
419 280 557 299 numeres.
575 272 668 307 Neque
681 279 747 299 vero
762 271 856 297 Actia-

59 326 119 344 tum
130 326 231 344 annum
245 326 297 344 xxx
313 325 375 345 esse
388 318 456 345 dixit
466 317 599 345 Onufrius
613 327 619 344 :
635 317 680 345 sed
693 321 751 351 post
764 317 851 343 Actia-

60 372 121 390 cam
139 365 290 396 victoriam,
305 364 356 391 hoc
369 369 411 391 est
426 364 568 392 Actiacum
583 373 658 392 xxix.

97 410 242 436 Postremo
261 410 288 436 in
305 418 358 437 :era
375 410 540 446 Dionysiana
564 416 639 438 extra
656 410 854 438 dubitationem

60 460 113 485 est.
131 456 272 483 Christum
291 456 407 491 Augusti
425 464 501 488 xuii,
521 457 632 484 Actiaco
653 465 716 484 vero
736 465 789 483 xxx
808 464 856 482 na-

61 506 118 528 tmn
139 509 210 528 esse.
240 500 318 534 Quod
345 501 368 529 si
394 501 429 528 40
444 502 485 529 vel
503 502 534 528 41
552 502 663 529 Juliauo
684 510 716 528 ex
739 502 856 528 aliorum

61 547 198 574 sententia
218 553 295 574 ortus
317 552 404 580 esset,
423 548 449 575 id
467 548 493 575 in
517 548 571 581 38,
593 548 635 575 vel
651 548 686 576 '59
705 547 855 581 lulianutu,

61 594 204 620 Actiacum
223 601 286 620 vero
302 602 366 624 xxv,
383 594 425 621 vel
443 594 478 621 26
493 594 662 622 conveniret.

95 639 156 665 Col.
181 638 234 665 952
258 639 286 666 Β.
319 639 523 673 Γεννηθέντος
545 640 579 667 δὲ
609 639 702 667 αὐτοῦ
722 639 789 673 περὶ
806 639 859 666 τὸν

68 684 284 718 Ἰ(Ιννουάριον.
299 685 544 713 Luculentissimus
553 685 597 712 hic
608 686 684 712 locus
692 690 733 712 est
743 694 750 712 :
765 685 791 711 in
804 691 859 719 quo

62 729 297 758 Nataicmuhristi
310 731 381 758 diem
393 731 817 760 accuratissimecircumscribit.
828 729 860 756 Et

64 777 176 811 quidem
192 776 223 803 Α.
248 776 278 803 ι).
293 785 340 803 vui
362 776 400 803 Id.
416 776 545 809 Jan.,hoc
558 781 600 804 est
622 776 744 804 Januarii
765 784 802 808 vr,
832 776 859 802 in

65 831 148 858 quem
163 821 377 857 Epiphaniornm
395 822 492 850 festum
510 823 624 856 incidit,
641 827 733 850 natum
751 829 862 850 asseve-

65 875 127 898 rat.
144 876 177 896 ex
193 868 332 895 communi
356 867 547 904 {Egyptiorum
571 868 724 899 sententia,
750 867 783 895 de
807 874 861 902 qua

653 167 699 195 DE
717 166 812 194 ANNO
833 165 961 194 NATALI
980 166 1130 196 CIIRISTI.

61 227 105 253 hic
121 234 213 253 annus
233 226 267 254 ab
285 225 396 253 Actiaca
421 233 510 261 pugna
534 226 702 257 tricesimus,
717 226 739 253 si
755 231 857 252 animm
873 227 896 253 Α

1651 171 1703 199 930

981 226 1114 261 Πάνεμος.
1397 227 1496 255 Julius.

979 260 1064 297 ᾼῷθςζ
1396 263 1546 297 Angustus.

981 295 1134 332 l‘oprttai'og.
1397 295 1566 332 September.

986 331 1223 366 ’Υπερῦερεταῖος.
1395 332 1521 360 October.

981 366 1050 396 Δῖος.
1396 367 1558 395 November.

985 400 1139 432 Ἀπελλαῖος
1144 421 1150 427 .
1399 402 1555 430 December.

944 455 1010 488 Qua:
1032 457 1167 483 mensium
1198 457 1342 485 concordia
1371 465 1403 485 ex
1428 458 1556 490 Socrate,
1577 457 1704 493 Evagrio,

911 499 1005 533 Suida,
1033 506 1154 528 veterum
1175 503 1353 530 comiliorum
1373 503 1606 538 inscriptionibus,
1623 508 1649 530 et
1663 503 1705 529 itt-

912 545 995 573 linitis
1016 547 1076 574 aliis
1102 548 1265 575 testimoniis
1298 548 1375 575 Iidem
1402 553 1530 576 meretur.
1556 543 1623 575 Ilfud
1641 555 1706 575 vero

911 596 1030 624 constat,
1049 592 1228 628 Epiphanium
1245 602 1335 622 meros
1356 603 1464 622 menses
1478 594 1602 622 lulianos
1625 595 1706 621 intel—

912 638 1005 672 ligere.
1023 637 1091 665 Nam
1111 639 1242 674 Audyua-j
1268 639 1318 675 τὴν
1342 641 1426 676 ἕκτην
1443 640 1453 675 (
1467 648 1608 675 perperam
1624 640 1704 666 ἕκτου

913 684 1045 719 scriptum
1054 684 1105 718 est)
1114 692 1176 712 cum
1191 694 1215 712 vn
1227 684 1339 713 lanuar.
1351 691 1501 721 comparat.
1512 685 1616 714 Rursus
1629 686 1702 713 enim

913 729 1011 756 vitiosa
1036 729 1115 756 lectio
1141 734 1183 756 est
1203 730 1317 766 πέμπτη
1344 731 1527 766 Ἰανουαρίου,
1556 737 1605 764 pro
1626 729 1704 764 ἕκτη.

915 774 1035 801 Tametsi
1053 775 1201 802 Cornarius
1216 777 1338 810 quintam
1354 776 1480 803 Januarii
1496 776 1615 808 verterit,
1634 775 1706 810 quod

916 821 1054 848 nonnullis
1079 821 1236 856 imposuit:
1261 822 1307 857 qui
1334 822 1390 850 hzcc
1417 821 1515 856 Epiph.
1542 822 1625 848 verba
1654 821 1708 856 πρὸ

915 864 987 890 ὀκτὼ
1004 865 1087 892 Εἰδῶν
1101 865 1140 892 sic
1155 867 1293 901 accepisse
1303 867 1440 898 videntur.
1453 867 1532 902 quasi
1548 871 1621 894 esset
1635 866 1706 900 prid.

66 915 186 942 subinde
201 914 326 941 nonnihil
341 913 519 941 disseremus.
542 913 594 941 Sed
610 913 727 948 primum
747 913 860 948 singulm
879 905 898 932 Β
913 919 960 937 vui
979 911 1051 941 Idus.
1078 911 1129 938 hoc
1150 916 1192 939 est
1215 910 1298 940 Nonis
1325 913 1392 947 ipsis
1411 912 1548 939 Januarii.
1576 911 1628 939 Sed
1654 911 1708 946 πρὸ

66 966 222 995 temporum
239 961 395 987 notationes
411 960 498 986 obiter
517 959 709 993 percurrendze
726 963 808 994 atque
828 958 861 985 il-

67 1007 216 1034 Iustranda:
232 1011 305 1034 sunt.
328 1006 406 1034 IIune
420 1006 502 1041 igitur
515 1007 586 1033 diem
599 1007 624 1033 iu
639 1006 735 1041 primis
752 1014 777 1032 χι
793 1005 861 1041 Tybi

67 1060 130 1080 esse
146 1053 242 1080 scribit
255 1053 281 1079 in
296 1060 369 1079 anno
380 1051 507 1079 videlicet
521 1051 644 1083 Actiaco,
663 1052 720 1079 sive
734 1051 862 1086 {Egyptio

68 1099 196 1130 luliano,
212 1099 291 1134 cujus
307 1098 397 1125 Thotli
419 1098 488 1125 fixus
505 1102 548 1125 est
563 1106 629 1125 xxxv
649 1097 775 1133 Augusti,
792 1096 863 1124 Nco-

69 1145 161 1172 menia
179 1144 247 1180 Tybi
266 1153 339 1171 xxvu
356 1144 419 1172 Dec.

104 1192 173 1219 Ibid.
186 1193 267 1218 Κατὰ
280 1191 515 1224 Σύρους,εῐτουν
528 1191 689 1224 Ἕλληνας.
703 1189 864 1225 Syromace-

69 1238 157 1265 donas
168 1237 302 1272 intelligit,
318 1237 375 1264 sive
385 1237 635 1271 Antiocheuos,qui
650 1235 785 1263 Julianam
800 1234 865 1261 anni

71 1282 187 1308 formam
200 1288 376 1316 receperunt;
391 1290 546 1317 quanquam
559 1282 667 1309 illorutn
679 1288 732 1308 tera
748 1279 865 1307 triennio

71 1327 210 1354 lulianum
229 1335 332 1354 annum
348 1327 484 1355 antecedit
502 1336 508 1354 :
527 1327 735 1362 appellat-irque
755 1333 866 1360 χρημα-

71 1373 169 1408 τισμὸς
195 1373 245 1408 τῆς
274 1373 528 1407 ’Λντωχείας,ιιιιοι1
551 1380 583 1399 eo
609 1379 693 1402 anno,
717 1372 733 1406 ἡ
755 1370 867 1397 αὐτονο-

76 1419 126 1454 pia
140 1419 319 1445 Autiochenis
334 1419 481 1452 permissa,
496 1424 523 1445 et
539 1417 629 1445 Julius
643 1417 736 1444 Cmsar
752 1417 869 1443 dictator

75 1463 228 1490 Antiochiae
258 1464 432 1490 renuntiatus
458 1467 510 1493 est.
535 1462 691 1493 Artemisii,
721 1461 778 1489 sive
806 1460 869 1488 Maii

78 1517 157 1536 χχιιι.
170 1508 266 1536 Chron.
280 1508 354 1535 Alex.
370 1517 397 1544 p.
411 1509 473 1535 458.
492 1507 539 1535 Est
553 1508 597 1534 hic
610 1515 698 1534 almus
710 1506 792 1533 Urbis
807 1505 870 1538 706,

79 1561 133 1588 quo
147 1554 250 1586 Ca-sar,
269 1555 340 1582 victo
354 1554 493 1589 Pompeio,
507 1561 597 1580 rerum
617 1554 718 1588 politus
739 1557 790 1583 est,
813 1559 870 1587 per.

79 1600 134 1628 luI.
159 1600 240 1632 4666,
263 1601 344 1628 annis
366 1605 428 1628 alite
453 1600 648 1635 Dionysianam
672 1606 754 1626 atram
780 1605 871 1630 XLVIII,

83 1651 147 1673 ante
162 1647 281 1681 primum
296 1646 435 1674 lulianum
452 1646 556 1679 tribus;
574 1649 602 1672 ut
618 1653 649 1672 ex
668 1643 783 1677 Evagrio
799 1643 875 1670 colli-

83 1692 122 1727 gl“.
136 1692 258 1727 Scaliger
281 1693 350 1727 Isag.
375 1700 436 1719 can.
457 1699 505 1718 Lnl
521 1711 527 1723 ,
547 1699 572 1725 p.
590 1690 660 1723 295;
678 1689 779 1716 rectius
793 1695 875 1723 quam

85 1739 111 1764 in
126 1738 173 1764 lib.
190 1745 214 1764 IV
227 1737 262 1764 De
276 1737 377 1764 entend.
387 1742 465 1771 temp.
479 1744 505 1771 p.
518 1736 581 1767 2‘26;
591 1734 636 1762 ubi
649 1734 874 1762 Antiochensium

84 1791 166 1810 teram
187 1783 222 1809 ab
248 1783 369 1809 editione
391 1782 499 1809 luliana
522 1780 644 1808 inchoari
661 1783 770 1811 censet,
797 1780 876 1806 annis

84 1834 148 1856 ante
163 1828 266 1855 Christi
283 1836 364 1855 mram
388 1835 450 1859 ην,
465 1834 497 1854 ex
515 1826 624 1854 Eusebii
641 1825 812 1858 auctoritate,
829 1825 875 1860 qui

84 1882 186 1901 annum
196 1873 421 1901 Antiochensium
438 1873 491 1900 525
504 1872 609 1900 confert
620 1871 647 1898 in
660 1879 761 1898 annum
776 1870 876 1898 Christi

83 1919 146 1946 280.
165 1919 218 1946 Sed
236 1927 333 1954 magna
351 1919 408 1946 hate
431 1918 607 1946 halluciuatio
629 1922 691 1950 est;
707 1924 769 1944 nam
790 1916 877 1943 Euse-

83 1966 144 1994 bius
159 1967 186 1993 in
204 1965 301 1992 Chron.
319 1965 440 1993 Secundo
458 1973 527 1992 anno
545 1964 628 1992 Probi
640 1985 647 1998 ,
664 1963 771 1999 inquit,
796 1963 877 1998 juxta

85 2012 259 2038 titillat/lenas
274 2011 327 2038 325
342 2019 428 2038 annus
450 2011 513 2045 fuit.
531 2010 614 2044 Atqui
630 2009 712 2036 Probi
740 2009 877 2036 secundus

83 2057 214 2092 competit
234 2064 307 2084 anno
320 2064 381 2084 tera:
398 2056 562 2084 Christiana:
575 2055 627 2082 278
639 2076 646 2089 ,
662 2063 718 2090 quo
734 2063 806 2082 anno
821 2063 878 2082 cos--

84 2105 121 2139 pit
135 2103 184 2130 τοῦ
201 2103 394 2139 χρηματισμοῦ
410 2103 635 2130 Antiochensium
649 2110 737 2130 annus
752 2102 815 2129 5'25.
831 2101 877 2128 Sic

83 2150 155 2177 enim
171 2150 363 2177 Antiochensis
379 2157 440 2177 serae
455 2149 561 2184 primus
576 2157 665 2176 annus
683 2148 876 2183 Dionysianam

83 2204 167 2224 atram
193 2203 277 2223 XLVIII
303 2196 398 2224 solidis
419 2195 498 2223 annis
521 2195 677 2223 antecessit.
696 2193 814 2221 Necesse
836 2198 877 2221 est

83 2244 166 2278 igitur
178 2250 240 2269 eum
263 2249 334 2269 anno
351 2241 430 2268 Probi
450 2249 479 2274 ιι,
496 2246 523 2268 et
547 2240 712 2276 Dionysiano
729 2239 780 2266 277
800 2247 876 2266 com-

84 2288 147 2323 poni
160 2287 386 2314 Autiochensium
400 2294 461 2314 serie
472 2286 525 2313 524
535 2286 683 2318 labentem,
696 2289 722 2312 et
737 2285 874 2312 ineuntem

83 2335 146 2365 5-2.3.
159 2333 237 2370 cyclo
252 2333 317 2361 solis
331 2341 369 2365 ιι,
381 2333 453 2360 luna:
467 2340 514 2360 xu.
531 2332 569 2359 De
584 2332 662 2359 initio
673 2331 755 2358 Probi
772 2331 877 2358 dicetur

85 2381 116 2407 ad
136 2381 184 2407 lib.
202 2380 239 2406 De
253 2387 335 2408 nicas.
346 2384 371 2406 et
384 2379 555 2414 ponderibus.
569 2377 653 2410 Anni,
668 2382 698 2405 ut
710 2377 812 2405 dictum
825 2383 877 2410 est,

86 2427 173 2453 forma
189 2425 297 2452 luliana
313 2425 382 2458 fuit;
400 2425 537 2453 mensium
553 2425 647 2451 eadem
659 2431 720 2459 qua:
736 2423 808 2458 apud
824 2422 879 2449 Ro-

87 2480 183 2500 manos
203 2472 350 2507 descriptio
367 2481 373 2498 :
392 2479 473 2506 quam
490 2472 516 2499 in
533 2471 657 2507 sequenti
670 2471 801 2498 laterculo
819 2477 879 2505 pro-

88 2518 240 2554 poueudam
258 2518 424 2553 putavimus.

91 2606 259 2636 Lalertulum
274 2606 400 2634 mensium
425 2606 658 2669 Alntiochenorum,
678 2606 731 2634 sive
752 2607 880 2640 Σιιροελ-

455 2651 542 2669 ιινων.

455 2651 542 2674 "rear.

167 2710 322 2742 Λὺδνναῖος.
577 2707 735 2735 lannarins.

178 2747 311 2781 Περίτιος.
578 2743 753 2781 ξξριιιίιιιιῆιις.

178 2777 307 2815 Atia-:90;
577 2777 702 2815 Martius.

177 2813 320 2846 Χανοὶκός.
575 2813 686 2846 Aprilis.

184 2850 366 2885 'Aptaulatog.
575 2847 672 2885 lllaius.

173 2883 292 2915 ἀαίσιοξ.
578 2883 686 2910 Junius.

914 955 986 983 ὀκτὼ
999 956 1085 983 Εῑδῶν
1095 962 1122 984 et
1134 958 1237 995 similes
1249 959 1375 993 loquendi
1390 958 1513 986 formula:
1526 958 1631 985 Latinis
1644 958 1709 986 iisce

915 1003 1082 1037 respondent
1097 1011 1122 1030 a.
1139 1003 1166 1030 d.
1179 1012 1226 1030 vni
1241 1003 1291 1037 Id.,
1305 1009 1370 1037 etc.,
1390 1005 1442 1032 hoc
1470 1009 1512 1032 est
1529 1005 1589 1039 ipso
1604 1004 1648 1031 die
1660 1011 1709 1030 V‘III

915 1048 968 1081 Id.,
984 1053 1012 1075 ut
1025 1054 1051 1076 et
1063 1049 1126 1076 alibi
1141 1050 1311 1085 scripsimus.
1322 1050 1412 1083 Quare
1424 1058 1456 1077 ex
1469 1051 1552 1085 priori
1567 1055 1631 1077 nota
1644 1049 1708 1082 diei,

917 1094 969 1121 hoc
979 1098 1021 1122 est
1036 1102 1082 1121 vtn
1101 1095 1139 1122 Id.
1156 1094 1229 1127 Jan.,
1250 1096 1410 1131 corrigenda
1426 1103 1477 1122 vox
1500 1095 1625 1131 πέμπτη,
1639 1099 1667 1121 et
1682 1094 1709 1120 in

917 1140 985 1175 ἕκτη
1003 1141 1142 1167 mutanda.
1160 1140 1237 1174 Quod
1257 1146 1284 1168 et
1301 1141 1368 1177 Tyhi
1387 1141 1503 1173 Actiaci,
1526 1141 1583 1168 sive
1601 1140 1710 1167 Diocle-

918 1186 1012 1218 tianei,
1028 1186 1086 1214 dies
1105 1187 1163 1221 ipsa
1183 1187 1372 1219 demonstrat,
1393 1187 1472 1222 cujus
1493 1195 1519 1214 vl
1543 1187 1570 1214 in
1592 1195 1618 1214 v1
1646 1186 1709 1213 lan.

918 1233 1054 1260 c0nvenit.
1071 1233 1110 1260 Ac
1125 1233 1232 1260 videtur
1246 1233 1272 1260 iu
1293 1241 1335 1267 eo,
1352 1234 1423 1269 quod
1443 1234 1567 1268 quintam
1587 1233 1711 1260 Januarii

919 1278 992 1305 dictu
1018 1286 1067 1314 pro
1093 1283 1170 1306 sexta
1200 1280 1334 1314 sumpsit,
1361 1281 1484 1315 mysterii
1510 1280 1612 1315 aliquid
1639 1287 1710 1307 esse.

921 1325 1061 1360 Siquidem
1086 1331 1113 1353 et
1131 1326 1428 1360 Uoustantinopolitani
1444 1330 1537 1360 postea
1554 1334 1568 1353 v
1588 1325 1711 1352 Januarii

921 1371 964 1399 die
978 1371 1143 1406 baptismum
1159 1372 1260 1399 Christi
1272 1372 1456 1403 celebrabant,
1470 1372 1581 1407 quodin
1594 1379 1618 1398 νι
1631 1372 1713 1407 vulgo

921 1417 1080 1450 confertur,
1101 1422 1131 1445 ut
1148 1426 1180 1445 ex
1208 1418 1341 1446 Manuelis
1360 1418 1471 1446 Novella
1489 1419 1498 1445 I
1522 1419 1559 1446 De
1581 1418 1667 1451 feriis,
1687 1423 1714 1446 et

924 1461 1089 1497 Curopalate
1105 1463 1251 1498 colligitur.

959 1507 1110 1535 InidJi'atit
1117 1509 1268 1542 Κυπρίους
1275 1509 1375 1536 εἴτουν
1383 1511 1406 1536 Σ
1407 1510 1529 1544 αλαμινί
1531 1508 1655 1543 ους-,Νοιι
1663 1513 1714 1542 est,

927 1558 956 1580 ut
970 1553 1078 1588 quidam
1104 1554 1258 1587 existimat,
1275 1559 1421 1590 corruptus
1443 1555 1487 1582 hic
1511 1554 1607 1590 Epiph.
1626 1555 1714 1585 locus,

927 1599 953 1625 iu
965 1600 1066 1626 mensis
1079 1599 1344 1634 appellatione._Nam
1360 1599 1472 1627 lanuar.
1487 1601 1521 1627 ab
1537 1601 1590 1627 illis
1599 1599 1716 1633 Quintus

926 1645 1093 1678 nominatur,
1106 1650 1158 1672 uta
1174 1645 1291 1672 Roman.
1304 1645 1443 1678 Quintilis,
1457 1645 1578 1678 Sexlilis,
1592 1645 1717 1680 Septem-

926 1689 984 1723 ber,
997 1694 1049 1717 etc.
1066 1690 1119 1717 Sed
1137 1690 1265 1717 mendum
1284 1691 1310 1717 in
1326 1699 1392 1718 voce
1409 1692 1522 1726 πέμπτῃ
1539 1691 1652 1718 subesse
1665 1699 1716 1725 po-

927 1736 981 1762 tius
989 1736 1121 1767 arbitror;
1133 1736 1184 1763 nisi
1200 1743 1215 1762 a
1230 1735 1341 1763 lauuar.
1351 1737 1471 1763 secundo
1485 1736 1612 1771 Πέμπτον
1627 1735 1716 1770 auspi-

927 1781 980 1808 cati
995 1781 1050 1808 sint
1067 1780 1221 1808 Salaminii.
1240 1781 1292 1808 Sed
1308 1780 1485 1808 verisimilius
1497 1786 1538 1808 est
1554 1781 1650 1816 Epiph.
1669 1785 1717 1808 aut

927 1827 987 1862 ejus
1000 1826 1154 1859 librarium,
1173 1834 1236 1854 cum
1255 1827 1416 1862 imprudens
1429 1826 1541 1862 πέμπτῃ
1553 1827 1600 1853 τοῦ
1622 1827 1717 1853 Ἰανου‹

927 1873 1003 1909 αρίου
1018 1872 1183 1908 scripsisset,
1204 1880 1254 1908 pro
1273 1873 1351 1909 ἕκτῃ,
1370 1873 1440 1900 idem
1459 1873 1486 1899 in
1502 1872 1716 1900 Salaminiorum

928 1927 1022 1947 mense
1036 1919 1144 1947 fecisse.
1162 1919 1283 1954 Apparet
1294 1925 1384 1947 autem
1401 1928 1434 1948 ex
1452 1920 1503 1947 hoc
1518 1920 1577 1948 loco
1599 1919 1717 1947 Salami-

928 1966 988 1994 nios
1004 1973 1106 1993 annum
1127 1973 1143 1993 a
1161 1965 1300 2001 Septemb.
1315 1966 1369 1993 Jul.
1384 1966 1444 1993 Kal.
1457 1967 1613 2002 auspicatos
1633 1974 1693 1994 esse
1709 1974 1717 1992 :

927 2013 1000 2047 quod
1022 2013 1178 2051 indictionis
1193 2013 1312 2048 annique
1330 2013 1510 2048 primordium
1525 2013 1719 2040 Constantino-

928 2059 1041 2093 politani
1059 2063 1152 2093 postea
1170 2059 1354 2094 praalixcrunt.

963 2105 1029 2132 Ibid.
1038 2104 1118 2132 Κατὰ
1124 2105 1256 2139 Παφίους
1269 2105 1385 2132 Ἰούλου
1394 2103 1717 2138 Τεσσαρεσκαιδεκάτη.

928 2149 1012 2185 Igitur
1029 2149 1082 2177 .luli
1098 2151 1200 2178 mensis
1226 2150 1334 2177 initium
1350 2159 1366 2177 a
1383 2158 1446 2177 xxiv
1465 2151 1528 2177 Dec.
1559 2150 1610 2183 Qui
1626 2150 1648 2177 si
1671 2149 1719 2176 lu—

929 2196 1019 2223 lianus
1033 2196 1094 2229 fuit,
1109 2197 1238 2224 credibile
1255 2200 1296 2223 est
1311 2197 1345 2223 ab
1362 2197 1527 2231 mquinoctio
1543 2205 1627 2224 verno
1639 2197 1720 2223 circi-

898 2261 918 2287 ο
932 2247 972 2269 ter
988 2249 1089 2269 annum
1106 2243 1240 2277 incepisse
1255 2242 1382 2278 Paphios.
1402 2242 1469 2270 Nam
1483 2243 1506 2270 si
1522 2242 1600 2269 lulus
1618 2242 1719 2269 lauua-

933 2287 990 2315 rius
1005 2293 1056 2320 est,
1071 2289 1171 2316 mensis
1182 2289 1217 2315 ab
1231 2289 1277 2315 illo
1290 2289 1390 2316 tertius
1408 2289 1434 2316 in
1450 2297 1512 2317 eum
1531 2289 1602 2316 diem
1618 2297 1719 2324 prope-

929 2335 1040 2362 modum
1054 2335 1164 2368 desinit,
1182 2336 1228 2370 qui
1243 2336 1408 2371 aequinoctio
1419 2335 1558 2371 quondam
1572 2335 1720 2362 attributus

928 2387 980 2410 ρει.

966 2427 1034 2455 Ibid.
1052 2427 1132 2455 Κατὰ
1144 2428 1269 2461 Ἄραϐας
1287 2427 1408 2461 ’Λλέωμ.
1423 2426 1452 2453 1η
1468 2425 1588 2462 vulgaris
1601 2425 1720 2452 Arabum

930 2475 1070 2502 mensibus
1092 2482 1179 2509 neque
1197 2474 1302 2504 Aleom,
1321 2481 1409 2508 neque
1425 2473 1470 2508 qui
1487 2477 1581 2507 postea
1600 2479 1721 2499 commc-

932 2520 1268 2554 moraturAngalthabaith
1281 2519 1371 2546 locum
1382 2520 1466 2548 ullum
1474 2519 1563 2547 habet.
1571 2519 1622 2548 Sed
1635 2525 1722 2552 neque

932 2567 1042 2594 lunares
1051 2574 1159 2593 menses
1178 2566 1222 2593 isti
1235 2570 1308 2598 sunt;
1325 2565 1458 2600 siquidem
1472 2563 1720 2591 inlan.v1Aleom.

932 2621 979 2640 xxt
989 2612 1101 2645 incidat,
1116 2619 1176 2647 qua;
1190 2616 1246 2638 tum
1261 2611 1320 2638 dies
1330 2615 1388 2638 erat
1398 2610 1467 2637 luna‘
1480 2618 1527 2641 xu.
1543 2609 1618 2644 cycIo
1628 2617 1646 2641 I;
1659 2616 1720 2634 nam

932 2658 1079 2686 Neomenia
1088 2666 1119 2685 ex
1131 2657 1303 2684 Ptolemaicis
1311 2656 1416 2684 Mulieri
1427 2656 1527 2683 tabulis
1535 2655 1649 2689 contigit
1657 2655 1720 2682 Dec.

932 2704 977 2738 26,
992 2704 1019 2736 8,
1035 2704 1078 2731 52'
1095 2704 1171 2739 cyclo
1187 2703 1231 2734 l9,
1247 2710 1320 2730 anno
1338 2701 1447 2730 luliano
1463 2701 1505 2728 ll.
1523 2701 1560 2728 De
1573 2700 1716 2735 Angaltha-

934 2751 1007 2778 baith
1033 2750 1102 2777 idem
1120 2754 1213 2784 postea
1232 2749 1475 2776 demoustrabitnr.
1500 2747 1633 2779 Quocirca
1651 2754 1722 2772 non-

933 2797 998 2824 dum
1024 2796 1145 2823 lunarem
1176 2801 1276 2822 annum
1307 2795 1340 2822 ad
1364 2794 1470 2821 civilem
1512 2801 1591 2819 usum
1619 2792 1723 2819 Arabes

936 2842 1147 2873 transtulerant;
1172 2850 1232 2868 nan
1251 2849 1313 2867 rum
1337 2840 1440 2867 Arabes
1461 2839 1583 2866 nominat
1604 2837 1722 2873 Epipha~

938 2889 1009 2921 nius,
1026 2888 1157 2923 majorem
1172 2888 1245 2915 illius
1257 2887 1346 2922 gentis
1361 2886 1548 2921 potioremque
1565 2891 1665 2920 partem
1683 2885 1723 2912 iu-

936 2969 950 2976 ς
