  <div class='ocr_page' id='page_1' title='image "/cluster/home/n/w/nwhite01/storage/ocr_20150623/42/njp.32101077772588/495.png"; bbox 0 0 1935 3044; ppageno 0'>
   <div class='ocr_carea' id='block_1_1' title="bbox 231 152 262 178">
    <p class='ocr_par' dir='ltr' id='par_1_1' title="bbox 231 152 262 178">
     <span class='ocr_line' id='line_1_1' title="bbox 231 152 262 178; baseline 0 0"><span class='ocrx_word' id='word_1_1' title='bbox 231 152 262 178; x_wconf 72' lang='grc'><strong>51</strong></span> 
     </span>
    </p>
   </div>
   <div class='ocr_carea' id='block_1_2' title="bbox 774 150 1281 181">
    <p class='ocr_par' dir='ltr' id='par_1_2' title="bbox 774 150 1281 181">
     <span class='ocr_line' id='line_1_2' title="bbox 774 150 1281 181; baseline -0.006 0"><span class='ocrx_word' id='word_1_2' title='bbox 774 152 948 181; x_wconf 79' lang='lat' dir='ltr'><strong>APPENDIX</strong></span> <span class='ocrx_word' id='word_1_3' title='bbox 967 150 1281 181; x_wconf 67' lang='lat' dir='ltr'><strong>DISSERTATIONUM.</strong></span> 
     </span>
    </p>
   </div>
   <div class='ocr_carea' id='block_1_3' title="bbox 1783 151 1840 181">
    <p class='ocr_par' dir='ltr' id='par_1_3' title="bbox 1783 151 1840 181">
     <span class='ocr_line' id='line_1_3' title="bbox 1783 151 1840 181; baseline -0.035 0"><span class='ocrx_word' id='word_1_4' title='bbox 1783 151 1840 181; x_wconf 68' lang='lat'><strong>93?.</strong></span> 
     </span>
    </p>
   </div>
   <div class='ocr_carea' id='block_1_4' title="bbox 215 205 1838 244">
    <p class='ocr_par' dir='ltr' id='par_1_4' title="bbox 215 205 1838 244">
     <span class='ocr_line' id='line_1_4' title="bbox 215 205 1838 244; baseline 0.001 -10"><span class='ocrx_word' id='word_1_5' title='bbox 215 207 320 241; x_wconf 71' lang='lat' dir='ltr'><strong>telligit.</strong></span> <span class='ocrx_word' id='word_1_6' title='bbox 340 208 378 235; x_wconf 89' lang='lat' dir='ltr'><strong>Ac</strong></span> <span class='ocrx_word' id='word_1_7' title='bbox 403 207 474 235; x_wconf 86' lang='lat' dir='ltr'><strong>Scal.</strong></span> <span class='ocrx_word' id='word_1_8' title='bbox 499 207 546 235; x_wconf 87' lang='lat' dir='ltr'><strong>lib.</strong></span> <span class='ocrx_word' id='word_1_9' title='bbox 562 215 580 235; x_wconf 94' lang='grc' dir='ltr'><strong>ιι</strong></span> <span class='ocrx_word' id='word_1_10' title='bbox 602 207 640 234; x_wconf 86' lang='lat' dir='ltr'><strong>De</strong></span> <span class='ocrx_word' id='word_1_11' title='bbox 663 208 764 235; x_wconf 76' lang='lat' dir='ltr'><strong>cmend.</strong></span> <span class='ocrx_word' id='word_1_12' title='bbox 789 214 868 244; x_wconf 85' lang='lat' dir='ltr'><strong>temp.</strong></span> <span class='ocrx_word' id='word_1_13' title='bbox 893 214 919 237; x_wconf 87' lang='lat' dir='ltr'><strong>et</strong></span> <span class='ocrx_word' id='word_1_14' title='bbox 932 208 1005 244; x_wconf 76' lang='lat' dir='ltr'><strong>Isag.</strong></span> <span class='ocrx_word' id='word_1_15' title='bbox 1023 211 1046 240; x_wconf 77' lang='grc' dir='ltr'>Α</span> <span class='ocrx_word' id='word_1_16' title='bbox 1060 208 1250 239; x_wconf 79' lang='lat' dir='ltr'><strong>Confusionis,</strong></span> <span class='ocrx_word' id='word_1_17' title='bbox 1269 206 1314 242; x_wconf 89' lang='lat' dir='ltr'><strong>qui</strong></span> <span class='ocrx_word' id='word_1_18' title='bbox 1332 206 1455 242; x_wconf 81' lang='lat' dir='ltr'><strong>proxime</strong></span> <span class='ocrx_word' id='word_1_19' title='bbox 1473 205 1527 234; x_wconf 93' lang='lat' dir='ltr'><strong>Jul.</strong></span> <span class='ocrx_word' id='word_1_20' title='bbox 1545 205 1662 241; x_wconf 87' lang='lat' dir='ltr'><strong>primum</strong></span> <span class='ocrx_word' id='word_1_21' title='bbox 1681 209 1838 241; x_wconf 81' lang='lat' dir='ltr'><strong>antecessit.</strong></span> 
     </span>
    </p>
   </div>
   <div class='ocr_carea' id='block_1_5' title="bbox 214 252 1002 289">
    <p class='ocr_par' dir='ltr' id='par_1_5' title="bbox 214 252 1002 289">
     <span class='ocr_line' id='line_1_5' title="bbox 214 252 1002 289; baseline 0.004 -10"><span class='ocrx_word' id='word_1_22' title='bbox 214 261 274 279; x_wconf 82' lang='lat' dir='ltr'><strong>mn.</strong></span> <span class='ocrx_word' id='word_1_23' title='bbox 288 252 335 280; x_wconf 88' lang='lat' dir='ltr'><strong>lib.</strong></span> <span class='ocrx_word' id='word_1_24' title='bbox 348 260 367 280; x_wconf 87' lang='grc' dir='ltr'>ιι</span> <span class='ocrx_word' id='word_1_25' title='bbox 379 260 410 280; x_wconf 88' lang='lat' dir='ltr'><strong>ac</strong></span> <span class='ocrx_word' id='word_1_26' title='bbox 423 260 462 285; x_wconf 86' lang='grc' dir='ltr'>ιιι,</span> <span class='ocrx_word' id='word_1_27' title='bbox 471 258 576 280; x_wconf 86' lang='lat' dir='ltr'><strong>veteres</strong></span> <span class='ocrx_word' id='word_1_28' title='bbox 588 253 690 280; x_wconf 82' lang='lat' dir='ltr'><strong>Arabes</strong></span> <span class='ocrx_word' id='word_1_29' title='bbox 701 254 834 289; x_wconf 90' lang='lat' dir='ltr'><strong>Calippiea</strong></span> <span class='ocrx_word' id='word_1_30' title='bbox 843 255 906 282; x_wconf 87' lang='lat' dir='ltr'><strong>anni</strong></span> <span class='ocrx_word' id='word_1_31' title='bbox 916 255 1002 283; x_wconf 88' lang='lat' dir='ltr'><strong>forma</strong></span> 
     </span>
    </p>
   </div>
   <div class='ocr_carea' id='block_1_6' title="bbox 217 299 1003 333">
    <p class='ocr_par' dir='ltr' id='par_1_6' title="bbox 217 299 1003 333">
     <span class='ocr_line' id='line_1_6' title="bbox 217 299 1003 333; baseline 0.001 -7"><span class='ocrx_word' id='word_1_32' title='bbox 217 306 281 326; x_wconf 86' lang='lat' dir='ltr'><strong>usos</strong></span> <span class='ocrx_word' id='word_1_33' title='bbox 296 306 355 326; x_wconf 87' lang='lat' dir='ltr'><strong>esse</strong></span> <span class='ocrx_word' id='word_1_34' title='bbox 369 299 499 328; x_wconf 82' lang='lat' dir='ltr'><strong>decernit.</strong></span> <span class='ocrx_word' id='word_1_35' title='bbox 513 303 542 325; x_wconf 85' lang='grc' dir='ltr'><strong>ιιι</strong></span> <span class='ocrx_word' id='word_1_36' title='bbox 564 303 589 325; x_wconf 89' lang='lat' dir='ltr'><strong>et</strong></span> <span class='ocrx_word' id='word_1_37' title='bbox 602 299 743 326; x_wconf 72' lang='lat' dir='ltr'><strong>Chaldmos</strong></span> <span class='ocrx_word' id='word_1_38' title='bbox 756 307 788 327; x_wconf 86' lang='lat' dir='ltr'><strong>ac</strong></span> <span class='ocrx_word' id='word_1_39' title='bbox 801 299 920 333; x_wconf 67' lang='lat' dir='ltr'><strong>Judmos;</strong></span> <span class='ocrx_word' id='word_1_40' title='bbox 934 301 1003 328; x_wconf 83' lang='lat' dir='ltr'><strong>Ara-</strong></span> 
     </span>
    </p>
   </div>
   <div class='ocr_carea' id='block_1_7' title="bbox 215 343 1002 378">
    <p class='ocr_par' dir='ltr' id='par_1_7' title="bbox 215 343 1002 378">
     <span class='ocr_line' id='line_1_7' title="bbox 215 343 1002 378; baseline 0.004 -8"><span class='ocrx_word' id='word_1_41' title='bbox 215 344 280 370; x_wconf 92' lang='lat' dir='ltr'><strong>bum</strong></span> <span class='ocrx_word' id='word_1_42' title='bbox 293 351 357 371; x_wconf 88' lang='lat' dir='ltr'><strong>vero</strong></span> <span class='ocrx_word' id='word_1_43' title='bbox 371 343 503 378; x_wconf 85' lang='lat' dir='ltr'><strong>duplicem</strong></span> <span class='ocrx_word' id='word_1_44' title='bbox 519 351 620 371; x_wconf 90' lang='lat' dir='ltr'><strong>annum</strong></span> <span class='ocrx_word' id='word_1_45' title='bbox 633 344 712 378; x_wconf 85' lang='lat' dir='ltr'><strong>facit;</strong></span> <span class='ocrx_word' id='word_1_46' title='bbox 725 346 840 372; x_wconf 85' lang='lat' dir='ltr'><strong>alterum</strong></span> <span class='ocrx_word' id='word_1_47' title='bbox 858 345 1002 373; x_wconf 86' lang='lat' dir='ltr'><strong>Damasce-</strong></span> 
     </span>
    </p>
   </div>
   <div class='ocr_carea' id='block_1_8' title="bbox 216 389 1001 425">
    <p class='ocr_par' dir='ltr' id='par_1_8' title="bbox 216 389 1001 425">
     <span class='ocr_line' id='line_1_8' title="bbox 216 389 1001 425; baseline 0.004 -9"><span class='ocrx_word' id='word_1_48' title='bbox 216 397 292 422; x_wconf 88' lang='lat' dir='ltr'><strong>ntun,</strong></span> <span class='ocrx_word' id='word_1_49' title='bbox 304 389 360 417; x_wconf 83' lang='lat' dir='ltr'><strong>sive</strong></span> <span class='ocrx_word' id='word_1_50' title='bbox 373 389 557 425; x_wconf 71' lang='lat' dir='ltr'><strong>Hagarenum,</strong></span> <span class='ocrx_word' id='word_1_51' title='bbox 571 391 613 418; x_wconf 89' lang='lat' dir='ltr'><strong>cui</strong></span> <span class='ocrx_word' id='word_1_52' title='bbox 628 391 806 419; x_wconf 86' lang='lat' dir='ltr'><strong>desultorium</strong></span> <span class='ocrx_word' id='word_1_53' title='bbox 822 392 1001 419; x_wconf 77' lang='lat' dir='ltr'><strong>intercalandi</strong></span> 
     </span>
    </p>
   </div>
   <div class='ocr_carea' id='block_1_9' title="bbox 215 435 1002 470">
    <p class='ocr_par' dir='ltr' id='par_1_9' title="bbox 215 435 1002 470">
     <span class='ocr_line' id='line_1_9' title="bbox 215 435 1002 470; baseline 0.005 -9"><span class='ocrx_word' id='word_1_54' title='bbox 215 442 318 461; x_wconf 83' lang='lat' dir='ltr'><strong>Inoer</strong></span> <span class='ocrx_word' id='word_1_55' title='bbox 333 435 455 462; x_wconf 92' lang='lat' dir='ltr'><strong>attribuit</strong></span> <span class='ocrx_word' id='word_1_56' title='bbox 469 445 476 462; x_wconf 85' lang='lat'><strong>:</strong></span> <span class='ocrx_word' id='word_1_57' title='bbox 491 435 569 470; x_wconf 89' lang='lat' dir='ltr'><strong>cujus</strong></span> <span class='ocrx_word' id='word_1_58' title='bbox 582 436 710 470; x_wconf 85' lang='lat' dir='ltr'><strong>periodus</strong></span> <span class='ocrx_word' id='word_1_59' title='bbox 724 437 776 464; x_wconf 78' lang='lat'><strong>2‘28</strong></span> <span class='ocrx_word' id='word_1_60' title='bbox 793 437 872 465; x_wconf 86' lang='lat' dir='ltr'><strong>annis</strong></span> <span class='ocrx_word' id='word_1_61' title='bbox 885 437 1002 465; x_wconf 90' lang='lat' dir='ltr'><strong>Julianis</strong></span> 
     </span>
    </p>
   </div>
   <div class='ocr_carea' id='block_1_10' title="bbox 214 480 1002 517">
    <p class='ocr_par' dir='ltr' id='par_1_10' title="bbox 214 480 1002 517">
     <span class='ocr_line' id='line_1_10' title="bbox 214 480 1002 517; baseline 0.005 -11"><span class='ocrx_word' id='word_1_62' title='bbox 214 480 317 512; x_wconf 83' lang='lat' dir='ltr'><strong>deﬁnit,</strong></span> <span class='ocrx_word' id='word_1_63' title='bbox 336 481 362 507; x_wconf 93' lang='lat' dir='ltr'><strong>in</strong></span> <span class='ocrx_word' id='word_1_64' title='bbox 377 488 430 515; x_wconf 91' lang='lat' dir='ltr'><strong>qua</strong></span> <span class='ocrx_word' id='word_1_65' title='bbox 445 488 552 508; x_wconf 79' lang='lat' dir='ltr'><strong>menses</strong></span> <span class='ocrx_word' id='word_1_66' title='bbox 565 489 660 508; x_wconf 89' lang='lat' dir='ltr'><strong>omnes</strong></span> <span class='ocrx_word' id='word_1_67' title='bbox 673 482 831 517; x_wconf 76' lang='lat' dir='ltr'><strong>singillatim</strong></span> <span class='ocrx_word' id='word_1_68' title='bbox 844 491 946 510; x_wconf 86' lang='lat' dir='ltr'><strong>annum</strong></span> <span class='ocrx_word' id='word_1_69' title='bbox 965 483 1002 510; x_wconf 89' lang='lat' dir='ltr'><strong>in-</strong></span> 
     </span>
    </p>
   </div>
   <div class='ocr_carea' id='block_1_11' title="bbox 214 527 1002 561">
    <p class='ocr_par' dir='ltr' id='par_1_11' title="bbox 214 527 1002 561">
     <span class='ocr_line' id='line_1_11' title="bbox 214 527 1002 561; baseline 0.005 -8"><span class='ocrx_word' id='word_1_70' title='bbox 214 528 331 559; x_wconf 81' lang='lat' dir='ltr'><strong>clinant,</strong></span> <span class='ocrx_word' id='word_1_71' title='bbox 351 527 525 561; x_wconf 72' lang='lat' dir='ltr'><strong>vicissimque</strong></span> <span class='ocrx_word' id='word_1_72' title='bbox 547 528 708 560; x_wconf 86' lang='lat' dir='ltr'><strong>terminant;</strong></span> <span class='ocrx_word' id='word_1_73' title='bbox 726 529 838 556; x_wconf 88' lang='lat' dir='ltr'><strong>alteram</strong></span> <span class='ocrx_word' id='word_1_74' title='bbox 858 530 922 556; x_wconf 86' lang='lat' dir='ltr'><strong>anni</strong></span> <span class='ocrx_word' id='word_1_75' title='bbox 949 537 1002 556; x_wconf 80' lang='lat' dir='ltr'><strong>ra—</strong></span> 
     </span>
    </p>
   </div>
   <div class='ocr_carea' id='block_1_12' title="bbox 213 572 1000 603">
    <p class='ocr_par' dir='ltr' id='par_1_12' title="bbox 213 572 1000 603">
     <span class='ocr_line' id='line_1_12' title="bbox 213 572 1000 603; baseline 0.005 -4"><span class='ocrx_word' id='word_1_76' title='bbox 213 572 313 599; x_wconf 88' lang='lat' dir='ltr'><strong>tionem</strong></span> <span class='ocrx_word' id='word_1_77' title='bbox 330 572 430 599; x_wconf 88' lang='lat' dir='ltr'><strong>omissa</strong></span> <span class='ocrx_word' id='word_1_78' title='bbox 451 572 658 601; x_wconf 85' lang='lat' dir='ltr'><strong>interealatione</strong></span> <span class='ocrx_word' id='word_1_79' title='bbox 675 575 790 602; x_wconf 84' lang='lat' dir='ltr'><strong>solutam</strong></span> <span class='ocrx_word' id='word_1_80' title='bbox 815 583 847 602; x_wconf 88' lang='lat' dir='ltr'><strong>ac</strong></span> <span class='ocrx_word' id='word_1_81' title='bbox 868 580 1000 603; x_wconf 78' lang='lat' dir='ltr'><strong>retextam</strong></span> 
     </span>
    </p>
   </div>
   <div class='ocr_carea' id='block_1_13' title="bbox 214 618 1001 656">
    <p class='ocr_par' dir='ltr' id='par_1_13' title="bbox 214 618 1001 656">
     <span class='ocr_line' id='line_1_13' title="bbox 214 618 1001 656; baseline 0.006 -13"><span class='ocrx_word' id='word_1_82' title='bbox 214 625 246 644; x_wconf 80' lang='lat' dir='ltr'><strong>ex</strong></span> <span class='ocrx_word' id='word_1_83' title='bbox 268 618 347 645; x_wconf 84' lang='lat' dir='ltr'><strong>annis</strong></span> <span class='ocrx_word' id='word_1_84' title='bbox 373 618 512 646; x_wconf 87' lang='lat' dir='ltr'><strong>lunaribus</strong></span> <span class='ocrx_word' id='word_1_85' title='bbox 539 620 710 653; x_wconf 88' lang='lat' dir='ltr'><strong>simplicibus</strong></span> <span class='ocrx_word' id='word_1_86' title='bbox 737 621 897 652; x_wconf 87' lang='lat' dir='ltr'><strong>constituit,</strong></span> <span class='ocrx_word' id='word_1_87' title='bbox 918 629 1001 656; x_wconf 88' lang='lat' dir='ltr'><strong>quam</strong></span> 
     </span>
    </p>
   </div>
   <div class='ocr_carea' id='block_1_14' title="bbox 214 662 1000 698">
    <p class='ocr_par' dir='ltr' id='par_1_14' title="bbox 214 662 1000 698">
     <span class='ocr_line' id='line_1_14' title="bbox 214 662 1000 698; baseline 0.006 -10"><span class='ocrx_word' id='word_1_88' title='bbox 214 663 249 689; x_wconf 91' lang='lat' dir='ltr'><strong>ab</strong></span> <span class='ocrx_word' id='word_1_89' title='bbox 263 662 334 688; x_wconf 90' lang='lat' dir='ltr'><strong>lndis</strong></span> <span class='ocrx_word' id='word_1_90' title='bbox 347 663 410 689; x_wconf 86' lang='lat' dir='ltr'><strong>olim</strong></span> <span class='ocrx_word' id='word_1_91' title='bbox 424 669 592 698; x_wconf 80' lang='lat' dir='ltr'><strong>usurpatam.</strong></span> <span class='ocrx_word' id='word_1_92' title='bbox 607 670 700 698; x_wconf 85' lang='lat' dir='ltr'><strong>postea</strong></span> <span class='ocrx_word' id='word_1_93' title='bbox 711 665 792 692; x_wconf 86' lang='lat' dir='ltr'><strong>etiam</strong></span> <span class='ocrx_word' id='word_1_94' title='bbox 806 666 841 692; x_wconf 88' lang='lat' dir='ltr'><strong>ab</strong></span> <span class='ocrx_word' id='word_1_95' title='bbox 852 665 1000 698; x_wconf 85' lang='lat' dir='ltr'><strong>Arabibus,</strong></span> 
     </span>
    </p>
   </div>
   <div class='ocr_carea' id='block_1_15' title="bbox 218 708 1002 744">
    <p class='ocr_par' dir='ltr' id='par_1_15' title="bbox 218 708 1002 744">
     <span class='ocr_line' id='line_1_15' title="bbox 218 708 1002 744; baseline 0.008 -12"><span class='ocrx_word' id='word_1_96' title='bbox 218 708 424 742; x_wconf 68' lang='lat' dir='ltr'><strong>prccsertimque</strong></span> <span class='ocrx_word' id='word_1_97' title='bbox 436 708 641 736; x_wconf 82' lang='lat' dir='ltr'><strong>lllaliumedanis</strong></span> <span class='ocrx_word' id='word_1_98' title='bbox 653 709 740 736; x_wconf 80' lang='lat' dir='ltr'><strong>dOCet.</strong></span> <span class='ocrx_word' id='word_1_99' title='bbox 758 708 824 736; x_wconf 78' lang='lat' dir='ltr'><strong>Nam</strong></span> <span class='ocrx_word' id='word_1_100' title='bbox 840 710 886 744; x_wconf 90' lang='lat' dir='ltr'><strong>qui</strong></span> <span class='ocrx_word' id='word_1_101' title='bbox 902 711 936 739; x_wconf 88' lang='lat' dir='ltr'><strong>ab</strong></span> <span class='ocrx_word' id='word_1_102' title='bbox 949 710 1002 738; x_wconf 65' lang='grc'><strong>118-</strong></span> 
     </span>
    </p>
   </div>
   <div class='ocr_carea' id='block_1_16' title="bbox 215 751 1001 784">
    <p class='ocr_par' dir='ltr' id='par_1_16' title="bbox 215 751 1001 784">
     <span class='ocr_line' id='line_1_16' title="bbox 215 751 1001 784; baseline 0.006 -8"><span class='ocrx_word' id='word_1_103' title='bbox 215 751 273 784; x_wconf 75' lang='lat' dir='ltr'><strong>gira</strong></span> <span class='ocrx_word' id='word_1_104' title='bbox 292 756 472 778; x_wconf 89' lang='lat' dir='ltr'><strong>numerantur</strong></span> <span class='ocrx_word' id='word_1_105' title='bbox 488 753 570 784; x_wconf 85' lang='lat' dir='ltr'><strong>anni,</strong></span> <span class='ocrx_word' id='word_1_106' title='bbox 591 753 667 780; x_wconf 92' lang='lat' dir='ltr'><strong>nullo</strong></span> <span class='ocrx_word' id='word_1_107' title='bbox 690 754 902 782; x_wconf 87' lang='lat' dir='ltr'><strong>intcrcalationis</strong></span> <span class='ocrx_word' id='word_1_108' title='bbox 925 754 1001 781; x_wconf 78' lang='lat' dir='ltr'><strong>freno</strong></span> 
     </span>
    </p>
   </div>
   <div class='ocr_carea' id='block_1_17' title="bbox 216 796 998 835">
    <p class='ocr_par' dir='ltr' id='par_1_17' title="bbox 216 796 998 835">
     <span class='ocr_line' id='line_1_17' title="bbox 216 796 998 835; baseline 0.005 -12"><span class='ocrx_word' id='word_1_109' title='bbox 216 797 326 824; x_wconf 85' lang='lat' dir='ltr'><strong>eoerciti</strong></span> <span class='ocrx_word' id='word_1_110' title='bbox 355 805 403 831; x_wconf 90' lang='lat' dir='ltr'><strong>per</strong></span> <span class='ocrx_word' id='word_1_111' title='bbox 430 796 566 825; x_wconf 83' lang='lat' dir='ltr'><strong>Julianam</strong></span> <span class='ocrx_word' id='word_1_112' title='bbox 593 799 691 825; x_wconf 87' lang='lat' dir='ltr'><strong>seriem</strong></span> <span class='ocrx_word' id='word_1_113' title='bbox 724 799 834 834; x_wconf 86' lang='lat' dir='ltr'><strong>impune</strong></span> <span class='ocrx_word' id='word_1_114' title='bbox 858 805 998 835; x_wconf 80' lang='lat' dir='ltr'><strong>vagantur.</strong></span> 
     </span>
    </p>
   </div>
   <div class='ocr_carea' id='block_1_18' title="bbox 216 842 1000 880">
    <p class='ocr_par' dir='ltr' id='par_1_18' title="bbox 216 842 1000 880">
     <span class='ocr_line' id='line_1_18' title="bbox 216 842 1000 880; baseline 0.008 -13"><span class='ocrx_word' id='word_1_115' title='bbox 216 842 293 874; x_wconf 73' lang='lat' dir='ltr'><strong>Quod</strong></span> <span class='ocrx_word' id='word_1_116' title='bbox 310 842 332 868; x_wconf 89' lang='lat' dir='ltr'><strong>si</strong></span> <span class='ocrx_word' id='word_1_117' title='bbox 355 843 417 876; x_wconf 89' lang='lat' dir='ltr'><strong>quis</strong></span> <span class='ocrx_word' id='word_1_118' title='bbox 437 843 575 876; x_wconf 76' lang='lat' dir='ltr'><strong>requirat,</strong></span> <span class='ocrx_word' id='word_1_119' title='bbox 588 843 660 871; x_wconf 89' lang='lat' dir='ltr'><strong>unde</strong></span> <span class='ocrx_word' id='word_1_120' title='bbox 676 843 814 880; x_wconf 74' lang='lat' dir='ltr'><strong>Scaligcro</strong></span> <span class='ocrx_word' id='word_1_121' title='bbox 829 850 934 872; x_wconf 88' lang='lat' dir='ltr'><strong>constet</strong></span> <span class='ocrx_word' id='word_1_122' title='bbox 956 854 1000 873; x_wconf 88' lang='lat' dir='ltr'><strong>ve-</strong></span> 
     </span>
    </p>
   </div>
   <div class='ocr_carea' id='block_1_19' title="bbox 216 887 1003 917">
    <p class='ocr_par' dir='ltr' id='par_1_19' title="bbox 216 887 1003 917">
     <span class='ocr_line' id='line_1_19' title="bbox 216 887 1003 917; baseline 0.004 -3"><span class='ocrx_word' id='word_1_123' title='bbox 216 892 304 914; x_wconf 81' lang='lat' dir='ltr'><strong>tustos</strong></span> <span class='ocrx_word' id='word_1_124' title='bbox 329 887 432 914; x_wconf 84' lang='lat' dir='ltr'><strong>Arabes</strong></span> <span class='ocrx_word' id='word_1_125' title='bbox 454 887 630 915; x_wconf 86' lang='lat' dir='ltr'><strong>desultoriam</strong></span> <span class='ocrx_word' id='word_1_126' title='bbox 650 889 725 916; x_wconf 83' lang='lat' dir='ltr'><strong>illam</strong></span> <span class='ocrx_word' id='word_1_127' title='bbox 748 889 930 917; x_wconf 83' lang='lat' dir='ltr'><strong>intercalandi</strong></span> <span class='ocrx_word' id='word_1_128' title='bbox 950 890 1003 917; x_wconf 83' lang='lat' dir='ltr'><strong>for-</strong></span> 
     </span>
    </p>
   </div>
   <div class='ocr_carea' id='block_1_20' title="bbox 217 933 1002 967">
    <p class='ocr_par' dir='ltr' id='par_1_20' title="bbox 217 933 1002 967">
     <span class='ocr_line' id='line_1_20' title="bbox 217 933 1002 967; baseline 0.004 -8"><span class='ocrx_word' id='word_1_129' title='bbox 217 941 289 959; x_wconf 91' lang='lat' dir='ltr'><strong>mam</strong></span> <span class='ocrx_word' id='word_1_130' title='bbox 315 933 387 960; x_wconf 88' lang='lat' dir='ltr'><strong>civili</strong></span> <span class='ocrx_word' id='word_1_131' title='bbox 407 934 557 967; x_wconf 72' lang='lat' dir='ltr'><strong>przrsertim</strong></span> <span class='ocrx_word' id='word_1_132' title='bbox 584 942 633 961; x_wconf 92' lang='lat' dir='ltr'><strong>usu</strong></span> <span class='ocrx_word' id='word_1_133' title='bbox 657 935 794 967; x_wconf 82' lang='lat' dir='ltr'><strong>tenuisse,</strong></span> <span class='ocrx_word' id='word_1_134' title='bbox 815 940 862 962; x_wconf 88' lang='lat' dir='ltr'><strong>aut</strong></span> <span class='ocrx_word' id='word_1_135' title='bbox 881 936 1002 962; x_wconf 81' lang='lat' dir='ltr'><strong>eamdem</strong></span> 
     </span>
    </p>
   </div>
   <div class='ocr_carea' id='block_1_21' title="bbox 217 979 1001 1016">
    <p class='ocr_par' dir='ltr' id='par_1_21' title="bbox 217 979 1001 1016">
     <span class='ocr_line' id='line_1_21' title="bbox 217 979 1001 1016; baseline 0.003 -10"><span class='ocrx_word' id='word_1_136' title='bbox 217 979 332 1006; x_wconf 87' lang='lat' dir='ltr'><strong>subinde</strong></span> <span class='ocrx_word' id='word_1_137' title='bbox 351 979 519 1012; x_wconf 79' lang='lat' dir='ltr'><strong>retexuisse-,</strong></span> <span class='ocrx_word' id='word_1_138' title='bbox 543 987 575 1006; x_wconf 88' lang='lat' dir='ltr'><strong>ac</strong></span> <span class='ocrx_word' id='word_1_139' title='bbox 597 988 670 1007; x_wconf 89' lang='lat' dir='ltr'><strong>mere</strong></span> <span class='ocrx_word' id='word_1_140' title='bbox 694 981 814 1008; x_wconf 88' lang='lat' dir='ltr'><strong>lunarem</strong></span> <span class='ocrx_word' id='word_1_141' title='bbox 842 982 1001 1016; x_wconf 74' lang='lat' dir='ltr'><strong>prmtulisse.</strong></span> 
     </span>
    </p>
   </div>
   <div class='ocr_carea' id='block_1_22' title="bbox 216 1025 1003 1061">
    <p class='ocr_par' dir='ltr' id='par_1_22' title="bbox 216 1025 1003 1061">
     <span class='ocr_line' id='line_1_22' title="bbox 216 1025 1003 1061; baseline 0.003 -10"><span class='ocrx_word' id='word_1_142' title='bbox 216 1033 250 1052; x_wconf 92' lang='lat' dir='ltr'><strong>ne</strong></span> <span class='ocrx_word' id='word_1_143' title='bbox 274 1033 357 1051; x_wconf 90' lang='lat' dir='ltr'><strong>unum</strong></span> <span class='ocrx_word' id='word_1_144' title='bbox 376 1025 484 1059; x_wconf 90' lang='lat' dir='ltr'><strong>quidem</strong></span> <span class='ocrx_word' id='word_1_145' title='bbox 509 1026 670 1059; x_wconf 83' lang='lat' dir='ltr'><strong>scriptorem</strong></span> <span class='ocrx_word' id='word_1_146' title='bbox 688 1026 778 1058; x_wconf 75' lang='lat' dir='ltr'><strong>affert,</strong></span> <span class='ocrx_word' id='word_1_147' title='bbox 796 1027 842 1061; x_wconf 89' lang='lat' dir='ltr'><strong>qui</strong></span> <span class='ocrx_word' id='word_1_148' title='bbox 867 1027 892 1054; x_wconf 87' lang='lat' dir='ltr'><strong>id</strong></span> <span class='ocrx_word' id='word_1_149' title='bbox 909 1027 949 1053; x_wconf 73' lang='lat' dir='ltr'><strong>Vel</strong></span> <span class='ocrx_word' id='word_1_150' title='bbox 966 1027 1003 1053; x_wconf 88' lang='lat' dir='ltr'><strong>le-</strong></span> 
     </span>
    </p>
   </div>
   <div class='ocr_carea' id='block_1_23' title="bbox 215 1069 1002 1102">
    <p class='ocr_par' dir='ltr' id='par_1_23' title="bbox 215 1069 1002 1102">
     <span class='ocr_line' id='line_1_23' title="bbox 215 1069 1002 1102; baseline 0.004 -7"><span class='ocrx_word' id='word_1_151' title='bbox 215 1070 327 1097; x_wconf 77' lang='lat' dir='ltr'><strong>vissime</strong></span> <span class='ocrx_word' id='word_1_152' title='bbox 341 1070 465 1096; x_wconf 81' lang='lat' dir='ltr'><strong>suadeat.</strong></span> <span class='ocrx_word' id='word_1_153' title='bbox 481 1069 571 1102; x_wconf 84' lang='lat' dir='ltr'><strong>Quare</strong></span> <span class='ocrx_word' id='word_1_154' title='bbox 586 1069 650 1096; x_wconf 89' lang='lat' dir='ltr'><strong>dttm</strong></span> <span class='ocrx_word' id='word_1_155' title='bbox 668 1070 799 1098; x_wconf 82' lang='lat' dir='ltr'><strong>conﬁctas</strong></span> <span class='ocrx_word' id='word_1_156' title='bbox 813 1071 872 1098; x_wconf 89' lang='lat' dir='ltr'><strong>illas</strong></span> <span class='ocrx_word' id='word_1_157' title='bbox 883 1071 1002 1098; x_wconf 81' lang='lat' dir='ltr'><strong>Arabum</strong></span> 
     </span>
    </p>
   </div>
   <div class='ocr_carea' id='block_1_24' title="bbox 215 1114 1003 1148">
    <p class='ocr_par' dir='ltr' id='par_1_24' title="bbox 215 1114 1003 1148">
     <span class='ocr_line' id='line_1_24' title="bbox 215 1114 1003 1148; baseline 0.001 -7"><span class='ocrx_word' id='word_1_158' title='bbox 215 1114 342 1148; x_wconf 86' lang='lat' dir='ltr'><strong>periodos</strong></span> <span class='ocrx_word' id='word_1_159' title='bbox 365 1114 558 1148; x_wconf 87' lang='lat' dir='ltr'><strong>operosissime</strong></span> <span class='ocrx_word' id='word_1_160' title='bbox 586 1114 737 1148; x_wconf 80' lang='lat' dir='ltr'><strong>describit,</strong></span> <span class='ocrx_word' id='word_1_161' title='bbox 765 1115 816 1143; x_wconf 91' lang='lat' dir='ltr'><strong>hoc</strong></span> <span class='ocrx_word' id='word_1_162' title='bbox 833 1120 875 1143; x_wconf 79' lang='lat' dir='ltr'><strong>est</strong></span> <span class='ocrx_word' id='word_1_163' title='bbox 898 1117 1003 1143; x_wconf 86' lang='lat' dir='ltr'><strong>somnia</strong></span> 
     </span>
    </p>
   </div>
   <div class='ocr_carea' id='block_1_25' title="bbox 216 1159 1003 1197">
    <p class='ocr_par' dir='ltr' id='par_1_25' title="bbox 216 1159 1003 1197">
     <span class='ocr_line' id='line_1_25' title="bbox 216 1159 1003 1197; baseline 0.004 -11"><span class='ocrx_word' id='word_1_164' title='bbox 216 1168 265 1187; x_wconf 90' lang='lat' dir='ltr'><strong>sua</strong></span> <span class='ocrx_word' id='word_1_165' title='bbox 291 1159 467 1193; x_wconf 84' lang='lat' dir='ltr'><strong>prosequitur</strong></span> <span class='ocrx_word' id='word_1_166' title='bbox 478 1179 485 1191; x_wconf 93' lang='lat'><strong>,</strong></span> <span class='ocrx_word' id='word_1_167' title='bbox 502 1163 529 1186; x_wconf 87' lang='lat' dir='ltr'><strong>et</strong></span> <span class='ocrx_word' id='word_1_168' title='bbox 546 1167 613 1191; x_wconf 86' lang='lat' dir='ltr'><strong>suo,</strong></span> <span class='ocrx_word' id='word_1_169' title='bbox 629 1165 655 1187; x_wconf 90' lang='lat' dir='ltr'><strong>et</strong></span> <span class='ocrx_word' id='word_1_170' title='bbox 676 1160 785 1188; x_wconf 74' lang='lat' dir='ltr'><strong>lectoris</strong></span> <span class='ocrx_word' id='word_1_171' title='bbox 800 1162 856 1189; x_wconf 89' lang='lat' dir='ltr'><strong>otio</strong></span> <span class='ocrx_word' id='word_1_172' title='bbox 872 1162 1003 1197; x_wconf 83' lang='lat' dir='ltr'><strong>intempe-</strong></span> 
     </span>
    </p>
   </div>
   <div class='ocr_carea' id='block_1_26' title="bbox 215 1203 1003 1240">
    <p class='ocr_par' dir='ltr' id='par_1_26' title="bbox 215 1203 1003 1240">
     <span class='ocr_line' id='line_1_26' title="bbox 215 1203 1003 1240; baseline 0.004 -9"><span class='ocrx_word' id='word_1_173' title='bbox 215 1209 307 1231; x_wconf 88' lang='lat' dir='ltr'><strong>ranter</strong></span> <span class='ocrx_word' id='word_1_174' title='bbox 328 1204 458 1231; x_wconf 79' lang='lat' dir='ltr'><strong>abutitur.</strong></span> <span class='ocrx_word' id='word_1_175' title='bbox 479 1203 538 1237; x_wconf 86' lang='lat' dir='ltr'><strong>Quo</strong></span> <span class='ocrx_word' id='word_1_176' title='bbox 559 1205 668 1238; x_wconf 77' lang='lat' dir='ltr'><strong>quidem</strong></span> <span class='ocrx_word' id='word_1_177' title='bbox 696 1205 723 1232; x_wconf 87' lang='lat' dir='ltr'><strong>in</strong></span> <span class='ocrx_word' id='word_1_178' title='bbox 742 1206 850 1240; x_wconf 80' lang='lat' dir='ltr'><strong>negotio</strong></span> <span class='ocrx_word' id='word_1_179' title='bbox 873 1212 913 1234; x_wconf 84' lang='lat' dir='ltr'><strong>est</strong></span> <span class='ocrx_word' id='word_1_180' title='bbox 937 1207 1003 1234; x_wconf 89' lang='lat' dir='ltr'><strong>illud</strong></span> 
     </span>
    </p>
   </div>
   <div class='ocr_carea' id='block_1_27' title="bbox 216 1250 1003 1287">
    <p class='ocr_par' dir='ltr' id='par_1_27' title="bbox 216 1250 1003 1287">
     <span class='ocr_line' id='line_1_27' title="bbox 216 1250 1003 1287; baseline 0.003 -10"><span class='ocrx_word' id='word_1_181' title='bbox 216 1250 451 1284; x_wconf 85' lang='lat' dir='ltr'><strong>sanejucumlum,</strong></span> <span class='ocrx_word' id='word_1_182' title='bbox 459 1250 530 1284; x_wconf 90' lang='lat' dir='ltr'><strong>quod</strong></span> <span class='ocrx_word' id='word_1_183' title='bbox 542 1251 662 1277; x_wconf 88' lang='lat' dir='ltr'><strong>eamdem</strong></span> <span class='ocrx_word' id='word_1_184' title='bbox 674 1250 745 1277; x_wconf 88' lang='lat' dir='ltr'><strong>illam</strong></span> <span class='ocrx_word' id='word_1_185' title='bbox 755 1251 894 1285; x_wconf 86' lang='lat' dir='ltr'><strong>periodum</strong></span> <span class='ocrx_word' id='word_1_186' title='bbox 904 1260 962 1287; x_wconf 78' lang='lat' dir='ltr'><strong>qua&#39;</strong></span> <span class='ocrx_word' id='word_1_187' title='bbox 971 1261 1003 1280; x_wconf 83' lang='lat' dir='ltr'><strong>ex</strong></span> 
     </span>
    </p>
   </div>
   <div class='ocr_carea' id='block_1_28' title="bbox 215 1295 1001 1328">
    <p class='ocr_par' dir='ltr' id='par_1_28' title="bbox 215 1295 1001 1328">
     <span class='ocr_line' id='line_1_28' title="bbox 215 1295 1001 1328; baseline 0 -5"><span class='ocrx_word' id='word_1_188' title='bbox 215 1296 269 1323; x_wconf 69' lang='lat'><strong>2:28</strong></span> <span class='ocrx_word' id='word_1_189' title='bbox 286 1296 403 1323; x_wconf 89' lang='lat' dir='ltr'><strong>Julianis</strong></span> <span class='ocrx_word' id='word_1_190' title='bbox 426 1296 522 1326; x_wconf 89' lang='lat' dir='ltr'><strong>annis,</strong></span> <span class='ocrx_word' id='word_1_191' title='bbox 538 1295 661 1322; x_wconf 78' lang='lat' dir='ltr'><strong>Arabicis</strong></span> <span class='ocrx_word' id='word_1_192' title='bbox 677 1303 752 1328; x_wconf 82' lang='lat' dir='ltr'><strong>vero,</strong></span> <span class='ocrx_word' id='word_1_193' title='bbox 773 1297 812 1323; x_wconf 88' lang='lat' dir='ltr'><strong>vel</strong></span> <span class='ocrx_word' id='word_1_194' title='bbox 831 1297 928 1325; x_wconf 88' lang='lat' dir='ltr'><strong>solutis</strong></span> <span class='ocrx_word' id='word_1_195' title='bbox 948 1297 1001 1324; x_wconf 67' lang='lat'><strong>235</strong></span> 
     </span>
    </p>
   </div>
   <div class='ocr_carea' id='block_1_29' title="bbox 218 1341 1003 1376">
    <p class='ocr_par' dir='ltr' id='par_1_29' title="bbox 218 1341 1003 1376">
     <span class='ocr_line' id='line_1_29' title="bbox 218 1341 1003 1376; baseline 0.001 -7"><span class='ocrx_word' id='word_1_196' title='bbox 218 1346 336 1374; x_wconf 83' lang='lat' dir='ltr'><strong>constat,</strong></span> <span class='ocrx_word' id='word_1_197' title='bbox 350 1341 448 1368; x_wconf 87' lang='lat' dir='ltr'><strong>alicubi</strong></span> <span class='ocrx_word' id='word_1_198' title='bbox 461 1341 640 1376; x_wconf 69' lang='lat' dir='ltr'><strong>excogitatam</strong></span> <span class='ocrx_word' id='word_1_199' title='bbox 653 1349 666 1367; x_wconf 88' lang='lat' dir='ltr'><strong>a</strong></span> <span class='ocrx_word' id='word_1_200' title='bbox 680 1349 709 1369; x_wconf 88' lang='lat' dir='ltr'><strong>se</strong></span> <span class='ocrx_word' id='word_1_201' title='bbox 722 1342 804 1374; x_wconf 82' lang='lat' dir='ltr'><strong>dicat,</strong></span> <span class='ocrx_word' id='word_1_202' title='bbox 816 1342 880 1369; x_wconf 75' lang='lat' dir='ltr'><strong>alibi</strong></span> <span class='ocrx_word' id='word_1_203' title='bbox 894 1350 956 1370; x_wconf 84' lang='lat' dir='ltr'><strong>vero</strong></span> <span class='ocrx_word' id='word_1_204' title='bbox 969 1344 1003 1370; x_wconf 89' lang='lat' dir='ltr'><strong>ab</strong></span> 
     </span>
    </p>
   </div>
   <div class='ocr_carea' id='block_1_30' title="bbox 216 1385 1003 1420">
    <p class='ocr_par' dir='ltr' id='par_1_30' title="bbox 216 1385 1003 1420">
     <span class='ocr_line' id='line_1_30' title="bbox 216 1385 1003 1420; baseline 0.001 -6"><span class='ocrx_word' id='word_1_205' title='bbox 216 1388 369 1420; x_wconf 77' lang='lat' dir='ltr'><strong>Arabibus,</strong></span> <span class='ocrx_word' id='word_1_206' title='bbox 385 1390 412 1413; x_wconf 89' lang='lat' dir='ltr'><strong>et</strong></span> <span class='ocrx_word' id='word_1_207' title='bbox 431 1385 579 1420; x_wconf 72' lang='lat' dir='ltr'><strong>llagarenis</strong></span> <span class='ocrx_word' id='word_1_208' title='bbox 600 1386 635 1413; x_wconf 87' lang='lat' dir='ltr'><strong>ab</strong></span> <span class='ocrx_word' id='word_1_209' title='bbox 658 1387 735 1420; x_wconf 74' lang='lat' dir='ltr'><strong>initio</strong></span> <span class='ocrx_word' id='word_1_210' title='bbox 751 1386 852 1414; x_wconf 91' lang='lat' dir='ltr'><strong>Juliani</strong></span> <span class='ocrx_word' id='word_1_211' title='bbox 875 1389 939 1414; x_wconf 83' lang='lat' dir='ltr'><strong>anni</strong></span> <span class='ocrx_word' id='word_1_212' title='bbox 962 1396 1003 1415; x_wconf 93' lang='lat' dir='ltr'><strong>re-</strong></span> 
     </span>
    </p>
   </div>
   <div class='ocr_carea' id='block_1_31' title="bbox 215 1431 1001 1467">
    <p class='ocr_par' dir='ltr' id='par_1_31' title="bbox 215 1431 1001 1467">
     <span class='ocr_line' id='line_1_31' title="bbox 215 1431 1001 1467; baseline 0.001 -8"><span class='ocrx_word' id='word_1_213' title='bbox 215 1438 339 1467; x_wconf 83' lang='lat' dir='ltr'><strong>pertam,</strong></span> <span class='ocrx_word' id='word_1_214' title='bbox 354 1437 381 1459; x_wconf 88' lang='lat' dir='ltr'><strong>et</strong></span> <span class='ocrx_word' id='word_1_215' title='bbox 404 1432 556 1458; x_wconf 84' lang='lat' dir='ltr'><strong>instilulam</strong></span> <span class='ocrx_word' id='word_1_216' title='bbox 579 1431 737 1466; x_wconf 86' lang='lat' dir='ltr'><strong>imprudens</strong></span> <span class='ocrx_word' id='word_1_217' title='bbox 754 1438 870 1460; x_wconf 80' lang='lat' dir='ltr'><strong>asserat.</strong></span> <span class='ocrx_word' id='word_1_218' title='bbox 897 1433 1001 1460; x_wconf 82' lang='lat' dir='ltr'><strong>Etenim</strong></span> 
     </span>
    </p>
   </div>
   <div class='ocr_carea' id='block_1_32' title="bbox 217 1477 1004 1513">
    <p class='ocr_par' dir='ltr' id='par_1_32' title="bbox 217 1477 1004 1513">
     <span class='ocr_line' id='line_1_32' title="bbox 217 1477 1004 1513; baseline 0.003 -8"><span class='ocrx_word' id='word_1_219' title='bbox 217 1479 263 1505; x_wconf 92' lang='lat' dir='ltr'><strong>lib.</strong></span> <span class='ocrx_word' id='word_1_220' title='bbox 279 1486 297 1504; x_wconf 89' lang='grc' dir='ltr'><strong>ιι</strong></span> <span class='ocrx_word' id='word_1_221' title='bbox 313 1477 350 1504; x_wconf 86' lang='lat' dir='ltr'><strong>De</strong></span> <span class='ocrx_word' id='word_1_222' title='bbox 365 1478 465 1504; x_wconf 76' lang='lat' dir='ltr'><strong>etueud.</strong></span> <span class='ocrx_word' id='word_1_223' title='bbox 484 1486 508 1512; x_wconf 88' lang='lat' dir='ltr'><strong>p.</strong></span> <span class='ocrx_word' id='word_1_224' title='bbox 528 1477 588 1510; x_wconf 69' lang='grc'><strong>154,</strong></span> <span class='ocrx_word' id='word_1_225' title='bbox 606 1478 650 1504; x_wconf 86' lang='lat' dir='ltr'><strong>ubi</strong></span> <span class='ocrx_word' id='word_1_226' title='bbox 662 1478 694 1505; x_wconf 91' lang='lat' dir='ltr'><strong>de</strong></span> <span class='ocrx_word' id='word_1_227' title='bbox 707 1485 779 1505; x_wconf 90' lang='lat' dir='ltr'><strong>anno</strong></span> <span class='ocrx_word' id='word_1_228' title='bbox 800 1478 904 1513; x_wconf 78' lang='lat' dir='ltr'><strong>llegira:</strong></span> <span class='ocrx_word' id='word_1_229' title='bbox 919 1480 1004 1507; x_wconf 89' lang='lat' dir='ltr'><strong>disse-</strong></span> 
     </span>
    </p>
   </div>
   <div class='ocr_carea' id='block_1_33' title="bbox 216 1523 1003 1561">
    <p class='ocr_par' dir='ltr' id='par_1_33' title="bbox 216 1523 1003 1561">
     <span class='ocr_line' id='line_1_33' title="bbox 216 1523 1003 1561; baseline 0.003 -11"><span class='ocrx_word' id='word_1_230' title='bbox 216 1524 251 1550; x_wconf 88' lang='lat' dir='ltr'><strong>rit</strong></span> <span class='ocrx_word' id='word_1_231' title='bbox 269 1533 275 1550; x_wconf 93' lang='lat'>:</span> <span class='ocrx_word' id='word_1_232' title='bbox 291 1523 556 1555; x_wconf 80' lang='lat' dir='ltr'><strong>Contumacissinms,</strong></span> <span class='ocrx_word' id='word_1_233' title='bbox 577 1523 683 1557; x_wconf 88' lang='lat' dir='ltr'><strong>inquit,</strong></span> <span class='ocrx_word' id='word_1_234' title='bbox 701 1524 742 1550; x_wconf 86' lang='lat' dir='ltr'><strong>hic</strong></span> <span class='ocrx_word' id='word_1_235' title='bbox 762 1532 847 1551; x_wconf 73' lang='lat' dir='ltr'><strong>annus</strong></span> <span class='ocrx_word' id='word_1_236' title='bbox 865 1529 1003 1561; x_wconf 80' lang='lat' dir='ltr'><strong>est,neque</strong></span> 
     </span>
    </p>
   </div>
   <div class='ocr_carea' id='block_1_34' title="bbox 216 1568 1003 1604">
    <p class='ocr_par' dir='ltr' id='par_1_34' title="bbox 216 1568 1003 1604">
     <span class='ocr_line' id='line_1_34' title="bbox 216 1568 1003 1604; baseline 0.004 -9"><span class='ocrx_word' id='word_1_237' title='bbox 216 1570 296 1604; x_wconf 81' lang='lat' dir='ltr'><strong>facile</strong></span> <span class='ocrx_word' id='word_1_238' title='bbox 321 1569 385 1595; x_wconf 81' lang='lat' dir='ltr'><strong>redit</strong></span> <span class='ocrx_word' id='word_1_239' title='bbox 410 1570 437 1595; x_wconf 87' lang='lat' dir='ltr'><strong>in</strong></span> <span class='ocrx_word' id='word_1_240' title='bbox 458 1569 572 1603; x_wconf 78' lang='lat' dir='ltr'><strong>gratiam</strong></span> <span class='ocrx_word' id='word_1_241' title='bbox 589 1577 647 1595; x_wconf 80' lang='lat' dir='ltr'><strong>cum</strong></span> <span class='ocrx_word' id='word_1_242' title='bbox 663 1577 730 1595; x_wconf 78' lang='lat' dir='ltr'><strong>anno</strong></span> <span class='ocrx_word' id='word_1_243' title='bbox 750 1568 819 1602; x_wconf 85' lang='lat' dir='ltr'><strong>Jul.,</strong></span> <span class='ocrx_word' id='word_1_244' title='bbox 839 1575 890 1598; x_wconf 89' lang='lat' dir='ltr'><strong>etc.</strong></span> <span class='ocrx_word' id='word_1_245' title='bbox 915 1570 1003 1604; x_wconf 84' lang='lat' dir='ltr'><strong>Quare</strong></span> 
     </span>
    </p>
   </div>
   <div class='ocr_carea' id='block_1_35' title="bbox 217 1614 1002 1651">
    <p class='ocr_par' dir='ltr' id='par_1_35' title="bbox 217 1614 1002 1651">
     <span class='ocr_line' id='line_1_35' title="bbox 217 1614 1002 1651; baseline 0.001 -10"><span class='ocrx_word' id='word_1_246' title='bbox 217 1615 291 1642; x_wconf 72' lang='lat' dir='ltr'><strong>mtila</strong></span> <span class='ocrx_word' id='word_1_247' title='bbox 315 1614 449 1641; x_wconf 70' lang='lat' dir='ltr'><strong>met/todus</strong></span> <span class='ocrx_word' id='word_1_248' title='bbox 473 1614 532 1640; x_wconf 83' lang='lat' dir='ltr'><strong>hinc</strong></span> <span class='ocrx_word' id='word_1_249' title='bbox 557 1614 650 1648; x_wconf 77' lang='lat' dir='ltr'><strong>eun/ici</strong></span> <span class='ocrx_word' id='word_1_250' title='bbox 672 1619 767 1649; x_wconf 74' lang='lat' dir='ltr'><strong>potest.</strong></span> <span class='ocrx_word' id='word_1_251' title='bbox 796 1615 890 1642; x_wconf 77' lang='lat' dir='ltr'><strong>Tutior</strong></span> <span class='ocrx_word' id='word_1_252' title='bbox 906 1625 1002 1651; x_wconf 82' lang='lat' dir='ltr'><strong>magna</strong></span> 
     </span>
    </p>
   </div>
   <div class='ocr_carea' id='block_1_36' title="bbox 214 1659 1003 1694">
    <p class='ocr_par' dir='ltr' id='par_1_36' title="bbox 214 1659 1003 1694">
     <span class='ocr_line' id='line_1_36' title="bbox 214 1659 1003 1694; baseline 0 -7"><span class='ocrx_word' id='word_1_253' title='bbox 214 1661 349 1694; x_wconf 76' lang='lat' dir='ltr'><strong>periodus,</strong></span> <span class='ocrx_word' id='word_1_254' title='bbox 364 1667 445 1694; x_wconf 82' lang='lat' dir='ltr'><strong>quam</strong></span> <span class='ocrx_word' id='word_1_255' title='bbox 459 1659 684 1694; x_wconf 79' lang='lat' dir='ltr'><strong>cxcogitavimus,</strong></span> <span class='ocrx_word' id='word_1_256' title='bbox 698 1668 827 1687; x_wconf 79' lang='lat' dir='ltr'><strong>annorum</strong></span> <span class='ocrx_word' id='word_1_257' title='bbox 835 1660 898 1694; x_wconf 73' lang='lat'><strong>9.9.8,</strong></span> <span class='ocrx_word' id='word_1_258' title='bbox 909 1669 1003 1687; x_wconf 78' lang='lat' dir='ltr'><strong>ennea-</strong></span> 
     </span>
    </p>
   </div>
   <div class='ocr_carea' id='block_1_37' title="bbox 216 1704 1002 1739">
    <p class='ocr_par' dir='ltr' id='par_1_37' title="bbox 216 1704 1002 1739">
     <span class='ocr_line' id='line_1_37' title="bbox 216 1704 1002 1739; baseline 0 -7"><span class='ocrx_word' id='word_1_259' title='bbox 216 1706 409 1732; x_wconf 75' lang='lat' dir='ltr'><strong>deraeleridum</strong></span> <span class='ocrx_word' id='word_1_260' title='bbox 433 1704 580 1730; x_wconf 78' lang='lat' dir='ltr'><strong>duodecim.</strong></span> <span class='ocrx_word' id='word_1_261' title='bbox 597 1705 630 1731; x_wconf 86' lang='lat' dir='ltr'><strong>Al</strong></span> <span class='ocrx_word' id='word_1_262' title='bbox 644 1704 661 1731; x_wconf 89' lang='grc'><strong>1.</strong></span> <span class='ocrx_word' id='word_1_263' title='bbox 683 1713 708 1736; x_wconf 80' lang='lat' dir='ltr'><strong>v,</strong></span> <span class='ocrx_word' id='word_1_264' title='bbox 727 1712 753 1739; x_wconf 62' lang='grc' dir='ltr'>ε.</span> <span class='ocrx_word' id='word_1_265' title='bbox 771 1704 833 1738; x_wconf 69' lang='grc'><strong>485,</strong></span> <span class='ocrx_word' id='word_1_266' title='bbox 847 1705 890 1732; x_wconf 87' lang='lat' dir='ltr'><strong>ubi</strong></span> <span class='ocrx_word' id='word_1_267' title='bbox 906 1706 937 1732; x_wconf 85' lang='lat' dir='ltr'><strong>de</strong></span> <span class='ocrx_word' id='word_1_268' title='bbox 958 1713 1002 1732; x_wconf 81' lang='lat' dir='ltr'><strong>c0-</strong></span> 
     </span>
    </p>
   </div>
   <div class='ocr_carea' id='block_1_38' title="bbox 216 1749 1003 1785">
    <p class='ocr_par' dir='ltr' id='par_1_38' title="bbox 216 1749 1003 1785">
     <span class='ocr_line' id='line_1_38' title="bbox 216 1749 1003 1785; baseline -0.001 -7"><span class='ocrx_word' id='word_1_269' title='bbox 216 1755 276 1779; x_wconf 72' lang='lat' dir='ltr'><strong>ifem</strong></span> <span class='ocrx_word' id='word_1_270' title='bbox 296 1760 367 1778; x_wconf 89' lang='lat' dir='ltr'><strong>anno</strong></span> <span class='ocrx_word' id='word_1_271' title='bbox 385 1751 504 1785; x_wconf 75' lang='lat' dir='ltr'><strong>loquitur</strong></span> <span class='ocrx_word' id='word_1_272' title='bbox 518 1754 527 1778; x_wconf 73' lang='grc' dir='ltr'><strong>ε’</strong></span> <span class='ocrx_word' id='word_1_273' title='bbox 547 1750 653 1781; x_wconf 80' lang='lat' dir='ltr'><strong>Arabes,</strong></span> <span class='ocrx_word' id='word_1_274' title='bbox 676 1750 775 1784; x_wconf 85' lang='lat' dir='ltr'><strong>inquit,</strong></span> <span class='ocrx_word' id='word_1_275' title='bbox 801 1749 936 1784; x_wconf 79' lang='lat' dir='ltr'><strong>llagaretti</strong></span> <span class='ocrx_word' id='word_1_276' title='bbox 959 1758 1003 1784; x_wconf 83' lang='lat' dir='ltr'><strong>pe—</strong></span> 
     </span>
    </p>
   </div>
   <div class='ocr_carea' id='block_1_39' title="bbox 216 1795 1001 1824">
    <p class='ocr_par' dir='ltr' id='par_1_39' title="bbox 216 1795 1001 1824">
     <span class='ocr_line' id='line_1_39' title="bbox 216 1795 1001 1824; baseline -0.003 -1"><span class='ocrx_word' id='word_1_277' title='bbox 216 1798 321 1824; x_wconf 83' lang='lat' dir='ltr'><strong>riodum</strong></span> <span class='ocrx_word' id='word_1_278' title='bbox 351 1796 404 1823; x_wconf 68' lang='lat'><strong>2’28</strong></span> <span class='ocrx_word' id='word_1_279' title='bbox 434 1803 562 1822; x_wconf 83' lang='lat' dir='ltr'><strong>annorum</strong></span> <span class='ocrx_word' id='word_1_280' title='bbox 590 1795 767 1822; x_wconf 88' lang='lat' dir='ltr'><strong>instituerunt</strong></span> <span class='ocrx_word' id='word_1_281' title='bbox 793 1803 825 1821; x_wconf 73' lang='lat' dir='ltr'><strong>ex</strong></span> <span class='ocrx_word' id='word_1_282' title='bbox 861 1804 887 1823; x_wconf 81' lang='grc' dir='ltr'>ιι.</span> <span class='ocrx_word' id='word_1_283' title='bbox 914 1796 941 1823; x_wconf 86' lang='lat' dir='ltr'><strong>d.</strong></span> <span class='ocrx_word' id='word_1_284' title='bbox 972 1803 1001 1822; x_wconf 92' lang='grc' dir='ltr'><strong>ιιι</strong></span> 
     </span>
    </p>
   </div>
   <div class='ocr_carea' id='block_1_40' title="bbox 217 1840 999 1875">
    <p class='ocr_par' dir='ltr' id='par_1_40' title="bbox 217 1840 999 1875">
     <span class='ocr_line' id='line_1_40' title="bbox 217 1840 999 1875; baseline -0.003 -6"><span class='ocrx_word' id='word_1_285' title='bbox 217 1842 316 1870; x_wconf 74' lang='lat' dir='ltr'><strong>Iduum</strong></span> <span class='ocrx_word' id='word_1_286' title='bbox 329 1842 422 1868; x_wconf 78' lang='lat' dir='ltr'><strong>Mm‘tii</strong></span> <span class='ocrx_word' id='word_1_287' title='bbox 435 1842 496 1867; x_wconf 85' lang='lat' dir='ltr'><strong>muti</strong></span> <span class='ocrx_word' id='word_1_288' title='bbox 507 1841 688 1875; x_wconf 75' lang='lat' dir='ltr'><strong>Confusionis,</strong></span> <span class='ocrx_word' id='word_1_289' title='bbox 702 1840 773 1875; x_wconf 61' lang='grc' dir='ltr'><strong>(θείοιο</strong></span> <span class='ocrx_word' id='word_1_290' title='bbox 783 1840 853 1867; x_wconf 75' lang='lat' dir='ltr'><strong>(una:</strong></span> <span class='ocrx_word' id='word_1_291' title='bbox 867 1849 925 1873; x_wconf 71' lang='lat' dir='ltr'><strong>aut,</strong></span> <span class='ocrx_word' id='word_1_292' title='bbox 936 1841 999 1867; x_wconf 68' lang='lat' dir='ltr'><strong>solis</strong></span> 
     </span>
    </p>
   </div>
   <div class='ocr_carea' id='block_1_41' title="bbox 216 1884 998 1922">
    <p class='ocr_par' dir='ltr' id='par_1_41' title="bbox 216 1884 998 1922">
     <span class='ocr_line' id='line_1_41' title="bbox 216 1884 998 1922; baseline -0.006 -6"><span class='ocrx_word' id='word_1_293' title='bbox 216 1897 263 1916; x_wconf 68' lang='lat' dir='ltr'><strong>xx.</strong></span> <span class='ocrx_word' id='word_1_294' title='bbox 282 1888 313 1914; x_wconf 81' lang='lat' dir='ltr'><strong>Et</strong></span> <span class='ocrx_word' id='word_1_295' title='bbox 330 1887 410 1922; x_wconf 85' lang='lat' dir='ltr'><strong>paulo</strong></span> <span class='ocrx_word' id='word_1_296' title='bbox 424 1891 500 1920; x_wconf 87' lang='lat' dir='ltr'><strong>post:</strong></span> <span class='ocrx_word' id='word_1_297' title='bbox 519 1885 657 1919; x_wconf 76' lang='lat' dir='ltr'><strong>Tripliceut</strong></span> <span class='ocrx_word' id='word_1_298' title='bbox 675 1885 742 1911; x_wconf 78' lang='lat' dir='ltr'><strong>enim</strong></span> <span class='ocrx_word' id='word_1_299' title='bbox 753 1885 890 1918; x_wconf 79' lang='lat' dir='ltr'><strong>periodum</strong></span> <span class='ocrx_word' id='word_1_300' title='bbox 902 1884 998 1911; x_wconf 82' lang='lat' dir='ltr'><strong>[tabue-</strong></span> 
     </span>
    </p>
   </div>
   <div class='ocr_carea' id='block_1_42' title="bbox 217 1931 1000 1964">
    <p class='ocr_par' dir='ltr' id='par_1_42' title="bbox 217 1931 1000 1964">
     <span class='ocr_line' id='line_1_42' title="bbox 217 1931 1000 1964; baseline -0.005 -4"><span class='ocrx_word' id='word_1_301' title='bbox 217 1939 280 1960; x_wconf 77' lang='lat' dir='ltr'><strong>runt</strong></span> <span class='ocrx_word' id='word_1_302' title='bbox 297 1941 305 1959; x_wconf 85' lang='lat'><strong>.&#39;</strong></span> <span class='ocrx_word' id='word_1_303' title='bbox 322 1934 449 1958; x_wconf 72' lang='grc' dir='ltr'>ιιιίηονιίιι</span> <span class='ocrx_word' id='word_1_304' title='bbox 473 1939 526 1958; x_wconf 68' lang='lat' dir='ltr'><strong>XXX</strong></span> <span class='ocrx_word' id='word_1_305' title='bbox 548 1938 676 1957; x_wconf 85' lang='lat' dir='ltr'><strong>annorum</strong></span> <span class='ocrx_word' id='word_1_306' title='bbox 693 1931 857 1961; x_wconf 80' lang='lat' dir='ltr'><strong>solutorum;</strong></span> <span class='ocrx_word' id='word_1_307' title='bbox 875 1931 1000 1964; x_wconf 77' lang='lat' dir='ltr'><strong>majorem</strong></span> 
     </span>
    </p>
   </div>
   <div class='ocr_carea' id='block_1_43' title="bbox 217 1975 999 2008">
    <p class='ocr_par' dir='ltr' id='par_1_43' title="bbox 217 1975 999 2008">
     <span class='ocr_line' id='line_1_43' title="bbox 217 1975 999 2008; baseline -0.008 -1"><span class='ocrx_word' id='word_1_308' title='bbox 217 1980 270 2007; x_wconf 69' lang='lat' dir='ltr'><strong>2l0</strong></span> <span class='ocrx_word' id='word_1_309' title='bbox 294 1986 440 2008; x_wconf 81' lang='lat' dir='ltr'><strong>annorum;</strong></span> <span class='ocrx_word' id='word_1_310' title='bbox 464 1977 609 2003; x_wconf 68' lang='lat' dir='ltr'><strong>marimam</strong></span> <span class='ocrx_word' id='word_1_311' title='bbox 628 1976 681 2002; x_wconf 71' lang='lat'><strong>228</strong></span> <span class='ocrx_word' id='word_1_312' title='bbox 707 1984 836 2002; x_wconf 78' lang='lat' dir='ltr'><strong>annorum</strong></span> <span class='ocrx_word' id='word_1_313' title='bbox 861 1975 999 2006; x_wconf 81' lang='lat' dir='ltr'><strong>solarium,</strong></span> 
     </span>
    </p>
   </div>
   <div class='ocr_carea' id='block_1_44' title="bbox 216 2021 1000 2057">
    <p class='ocr_par' dir='ltr' id='par_1_44' title="bbox 216 2021 1000 2057">
     <span class='ocr_line' id='line_1_44' title="bbox 216 2021 1000 2057; baseline -0.008 -4"><span class='ocrx_word' id='word_1_314' title='bbox 216 2026 270 2053; x_wconf 72' lang='lat'><strong>9.55</strong></span> <span class='ocrx_word' id='word_1_315' title='bbox 286 2030 372 2052; x_wconf 82' lang='lat' dir='ltr'><strong>autent</strong></span> <span class='ocrx_word' id='word_1_316' title='bbox 395 2024 582 2054; x_wconf 68' lang='lat' dir='ltr'><strong>Arabiton-unt,</strong></span> <span class='ocrx_word' id='word_1_317' title='bbox 600 2030 651 2057; x_wconf 89' lang='lat' dir='ltr'><strong>qua</strong></span> <span class='ocrx_word' id='word_1_318' title='bbox 671 2021 827 2048; x_wconf 74' lang='lat' dir='ltr'><strong>Multam-am</strong></span> <span class='ocrx_word' id='word_1_319' title='bbox 851 2029 896 2055; x_wconf 80' lang='lat' dir='ltr'><strong>per</strong></span> <span class='ocrx_word' id='word_1_320' title='bbox 917 2026 1000 2048; x_wconf 85' lang='lat' dir='ltr'><strong>totum</strong></span> 
     </span>
    </p>
   </div>
   <div class='ocr_carea' id='block_1_45' title="bbox 217 2067 1000 2103">
    <p class='ocr_par' dir='ltr' id='par_1_45' title="bbox 217 2067 1000 2103">
     <span class='ocr_line' id='line_1_45' title="bbox 217 2067 1000 2103; baseline -0.005 -5"><span class='ocrx_word' id='word_1_321' title='bbox 217 2076 367 2099; x_wconf 76' lang='lat' dir='ltr'><strong>contextum</strong></span> <span class='ocrx_word' id='word_1_322' title='bbox 394 2070 456 2096; x_wconf 80' lang='lat' dir='ltr'><strong>anni</strong></span> <span class='ocrx_word' id='word_1_323' title='bbox 482 2069 576 2096; x_wconf 75' lang='lat' dir='ltr'><strong>solaris</strong></span> <span class='ocrx_word' id='word_1_324' title='bbox 605 2074 713 2103; x_wconf 74' lang='lat' dir='ltr'><strong>vagatus</strong></span> <span class='ocrx_word' id='word_1_325' title='bbox 735 2068 800 2094; x_wconf 85' lang='lat' dir='ltr'><strong>redit</strong></span> <span class='ocrx_word' id='word_1_326' title='bbox 826 2068 860 2093; x_wconf 85' lang='lat' dir='ltr'><strong>ad</strong></span> <span class='ocrx_word' id='word_1_327' title='bbox 882 2067 1000 2094; x_wconf 82' lang='lat' dir='ltr'><strong>eamdem</strong></span> 
     </span>
    </p>
   </div>
   <div class='ocr_carea' id='block_1_46' title="bbox 216 2112 1000 2150">
    <p class='ocr_par' dir='ltr' id='par_1_46' title="bbox 216 2112 1000 2150">
     <span class='ocr_line' id='line_1_46' title="bbox 216 2112 1000 2150; baseline -0.006 -6"><span class='ocrx_word' id='word_1_328' title='bbox 216 2118 296 2144; x_wconf 81' lang='lat' dir='ltr'><strong>diem.</strong></span> <span class='ocrx_word' id='word_1_329' title='bbox 314 2116 386 2143; x_wconf 83' lang='lat' dir='ltr'><strong>idem</strong></span> <span class='ocrx_word' id='word_1_330' title='bbox 401 2121 428 2143; x_wconf 90' lang='lat' dir='ltr'><strong>et</strong></span> <span class='ocrx_word' id='word_1_331' title='bbox 445 2115 471 2142; x_wconf 94' lang='lat' dir='ltr'><strong>in</strong></span> <span class='ocrx_word' id='word_1_332' title='bbox 484 2115 501 2142; x_wconf 94' lang='lat' dir='ltr'><strong>l.</strong></span> <span class='ocrx_word' id='word_1_333' title='bbox 518 2122 546 2141; x_wconf 91' lang='grc' dir='ltr'><strong>ιιι</strong></span> <span class='ocrx_word' id='word_1_334' title='bbox 560 2113 633 2150; x_wconf 82' lang='lat' dir='ltr'><strong>Isag.</strong></span> <span class='ocrx_word' id='word_1_335' title='bbox 652 2114 717 2142; x_wconf 87' lang='lat' dir='ltr'><strong>Can.</strong></span> <span class='ocrx_word' id='word_1_336' title='bbox 738 2112 845 2147; x_wconf 85' lang='lat' dir='ltr'><strong>repetit.</strong></span> <span class='ocrx_word' id='word_1_337' title='bbox 862 2112 931 2145; x_wconf 84' lang='lat' dir='ltr'><strong>Quid</strong></span> <span class='ocrx_word' id='word_1_338' title='bbox 949 2112 1000 2139; x_wconf 89' lang='lat' dir='ltr'><strong>hoc</strong></span> 
     </span>
    </p>
   </div>
   <div class='ocr_carea' id='block_1_47' title="bbox 216 2158 996 2194">
    <p class='ocr_par' dir='ltr' id='par_1_47' title="bbox 216 2158 996 2194">
     <span class='ocr_line' id='line_1_47' title="bbox 216 2158 996 2194; baseline -0.008 -4"><span class='ocrx_word' id='word_1_339' title='bbox 216 2163 327 2190; x_wconf 81' lang='lat' dir='ltr'><strong>homine</strong></span> <span class='ocrx_word' id='word_1_340' title='bbox 344 2162 445 2194; x_wconf 86' lang='lat' dir='ltr'><strong>facias,</strong></span> <span class='ocrx_word' id='word_1_341' title='bbox 467 2165 513 2187; x_wconf 88' lang='lat' dir='ltr'><strong>aut</strong></span> <span class='ocrx_word' id='word_1_342' title='bbox 529 2167 610 2194; x_wconf 89' lang='lat' dir='ltr'><strong>quam</strong></span> <span class='ocrx_word' id='word_1_343' title='bbox 622 2159 646 2186; x_wconf 89' lang='lat' dir='ltr'><strong>ei</strong></span> <span class='ocrx_word' id='word_1_344' title='bbox 661 2160 768 2185; x_wconf 88' lang='lat' dir='ltr'><strong>demum</strong></span> <span class='ocrx_word' id='word_1_345' title='bbox 789 2158 890 2185; x_wconf 85' lang='lat' dir='ltr'><strong>habeas</strong></span> <span class='ocrx_word' id='word_1_346' title='bbox 909 2158 996 2191; x_wconf 81' lang='lat' dir='ltr'><strong>fidem,</strong></span> 
     </span>
    </p>
   </div>
   <div class='ocr_carea' id='block_1_48' title="bbox 1019 876 1039 903">
    <p class='ocr_par' dir='ltr' id='par_1_48' title="bbox 1019 876 1039 903">
     <span class='ocr_line' id='line_1_48' title="bbox 1019 876 1039 903; baseline 0 0"><span class='ocrx_word' id='word_1_347' title='bbox 1019 876 1039 903; x_wconf 85' lang='grc' dir='ltr'><strong>Β</strong></span> 
     </span>
    </p>
   </div>
   <div class='ocr_carea' id='block_1_49' title="bbox 1016 1545 1037 1574">
    <p class='ocr_par' dir='ltr' id='par_1_49' title="bbox 1016 1545 1037 1574">
     <span class='ocr_line' id='line_1_49' title="bbox 1016 1545 1037 1574; baseline 0 0"><span class='ocrx_word' id='word_1_348' title='bbox 1016 1545 1037 1574; x_wconf 88' lang='lat' dir='ltr'>C</span> 
     </span>
    </p>
   </div>
   <div class='ocr_carea' id='block_1_50' title="bbox 1053 251 1833 286">
    <p class='ocr_par' dir='ltr' id='par_1_50' title="bbox 1053 251 1833 286">
     <span class='ocr_line' id='line_1_50' title="bbox 1053 251 1833 286; baseline -0.004 -5"><span class='ocrx_word' id='word_1_349' title='bbox 1053 254 1156 281; x_wconf 83' lang='lat' dir='ltr'><strong>Arabes</strong></span> <span class='ocrx_word' id='word_1_350' title='bbox 1178 252 1320 280; x_wconf 84' lang='lat' dir='ltr'><strong>inchoasse</strong></span> <span class='ocrx_word' id='word_1_351' title='bbox 1348 252 1440 283; x_wconf 87' lang='lat' dir='ltr'><strong>tradit,</strong></span> <span class='ocrx_word' id='word_1_352' title='bbox 1459 260 1515 286; x_wconf 86' lang='lat' dir='ltr'><strong>per.</strong></span> <span class='ocrx_word' id='word_1_353' title='bbox 1539 251 1594 278; x_wconf 86' lang='lat' dir='ltr'><strong>Jul.</strong></span> <span class='ocrx_word' id='word_1_354' title='bbox 1611 251 1691 278; x_wconf 66' lang='lat'><strong>£668.</strong></span> <span class='ocrx_word' id='word_1_355' title='bbox 1716 251 1744 278; x_wconf 91' lang='lat' dir='ltr'><strong>In</strong></span> <span class='ocrx_word' id='word_1_356' title='bbox 1760 252 1833 286; x_wconf 71' lang='lat' dir='ltr'><strong>Isug.</strong></span> 
     </span>
    </p>
   </div>
   <div class='ocr_carea' id='block_1_51' title="bbox 1053 297 1836 333">
    <p class='ocr_par' dir='ltr' id='par_1_51' title="bbox 1053 297 1836 333">
     <span class='ocr_line' id='line_1_51' title="bbox 1053 297 1836 333; baseline -0.001 -7"><span class='ocrx_word' id='word_1_357' title='bbox 1053 307 1117 327; x_wconf 79' lang='lat' dir='ltr'><strong>vero</strong></span> <span class='ocrx_word' id='word_1_358' title='bbox 1131 305 1227 325; x_wconf 85' lang='lat' dir='ltr'><strong>canon.</strong></span> <span class='ocrx_word' id='word_1_359' title='bbox 1245 298 1342 330; x_wconf 86' lang='lat' dir='ltr'><strong>lib.tn,</strong></span> <span class='ocrx_word' id='word_1_360' title='bbox 1354 305 1378 325; x_wconf 92' lang='lat' dir='ltr'><strong>c.</strong></span> <span class='ocrx_word' id='word_1_361' title='bbox 1393 306 1430 329; x_wconf 82' lang='lat' dir='ltr'><strong>ix,</strong></span> <span class='ocrx_word' id='word_1_362' title='bbox 1441 305 1467 332; x_wconf 89' lang='lat' dir='ltr'><strong>p.</strong></span> <span class='ocrx_word' id='word_1_363' title='bbox 1482 298 1546 328; x_wconf 72' lang='lat'><strong>9.55,</strong></span> <span class='ocrx_word' id='word_1_364' title='bbox 1563 297 1666 332; x_wconf 78' lang='lat' dir='ltr'><strong>periodi</strong></span> <span class='ocrx_word' id='word_1_365' title='bbox 1684 297 1836 333; x_wconf 84' lang='lat' dir='ltr'><strong>hujusepo-</strong></span> 
     </span>
    </p>
   </div>
   <div class='ocr_carea' id='block_1_52' title="bbox 1053 343 1837 378">
    <p class='ocr_par' dir='ltr' id='par_1_52' title="bbox 1053 343 1837 378">
     <span class='ocr_line' id='line_1_52' title="bbox 1053 343 1837 378; baseline -0.003 -7"><span class='ocrx_word' id='word_1_366' title='bbox 1053 346 1131 371; x_wconf 89' lang='lat' dir='ltr'><strong>eham</strong></span> <span class='ocrx_word' id='word_1_367' title='bbox 1147 344 1269 371; x_wconf 84' lang='lat' dir='ltr'><strong>eamdem</strong></span> <span class='ocrx_word' id='word_1_368' title='bbox 1285 351 1346 370; x_wconf 87' lang='lat' dir='ltr'><strong>esse</strong></span> <span class='ocrx_word' id='word_1_369' title='bbox 1361 343 1449 376; x_wconf 81' lang='lat' dir='ltr'><strong>docet,</strong></span> <span class='ocrx_word' id='word_1_370' title='bbox 1470 350 1552 378; x_wconf 88' lang='lat' dir='ltr'><strong>quam</strong></span> <span class='ocrx_word' id='word_1_371' title='bbox 1570 347 1597 369; x_wconf 80' lang='lat' dir='ltr'><strong>et</strong></span> <span class='ocrx_word' id='word_1_372' title='bbox 1612 343 1837 370; x_wconf 85' lang='lat' dir='ltr'><strong>Antiochensium</strong></span> 
     </span>
    </p>
   </div>
   <div class='ocr_carea' id='block_1_53' title="bbox 1052 389 1839 424">
    <p class='ocr_par' dir='ltr' id='par_1_53' title="bbox 1052 389 1839 424">
     <span class='ocr_line' id='line_1_53' title="bbox 1052 389 1839 424; baseline 0 -8"><span class='ocrx_word' id='word_1_373' title='bbox 1052 397 1123 421; x_wconf 73' lang='lat' dir='ltr'><strong>term.</strong></span> <span class='ocrx_word' id='word_1_374' title='bbox 1138 389 1190 417; x_wconf 89' lang='lat' dir='ltr'><strong>hoc</strong></span> <span class='ocrx_word' id='word_1_375' title='bbox 1214 394 1255 417; x_wconf 90' lang='lat' dir='ltr'><strong>est</strong></span> <span class='ocrx_word' id='word_1_376' title='bbox 1273 389 1308 416; x_wconf 89' lang='lat' dir='ltr'><strong>ab</strong></span> <span class='ocrx_word' id='word_1_377' title='bbox 1322 397 1394 417; x_wconf 87' lang='lat' dir='ltr'><strong>anno</strong></span> <span class='ocrx_word' id='word_1_378' title='bbox 1408 390 1496 424; x_wconf 89' lang='lat' dir='ltr'><strong>primo</strong></span> <span class='ocrx_word' id='word_1_379' title='bbox 1513 389 1680 417; x_wconf 75' lang='lat' dir='ltr'><strong>monarchia:</strong></span> <span class='ocrx_word' id='word_1_380' title='bbox 1696 389 1760 416; x_wconf 84' lang='lat' dir='ltr'><strong>Julii</strong></span> <span class='ocrx_word' id='word_1_381' title='bbox 1782 389 1839 417; x_wconf 69' lang='lat' dir='ltr'><strong>Ca:-</strong></span> 
     </span>
    </p>
   </div>
   <div class='ocr_carea' id='block_1_54' title="bbox 1052 434 1838 470">
    <p class='ocr_par' dir='ltr' id='par_1_54' title="bbox 1052 434 1838 470">
     <span class='ocr_line' id='line_1_54' title="bbox 1052 434 1838 470; baseline -0.001 -8"><span class='ocrx_word' id='word_1_382' title='bbox 1052 435 1132 466; x_wconf 87' lang='lat' dir='ltr'><strong>saris.</strong></span> <span class='ocrx_word' id='word_1_383' title='bbox 1151 443 1208 470; x_wconf 89' lang='lat' dir='ltr'><strong>per.</strong></span> <span class='ocrx_word' id='word_1_384' title='bbox 1225 434 1280 463; x_wconf 85' lang='lat' dir='ltr'><strong>Jul.</strong></span> <span class='ocrx_word' id='word_1_385' title='bbox 1296 434 1367 463; x_wconf 63' lang='lat'><strong>4666</strong></span> <span class='ocrx_word' id='word_1_386' title='bbox 1392 444 1399 462; x_wconf 87' lang='lat'><strong>:</strong></span> <span class='ocrx_word' id='word_1_387' title='bbox 1421 442 1482 470; x_wconf 59' lang='lat' dir='ltr'><strong>quae</strong></span> <span class='ocrx_word' id='word_1_388' title='bbox 1505 442 1597 462; x_wconf 86' lang='lat' dir='ltr'><strong>secum</strong></span> <span class='ocrx_word' id='word_1_389' title='bbox 1625 435 1770 469; x_wconf 85' lang='lat' dir='ltr'><strong>perspicue</strong></span> <span class='ocrx_word' id='word_1_390' title='bbox 1785 442 1838 470; x_wconf 90' lang='lat' dir='ltr'><strong>pu-</strong></span> 
     </span>
    </p>
   </div>
   <div class='ocr_carea' id='block_1_55' title="bbox 1052 484 1146 516">
    <p class='ocr_par' dir='ltr' id='par_1_55' title="bbox 1052 484 1146 516">
     <span class='ocr_line' id='line_1_55' title="bbox 1052 484 1146 516; baseline -0.011 -9"><span class='ocrx_word' id='word_1_391' title='bbox 1052 484 1146 516; x_wconf 72' lang='lat' dir='ltr'><strong>gnam.</strong></span> 
     </span>
    </p>
   </div>
   <div class='ocr_carea' id='block_1_56' title="bbox 1089 523 1838 559">
    <p class='ocr_par' dir='ltr' id='par_1_56' title="bbox 1089 523 1838 559">
     <span class='ocr_line' id='line_1_56' title="bbox 1089 523 1838 559; baseline -0.004 -6"><span class='ocrx_word' id='word_1_392' title='bbox 1089 525 1141 553; x_wconf 91' lang='lat' dir='ltr'><strong>Sed</strong></span> <span class='ocrx_word' id='word_1_393' title='bbox 1158 526 1200 552; x_wconf 90' lang='lat' dir='ltr'><strong>his</strong></span> <span class='ocrx_word' id='word_1_394' title='bbox 1217 525 1295 559; x_wconf 69' lang='lat' dir='ltr'><strong>nugis</strong></span> <span class='ocrx_word' id='word_1_395' title='bbox 1314 526 1439 557; x_wconf 88' lang='lat' dir='ltr'><strong>omissis,</strong></span> <span class='ocrx_word' id='word_1_396' title='bbox 1465 524 1641 551; x_wconf 88' lang='lat' dir='ltr'><strong>vertstmilius</strong></span> <span class='ocrx_word' id='word_1_397' title='bbox 1661 528 1720 556; x_wconf 87' lang='lat' dir='ltr'><strong>est,</strong></span> <span class='ocrx_word' id='word_1_398' title='bbox 1739 523 1838 559; x_wconf 89' lang='lat' dir='ltr'><strong>Epiph.</strong></span> 
     </span>
    </p>
   </div>
   <div class='ocr_carea' id='block_1_57' title="bbox 1052 569 1839 609">
    <p class='ocr_par' dir='ltr' id='par_1_57' title="bbox 1052 569 1839 609">
     <span class='ocr_line' id='line_1_57' title="bbox 1052 569 1839 609; baseline -0.003 -11"><span class='ocrx_word' id='word_1_399' title='bbox 1052 571 1146 598; x_wconf 87' lang='lat' dir='ltr'><strong>saltem</strong></span> <span class='ocrx_word' id='word_1_400' title='bbox 1165 576 1301 605; x_wconf 84' lang='lat' dir='ltr'><strong>tempore,</strong></span> <span class='ocrx_word' id='word_1_401' title='bbox 1319 570 1425 598; x_wconf 89' lang='lat' dir='ltr'><strong>civilem</strong></span> <span class='ocrx_word' id='word_1_402' title='bbox 1449 569 1569 609; x_wconf 77' lang='lat' dir='ltr'><strong>Arabum</strong></span> <span class='ocrx_word' id='word_1_403' title='bbox 1592 577 1693 596; x_wconf 82' lang='lat' dir='ltr'><strong>annum</strong></span> <span class='ocrx_word' id='word_1_404' title='bbox 1721 570 1839 597; x_wconf 86' lang='lat' dir='ltr'><strong>solarem</strong></span> 
     </span>
    </p>
   </div>
   <div class='ocr_carea' id='block_1_58' title="bbox 1051 614 1837 650">
    <p class='ocr_par' dir='ltr' id='par_1_58' title="bbox 1051 614 1837 650">
     <span class='ocr_line' id='line_1_58' title="bbox 1051 614 1837 650; baseline 0 -8"><span class='ocrx_word' id='word_1_405' title='bbox 1051 615 1152 648; x_wconf 81' lang='lat' dir='ltr'><strong>fuisse,</strong></span> <span class='ocrx_word' id='word_1_406' title='bbox 1169 620 1196 642; x_wconf 87' lang='lat' dir='ltr'><strong>et</strong></span> <span class='ocrx_word' id='word_1_407' title='bbox 1218 615 1290 646; x_wconf 89' lang='lat' dir='ltr'><strong>aliis,</strong></span> <span class='ocrx_word' id='word_1_408' title='bbox 1315 623 1396 650; x_wconf 88' lang='lat' dir='ltr'><strong>quam</strong></span> <span class='ocrx_word' id='word_1_409' title='bbox 1425 615 1471 649; x_wconf 83' lang='lat' dir='ltr'><strong>qui</strong></span> <span class='ocrx_word' id='word_1_410' title='bbox 1497 615 1577 649; x_wconf 75' lang='lat' dir='ltr'><strong>vulgo</strong></span> <span class='ocrx_word' id='word_1_411' title='bbox 1594 614 1837 646; x_wconf 81' lang='lat' dir='ltr'><strong>circumferuntur,</strong></span> 
     </span>
    </p>
   </div>
   <div class='ocr_carea' id='block_1_59' title="bbox 1052 659 1840 694">
    <p class='ocr_par' dir='ltr' id='par_1_59' title="bbox 1052 659 1840 694">
     <span class='ocr_line' id='line_1_59' title="bbox 1052 659 1840 694; baseline -0.001 -6"><span class='ocrx_word' id='word_1_412' title='bbox 1052 661 1208 688; x_wconf 89' lang='lat' dir='ltr'><strong>nominibus</strong></span> <span class='ocrx_word' id='word_1_413' title='bbox 1229 668 1336 687; x_wconf 86' lang='lat' dir='ltr'><strong>menses</strong></span> <span class='ocrx_word' id='word_1_414' title='bbox 1349 660 1498 694; x_wconf 89' lang='lat' dir='ltr'><strong>appellatos</strong></span> <span class='ocrx_word' id='word_1_415' title='bbox 1517 667 1588 687; x_wconf 88' lang='lat' dir='ltr'><strong>esse.</strong></span> <span class='ocrx_word' id='word_1_416' title='bbox 1612 659 1778 694; x_wconf 87' lang='lat' dir='ltr'><strong>Simplicius,</strong></span> <span class='ocrx_word' id='word_1_417' title='bbox 1800 661 1840 687; x_wconf 91' lang='lat' dir='ltr'><strong>uti</strong></span> 
     </span>
    </p>
   </div>
   <div class='ocr_carea' id='block_1_60' title="bbox 1052 705 1840 736">
    <p class='ocr_par' dir='ltr' id='par_1_60' title="bbox 1052 705 1840 736">
     <span class='ocr_line' id='line_1_60' title="bbox 1052 705 1840 736; baseline -0.001 -3"><span class='ocrx_word' id='word_1_418' title='bbox 1052 705 1124 734; x_wconf 81' lang='lat' dir='ltr'><strong>Scal.</strong></span> <span class='ocrx_word' id='word_1_419' title='bbox 1145 707 1280 736; x_wconf 86' lang='lat' dir='ltr'><strong>observat,</strong></span> <span class='ocrx_word' id='word_1_420' title='bbox 1305 714 1320 733; x_wconf 85' lang='lat' dir='ltr'><strong>a</strong></span> <span class='ocrx_word' id='word_1_421' title='bbox 1345 713 1408 733; x_wconf 85' lang='lat' dir='ltr'><strong>vere</strong></span> <span class='ocrx_word' id='word_1_422' title='bbox 1434 713 1535 732; x_wconf 87' lang='lat' dir='ltr'><strong>annum</strong></span> <span class='ocrx_word' id='word_1_423' title='bbox 1561 714 1639 734; x_wconf 88' lang='lat' dir='ltr'><strong>suum</strong></span> <span class='ocrx_word' id='word_1_424' title='bbox 1665 706 1768 733; x_wconf 80' lang='lat' dir='ltr'><strong>Arabes</strong></span> <span class='ocrx_word' id='word_1_425' title='bbox 1796 707 1840 732; x_wconf 90' lang='lat' dir='ltr'><strong>in-</strong></span> 
     </span>
    </p>
   </div>
   <div class='ocr_carea' id='block_1_61' title="bbox 1051 751 1842 779">
    <p class='ocr_par' dir='ltr' id='par_1_61' title="bbox 1051 751 1842 779">
     <span class='ocr_line' id='line_1_61' title="bbox 1051 751 1842 779; baseline 0 -1"><span class='ocrx_word' id='word_1_426' title='bbox 1051 751 1166 779; x_wconf 84' lang='lat' dir='ltr'><strong>choasse</strong></span> <span class='ocrx_word' id='word_1_427' title='bbox 1208 751 1311 778; x_wconf 89' lang='lat' dir='ltr'><strong>scribit.</strong></span> <span class='ocrx_word' id='word_1_428' title='bbox 1349 752 1557 779; x_wconf 61' lang='lat' dir='ltr'><strong>Alexandrinum</strong></span> <span class='ocrx_word' id='word_1_429' title='bbox 1594 759 1658 778; x_wconf 80' lang='lat' dir='ltr'><strong>vero</strong></span> <span class='ocrx_word' id='word_1_430' title='bbox 1699 751 1842 778; x_wconf 80' lang='lat' dir='ltr'><strong>clirouicou</strong></span> 
     </span>
    </p>
   </div>
   <div class='ocr_carea' id='block_1_62' title="bbox 1052 797 1841 831">
    <p class='ocr_par' dir='ltr' id='par_1_62' title="bbox 1052 797 1841 831">
     <span class='ocr_line' id='line_1_62' title="bbox 1052 797 1841 831; baseline 0.003 -8"><span class='ocrx_word' id='word_1_431' title='bbox 1052 805 1078 831; x_wconf 94' lang='lat' dir='ltr'><strong>p.</strong></span> <span class='ocrx_word' id='word_1_432' title='bbox 1096 797 1147 824; x_wconf 73' lang='lat'><strong>5&#39;97</strong></span> <span class='ocrx_word' id='word_1_433' title='bbox 1164 801 1241 824; x_wconf 84' lang='lat' dir='ltr'><strong>notat</strong></span> <span class='ocrx_word' id='word_1_434' title='bbox 1261 797 1382 824; x_wconf 83' lang='lat' dir='ltr'><strong>Candido</strong></span> <span class='ocrx_word' id='word_1_435' title='bbox 1401 802 1428 824; x_wconf 88' lang='lat' dir='ltr'><strong>et</strong></span> <span class='ocrx_word' id='word_1_436' title='bbox 1441 797 1579 830; x_wconf 85' lang='lat' dir='ltr'><strong>Quadrato</strong></span> <span class='ocrx_word' id='word_1_437' title='bbox 1599 805 1671 825; x_wconf 88' lang='lat' dir='ltr'><strong>coss.</strong></span> <span class='ocrx_word' id='word_1_438' title='bbox 1687 797 1799 825; x_wconf 82' lang='lat' dir='ltr'><strong>Petrcos</strong></span> <span class='ocrx_word' id='word_1_439' title='bbox 1813 803 1841 825; x_wconf 84' lang='lat' dir='ltr'><strong>et</strong></span> 
     </span>
    </p>
   </div>
   <div class='ocr_carea' id='block_1_63' title="bbox 1055 842 1842 878">
    <p class='ocr_par' dir='ltr' id='par_1_63' title="bbox 1055 842 1842 878">
     <span class='ocr_line' id='line_1_63' title="bbox 1055 842 1842 878; baseline 0.004 -10"><span class='ocrx_word' id='word_1_440' title='bbox 1055 842 1220 875; x_wconf 80' lang='lat' dir='ltr'><strong>Bostrenos,</strong></span> <span class='ocrx_word' id='word_1_441' title='bbox 1245 843 1292 877; x_wconf 92' lang='lat' dir='ltr'><strong>qui</strong></span> <span class='ocrx_word' id='word_1_442' title='bbox 1315 843 1422 870; x_wconf 75' lang='lat' dir='ltr'><strong>Arabize</strong></span> <span class='ocrx_word' id='word_1_443' title='bbox 1437 844 1527 878; x_wconf 89' lang='lat' dir='ltr'><strong>populi</strong></span> <span class='ocrx_word' id='word_1_444' title='bbox 1545 849 1620 875; x_wconf 89' lang='lat' dir='ltr'><strong>sunt,</strong></span> <span class='ocrx_word' id='word_1_445' title='bbox 1643 844 1677 871; x_wconf 88' lang='lat' dir='ltr'><strong>ab</strong></span> <span class='ocrx_word' id='word_1_446' title='bbox 1702 844 1753 871; x_wconf 86' lang='lat' dir='ltr'><strong>hoc</strong></span> <span class='ocrx_word' id='word_1_447' title='bbox 1780 844 1842 878; x_wconf 79' lang='lat' dir='ltr'><strong>ipso</strong></span> 
     </span>
    </p>
   </div>
   <div class='ocr_carea' id='block_1_64' title="bbox 1054 889 1842 924">
    <p class='ocr_par' dir='ltr' id='par_1_64' title="bbox 1054 889 1842 924">
     <span class='ocr_line' id='line_1_64' title="bbox 1054 889 1842 924; baseline 0.003 -10"><span class='ocrx_word' id='word_1_448' title='bbox 1054 895 1126 914; x_wconf 87' lang='lat' dir='ltr'><strong>anno</strong></span> <span class='ocrx_word' id='word_1_449' title='bbox 1141 893 1262 922; x_wconf 83' lang='lat' dir='ltr'><strong>tempora</strong></span> <span class='ocrx_word' id='word_1_450' title='bbox 1281 895 1329 914; x_wconf 88' lang='lat' dir='ltr'><strong>sua</strong></span> <span class='ocrx_word' id='word_1_451' title='bbox 1355 896 1516 918; x_wconf 86' lang='lat' dir='ltr'><strong>uulnerare,</strong></span> <span class='ocrx_word' id='word_1_452' title='bbox 1531 889 1576 923; x_wconf 93' lang='lat' dir='ltr'><strong>qui</strong></span> <span class='ocrx_word' id='word_1_453' title='bbox 1593 893 1635 916; x_wconf 85' lang='lat' dir='ltr'><strong>est</strong></span> <span class='ocrx_word' id='word_1_454' title='bbox 1655 897 1716 916; x_wconf 63' lang='lat' dir='ltr'><strong>ierat</strong></span> <span class='ocrx_word' id='word_1_455' title='bbox 1739 889 1842 924; x_wconf 75' lang='lat' dir='ltr'><strong>Diony-</strong></span> 
     </span>
    </p>
   </div>
   <div class='ocr_carea' id='block_1_65' title="bbox 1054 933 1660 968">
    <p class='ocr_par' dir='ltr' id='par_1_65' title="bbox 1054 933 1660 968">
     <span class='ocr_line' id='line_1_65' title="bbox 1054 933 1660 968; baseline -0.002 -7"><span class='ocrx_word' id='word_1_456' title='bbox 1054 934 1138 961; x_wconf 78' lang='lat' dir='ltr'><strong>sianae</strong></span> <span class='ocrx_word' id='word_1_457' title='bbox 1150 933 1211 966; x_wconf 80' lang='grc'><strong>105,</strong></span> <span class='ocrx_word' id='word_1_458' title='bbox 1225 933 1335 968; x_wconf 83' lang='lat' dir='ltr'><strong>Trajani</strong></span> <span class='ocrx_word' id='word_1_459' title='bbox 1353 934 1523 968; x_wconf 86' lang='lat' dir='ltr'><strong>imperatoris</strong></span> <span class='ocrx_word' id='word_1_460' title='bbox 1538 939 1660 961; x_wconf 82' lang='lat' dir='ltr'><strong>octavus.</strong></span> 
     </span>
    </p>
   </div>
   <div class='ocr_carea' id='block_1_66' title="bbox 1083 979 1841 1014">
    <p class='ocr_par' dir='ltr' id='par_1_66' title="bbox 1083 979 1841 1014">
     <span class='ocr_line' id='line_1_66' title="bbox 1083 979 1841 1014; baseline 0.001 -8"><span class='ocrx_word' id='word_1_461' title='bbox 1083 979 1141 1006; x_wconf 77' lang='lat' dir='ltr'><strong>Col.</strong></span> <span class='ocrx_word' id='word_1_462' title='bbox 1149 979 1201 1006; x_wconf 69' lang='lat'><strong>952</strong></span> <span class='ocrx_word' id='word_1_463' title='bbox 1211 979 1323 1006; x_wconf 67' lang='lat' dir='ltr'><strong>8.1mm</strong></span> <span class='ocrx_word' id='word_1_464' title='bbox 1330 979 1531 1012; x_wconf 75' lang='grc' dir='ltr'><strong>Καππάδοκας</strong></span> <span class='ocrx_word' id='word_1_465' title='bbox 1543 979 1661 1013; x_wconf 77' lang='grc' dir='ltr'><strong>Ἆταρτίῑ</strong></span> <span class='ocrx_word' id='word_1_466' title='bbox 1668 983 1712 1014; x_wconf 81' lang='grc' dir='ltr'>ιγ’.</span> <span class='ocrx_word' id='word_1_467' title='bbox 1721 979 1841 1007; x_wconf 87' lang='lat' dir='ltr'><strong>Lunaris</strong></span> 
     </span>
    </p>
   </div>
   <div class='ocr_carea' id='block_1_67' title="bbox 1054 1024 1839 1059">
    <p class='ocr_par' dir='ltr' id='par_1_67' title="bbox 1054 1024 1839 1059">
     <span class='ocr_line' id='line_1_67' title="bbox 1054 1024 1839 1059; baseline 0.003 -9"><span class='ocrx_word' id='word_1_468' title='bbox 1054 1024 1135 1058; x_wconf 75' lang='lat' dir='ltr'><strong>igitur</strong></span> <span class='ocrx_word' id='word_1_469' title='bbox 1149 1024 1339 1059; x_wconf 87' lang='lat' dir='ltr'><strong>Cappadocum</strong></span> <span class='ocrx_word' id='word_1_470' title='bbox 1352 1024 1454 1051; x_wconf 89' lang='lat' dir='ltr'><strong>mensis</strong></span> <span class='ocrx_word' id='word_1_471' title='bbox 1467 1024 1572 1052; x_wconf 68' lang='lat' dir='ltr'><strong>&#39;exstitit</strong></span> <span class='ocrx_word' id='word_1_472' title='bbox 1588 1033 1595 1051; x_wconf 91' lang='lat'><strong>:</strong></span> <span class='ocrx_word' id='word_1_473' title='bbox 1617 1024 1839 1059; x_wconf 88' lang='lat' dir='ltr'><strong>quandoquidem</strong></span> 
     </span>
    </p>
   </div>
   <div class='ocr_carea' id='block_1_68' title="bbox 1053 1069 1839 1099">
    <p class='ocr_par' dir='ltr' id='par_1_68' title="bbox 1053 1069 1839 1099">
     <span class='ocr_line' id='line_1_68' title="bbox 1053 1069 1839 1099; baseline 0.003 -3"><span class='ocrx_word' id='word_1_474' title='bbox 1053 1077 1115 1097; x_wconf 91' lang='lat' dir='ltr'><strong>cum</strong></span> <span class='ocrx_word' id='word_1_475' title='bbox 1136 1069 1237 1097; x_wconf 83' lang='lat' dir='ltr'><strong>Tebcth</strong></span> <span class='ocrx_word' id='word_1_476' title='bbox 1255 1069 1368 1097; x_wconf 84' lang='lat' dir='ltr'><strong>Judaico</strong></span> <span class='ocrx_word' id='word_1_477' title='bbox 1382 1070 1518 1097; x_wconf 87' lang='lat' dir='ltr'><strong>convenit.</strong></span> <span class='ocrx_word' id='word_1_478' title='bbox 1532 1071 1590 1097; x_wconf 89' lang='lat' dir='ltr'><strong>lmo</strong></span> <span class='ocrx_word' id='word_1_479' title='bbox 1601 1079 1665 1098; x_wconf 90' lang='lat' dir='ltr'><strong>vero</strong></span> <span class='ocrx_word' id='word_1_480' title='bbox 1685 1075 1782 1098; x_wconf 85' lang='lat' dir='ltr'><strong>neuter</strong></span> <span class='ocrx_word' id='word_1_481' title='bbox 1793 1079 1839 1099; x_wconf 89' lang='lat' dir='ltr'><strong>ac-</strong></span> 
     </span>
    </p>
   </div>
   <div class='ocr_carea' id='block_1_69' title="bbox 1053 1114 1840 1148">
    <p class='ocr_par' dir='ltr' id='par_1_69' title="bbox 1053 1114 1840 1148">
     <span class='ocr_line' id='line_1_69' title="bbox 1053 1114 1840 1148; baseline 0.003 -7"><span class='ocrx_word' id='word_1_482' title='bbox 1053 1115 1254 1142; x_wconf 86' lang='lat' dir='ltr'><strong>curatelunaris</strong></span> <span class='ocrx_word' id='word_1_483' title='bbox 1264 1114 1323 1148; x_wconf 85' lang='lat' dir='ltr'><strong>fuit,</strong></span> <span class='ocrx_word' id='word_1_484' title='bbox 1332 1123 1392 1143; x_wconf 91' lang='lat' dir='ltr'><strong>eum</strong></span> <span class='ocrx_word' id='word_1_485' title='bbox 1404 1116 1571 1143; x_wconf 89' lang='lat' dir='ltr'><strong>novilunium</strong></span> <span class='ocrx_word' id='word_1_486' title='bbox 1579 1116 1697 1143; x_wconf 87' lang='lat' dir='ltr'><strong>medium</strong></span> <span class='ocrx_word' id='word_1_487' title='bbox 1707 1115 1840 1144; x_wconf 76' lang='lat' dir='ltr'><strong>Dec.xxvr</strong></span> 
     </span>
    </p>
   </div>
   <div class='ocr_carea' id='block_1_70' title="bbox 1053 1161 1840 1196">
    <p class='ocr_par' dir='ltr' id='par_1_70' title="bbox 1053 1161 1840 1196">
     <span class='ocr_line' id='line_1_70' title="bbox 1053 1161 1840 1196; baseline 0.004 -9"><span class='ocrx_word' id='word_1_488' title='bbox 1053 1166 1198 1196; x_wconf 81' lang='lat' dir='ltr'><strong>competat.</strong></span> <span class='ocrx_word' id='word_1_489' title='bbox 1214 1161 1304 1194; x_wconf 85' lang='lat' dir='ltr'><strong>Quare</strong></span> <span class='ocrx_word' id='word_1_490' title='bbox 1319 1162 1341 1188; x_wconf 91' lang='lat' dir='ltr'><strong>si</strong></span> <span class='ocrx_word' id='word_1_491' title='bbox 1355 1161 1451 1195; x_wconf 69' lang='lat' dir='ltr'><strong>Judazi,</strong></span> <span class='ocrx_word' id='word_1_492' title='bbox 1467 1163 1520 1189; x_wconf 77' lang='grc' dir='ltr'><strong>ἀπὸ</strong></span> <span class='ocrx_word' id='word_1_493' title='bbox 1539 1162 1588 1196; x_wconf 79' lang='grc' dir='ltr'><strong>τῆς</strong></span> <span class='ocrx_word' id='word_1_494' title='bbox 1603 1162 1710 1188; x_wconf 80' lang='grc' dir='ltr'><strong>συνόδου</strong></span> <span class='ocrx_word' id='word_1_495' title='bbox 1726 1170 1840 1190; x_wconf 83' lang='lat' dir='ltr'><strong>neome—</strong></span> 
     </span>
    </p>
   </div>
   <div class='ocr_carea' id='block_1_71' title="bbox 1053 1207 1839 1240">
    <p class='ocr_par' dir='ltr' id='par_1_71' title="bbox 1053 1207 1839 1240">
     <span class='ocr_line' id='line_1_71' title="bbox 1053 1207 1839 1240; baseline 0.001 -7"><span class='ocrx_word' id='word_1_496' title='bbox 1053 1207 1113 1234; x_wconf 88' lang='lat' dir='ltr'><strong>nias</strong></span> <span class='ocrx_word' id='word_1_497' title='bbox 1127 1207 1240 1234; x_wconf 87' lang='lat' dir='ltr'><strong>civiliter</strong></span> <span class='ocrx_word' id='word_1_498' title='bbox 1258 1207 1444 1240; x_wconf 76' lang='lat' dir='ltr'><strong>deduxissent,</strong></span> <span class='ocrx_word' id='word_1_499' title='bbox 1460 1207 1521 1234; x_wconf 87' lang='lat' dir='ltr'><strong>Jan.</strong></span> <span class='ocrx_word' id='word_1_500' title='bbox 1540 1216 1565 1235; x_wconf 80' lang='lat' dir='ltr'><strong>v1</strong></span> <span class='ocrx_word' id='word_1_501' title='bbox 1577 1208 1684 1234; x_wconf 90' lang='lat' dir='ltr'><strong>nonnisi</strong></span> <span class='ocrx_word' id='word_1_502' title='bbox 1698 1215 1735 1234; x_wconf 73' lang='lat' dir='ltr'><strong>stt</strong></span> <span class='ocrx_word' id='word_1_503' title='bbox 1749 1215 1839 1235; x_wconf 85' lang='lat' dir='ltr'><strong>mens.</strong></span> 
     </span>
    </p>
   </div>
   <div class='ocr_carea' id='block_1_72' title="bbox 1053 1251 1839 1287">
    <p class='ocr_par' dir='ltr' id='par_1_72' title="bbox 1053 1251 1839 1287">
     <span class='ocr_line' id='line_1_72' title="bbox 1053 1251 1839 1287; baseline 0 -9"><span class='ocrx_word' id='word_1_504' title='bbox 1053 1251 1223 1279; x_wconf 85' lang='lat' dir='ltr'><strong>habuissent.</strong></span> <span class='ocrx_word' id='word_1_505' title='bbox 1238 1251 1286 1278; x_wconf 87' lang='lat' dir='ltr'><strong>Sin</strong></span> <span class='ocrx_word' id='word_1_506' title='bbox 1301 1253 1373 1286; x_wconf 89' lang='lat' dir='ltr'><strong>quod</strong></span> <span class='ocrx_word' id='word_1_507' title='bbox 1390 1253 1450 1280; x_wconf 87' lang='lat' dir='ltr'><strong>aliis</strong></span> <span class='ocrx_word' id='word_1_508' title='bbox 1465 1252 1576 1287; x_wconf 85' lang='lat' dir='ltr'><strong>placuit,</strong></span> <span class='ocrx_word' id='word_1_509' title='bbox 1591 1252 1627 1279; x_wconf 91' lang='lat' dir='ltr'><strong>uti</strong></span> <span class='ocrx_word' id='word_1_510' title='bbox 1644 1253 1734 1287; x_wconf 76' lang='lat' dir='ltr'><strong>glossa</strong></span> <span class='ocrx_word' id='word_1_511' title='bbox 1748 1260 1774 1279; x_wconf 88' lang='lat' dir='ltr'><strong>e.</strong></span> <span class='ocrx_word' id='word_1_512' title='bbox 1788 1260 1839 1282; x_wconf 78' lang='lat' dir='ltr'><strong>vn.</strong></span> 
     </span>
    </p>
   </div>
   <div class='ocr_carea' id='block_1_73' title="bbox 1053 1296 1839 1331">
    <p class='ocr_par' dir='ltr' id='par_1_73' title="bbox 1053 1296 1839 1331">
     <span class='ocr_line' id='line_1_73' title="bbox 1053 1296 1839 1331; baseline 0 -8"><span class='ocrx_word' id='word_1_513' title='bbox 1053 1304 1111 1331; x_wconf 92' lang='lat' dir='ltr'><strong>par.</strong></span> <span class='ocrx_word' id='word_1_514' title='bbox 1125 1305 1132 1323; x_wconf 92' lang='grc' dir='ltr'><strong>ι</strong></span> <span class='ocrx_word' id='word_1_515' title='bbox 1158 1296 1202 1324; x_wconf 86' lang='lat' dir='ltr'><strong>lad</strong></span> <span class='ocrx_word' id='word_1_516' title='bbox 1217 1296 1249 1324; x_wconf 78' lang='grc' dir='ltr'><strong>Β.</strong></span> <span class='ocrx_word' id='word_1_517' title='bbox 1265 1297 1430 1325; x_wconf 56' lang='lat' dir='ltr'><strong>Haemonidae</strong></span> <span class='ocrx_word' id='word_1_518' title='bbox 1443 1302 1572 1330; x_wconf 86' lang='lat' dir='ltr'><strong>testatur,</strong></span> <span class='ocrx_word' id='word_1_519' title='bbox 1587 1305 1675 1324; x_wconf 89' lang='lat' dir='ltr'><strong>neom.</strong></span> <span class='ocrx_word' id='word_1_520' title='bbox 1697 1304 1839 1331; x_wconf 80' lang='lat' dir='ltr'><strong>nunquam</strong></span> 
     </span>
    </p>
   </div>
   <div class='ocr_carea' id='block_1_74' title="bbox 1053 1341 1840 1377">
    <p class='ocr_par' dir='ltr' id='par_1_74' title="bbox 1053 1341 1840 1377">
     <span class='ocr_line' id='line_1_74' title="bbox 1053 1341 1840 1377; baseline -0.001 -8"><span class='ocrx_word' id='word_1_521' title='bbox 1053 1349 1085 1369; x_wconf 90' lang='lat' dir='ltr'><strong>eo</strong></span> <span class='ocrx_word' id='word_1_522' title='bbox 1099 1341 1142 1369; x_wconf 87' lang='lat' dir='ltr'><strong>die</strong></span> <span class='ocrx_word' id='word_1_523' title='bbox 1151 1342 1312 1374; x_wconf 85' lang='lat' dir='ltr'><strong>constituta,</strong></span> <span class='ocrx_word' id='word_1_524' title='bbox 1327 1342 1353 1369; x_wconf 92' lang='lat' dir='ltr'><strong>in</strong></span> <span class='ocrx_word' id='word_1_525' title='bbox 1371 1350 1450 1377; x_wconf 88' lang='lat' dir='ltr'><strong>quem</strong></span> <span class='ocrx_word' id='word_1_526' title='bbox 1466 1341 1555 1369; x_wconf 87' lang='lat' dir='ltr'><strong>Molad</strong></span> <span class='ocrx_word' id='word_1_527' title='bbox 1570 1342 1710 1374; x_wconf 86' lang='lat' dir='ltr'><strong>incideret,</strong></span> <span class='ocrx_word' id='word_1_528' title='bbox 1728 1349 1840 1369; x_wconf 84' lang='lat' dir='ltr'><strong>neome-</strong></span> 
     </span>
    </p>
   </div>
   <div class='ocr_carea' id='block_1_75' title="bbox 1053 1387 1838 1421">
    <p class='ocr_par' dir='ltr' id='par_1_75' title="bbox 1053 1387 1838 1421">
     <span class='ocr_line' id='line_1_75' title="bbox 1053 1387 1838 1421; baseline -0.001 -7"><span class='ocrx_word' id='word_1_529' title='bbox 1053 1388 1098 1415; x_wconf 87' lang='lat' dir='ltr'><strong>nia</strong></span> <span class='ocrx_word' id='word_1_530' title='bbox 1111 1387 1213 1415; x_wconf 78' lang='lat' dir='ltr'><strong>Tebeth</strong></span> <span class='ocrx_word' id='word_1_531' title='bbox 1232 1396 1306 1415; x_wconf 79' lang='lat' dir='ltr'><strong>xxvii</strong></span> <span class='ocrx_word' id='word_1_532' title='bbox 1327 1388 1401 1421; x_wconf 84' lang='lat' dir='ltr'><strong>I)ec.,</strong></span> <span class='ocrx_word' id='word_1_533' title='bbox 1417 1387 1538 1414; x_wconf 86' lang='lat' dir='ltr'><strong>Januarii</strong></span> <span class='ocrx_word' id='word_1_534' title='bbox 1553 1392 1642 1414; x_wconf 85' lang='lat' dir='ltr'><strong>autem</strong></span> <span class='ocrx_word' id='word_1_535' title='bbox 1662 1395 1688 1415; x_wconf 89' lang='lat' dir='ltr'><strong>vt</strong></span> <span class='ocrx_word' id='word_1_536' title='bbox 1705 1387 1838 1414; x_wconf 78' lang='lat' dir='ltr'><strong>duntaxat</strong></span> 
     </span>
    </p>
   </div>
   <div class='ocr_carea' id='block_1_76' title="bbox 1054 1431 1838 1460">
    <p class='ocr_par' dir='ltr' id='par_1_76' title="bbox 1054 1431 1838 1460">
     <span class='ocr_line' id='line_1_76' title="bbox 1054 1431 1838 1460; baseline 0 -2"><span class='ocrx_word' id='word_1_537' title='bbox 1054 1432 1196 1459; x_wconf 88' lang='lat' dir='ltr'><strong>undecima</strong></span> <span class='ocrx_word' id='word_1_538' title='bbox 1212 1432 1347 1460; x_wconf 87' lang='lat' dir='ltr'><strong>convenit.</strong></span> <span class='ocrx_word' id='word_1_539' title='bbox 1368 1431 1439 1459; x_wconf 90' lang='lat' dir='ltr'><strong>Scal.</strong></span> <span class='ocrx_word' id='word_1_540' title='bbox 1461 1432 1478 1458; x_wconf 91' lang='lat' dir='ltr'><strong>l.</strong></span> <span class='ocrx_word' id='word_1_541' title='bbox 1494 1440 1519 1458; x_wconf 86' lang='lat' dir='ltr'><strong>vi</strong></span> <span class='ocrx_word' id='word_1_542' title='bbox 1539 1431 1575 1458; x_wconf 80' lang='lat' dir='ltr'><strong>Dc</strong></span> <span class='ocrx_word' id='word_1_543' title='bbox 1595 1431 1696 1458; x_wconf 81' lang='lat' dir='ltr'><strong>cmend.</strong></span> <span class='ocrx_word' id='word_1_544' title='bbox 1719 1439 1782 1458; x_wconf 88' lang='lat' dir='ltr'><strong>cum</strong></span> <span class='ocrx_word' id='word_1_545' title='bbox 1804 1431 1838 1458; x_wconf 82' lang='lat' dir='ltr'><strong>de</strong></span> 
     </span>
    </p>
   </div>
   <div class='ocr_carea' id='block_1_77' title="bbox 1053 1477 1838 1512">
    <p class='ocr_par' dir='ltr' id='par_1_77' title="bbox 1053 1477 1838 1512">
     <span class='ocr_line' id='line_1_77' title="bbox 1053 1477 1838 1512; baseline -0.001 -8"><span class='ocrx_word' id='word_1_546' title='bbox 1053 1486 1125 1505; x_wconf 89' lang='lat' dir='ltr'><strong>anno</strong></span> <span class='ocrx_word' id='word_1_547' title='bbox 1153 1477 1241 1504; x_wconf 83' lang='lat' dir='ltr'><strong>Natali</strong></span> <span class='ocrx_word' id='word_1_548' title='bbox 1267 1477 1369 1505; x_wconf 85' lang='lat' dir='ltr'><strong>Christi</strong></span> <span class='ocrx_word' id='word_1_549' title='bbox 1395 1478 1532 1512; x_wconf 87' lang='lat' dir='ltr'><strong>disputat,</strong></span> <span class='ocrx_word' id='word_1_550' title='bbox 1561 1477 1658 1512; x_wconf 85' lang='lat' dir='ltr'><strong>Epiph.</strong></span> <span class='ocrx_word' id='word_1_551' title='bbox 1687 1477 1838 1512; x_wconf 77' lang='lat' dir='ltr'><strong>redarguit,</strong></span> 
     </span>
    </p>
   </div>
   <div class='ocr_carea' id='block_1_78' title="bbox 1053 1522 1839 1558">
    <p class='ocr_par' dir='ltr' id='par_1_78' title="bbox 1053 1522 1839 1558">
     <span class='ocr_line' id='line_1_78' title="bbox 1053 1522 1839 1558; baseline 0 -8"><span class='ocrx_word' id='word_1_552' title='bbox 1053 1523 1124 1558; x_wconf 89' lang='lat' dir='ltr'><strong>quod</strong></span> <span class='ocrx_word' id='word_1_553' title='bbox 1148 1523 1260 1555; x_wconf 89' lang='lat' dir='ltr'><strong>Tebeth,</strong></span> <span class='ocrx_word' id='word_1_554' title='bbox 1287 1531 1335 1557; x_wconf 91' lang='lat' dir='ltr'><strong>pro</strong></span> <span class='ocrx_word' id='word_1_555' title='bbox 1358 1524 1441 1550; x_wconf 81' lang='lat' dir='ltr'><strong>Sebat</strong></span> <span class='ocrx_word' id='word_1_556' title='bbox 1457 1522 1589 1558; x_wconf 82' lang='lat' dir='ltr'><strong>posuerit.</strong></span> <span class='ocrx_word' id='word_1_557' title='bbox 1610 1522 1662 1550; x_wconf 87' lang='lat' dir='ltr'><strong>Sed</strong></span> <span class='ocrx_word' id='word_1_558' title='bbox 1692 1523 1839 1557; x_wconf 80' lang='lat' dir='ltr'><strong>reprehen-</strong></span> 
     </span>
    </p>
   </div>
   <div class='ocr_carea' id='block_1_79' title="bbox 1054 1569 1840 1604">
    <p class='ocr_par' dir='ltr' id='par_1_79' title="bbox 1054 1569 1840 1604">
     <span class='ocr_line' id='line_1_79' title="bbox 1054 1569 1840 1604; baseline 0.001 -8"><span class='ocrx_word' id='word_1_559' title='bbox 1054 1569 1159 1597; x_wconf 89' lang='lat' dir='ltr'><strong>dendus</strong></span> <span class='ocrx_word' id='word_1_560' title='bbox 1179 1570 1236 1604; x_wconf 87' lang='lat' dir='ltr'><strong>ipse</strong></span> <span class='ocrx_word' id='word_1_561' title='bbox 1255 1569 1360 1603; x_wconf 88' lang='lat' dir='ltr'><strong>potius,</strong></span> <span class='ocrx_word' id='word_1_562' title='bbox 1379 1569 1425 1604; x_wconf 92' lang='lat' dir='ltr'><strong>qui</strong></span> <span class='ocrx_word' id='word_1_563' title='bbox 1445 1569 1478 1596; x_wconf 86' lang='lat' dir='ltr'><strong>ad</strong></span> <span class='ocrx_word' id='word_1_564' title='bbox 1501 1573 1684 1597; x_wconf 89' lang='lat' dir='ltr'><strong>commentum</strong></span> <span class='ocrx_word' id='word_1_565' title='bbox 1705 1576 1786 1596; x_wconf 88' lang='lat' dir='ltr'><strong>suum</strong></span> <span class='ocrx_word' id='word_1_566' title='bbox 1807 1570 1840 1597; x_wconf 88' lang='lat' dir='ltr'><strong>de</strong></span> 
     </span>
    </p>
   </div>
   <div class='ocr_carea' id='block_1_80' title="bbox 1053 1613 1839 1648">
    <p class='ocr_par' dir='ltr' id='par_1_80' title="bbox 1053 1613 1839 1648">
     <span class='ocr_line' id='line_1_80' title="bbox 1053 1613 1839 1648; baseline 0.001 -8"><span class='ocrx_word' id='word_1_567' title='bbox 1053 1613 1191 1648; x_wconf 84' lang='lat' dir='ltr'><strong>Calippica</strong></span> <span class='ocrx_word' id='word_1_568' title='bbox 1204 1614 1313 1648; x_wconf 83' lang='lat' dir='ltr'><strong>periodo</strong></span> <span class='ocrx_word' id='word_1_569' title='bbox 1330 1621 1345 1640; x_wconf 86' lang='lat' dir='ltr'><strong>a</strong></span> <span class='ocrx_word' id='word_1_570' title='bbox 1359 1613 1458 1641; x_wconf 69' lang='lat' dir='ltr'><strong>Judaeis</strong></span> <span class='ocrx_word' id='word_1_571' title='bbox 1473 1619 1537 1641; x_wconf 85' lang='lat' dir='ltr'><strong>tunc</strong></span> <span class='ocrx_word' id='word_1_572' title='bbox 1552 1614 1679 1648; x_wconf 85' lang='lat' dir='ltr'><strong>temporis</strong></span> <span class='ocrx_word' id='word_1_573' title='bbox 1695 1614 1839 1642; x_wconf 83' lang='lat' dir='ltr'><strong>observata</strong></span> 
     </span>
    </p>
   </div>
   <div class='ocr_carea' id='block_1_81' title="bbox 1054 1659 1839 1694">
    <p class='ocr_par' dir='ltr' id='par_1_81' title="bbox 1054 1659 1839 1694">
     <span class='ocr_line' id='line_1_81' title="bbox 1054 1659 1839 1694; baseline 0.001 -9"><span class='ocrx_word' id='word_1_574' title='bbox 1054 1659 1149 1694; x_wconf 87' lang='lat' dir='ltr'><strong>Epiph.</strong></span> <span class='ocrx_word' id='word_1_575' title='bbox 1171 1660 1321 1694; x_wconf 78' lang='lat' dir='ltr'><strong>astringere</strong></span> <span class='ocrx_word' id='word_1_576' title='bbox 1334 1659 1430 1692; x_wconf 88' lang='lat' dir='ltr'><strong>voluit,</strong></span> <span class='ocrx_word' id='word_1_577' title='bbox 1448 1659 1482 1686; x_wconf 88' lang='lat' dir='ltr'><strong>de</strong></span> <span class='ocrx_word' id='word_1_578' title='bbox 1493 1666 1545 1694; x_wconf 89' lang='lat' dir='ltr'><strong>qtta</strong></span> <span class='ocrx_word' id='word_1_579' title='bbox 1561 1667 1590 1685; x_wconf 86' lang='lat' dir='ltr'><strong>re</strong></span> <span class='ocrx_word' id='word_1_580' title='bbox 1604 1660 1684 1693; x_wconf 88' lang='lat' dir='ltr'><strong>paulo</strong></span> <span class='ocrx_word' id='word_1_581' title='bbox 1700 1665 1761 1694; x_wconf 84' lang='lat' dir='ltr'><strong>post</strong></span> <span class='ocrx_word' id='word_1_582' title='bbox 1777 1667 1839 1694; x_wconf 69' lang='lat' dir='ltr'><strong>age-</strong></span> 
     </span>
    </p>
   </div>
   <div class='ocr_carea' id='block_1_82' title="bbox 1056 1703 1838 1739">
    <p class='ocr_par' dir='ltr' id='par_1_82' title="bbox 1056 1703 1838 1739">
     <span class='ocr_line' id='line_1_82' title="bbox 1056 1703 1838 1739; baseline 0.003 -8"><span class='ocrx_word' id='word_1_583' title='bbox 1056 1710 1111 1737; x_wconf 81' lang='lat' dir='ltr'><strong>tur,</strong></span> <span class='ocrx_word' id='word_1_584' title='bbox 1126 1705 1151 1732; x_wconf 92' lang='lat' dir='ltr'><strong>in</strong></span> <span class='ocrx_word' id='word_1_585' title='bbox 1174 1704 1361 1739; x_wconf 86' lang='lat' dir='ltr'><strong>Disputatione</strong></span> <span class='ocrx_word' id='word_1_586' title='bbox 1375 1705 1408 1731; x_wconf 89' lang='lat' dir='ltr'><strong>de</strong></span> <span class='ocrx_word' id='word_1_587' title='bbox 1429 1712 1500 1732; x_wconf 86' lang='lat' dir='ltr'><strong>anno</strong></span> <span class='ocrx_word' id='word_1_588' title='bbox 1521 1705 1667 1732; x_wconf 73' lang='lat' dir='ltr'><strong>Dotniuicze</strong></span> <span class='ocrx_word' id='word_1_589' title='bbox 1686 1703 1838 1733; x_wconf 83' lang='lat' dir='ltr'><strong>Passionis.</strong></span> 
     </span>
    </p>
   </div>
   <div class='ocr_carea' id='block_1_83' title="bbox 1053 1749 1839 1785">
    <p class='ocr_par' dir='ltr' id='par_1_83' title="bbox 1053 1749 1839 1785">
     <span class='ocr_line' id='line_1_83' title="bbox 1053 1749 1839 1785; baseline 0.003 -9"><span class='ocrx_word' id='word_1_590' title='bbox 1053 1749 1117 1777; x_wconf 86' lang='lat' dir='ltr'><strong>Fuit</strong></span> <span class='ocrx_word' id='word_1_591' title='bbox 1137 1750 1181 1777; x_wconf 89' lang='lat' dir='ltr'><strong>hic</strong></span> <span class='ocrx_word' id='word_1_592' title='bbox 1203 1750 1285 1785; x_wconf 77' lang='lat' dir='ltr'><strong>igitur</strong></span> <span class='ocrx_word' id='word_1_593' title='bbox 1301 1751 1403 1777; x_wconf 86' lang='lat' dir='ltr'><strong>mensis</strong></span> <span class='ocrx_word' id='word_1_594' title='bbox 1417 1750 1518 1777; x_wconf 87' lang='lat' dir='ltr'><strong>Tebeth</strong></span> <span class='ocrx_word' id='word_1_595' title='bbox 1530 1770 1537 1783; x_wconf 95' lang='lat'><strong>,</strong></span> <span class='ocrx_word' id='word_1_596' title='bbox 1554 1758 1607 1777; x_wconf 91' lang='lat' dir='ltr'><strong>non</strong></span> <span class='ocrx_word' id='word_1_597' title='bbox 1627 1750 1743 1783; x_wconf 83' lang='lat' dir='ltr'><strong>Sebatlt;</strong></span> <span class='ocrx_word' id='word_1_598' title='bbox 1757 1756 1785 1778; x_wconf 88' lang='lat' dir='ltr'><strong>et</strong></span> <span class='ocrx_word' id='word_1_599' title='bbox 1799 1757 1839 1778; x_wconf 78' lang='lat' dir='ltr'><strong>est</strong></span> 
     </span>
    </p>
   </div>
   <div class='ocr_carea' id='block_1_84' title="bbox 1054 1795 1838 1831">
    <p class='ocr_par' dir='ltr' id='par_1_84' title="bbox 1054 1795 1838 1831">
     <span class='ocr_line' id='line_1_84' title="bbox 1054 1795 1838 1831; baseline 0.003 -8"><span class='ocrx_word' id='word_1_600' title='bbox 1054 1796 1166 1824; x_wconf 82' lang='lat' dir='ltr'><strong>omnino</strong></span> <span class='ocrx_word' id='word_1_601' title='bbox 1187 1796 1220 1823; x_wconf 89' lang='lat' dir='ltr'><strong>ad</strong></span> <span class='ocrx_word' id='word_1_602' title='bbox 1239 1795 1379 1822; x_wconf 83' lang='lat' dir='ltr'><strong>Judaicam</strong></span> <span class='ocrx_word' id='word_1_603' title='bbox 1395 1796 1467 1823; x_wconf 87' lang='lat' dir='ltr'><strong>illam</strong></span> <span class='ocrx_word' id='word_1_604' title='bbox 1485 1796 1626 1830; x_wconf 87' lang='lat' dir='ltr'><strong>periodum</strong></span> <span class='ocrx_word' id='word_1_605' title='bbox 1639 1804 1721 1831; x_wconf 89' lang='lat' dir='ltr'><strong>quam</strong></span> <span class='ocrx_word' id='word_1_606' title='bbox 1744 1803 1838 1831; x_wconf 84' lang='lat' dir='ltr'><strong>postea</strong></span> 
     </span>
    </p>
   </div>
   <div class='ocr_carea' id='block_1_85' title="bbox 1052 1841 1839 1875">
    <p class='ocr_par' dir='ltr' id='par_1_85' title="bbox 1052 1841 1839 1875">
     <span class='ocr_line' id='line_1_85' title="bbox 1052 1841 1839 1875; baseline 0.001 -7"><span class='ocrx_word' id='word_1_607' title='bbox 1052 1849 1084 1868; x_wconf 80' lang='lat' dir='ltr'><strong>ex</strong></span> <span class='ocrx_word' id='word_1_608' title='bbox 1100 1841 1242 1875; x_wconf 77' lang='lat' dir='ltr'><strong>Epipltanii</strong></span> <span class='ocrx_word' id='word_1_609' title='bbox 1265 1844 1353 1868; x_wconf 83' lang='lat' dir='ltr'><strong>mente</strong></span> <span class='ocrx_word' id='word_1_610' title='bbox 1369 1841 1555 1868; x_wconf 80' lang='lat' dir='ltr'><strong>describemus</strong></span> <span class='ocrx_word' id='word_1_611' title='bbox 1567 1860 1574 1872; x_wconf 81' lang='lat'><strong>,</strong></span> <span class='ocrx_word' id='word_1_612' title='bbox 1589 1841 1839 1869; x_wconf 84' lang='lat' dir='ltr'><strong>accommodatissi-</strong></span> 
     </span>
    </p>
   </div>
   <div class='ocr_carea' id='block_1_86' title="bbox 1052 1886 1839 1916">
    <p class='ocr_par' dir='ltr' id='par_1_86' title="bbox 1052 1886 1839 1916">
     <span class='ocr_line' id='line_1_86' title="bbox 1052 1886 1839 1916; baseline 0.003 -3"><span class='ocrx_word' id='word_1_613' title='bbox 1052 1894 1113 1913; x_wconf 86' lang='lat' dir='ltr'><strong>mus</strong></span> <span class='ocrx_word' id='word_1_614' title='bbox 1131 1886 1174 1913; x_wconf 86' lang='lat' dir='ltr'><strong>hic</strong></span> <span class='ocrx_word' id='word_1_615' title='bbox 1191 1886 1278 1913; x_wconf 90' lang='lat' dir='ltr'><strong>locus.</strong></span> <span class='ocrx_word' id='word_1_616' title='bbox 1293 1886 1349 1913; x_wconf 85' lang='lat' dir='ltr'><strong>Etsi</strong></span> <span class='ocrx_word' id='word_1_617' title='bbox 1370 1887 1484 1913; x_wconf 90' lang='lat' dir='ltr'><strong>duorum</strong></span> <span class='ocrx_word' id='word_1_618' title='bbox 1509 1886 1623 1913; x_wconf 89' lang='lat' dir='ltr'><strong>alterum</strong></span> <span class='ocrx_word' id='word_1_619' title='bbox 1642 1887 1776 1915; x_wconf 86' lang='lat' dir='ltr'><strong>accidisse</strong></span> <span class='ocrx_word' id='word_1_620' title='bbox 1795 1896 1839 1916; x_wconf 90' lang='lat' dir='ltr'><strong>su-</strong></span> 
     </span>
    </p>
   </div>
   <div class='ocr_carea' id='block_1_87' title="bbox 1051 1930 1839 1966">
    <p class='ocr_par' dir='ltr' id='par_1_87' title="bbox 1051 1930 1839 1966">
     <span class='ocr_line' id='line_1_87' title="bbox 1051 1930 1839 1966; baseline 0.004 -9"><span class='ocrx_word' id='word_1_621' title='bbox 1051 1930 1152 1966; x_wconf 85' lang='lat' dir='ltr'><strong>spicor,</strong></span> <span class='ocrx_word' id='word_1_622' title='bbox 1169 1935 1197 1958; x_wconf 90' lang='lat' dir='ltr'><strong>ut</strong></span> <span class='ocrx_word' id='word_1_623' title='bbox 1215 1930 1256 1958; x_wconf 85' lang='lat' dir='ltr'><strong>vel</strong></span> <span class='ocrx_word' id='word_1_624' title='bbox 1272 1931 1302 1957; x_wconf 86' lang='grc' dir='ltr'><strong>ιδ’</strong></span> <span class='ocrx_word' id='word_1_625' title='bbox 1319 1939 1368 1966; x_wconf 90' lang='lat' dir='ltr'><strong>pro</strong></span> <span class='ocrx_word' id='word_1_626' title='bbox 1385 1934 1418 1965; x_wconf 90' lang='grc' dir='ltr'><strong>ιγ’</strong></span> <span class='ocrx_word' id='word_1_627' title='bbox 1433 1930 1571 1966; x_wconf 87' lang='lat' dir='ltr'><strong>scripserit</strong></span> <span class='ocrx_word' id='word_1_628' title='bbox 1588 1930 1754 1966; x_wconf 86' lang='lat' dir='ltr'><strong>Epiphanius</strong></span> <span class='ocrx_word' id='word_1_629' title='bbox 1773 1943 1781 1959; x_wconf 84' lang='lat'><strong>:</strong></span> <span class='ocrx_word' id='word_1_630' title='bbox 1797 1933 1839 1960; x_wconf 85' lang='lat' dir='ltr'><strong>vel</strong></span> 
     </span>
    </p>
   </div>
   <div class='ocr_carea' id='block_1_88' title="bbox 1051 1976 1838 2011">
    <p class='ocr_par' dir='ltr' id='par_1_88' title="bbox 1051 1976 1838 2011">
     <span class='ocr_line' id='line_1_88' title="bbox 1051 1976 1838 2011; baseline 0.003 -8"><span class='ocrx_word' id='word_1_631' title='bbox 1051 1977 1179 2011; x_wconf 85' lang='lat' dir='ltr'><strong>quoniam</strong></span> <span class='ocrx_word' id='word_1_632' title='bbox 1197 1976 1319 2003; x_wconf 85' lang='lat' dir='ltr'><strong>Januarii</strong></span> <span class='ocrx_word' id='word_1_633' title='bbox 1331 1985 1345 2001; x_wconf 80' lang='grc' dir='ltr'><strong>ν</strong></span> <span class='ocrx_word' id='word_1_634' title='bbox 1360 1984 1408 2011; x_wconf 90' lang='lat' dir='ltr'><strong>pro</strong></span> <span class='ocrx_word' id='word_1_635' title='bbox 1423 1984 1448 2003; x_wconf 85' lang='lat' dir='ltr'><strong>vi</strong></span> <span class='ocrx_word' id='word_1_636' title='bbox 1467 1976 1624 2010; x_wconf 87' lang='lat' dir='ltr'><strong>imprudens</strong></span> <span class='ocrx_word' id='word_1_637' title='bbox 1640 1983 1838 2011; x_wconf 73' lang='lat' dir='ltr'><strong>usurpaverat,</strong></span> 
     </span>
    </p>
   </div>
   <div class='ocr_carea' id='block_1_89' title="bbox 1051 2021 1837 2056">
    <p class='ocr_par' dir='ltr' id='par_1_89' title="bbox 1051 2021 1837 2056">
     <span class='ocr_line' id='line_1_89' title="bbox 1051 2021 1837 2056; baseline 0 -8"><span class='ocrx_word' id='word_1_638' title='bbox 1051 2022 1084 2048; x_wconf 90' lang='lat' dir='ltr'><strong>ad</strong></span> <span class='ocrx_word' id='word_1_639' title='bbox 1096 2029 1155 2049; x_wconf 87' lang='lat' dir='ltr'><strong>eam</strong></span> <span class='ocrx_word' id='word_1_640' title='bbox 1170 2022 1324 2056; x_wconf 71' lang='lat' dir='ltr'><strong>reSpiciens,</strong></span> <span class='ocrx_word' id='word_1_641' title='bbox 1338 2030 1385 2048; x_wconf 83' lang='lat' dir='ltr'><strong>xui</strong></span> <span class='ocrx_word' id='word_1_642' title='bbox 1398 2021 1499 2048; x_wconf 82' lang='lat' dir='ltr'><strong>Tebclli</strong></span> <span class='ocrx_word' id='word_1_643' title='bbox 1512 2021 1676 2056; x_wconf 84' lang='lat' dir='ltr'><strong>ascripserit.</strong></span> <span class='ocrx_word' id='word_1_644' title='bbox 1688 2021 1755 2049; x_wconf 83' lang='lat' dir='ltr'><strong>Erat</strong></span> <span class='ocrx_word' id='word_1_645' title='bbox 1764 2023 1837 2050; x_wconf 90' lang='lat' dir='ltr'><strong>cnim</strong></span> 
     </span>
    </p>
   </div>
   <div class='ocr_carea' id='block_1_90' title="bbox 1050 2066 1839 2101">
    <p class='ocr_par' dir='ltr' id='par_1_90' title="bbox 1050 2066 1839 2101">
     <span class='ocr_line' id='line_1_90' title="bbox 1050 2066 1839 2101; baseline 0 -7"><span class='ocrx_word' id='word_1_646' title='bbox 1050 2075 1081 2094; x_wconf 80' lang='lat' dir='ltr'><strong>ex</strong></span> <span class='ocrx_word' id='word_1_647' title='bbox 1095 2067 1221 2094; x_wconf 87' lang='lat' dir='ltr'><strong>methodo</strong></span> <span class='ocrx_word' id='word_1_648' title='bbox 1239 2072 1342 2099; x_wconf 85' lang='lat' dir='ltr'><strong>nostra,</strong></span> <span class='ocrx_word' id='word_1_649' title='bbox 1368 2066 1467 2094; x_wconf 76' lang='lat' dir='ltr'><strong>Tebeth</strong></span> <span class='ocrx_word' id='word_1_650' title='bbox 1483 2067 1515 2094; x_wconf 68' lang='lat' dir='ltr'><strong>l4</strong></span> <span class='ocrx_word' id='word_1_651' title='bbox 1541 2075 1548 2094; x_wconf 91' lang='lat'><strong>:</strong></span> <span class='ocrx_word' id='word_1_652' title='bbox 1566 2066 1664 2101; x_wconf 90' lang='lat' dir='ltr'><strong>quippe</strong></span> <span class='ocrx_word' id='word_1_653' title='bbox 1683 2066 1839 2101; x_wconf 70' lang='lat' dir='ltr'><strong>Ogdoecon.</strong></span> 
     </span>
    </p>
   </div>
   <div class='ocr_carea' id='block_1_91' title="bbox 1051 2112 1835 2148">
    <p class='ocr_par' dir='ltr' id='par_1_91' title="bbox 1051 2112 1835 2148">
     <span class='ocr_line' id='line_1_91' title="bbox 1051 2112 1835 2148; baseline 0.003 -9"><span class='ocrx_word' id='word_1_654' title='bbox 1051 2113 1294 2140; x_wconf 84' lang='lat' dir='ltr'><strong>tatcssaraeteridis</strong></span> <span class='ocrx_word' id='word_1_655' title='bbox 1321 2121 1408 2140; x_wconf 90' lang='lat' dir='ltr'><strong>annus</strong></span> <span class='ocrx_word' id='word_1_656' title='bbox 1425 2113 1474 2139; x_wconf 87' lang='lat' dir='ltr'><strong>istc</strong></span> <span class='ocrx_word' id='word_1_657' title='bbox 1492 2112 1579 2146; x_wconf 76' lang='lat' dir='ltr'><strong>fuitt,</strong></span> <span class='ocrx_word' id='word_1_658' title='bbox 1605 2113 1681 2148; x_wconf 87' lang='lat' dir='ltr'><strong>cyelo</strong></span> <span class='ocrx_word' id='word_1_659' title='bbox 1706 2114 1774 2141; x_wconf 84' lang='lat' dir='ltr'><strong>solis</strong></span> <span class='ocrx_word' id='word_1_660' title='bbox 1798 2122 1835 2146; x_wconf 77' lang='lat' dir='ltr'><strong>lx,</strong></span> 
     </span>
    </p>
   </div>
   <div class='ocr_carea' id='block_1_92' title="bbox 1049 2157 1838 2192">
    <p class='ocr_par' dir='ltr' id='par_1_92' title="bbox 1049 2157 1838 2192">
     <span class='ocr_line' id='line_1_92' title="bbox 1049 2157 1838 2192; baseline 0.003 -8"><span class='ocrx_word' id='word_1_661' title='bbox 1049 2158 1120 2185; x_wconf 75' lang='lat' dir='ltr'><strong>lunte</strong></span> <span class='ocrx_word' id='word_1_662' title='bbox 1136 2167 1155 2190; x_wconf 90' lang='grc' dir='ltr'>ι,</span> <span class='ocrx_word' id='word_1_663' title='bbox 1173 2166 1187 2185; x_wconf 87' lang='lat' dir='ltr'><strong>a</strong></span> <span class='ocrx_word' id='word_1_664' title='bbox 1203 2158 1262 2185; x_wconf 81' lang='lat' dir='ltr'><strong>Kal.</strong></span> <span class='ocrx_word' id='word_1_665' title='bbox 1276 2158 1338 2185; x_wconf 81' lang='lat' dir='ltr'><strong>Jan.</strong></span> <span class='ocrx_word' id='word_1_666' title='bbox 1359 2158 1423 2185; x_wconf 82' lang='lat' dir='ltr'><strong>anni</strong></span> <span class='ocrx_word' id='word_1_667' title='bbox 1444 2157 1543 2184; x_wconf 88' lang='lat' dir='ltr'><strong>Juliani</strong></span> <span class='ocrx_word' id='word_1_668' title='bbox 1561 2159 1700 2192; x_wconf 84' lang='lat' dir='ltr'><strong>sequentis</strong></span> <span class='ocrx_word' id='word_1_669' title='bbox 1720 2157 1838 2187; x_wconf 78' lang='lat' dir='ltr'><strong>Ncoute-</strong></span> 
     </span>
    </p>
   </div>
   <div class='ocr_carea' id='block_1_93' title="bbox 215 2202 1837 2242">
    <p class='ocr_par' dir='ltr' id='par_1_93' title="bbox 215 2202 1837 2242">
     <span class='ocr_line' id='line_1_93' title="bbox 215 2202 1837 2242; baseline -0.002 -7"><span class='ocrx_word' id='word_1_670' title='bbox 215 2216 266 2236; x_wconf 77' lang='lat' dir='ltr'><strong>sua</strong></span> <span class='ocrx_word' id='word_1_671' title='bbox 282 2216 311 2235; x_wconf 89' lang='lat' dir='ltr'><strong>se</strong></span> <span class='ocrx_word' id='word_1_672' title='bbox 325 2209 382 2242; x_wconf 85' lang='lat' dir='ltr'><strong>ipse</strong></span> <span class='ocrx_word' id='word_1_673' title='bbox 395 2206 567 2234; x_wconf 70' lang='lat' dir='ltr'><strong>confessione</strong></span> <span class='ocrx_word' id='word_1_674' title='bbox 580 2209 633 2231; x_wconf 85' lang='lat' dir='ltr'><strong>tam</strong></span> <span class='ocrx_word' id='word_1_675' title='bbox 650 2209 741 2239; x_wconf 87' lang='lat' dir='ltr'><strong>aperte</strong></span> <span class='ocrx_word' id='word_1_676' title='bbox 755 2212 787 2231; x_wconf 86' lang='lat' dir='ltr'><strong>ac</strong></span> <span class='ocrx_word' id='word_1_677' title='bbox 799 2204 885 2238; x_wconf 85' lang='lat' dir='ltr'><strong>palam</strong></span> <span class='ocrx_word' id='word_1_678' title='bbox 901 2204 996 2236; x_wconf 88' lang='lat' dir='ltr'><strong>induit,</strong></span> <span class='ocrx_word' id='word_1_679' title='bbox 1015 2211 1036 2238; x_wconf 81' lang='grc' dir='ltr'>ι)</span> <span class='ocrx_word' id='word_1_680' title='bbox 1051 2203 1094 2230; x_wconf 87' lang='lat' dir='ltr'><strong>nia</strong></span> <span class='ocrx_word' id='word_1_681' title='bbox 1107 2202 1189 2230; x_wconf 88' lang='lat' dir='ltr'><strong>Nisan</strong></span> <span class='ocrx_word' id='word_1_682' title='bbox 1206 2204 1271 2238; x_wconf 86' lang='lat' dir='ltr'><strong>Apr.</strong></span> <span class='ocrx_word' id='word_1_683' title='bbox 1293 2211 1321 2236; x_wconf 82' lang='grc' dir='ltr'><strong>ιι,</strong></span> <span class='ocrx_word' id='word_1_684' title='bbox 1335 2203 1383 2230; x_wconf 84' lang='lat' dir='ltr'><strong>fer.</strong></span> <span class='ocrx_word' id='word_1_685' title='bbox 1399 2211 1434 2230; x_wconf 90' lang='lat' dir='ltr'><strong>tv.</strong></span> <span class='ocrx_word' id='word_1_686' title='bbox 1451 2202 1516 2230; x_wconf 85' lang='lat' dir='ltr'><strong>Erat</strong></span> <span class='ocrx_word' id='word_1_687' title='bbox 1530 2211 1617 2231; x_wconf 86' lang='lat' dir='ltr'><strong>annus</strong></span> <span class='ocrx_word' id='word_1_688' title='bbox 1632 2204 1745 2238; x_wconf 77' lang='lat' dir='ltr'><strong>simplex</strong></span> <span class='ocrx_word' id='word_1_689' title='bbox 1763 2206 1837 2232; x_wconf 78' lang='lat' dir='ltr'><strong>(ndi-</strong></span> 
     </span>
    </p>
   </div>
   <div class='ocr_carea' id='block_1_94' title="bbox 217 2249 999 2288">
    <p class='ocr_par' dir='ltr' id='par_1_94' title="bbox 217 2249 999 2288">
     <span class='ocr_line' id='line_1_94' title="bbox 217 2249 999 2288; baseline -0.009 -6"><span class='ocrx_word' id='word_1_690' title='bbox 217 2259 248 2282; x_wconf 92' lang='lat' dir='ltr'><strong>ut</strong></span> <span class='ocrx_word' id='word_1_691' title='bbox 259 2254 338 2288; x_wconf 90' lang='lat' dir='ltr'><strong>cujus</strong></span> <span class='ocrx_word' id='word_1_692' title='bbox 354 2253 417 2280; x_wconf 90' lang='lat' dir='ltr'><strong>anni</strong></span> <span class='ocrx_word' id='word_1_693' title='bbox 435 2251 529 2278; x_wconf 70' lang='lat' dir='ltr'><strong>forlna‘</strong></span> <span class='ocrx_word' id='word_1_694' title='bbox 542 2258 574 2278; x_wconf 91' lang='lat' dir='ltr'><strong>ac</strong></span> <span class='ocrx_word' id='word_1_695' title='bbox 587 2250 690 2284; x_wconf 90' lang='lat' dir='ltr'><strong>periodi</strong></span> <span class='ocrx_word' id='word_1_696' title='bbox 704 2250 872 2276; x_wconf 87' lang='lat' dir='ltr'><strong>inventorem</strong></span> <span class='ocrx_word' id='word_1_697' title='bbox 885 2257 914 2276; x_wconf 81' lang='lat' dir='ltr'><strong>se</strong></span> <span class='ocrx_word' id='word_1_698' title='bbox 924 2249 999 2282; x_wconf 84' lang='lat' dir='ltr'><strong>dicit,</strong></span> 
     </span>
    </p>
   </div>
   <div class='ocr_carea' id='block_1_95' title="bbox 216 2294 1000 2334">
    <p class='ocr_par' dir='ltr' id='par_1_95' title="bbox 216 2294 1000 2334">
     <span class='ocr_line' id='line_1_95' title="bbox 216 2294 1000 2334; baseline -0.006 -7"><span class='ocrx_word' id='word_1_699' title='bbox 216 2307 276 2327; x_wconf 87' lang='lat' dir='ltr'><strong>eam</strong></span> <span class='ocrx_word' id='word_1_700' title='bbox 296 2300 381 2334; x_wconf 89' lang='lat' dir='ltr'><strong>ipsam</strong></span> <span class='ocrx_word' id='word_1_701' title='bbox 393 2296 586 2324; x_wconf 81' lang='lat' dir='ltr'><strong>vetustissimis</strong></span> <span class='ocrx_word' id='word_1_702' title='bbox 610 2295 777 2329; x_wconf 86' lang='lat' dir='ltr'><strong>temporibus</strong></span> <span class='ocrx_word' id='word_1_703' title='bbox 793 2295 820 2321; x_wconf 93' lang='lat' dir='ltr'><strong>in</strong></span> <span class='ocrx_word' id='word_1_704' title='bbox 841 2303 891 2322; x_wconf 91' lang='lat' dir='ltr'><strong>usu</strong></span> <span class='ocrx_word' id='word_1_705' title='bbox 916 2294 1000 2322; x_wconf 85' lang='lat' dir='ltr'><strong>fuisse</strong></span> 
     </span>
    </p>
   </div>
   <div class='ocr_carea' id='block_1_96' title="bbox 215 2341 999 2374">
    <p class='ocr_par' dir='ltr' id='par_1_96' title="bbox 215 2341 999 2374">
     <span class='ocr_line' id='line_1_96' title="bbox 215 2341 999 2374; baseline -0.008 -2"><span class='ocrx_word' id='word_1_706' title='bbox 215 2344 373 2373; x_wconf 83' lang='lat' dir='ltr'><strong>conﬁrmet?</strong></span> <span class='ocrx_word' id='word_1_707' title='bbox 385 2343 436 2370; x_wconf 90' lang='lat' dir='ltr'><strong>Sed</strong></span> <span class='ocrx_word' id='word_1_708' title='bbox 449 2351 480 2370; x_wconf 87' lang='lat' dir='ltr'><strong>ea</strong></span> <span class='ocrx_word' id='word_1_709' title='bbox 496 2342 563 2369; x_wconf 88' lang='lat' dir='ltr'><strong>mihi</strong></span> <span class='ocrx_word' id='word_1_710' title='bbox 573 2341 641 2368; x_wconf 86' lang='lat' dir='ltr'><strong>levia</strong></span> <span class='ocrx_word' id='word_1_711' title='bbox 654 2349 685 2368; x_wconf 85' lang='lat' dir='ltr'><strong>ac</strong></span> <span class='ocrx_word' id='word_1_712' title='bbox 698 2341 847 2368; x_wconf 89' lang='lat' dir='ltr'><strong>tolerabilia</strong></span> <span class='ocrx_word' id='word_1_713' title='bbox 863 2341 999 2374; x_wconf 88' lang='lat' dir='ltr'><strong>videntur,</strong></span> 
     </span>
    </p>
   </div>
   <div class='ocr_carea' id='block_1_97' title="bbox 216 2387 1000 2423">
    <p class='ocr_par' dir='ltr' id='par_1_97' title="bbox 216 2387 1000 2423">
     <span class='ocr_line' id='line_1_97' title="bbox 216 2387 1000 2423; baseline -0.008 -5"><span class='ocrx_word' id='word_1_714' title='bbox 216 2399 279 2419; x_wconf 93' lang='lat' dir='ltr'><strong>cum</strong></span> <span class='ocrx_word' id='word_1_715' title='bbox 297 2390 329 2416; x_wconf 90' lang='lat' dir='ltr'><strong>ad</strong></span> <span class='ocrx_word' id='word_1_716' title='bbox 345 2389 398 2416; x_wconf 85' lang='lat' dir='ltr'><strong>alia</strong></span> <span class='ocrx_word' id='word_1_717' title='bbox 415 2388 541 2423; x_wconf 78' lang='lat' dir='ltr'><strong>rcSpieio,</strong></span> <span class='ocrx_word' id='word_1_718' title='bbox 556 2395 615 2422; x_wconf 77' lang='lat' dir='ltr'><strong>qua:</strong></span> <span class='ocrx_word' id='word_1_719' title='bbox 631 2387 657 2414; x_wconf 91' lang='lat' dir='ltr'><strong>in</strong></span> <span class='ocrx_word' id='word_1_720' title='bbox 673 2392 788 2421; x_wconf 86' lang='lat' dir='ltr'><strong>utroque</strong></span> <span class='ocrx_word' id='word_1_721' title='bbox 803 2387 850 2413; x_wconf 86' lang='lat' dir='ltr'><strong>illo</strong></span> <span class='ocrx_word' id='word_1_722' title='bbox 867 2394 948 2420; x_wconf 87' lang='lat' dir='ltr'><strong>opere</strong></span> <span class='ocrx_word' id='word_1_723' title='bbox 965 2390 1000 2413; x_wconf 86' lang='lat' dir='ltr'><strong>te-</strong></span> 
     </span>
    </p>
   </div>
   <div class='ocr_carea' id='block_1_98' title="bbox 216 2433 999 2469">
    <p class='ocr_par' dir='ltr' id='par_1_98' title="bbox 216 2433 999 2469">
     <span class='ocr_line' id='line_1_98' title="bbox 216 2433 999 2469; baseline -0.008 -4"><span class='ocrx_word' id='word_1_724' title='bbox 216 2446 301 2469; x_wconf 88' lang='lat' dir='ltr'><strong>mere,</strong></span> <span class='ocrx_word' id='word_1_725' title='bbox 318 2438 522 2468; x_wconf 83' lang='lat' dir='ltr'><strong>inconstanter,</strong></span> <span class='ocrx_word' id='word_1_726' title='bbox 544 2443 575 2463; x_wconf 90' lang='lat' dir='ltr'><strong>ae</strong></span> <span class='ocrx_word' id='word_1_727' title='bbox 602 2436 661 2462; x_wconf 85' lang='lat' dir='ltr'><strong>sine</strong></span> <span class='ocrx_word' id='word_1_728' title='bbox 684 2439 795 2461; x_wconf 87' lang='lat' dir='ltr'><strong>auctore</strong></span> <span class='ocrx_word' id='word_1_729' title='bbox 818 2433 873 2460; x_wconf 92' lang='lat' dir='ltr'><strong>ullo</strong></span> <span class='ocrx_word' id='word_1_730' title='bbox 897 2433 999 2468; x_wconf 83' lang='lat' dir='ltr'><strong>passim</strong></span> 
     </span>
    </p>
   </div>
   <div class='ocr_carea' id='block_1_99' title="bbox 216 2479 999 2516">
    <p class='ocr_par' dir='ltr' id='par_1_99' title="bbox 216 2479 999 2516">
     <span class='ocr_line' id='line_1_99' title="bbox 216 2479 999 2516; baseline -0.009 -5"><span class='ocrx_word' id='word_1_731' title='bbox 216 2484 313 2512; x_wconf 74' lang='lat' dir='ltr'><strong>effutiit</strong></span> <span class='ocrx_word' id='word_1_732' title='bbox 329 2493 335 2510; x_wconf 76' lang='grc' dir='ltr'><strong>ι</strong></span> <span class='ocrx_word' id='word_1_733' title='bbox 349 2490 408 2516; x_wconf 69' lang='grc' dir='ltr'>(ιιιτθ</span> <span class='ocrx_word' id='word_1_734' title='bbox 424 2489 473 2508; x_wconf 91' lang='lat' dir='ltr'><strong>nos</strong></span> <span class='ocrx_word' id='word_1_735' title='bbox 490 2481 575 2512; x_wconf 84' lang='lat' dir='ltr'><strong>brevi,</strong></span> <span class='ocrx_word' id='word_1_736' title='bbox 588 2481 610 2507; x_wconf 84' lang='lat' dir='ltr'><strong>si</strong></span> <span class='ocrx_word' id='word_1_737' title='bbox 629 2480 762 2507; x_wconf 88' lang='lat' dir='ltr'><strong>Dominus</strong></span> <span class='ocrx_word' id='word_1_738' title='bbox 779 2479 895 2511; x_wconf 87' lang='lat' dir='ltr'><strong>dederit,</strong></span> <span class='ocrx_word' id='word_1_739' title='bbox 912 2479 938 2505; x_wconf 92' lang='lat' dir='ltr'><strong>in</strong></span> <span class='ocrx_word' id='word_1_740' title='bbox 957 2479 999 2505; x_wconf 76' lang='grc' dir='ltr'>Ιιι-</span> 
     </span>
    </p>
   </div>
   <div class='ocr_carea' id='block_1_100' title="bbox 216 2523 1000 2562">
    <p class='ocr_par' dir='ltr' id='par_1_100' title="bbox 216 2523 1000 2562">
     <span class='ocr_line' id='line_1_100' title="bbox 216 2523 1000 2562; baseline -0.008 -6"><span class='ocrx_word' id='word_1_741' title='bbox 216 2537 274 2556; x_wconf 85' lang='lat' dir='ltr'><strong>cem</strong></span> <span class='ocrx_word' id='word_1_742' title='bbox 297 2532 473 2562; x_wconf 87' lang='lat' dir='ltr'><strong>apertumque</strong></span> <span class='ocrx_word' id='word_1_743' title='bbox 489 2525 670 2560; x_wconf 80' lang='lat' dir='ltr'><strong>proferemus,</strong></span> <span class='ocrx_word' id='word_1_744' title='bbox 686 2529 715 2551; x_wconf 90' lang='lat' dir='ltr'><strong>ut</strong></span> <span class='ocrx_word' id='word_1_745' title='bbox 736 2523 782 2558; x_wconf 89' lang='lat' dir='ltr'><strong>qui</strong></span> <span class='ocrx_word' id='word_1_746' title='bbox 799 2523 1000 2558; x_wconf 78' lang='lat' dir='ltr'><strong>chronologicis</strong></span> 
     </span>
    </p>
   </div>
   <div class='ocr_carea' id='block_1_101' title="bbox 216 2569 999 2606">
    <p class='ocr_par' dir='ltr' id='par_1_101' title="bbox 216 2569 999 2606">
     <span class='ocr_line' id='line_1_101' title="bbox 216 2569 999 2606; baseline -0.008 -4"><span class='ocrx_word' id='word_1_747' title='bbox 216 2575 244 2602; x_wconf 91' lang='lat' dir='ltr'><strong>in</strong></span> <span class='ocrx_word' id='word_1_748' title='bbox 269 2574 349 2601; x_wconf 85' lang='lat' dir='ltr'><strong>rebus</strong></span> <span class='ocrx_word' id='word_1_749' title='bbox 373 2573 457 2600; x_wconf 79' lang='lat' dir='ltr'><strong>Deum</strong></span> <span class='ocrx_word' id='word_1_750' title='bbox 481 2572 554 2599; x_wconf 91' lang='lat' dir='ltr'><strong>illum</strong></span> <span class='ocrx_word' id='word_1_751' title='bbox 574 2571 768 2606; x_wconf 88' lang='lat' dir='ltr'><strong>propemodum</strong></span> <span class='ocrx_word' id='word_1_752' title='bbox 793 2569 907 2602; x_wconf 88' lang='lat' dir='ltr'><strong>faciunt,</strong></span> <span class='ocrx_word' id='word_1_753' title='bbox 933 2569 999 2596; x_wconf 87' lang='lat' dir='ltr'><strong>nihil</strong></span> 
     </span>
    </p>
   </div>
   <div class='ocr_carea' id='block_1_102' title="bbox 216 2614 998 2654">
    <p class='ocr_par' dir='ltr' id='par_1_102' title="bbox 216 2614 998 2654">
     <span class='ocr_line' id='line_1_102' title="bbox 216 2614 998 2654; baseline -0.009 -7"><span class='ocrx_word' id='word_1_754' title='bbox 216 2621 305 2654; x_wconf 90' lang='lat' dir='ltr'><strong>ipsum</strong></span> <span class='ocrx_word' id='word_1_755' title='bbox 323 2619 356 2645; x_wconf 89' lang='lat' dir='ltr'><strong>ad</strong></span> <span class='ocrx_word' id='word_1_756' title='bbox 373 2626 432 2645; x_wconf 88' lang='lat' dir='ltr'><strong>eam</strong></span> <span class='ocrx_word' id='word_1_757' title='bbox 458 2625 513 2644; x_wconf 86' lang='lat' dir='ltr'><strong>rem</strong></span> <span class='ocrx_word' id='word_1_758' title='bbox 535 2620 631 2651; x_wconf 65' lang='lat' dir='ltr'><strong>praeter</strong></span> <span class='ocrx_word' id='word_1_759' title='bbox 646 2615 746 2642; x_wconf 87' lang='lat' dir='ltr'><strong>fastutn</strong></span> <span class='ocrx_word' id='word_1_760' title='bbox 766 2619 795 2642; x_wconf 90' lang='lat' dir='ltr'><strong>et</strong></span> <span class='ocrx_word' id='word_1_761' title='bbox 815 2614 998 2649; x_wconf 81' lang='lat' dir='ltr'><strong>arrogantiam</strong></span> 
     </span>
    </p>
   </div>
   <div class='ocr_carea' id='block_1_103' title="bbox 215 2658 998 2694">
    <p class='ocr_par' dir='ltr' id='par_1_103' title="bbox 215 2658 998 2694">
     <span class='ocr_line' id='line_1_103' title="bbox 215 2658 998 2694; baseline -0.009 -3"><span class='ocrx_word' id='word_1_762' title='bbox 215 2664 338 2692; x_wconf 85' lang='lat' dir='ltr'><strong>attulisse</strong></span> <span class='ocrx_word' id='word_1_763' title='bbox 363 2662 481 2690; x_wconf 85' lang='lat' dir='ltr'><strong>discant.</strong></span> <span class='ocrx_word' id='word_1_764' title='bbox 512 2660 651 2688; x_wconf 86' lang='lat' dir='ltr'><strong>Postremo</strong></span> <span class='ocrx_word' id='word_1_765' title='bbox 676 2667 757 2694; x_wconf 88' lang='lat' dir='ltr'><strong>quam</strong></span> <span class='ocrx_word' id='word_1_766' title='bbox 782 2659 809 2685; x_wconf 92' lang='lat' dir='ltr'><strong>in</strong></span> <span class='ocrx_word' id='word_1_767' title='bbox 836 2658 998 2685; x_wconf 80' lang='lat' dir='ltr'><strong>Antioclteni</strong></span> 
     </span>
    </p>
   </div>
   <div class='ocr_carea' id='block_1_104' title="bbox 215 2704 998 2743">
    <p class='ocr_par' dir='ltr' id='par_1_104' title="bbox 215 2704 998 2743">
     <span class='ocr_line' id='line_1_104' title="bbox 215 2704 998 2743; baseline -0.009 -7"><span class='ocrx_word' id='word_1_768' title='bbox 215 2709 279 2737; x_wconf 88' lang='lat' dir='ltr'><strong>anni</strong></span> <span class='ocrx_word' id='word_1_769' title='bbox 297 2709 397 2743; x_wconf 84' lang='lat' dir='ltr'><strong>epocha</strong></span> <span class='ocrx_word' id='word_1_770' title='bbox 416 2706 531 2734; x_wconf 91' lang='lat' dir='ltr'><strong>hominis</strong></span> <span class='ocrx_word' id='word_1_771' title='bbox 544 2705 754 2732; x_wconf 81' lang='lat' dir='ltr'><strong>inconstantiam</strong></span> <span class='ocrx_word' id='word_1_772' title='bbox 770 2704 899 2736; x_wconf 84' lang='lat' dir='ltr'><strong>vidimus,</strong></span> <span class='ocrx_word' id='word_1_773' title='bbox 922 2711 998 2730; x_wconf 87' lang='lat' dir='ltr'><strong>eam-</strong></span> 
     </span>
    </p>
   </div>
   <div class='ocr_carea' id='block_1_105' title="bbox 215 2748 999 2787">
    <p class='ocr_par' dir='ltr' id='par_1_105' title="bbox 215 2748 999 2787">
     <span class='ocr_line' id='line_1_105' title="bbox 215 2748 999 2787; baseline -0.01 -5"><span class='ocrx_word' id='word_1_774' title='bbox 215 2756 275 2782; x_wconf 87' lang='lat' dir='ltr'><strong>dem</strong></span> <span class='ocrx_word' id='word_1_775' title='bbox 291 2754 317 2780; x_wconf 93' lang='lat' dir='ltr'><strong>in</strong></span> <span class='ocrx_word' id='word_1_776' title='bbox 335 2752 481 2787; x_wconf 78' lang='lat' dir='ltr'><strong>liagarenis</strong></span> <span class='ocrx_word' id='word_1_777' title='bbox 499 2756 526 2778; x_wconf 91' lang='lat' dir='ltr'><strong>et</strong></span> <span class='ocrx_word' id='word_1_778' title='bbox 547 2750 671 2777; x_wconf 83' lang='lat' dir='ltr'><strong>Arabicis</strong></span> <span class='ocrx_word' id='word_1_779' title='bbox 693 2749 768 2776; x_wconf 80' lang='lat' dir='ltr'><strong>hisce</strong></span> <span class='ocrx_word' id='word_1_780' title='bbox 789 2749 908 2784; x_wconf 88' lang='lat' dir='ltr'><strong>periodis</strong></span> <span class='ocrx_word' id='word_1_781' title='bbox 931 2748 999 2775; x_wconf 88' lang='lat' dir='ltr'><strong>scito</strong></span> 
     </span>
    </p>
   </div>
   <div class='ocr_carea' id='block_1_106' title="bbox 214 2793 999 2828">
    <p class='ocr_par' dir='ltr' id='par_1_106' title="bbox 214 2793 999 2828">
     <span class='ocr_line' id='line_1_106' title="bbox 214 2793 999 2828; baseline -0.008 -3"><span class='ocrx_word' id='word_1_782' title='bbox 214 2806 275 2826; x_wconf 86' lang='lat' dir='ltr'><strong>csse</strong></span> <span class='ocrx_word' id='word_1_783' title='bbox 291 2798 476 2825; x_wconf 83' lang='lat' dir='ltr'><strong>commissam.</strong></span> <span class='ocrx_word' id='word_1_784' title='bbox 491 2795 558 2823; x_wconf 84' lang='lat' dir='ltr'><strong>Nam</strong></span> <span class='ocrx_word' id='word_1_785' title='bbox 577 2796 624 2822; x_wconf 89' lang='lat' dir='ltr'><strong>lib.</strong></span> <span class='ocrx_word' id='word_1_786' title='bbox 643 2803 661 2821; x_wconf 93' lang='grc' dir='ltr'><strong>ιι</strong></span> <span class='ocrx_word' id='word_1_787' title='bbox 677 2794 715 2821; x_wconf 87' lang='lat' dir='ltr'><strong>De</strong></span> <span class='ocrx_word' id='word_1_788' title='bbox 726 2794 839 2826; x_wconf 85' lang='lat' dir='ltr'><strong>emend.,</strong></span> <span class='ocrx_word' id='word_1_789' title='bbox 853 2801 881 2828; x_wconf 90' lang='lat' dir='ltr'><strong>p.</strong></span> <span class='ocrx_word' id='word_1_790' title='bbox 898 2793 958 2826; x_wconf 76' lang='lat'><strong>“6,</strong></span> <span class='ocrx_word' id='word_1_791' title='bbox 973 2797 999 2820; x_wconf 89' lang='lat' dir='ltr'><strong>et</strong></span> 
     </span>
    </p>
   </div>
   <div class='ocr_carea' id='block_1_107' title="bbox 218 2837 999 2878">
    <p class='ocr_par' dir='ltr' id='par_1_107' title="bbox 218 2837 999 2878">
     <span class='ocr_line' id='line_1_107' title="bbox 218 2837 999 2878; baseline -0.008 -8"><span class='ocrx_word' id='word_1_792' title='bbox 218 2843 265 2870; x_wconf 73' lang='lat' dir='ltr'><strong>lib.</strong></span> <span class='ocrx_word' id='word_1_793' title='bbox 281 2851 306 2876; x_wconf 87' lang='lat' dir='ltr'><strong>v,</strong></span> <span class='ocrx_word' id='word_1_794' title='bbox 322 2852 348 2878; x_wconf 91' lang='lat' dir='ltr'><strong>p.</strong></span> <span class='ocrx_word' id='word_1_795' title='bbox 370 2842 432 2876; x_wconf 70' lang='grc'><strong>485,</strong></span> <span class='ocrx_word' id='word_1_796' title='bbox 451 2842 589 2877; x_wconf 88' lang='lat' dir='ltr'><strong>periodutn</strong></span> <span class='ocrx_word' id='word_1_797' title='bbox 602 2839 770 2875; x_wconf 80' lang='lat' dir='ltr'><strong>llagarenam</strong></span> <span class='ocrx_word' id='word_1_798' title='bbox 793 2838 828 2866; x_wconf 91' lang='lat' dir='ltr'><strong>ab</strong></span> <span class='ocrx_word' id='word_1_799' title='bbox 845 2845 917 2865; x_wconf 88' lang='lat' dir='ltr'><strong>anno</strong></span> <span class='ocrx_word' id='word_1_800' title='bbox 940 2837 999 2872; x_wconf 90' lang='lat' dir='ltr'><strong>ipso</strong></span> 
     </span>
    </p>
   </div>
   <div class='ocr_carea' id='block_1_108' title="bbox 1052 2247 1836 2282">
    <p class='ocr_par' dir='ltr' id='par_1_108' title="bbox 1052 2247 1836 2282">
     <span class='ocr_line' id='line_1_108' title="bbox 1052 2247 1836 2282; baseline 0.004 -8"><span class='ocrx_word' id='word_1_801' title='bbox 1052 2249 1154 2275; x_wconf 90' lang='lat' dir='ltr'><strong>narius.</strong></span> <span class='ocrx_word' id='word_1_802' title='bbox 1176 2247 1260 2282; x_wconf 79' lang='lat' dir='ltr'><strong>igitur</strong></span> <span class='ocrx_word' id='word_1_803' title='bbox 1271 2247 1384 2280; x_wconf 84' lang='lat' dir='ltr'><strong>Tebeth,</strong></span> <span class='ocrx_word' id='word_1_804' title='bbox 1401 2248 1458 2274; x_wconf 86' lang='lat' dir='ltr'><strong>sive</strong></span> <span class='ocrx_word' id='word_1_805' title='bbox 1473 2255 1489 2274; x_wconf 73' lang='grc' dir='ltr'><strong>ιι</strong></span> <span class='ocrx_word' id='word_1_806' title='bbox 1502 2247 1672 2275; x_wconf 90' lang='lat' dir='ltr'><strong>mensisiniit</strong></span> <span class='ocrx_word' id='word_1_807' title='bbox 1684 2248 1746 2275; x_wconf 77' lang='lat' dir='ltr'><strong>Dec.</strong></span> <span class='ocrx_word' id='word_1_808' title='bbox 1762 2258 1836 2277; x_wconf 77' lang='lat' dir='ltr'><strong>xxiv.</strong></span> 
     </span>
    </p>
   </div>
   <div class='ocr_carea' id='block_1_109' title="bbox 1051 2293 1837 2322">
    <p class='ocr_par' dir='ltr' id='par_1_109' title="bbox 1051 2293 1837 2322">
     <span class='ocr_line' id='line_1_109' title="bbox 1051 2293 1837 2322; baseline 0.001 -1"><span class='ocrx_word' id='word_1_809' title='bbox 1051 2293 1127 2321; x_wconf 85' lang='lat' dir='ltr'><strong>Unde</strong></span> <span class='ocrx_word' id='word_1_810' title='bbox 1138 2294 1258 2320; x_wconf 84' lang='lat' dir='ltr'><strong>Januarii</strong></span> <span class='ocrx_word' id='word_1_811' title='bbox 1272 2301 1286 2320; x_wconf 80' lang='grc' dir='ltr'><strong>ν</strong></span> <span class='ocrx_word' id='word_1_812' title='bbox 1311 2293 1413 2320; x_wconf 82' lang='lat' dir='ltr'><strong>chetli</strong></span> <span class='ocrx_word' id='word_1_813' title='bbox 1429 2293 1487 2321; x_wconf 83' lang='lat' dir='ltr'><strong>dies</strong></span> <span class='ocrx_word' id='word_1_814' title='bbox 1506 2298 1564 2321; x_wconf 85' lang='lat' dir='ltr'><strong>erat</strong></span> <span class='ocrx_word' id='word_1_815' title='bbox 1584 2301 1632 2320; x_wconf 81' lang='lat' dir='ltr'><strong>xm</strong></span> <span class='ocrx_word' id='word_1_816' title='bbox 1650 2302 1656 2320; x_wconf 90' lang='lat'>:</span> <span class='ocrx_word' id='word_1_817' title='bbox 1674 2300 1750 2321; x_wconf 76' lang='lat' dir='ltr'><strong>sexto</strong></span> <span class='ocrx_word' id='word_1_818' title='bbox 1774 2303 1837 2322; x_wconf 86' lang='lat' dir='ltr'><strong>vero</strong></span> 
     </span>
    </p>
   </div>
   <div class='ocr_carea' id='block_1_110' title="bbox 1049 2339 1836 2374">
    <p class='ocr_par' dir='ltr' id='par_1_110' title="bbox 1049 2339 1836 2374">
     <span class='ocr_line' id='line_1_110' title="bbox 1049 2339 1836 2374; baseline 0.001 -8"><span class='ocrx_word' id='word_1_819' title='bbox 1049 2340 1111 2367; x_wconf 85' lang='lat' dir='ltr'><strong>Jan.</strong></span> <span class='ocrx_word' id='word_1_820' title='bbox 1126 2347 1180 2366; x_wconf 82' lang='lat' dir='ltr'><strong>xtv.</strong></span> <span class='ocrx_word' id='word_1_821' title='bbox 1207 2339 1235 2366; x_wconf 90' lang='lat' dir='ltr'><strong>lu</strong></span> <span class='ocrx_word' id='word_1_822' title='bbox 1253 2347 1308 2374; x_wconf 89' lang='lat' dir='ltr'><strong>quo</strong></span> <span class='ocrx_word' id='word_1_823' title='bbox 1329 2339 1414 2372; x_wconf 85' lang='lat' dir='ltr'><strong>vides,</strong></span> <span class='ocrx_word' id='word_1_824' title='bbox 1435 2339 1460 2366; x_wconf 93' lang='lat' dir='ltr'><strong>id</strong></span> <span class='ocrx_word' id='word_1_825' title='bbox 1484 2339 1558 2374; x_wconf 91' lang='lat' dir='ltr'><strong>quod</strong></span> <span class='ocrx_word' id='word_1_826' title='bbox 1578 2340 1720 2366; x_wconf 89' lang='lat' dir='ltr'><strong>methodus</strong></span> <span class='ocrx_word' id='word_1_827' title='bbox 1742 2346 1836 2367; x_wconf 88' lang='lat' dir='ltr'><strong>nostra</strong></span> 
     </span>
    </p>
   </div>
   <div class='ocr_carea' id='block_1_111' title="bbox 1050 2384 1836 2419">
    <p class='ocr_par' dir='ltr' id='par_1_111' title="bbox 1050 2384 1836 2419">
     <span class='ocr_line' id='line_1_111' title="bbox 1050 2384 1836 2419; baseline 0.001 -7"><span class='ocrx_word' id='word_1_828' title='bbox 1050 2385 1222 2419; x_wconf 87' lang='lat' dir='ltr'><strong>repromittit,</strong></span> <span class='ocrx_word' id='word_1_829' title='bbox 1244 2385 1356 2412; x_wconf 90' lang='lat' dir='ltr'><strong>biduum</strong></span> <span class='ocrx_word' id='word_1_830' title='bbox 1383 2384 1438 2411; x_wconf 88' lang='lat' dir='ltr'><strong>fere</strong></span> <span class='ocrx_word' id='word_1_831' title='bbox 1458 2384 1514 2418; x_wconf 87' lang='lat' dir='ltr'><strong>jam</strong></span> <span class='ocrx_word' id='word_1_832' title='bbox 1536 2385 1701 2419; x_wconf 86' lang='lat' dir='ltr'><strong>anticipasse</strong></span> <span class='ocrx_word' id='word_1_833' title='bbox 1724 2393 1836 2413; x_wconf 69' lang='lat' dir='ltr'><strong>neonze-</strong></span> 
     </span>
    </p>
   </div>
   <div class='ocr_carea' id='block_1_112' title="bbox 1051 2430 1834 2465">
    <p class='ocr_par' dir='ltr' id='par_1_112' title="bbox 1051 2430 1834 2465">
     <span class='ocr_line' id='line_1_112' title="bbox 1051 2430 1834 2465; baseline 0.003 -8"><span class='ocrx_word' id='word_1_834' title='bbox 1051 2431 1121 2457; x_wconf 82' lang='lat' dir='ltr'><strong>niam</strong></span> <span class='ocrx_word' id='word_1_835' title='bbox 1146 2431 1262 2463; x_wconf 82' lang='lat' dir='ltr'><strong>civilem,</strong></span> <span class='ocrx_word' id='word_1_836' title='bbox 1281 2438 1344 2457; x_wconf 90' lang='lat' dir='ltr'><strong>cum</strong></span> <span class='ocrx_word' id='word_1_837' title='bbox 1365 2430 1420 2465; x_wconf 84' lang='lat' dir='ltr'><strong>jam</strong></span> <span class='ocrx_word' id='word_1_838' title='bbox 1437 2430 1550 2457; x_wconf 90' lang='lat' dir='ltr'><strong>dimidia</strong></span> <span class='ocrx_word' id='word_1_839' title='bbox 1570 2430 1698 2464; x_wconf 84' lang='lat' dir='ltr'><strong>periodus</strong></span> <span class='ocrx_word' id='word_1_840' title='bbox 1710 2431 1834 2459; x_wconf 79' lang='lat' dir='ltr'><strong>eﬂlnxis-</strong></span> 
     </span>
    </p>
   </div>
   <div class='ocr_carea' id='block_1_113' title="bbox 1051 2474 1834 2508">
    <p class='ocr_par' dir='ltr' id='par_1_113' title="bbox 1051 2474 1834 2508">
     <span class='ocr_line' id='line_1_113' title="bbox 1051 2474 1834 2508; baseline 0.001 -6"><span class='ocrx_word' id='word_1_841' title='bbox 1051 2479 1102 2502; x_wconf 84' lang='lat' dir='ltr'><strong>set.</strong></span> <span class='ocrx_word' id='word_1_842' title='bbox 1119 2474 1186 2501; x_wconf 87' lang='lat' dir='ltr'><strong>Nam</strong></span> <span class='ocrx_word' id='word_1_843' title='bbox 1208 2483 1223 2501; x_wconf 91' lang='lat' dir='ltr'><strong>a</strong></span> <span class='ocrx_word' id='word_1_844' title='bbox 1242 2483 1304 2502; x_wconf 75' lang='lat' dir='ltr'><strong>xxvt</strong></span> <span class='ocrx_word' id='word_1_845' title='bbox 1322 2474 1385 2502; x_wconf 90' lang='lat' dir='ltr'><strong>Dec.</strong></span> <span class='ocrx_word' id='word_1_846' title='bbox 1407 2474 1440 2501; x_wconf 84' lang='lat' dir='ltr'><strong>ad</strong></span> <span class='ocrx_word' id='word_1_847' title='bbox 1465 2482 1529 2501; x_wconf 85' lang='lat' dir='ltr'><strong>xxtv</strong></span> <span class='ocrx_word' id='word_1_848' title='bbox 1550 2475 1717 2502; x_wconf 84' lang='lat' dir='ltr'><strong>retrocessit.</strong></span> <span class='ocrx_word' id='word_1_849' title='bbox 1743 2475 1834 2508; x_wconf 74' lang='lat' dir='ltr'><strong>Quare</strong></span> 
     </span>
    </p>
   </div>
   <div class='ocr_carea' id='block_1_114' title="bbox 1051 2518 1831 2555">
    <p class='ocr_par' dir='ltr' id='par_1_114' title="bbox 1051 2518 1831 2555">
     <span class='ocr_line' id='line_1_114' title="bbox 1051 2518 1831 2555; baseline 0.001 -10"><span class='ocrx_word' id='word_1_850' title='bbox 1051 2519 1093 2545; x_wconf 79' lang='lat' dir='ltr'><strong>Vt’l</strong></span> <span class='ocrx_word' id='word_1_851' title='bbox 1107 2519 1150 2546; x_wconf 90' lang='lat' dir='ltr'><strong>hic</strong></span> <span class='ocrx_word' id='word_1_852' title='bbox 1165 2527 1235 2546; x_wconf 89' lang='lat' dir='ltr'><strong>unus</strong></span> <span class='ocrx_word' id='word_1_853' title='bbox 1249 2519 1326 2546; x_wconf 86' lang='lat' dir='ltr'><strong>locus</strong></span> <span class='ocrx_word' id='word_1_854' title='bbox 1339 2519 1459 2546; x_wconf 89' lang='lat' dir='ltr'><strong>ostendit</strong></span> <span class='ocrx_word' id='word_1_855' title='bbox 1473 2526 1522 2545; x_wconf 89' lang='lat' dir='ltr'><strong>nos</strong></span> <span class='ocrx_word' id='word_1_856' title='bbox 1530 2526 1587 2553; x_wconf 89' lang='lat' dir='ltr'><strong>per.</strong></span> <span class='ocrx_word' id='word_1_857' title='bbox 1603 2519 1675 2546; x_wconf 91' lang='lat' dir='ltr'><strong>illam</strong></span> <span class='ocrx_word' id='word_1_858' title='bbox 1689 2518 1721 2545; x_wconf 87' lang='lat' dir='ltr'><strong>ad</strong></span> <span class='ocrx_word' id='word_1_859' title='bbox 1735 2519 1831 2555; x_wconf 87' lang='lat' dir='ltr'><strong>Epiph.</strong></span> 
     </span>
    </p>
   </div>
   <div class='ocr_carea' id='block_1_115' title="bbox 1051 2564 1832 2600">
    <p class='ocr_par' dir='ltr' id='par_1_115' title="bbox 1051 2564 1832 2600">
     <span class='ocr_line' id='line_1_115' title="bbox 1051 2564 1832 2600; baseline 0.003 -10"><span class='ocrx_word' id='word_1_860' title='bbox 1051 2565 1171 2591; x_wconf 80' lang='lat' dir='ltr'><strong>rationes</strong></span> <span class='ocrx_word' id='word_1_861' title='bbox 1186 2564 1374 2599; x_wconf 78' lang='grc' dir='ltr'><strong>εὐστοχώτατσ.</strong></span> <span class='ocrx_word' id='word_1_862' title='bbox 1395 2565 1551 2600; x_wconf 73' lang='lat' dir='ltr'><strong>digessisse.</strong></span> <span class='ocrx_word' id='word_1_863' title='bbox 1569 2565 1634 2592; x_wconf 83' lang='lat' dir='ltr'><strong>Vide</strong></span> <span class='ocrx_word' id='word_1_864' title='bbox 1654 2564 1724 2591; x_wconf 83' lang='lat' dir='ltr'><strong>infra</strong></span> <span class='ocrx_word' id='word_1_865' title='bbox 1738 2565 1765 2591; x_wconf 91' lang='lat' dir='ltr'><strong>in</strong></span> <span class='ocrx_word' id='word_1_866' title='bbox 1790 2566 1832 2592; x_wconf 92' lang='lat' dir='ltr'><strong>illa</strong></span> 
     </span>
    </p>
   </div>
   <div class='ocr_carea' id='block_1_116' title="bbox 1051 2609 1508 2638">
    <p class='ocr_par' dir='ltr' id='par_1_116' title="bbox 1051 2609 1508 2638">
     <span class='ocr_line' id='line_1_116' title="bbox 1051 2609 1508 2638; baseline 0.002 -2"><span class='ocrx_word' id='word_1_867' title='bbox 1051 2609 1171 2637; x_wconf 89' lang='lat' dir='ltr'><strong>Diatriba</strong></span> <span class='ocrx_word' id='word_1_868' title='bbox 1186 2610 1219 2637; x_wconf 87' lang='lat' dir='ltr'><strong>de</strong></span> <span class='ocrx_word' id='word_1_869' title='bbox 1237 2610 1371 2638; x_wconf 75' lang='lat' dir='ltr'><strong>Passione</strong></span> <span class='ocrx_word' id='word_1_870' title='bbox 1389 2611 1508 2638; x_wconf 92' lang='lat' dir='ltr'><strong>Domini.</strong></span> 
     </span>
    </p>
   </div>
   <div class='ocr_carea' id='block_1_117' title="bbox 1085 2655 1830 2690">
    <p class='ocr_par' dir='ltr' id='par_1_117' title="bbox 1085 2655 1830 2690">
     <span class='ocr_line' id='line_1_117' title="bbox 1085 2655 1830 2690; baseline 0.003 -8"><span class='ocrx_word' id='word_1_871' title='bbox 1085 2656 1152 2684; x_wconf 89' lang='lat' dir='ltr'><strong>Ibid.</strong></span> <span class='ocrx_word' id='word_1_872' title='bbox 1163 2656 1242 2683; x_wconf 77' lang='grc' dir='ltr'><strong>Κατὰ</strong></span> <span class='ocrx_word' id='word_1_873' title='bbox 1256 2657 1425 2690; x_wconf 80' lang='grc' dir='ltr'><strong>Ἀθηναιους</strong></span> <span class='ocrx_word' id='word_1_874' title='bbox 1436 2655 1707 2690; x_wconf 82' lang='grc' dir='ltr'><strong>Μαιμακτηριῶνος.</strong></span> <span class='ocrx_word' id='word_1_875' title='bbox 1717 2655 1830 2684; x_wconf 85' lang='lat' dir='ltr'><strong>Januar.</strong></span> 
     </span>
    </p>
   </div>
   <div class='ocr_carea' id='block_1_118' title="bbox 1049 2701 1832 2735">
    <p class='ocr_par' dir='ltr' id='par_1_118' title="bbox 1049 2701 1832 2735">
     <span class='ocr_line' id='line_1_118' title="bbox 1049 2701 1832 2735; baseline -0.001 -4"><span class='ocrx_word' id='word_1_876' title='bbox 1049 2702 1228 2731; x_wconf 77' lang='lat' dir='ltr'><strong>Athenienses</strong></span> <span class='ocrx_word' id='word_1_877' title='bbox 1252 2701 1496 2729; x_wconf 67' lang='lat' dir='ltr'><strong>Maemacterionem</strong></span> <span class='ocrx_word' id='word_1_878' title='bbox 1521 2707 1664 2729; x_wconf 88' lang='lat' dir='ltr'><strong>vocarunt.</strong></span> <span class='ocrx_word' id='word_1_879' title='bbox 1695 2702 1773 2735; x_wconf 87' lang='lat' dir='ltr'><strong>Quod</strong></span> <span class='ocrx_word' id='word_1_880' title='bbox 1799 2710 1832 2731; x_wconf 80' lang='lat' dir='ltr'><strong>nc</strong></span> 
     </span>
    </p>
   </div>
   <div class='ocr_carea' id='block_1_119' title="bbox 1025 2747 1831 2782">
    <p class='ocr_par' dir='ltr' id='par_1_119' title="bbox 1025 2747 1831 2782">
     <span class='ocr_line' id='line_1_119' title="bbox 1025 2747 1831 2782; baseline 0.002 -8"><span class='ocrx_word' id='word_1_881' title='bbox 1025 2771 1029 2774; x_wconf 75' lang='lat'><strong><em>_</em></strong></span> <span class='ocrx_word' id='word_1_882' title='bbox 1049 2747 1111 2780; x_wconf 92' lang='lat' dir='ltr'><strong>quis</strong></span> <span class='ocrx_word' id='word_1_883' title='bbox 1124 2755 1216 2775; x_wconf 87' lang='lat' dir='ltr'><strong>errore</strong></span> <span class='ocrx_word' id='word_1_884' title='bbox 1232 2748 1332 2774; x_wconf 91' lang='lat' dir='ltr'><strong>librarii</strong></span> <span class='ocrx_word' id='word_1_885' title='bbox 1350 2748 1451 2774; x_wconf 80' lang='lat' dir='ltr'><strong>factum</strong></span> <span class='ocrx_word' id='word_1_886' title='bbox 1477 2752 1562 2782; x_wconf 87' lang='lat' dir='ltr'><strong>putet,</strong></span> <span class='ocrx_word' id='word_1_887' title='bbox 1587 2747 1736 2775; x_wconf 80' lang='lat' dir='ltr'><strong>allii-matur</strong></span> <span class='ocrx_word' id='word_1_888' title='bbox 1750 2756 1783 2775; x_wconf 80' lang='lat' dir='ltr'><strong>ex</strong></span> <span class='ocrx_word' id='word_1_889' title='bbox 1800 2756 1831 2776; x_wconf 90' lang='lat' dir='ltr'><strong>eo</strong></span> 
     </span>
    </p>
   </div>
   <div class='ocr_carea' id='block_1_120' title="bbox 1049 2792 1830 2828">
    <p class='ocr_par' dir='ltr' id='par_1_120' title="bbox 1049 2792 1830 2828">
     <span class='ocr_line' id='line_1_120' title="bbox 1049 2792 1830 2828; baseline 0.003 -9"><span class='ocrx_word' id='word_1_890' title='bbox 1049 2793 1122 2828; x_wconf 83' lang='lat' dir='ltr'><strong>quod</strong></span> <span class='ocrx_word' id='word_1_891' title='bbox 1139 2793 1220 2827; x_wconf 88' lang='lat' dir='ltr'><strong>patth</strong></span> <span class='ocrx_word' id='word_1_892' title='bbox 1236 2798 1296 2827; x_wconf 89' lang='lat' dir='ltr'><strong>post</strong></span> <span class='ocrx_word' id='word_1_893' title='bbox 1319 2792 1450 2820; x_wconf 77' lang='lat' dir='ltr'><strong>Novemb.</strong></span> <span class='ocrx_word' id='word_1_894' title='bbox 1469 2793 1687 2828; x_wconf 78' lang='lat' dir='ltr'><strong>Metagitnionem</strong></span> <span class='ocrx_word' id='word_1_895' title='bbox 1703 2793 1830 2828; x_wconf 89' lang='lat' dir='ltr'><strong>appellat.</strong></span> 
     </span>
    </p>
   </div>
   <div class='ocr_carea' id='block_1_121' title="bbox 1051 2837 1831 2881">
    <p class='ocr_par' dir='ltr' id='par_1_121' title="bbox 1051 2837 1831 2881">
     <span class='ocr_line' id='line_1_121' title="bbox 1051 2837 1831 2881; baseline 0.003 -17"><span class='ocrx_word' id='word_1_896' title='bbox 1051 2837 1099 2865; x_wconf 82' lang='lat' dir='ltr'><strong>Est</strong></span> <span class='ocrx_word' id='word_1_897' title='bbox 1111 2842 1201 2865; x_wconf 87' lang='lat' dir='ltr'><strong>autem</strong></span> <span class='ocrx_word' id='word_1_898' title='bbox 1217 2838 1261 2866; x_wconf 90' lang='lat' dir='ltr'><strong>hic</strong></span> <span class='ocrx_word' id='word_1_899' title='bbox 1273 2838 1351 2881; x_wconf 74' lang='lat' dir='ltr'><strong>locus</strong></span> <span class='ocrx_word' id='word_1_900' title='bbox 1365 2839 1399 2866; x_wconf 86' lang='lat' dir='ltr'><strong>ad</strong></span> <span class='ocrx_word' id='word_1_901' title='bbox 1419 2839 1500 2866; x_wconf 81' lang='lat' dir='ltr'><strong>Attici</strong></span> <span class='ocrx_word' id='word_1_902' title='bbox 1515 2839 1579 2867; x_wconf 86' lang='lat' dir='ltr'><strong>anni</strong></span> <span class='ocrx_word' id='word_1_903' title='bbox 1591 2858 1600 2873; x_wconf 85' lang='lat'><strong>,</strong></span> <span class='ocrx_word' id='word_1_904' title='bbox 1613 2838 1767 2873; x_wconf 70' lang='lat' dir='ltr'><strong>cuiusmodi</strong></span> <span class='ocrx_word' id='word_1_905' title='bbox 1786 2847 1831 2874; x_wconf 77' lang='lat' dir='ltr'><strong>per</strong></span> 
     </span>
    </p>
   </div>
  </div>
