  <div class='ocr_page' id='page_1' title='image "/cluster/home/n/w/nwhite01/storage/ocr_20150623/42/njp.32101077772588/496.png"; bbox 0 0 1935 3044; ppageno 0'>
   <div class='ocr_carea' id='block_1_1' title="bbox 88 175 147 203">
    <p class='ocr_par' dir='ltr' id='par_1_1' title="bbox 88 175 147 203">
     <span class='ocr_line' id='line_1_1' title="bbox 88 175 147 203; baseline 0.034 -2"><span class='ocrx_word' id='word_1_1' title='bbox 88 175 147 203; x_wconf 66' lang='lat'><strong>933</strong></span> 
     </span>
    </p>
   </div>
   <div class='ocr_carea' id='block_1_2' title="bbox 675 170 1141 199">
    <p class='ocr_par' dir='ltr' id='par_1_2' title="bbox 675 170 1141 199">
     <span class='ocr_line' id='line_1_2' title="bbox 675 170 1141 199; baseline 0.002 -2"><span class='ocrx_word' id='word_1_2' title='bbox 675 170 719 197; x_wconf 84' lang='lat' dir='ltr'><strong>DE</strong></span> <span class='ocrx_word' id='word_1_3' title='bbox 736 171 829 199; x_wconf 79' lang='lat' dir='ltr'><strong>ANNO</strong></span> <span class='ocrx_word' id='word_1_4' title='bbox 846 170 973 198; x_wconf 73' lang='lat' dir='ltr'><strong>NATALI</strong></span> <span class='ocrx_word' id='word_1_5' title='bbox 992 170 1141 199; x_wconf 77' lang='lat' dir='ltr'><strong>CHRISTI.</strong></span> 
     </span>
    </p>
   </div>
   <div class='ocr_carea' id='block_1_3' title="bbox 1662 176 1714 204">
    <p class='ocr_par' dir='ltr' id='par_1_3' title="bbox 1662 176 1714 204">
     <span class='ocr_line' id='line_1_3' title="bbox 1662 176 1714 204; baseline -0.019 -1"><span class='ocrx_word' id='word_1_6' title='bbox 1662 176 1695 204; x_wconf 63' lang='lat'><strong>93</strong></span> <span class='ocrx_word' id='word_1_7' title='bbox 1700 176 1714 203; x_wconf 63' lang='grc' dir='ltr'><strong>ὁ</strong></span> 
     </span>
    </p>
   </div>
   <div class='ocr_carea' id='block_1_4' title="bbox 91 229 1712 267">
    <p class='ocr_par' dir='ltr' id='par_1_4' title="bbox 91 229 1712 267">
     <span class='ocr_line' id='line_1_4' title="bbox 91 229 1712 267; baseline 0 -7"><span class='ocrx_word' id='word_1_8' title='bbox 91 234 139 260; x_wconf 85' lang='lat' dir='ltr'><strong>illa</strong></span> <span class='ocrx_word' id='word_1_9' title='bbox 155 238 276 266; x_wconf 80' lang='lat' dir='ltr'><strong>tempora</strong></span> <span class='ocrx_word' id='word_1_10' title='bbox 293 231 361 263; x_wconf 79' lang='lat' dir='ltr'><strong>fuit,</strong></span> <span class='ocrx_word' id='word_1_11' title='bbox 380 238 412 258; x_wconf 87' lang='lat' dir='ltr'><strong>ac</strong></span> <span class='ocrx_word' id='word_1_12' title='bbox 427 231 561 258; x_wconf 80' lang='lat' dir='ltr'><strong>mensium</strong></span> <span class='ocrx_word' id='word_1_13' title='bbox 575 231 782 266; x_wconf 87' lang='lat' dir='ltr'><strong>dispositionem</strong></span> <span class='ocrx_word' id='word_1_14' title='bbox 799 231 878 257; x_wconf 90' lang='lat' dir='ltr'><strong>intel-</strong></span> <span class='ocrx_word' id='word_1_15' title='bbox 896 236 914 262; x_wconf 79' lang='grc' dir='ltr'><strong>Α</strong></span> <span class='ocrx_word' id='word_1_16' title='bbox 932 231 986 261; x_wconf 84' lang='lat' dir='ltr'><strong>dct,</strong></span> <span class='ocrx_word' id='word_1_17' title='bbox 1004 229 1210 257; x_wconf 70' lang='lat' dir='ltr'><strong>Hceatomlmon</strong></span> <span class='ocrx_word' id='word_1_18' title='bbox 1231 233 1322 258; x_wconf 89' lang='lat' dir='ltr'><strong>atttem</strong></span> <span class='ocrx_word' id='word_1_19' title='bbox 1343 229 1425 264; x_wconf 69' lang='lat' dir='ltr'><strong>Iulio,</strong></span> <span class='ocrx_word' id='word_1_20' title='bbox 1447 235 1476 258; x_wconf 89' lang='lat' dir='ltr'><strong>ut</strong></span> <span class='ocrx_word' id='word_1_21' title='bbox 1495 231 1581 259; x_wconf 87' lang='lat' dir='ltr'><strong>cidem</strong></span> <span class='ocrx_word' id='word_1_22' title='bbox 1612 231 1712 267; x_wconf 72' lang='lat' dir='ltr'><strong>Scalig.</strong></span> 
     </span>
    </p>
   </div>
   <div class='ocr_carea' id='block_1_5' title="bbox 92 276 878 312">
    <p class='ocr_par' dir='ltr' id='par_1_5' title="bbox 92 276 878 312">
     <span class='ocr_line' id='line_1_5' title="bbox 92 276 878 312; baseline -0.003 -8"><span class='ocrx_word' id='word_1_23' title='bbox 92 278 229 312; x_wconf 72' lang='lat' dir='ltr'><strong>ligendam</strong></span> <span class='ocrx_word' id='word_1_24' title='bbox 245 277 434 305; x_wconf 84' lang='lat' dir='ltr'><strong>observatione</strong></span> <span class='ocrx_word' id='word_1_25' title='bbox 453 277 642 311; x_wconf 83' lang='lat' dir='ltr'><strong>dignissimus.</strong></span> <span class='ocrx_word' id='word_1_26' title='bbox 670 276 790 303; x_wconf 87' lang='lat' dir='ltr'><strong>Primum</strong></span> <span class='ocrx_word' id='word_1_27' title='bbox 807 276 878 303; x_wconf 88' lang='lat' dir='ltr'><strong>enim</strong></span> 
     </span>
    </p>
   </div>
   <div class='ocr_carea' id='block_1_6' title="bbox 92 321 880 351">
    <p class='ocr_par' dir='ltr' id='par_1_6' title="bbox 92 321 880 351">
     <span class='ocr_line' id='line_1_6' title="bbox 92 321 880 351; baseline -0.004 -1"><span class='ocrx_word' id='word_1_28' title='bbox 92 324 213 351; x_wconf 90' lang='lat' dir='ltr'><strong>solarem</strong></span> <span class='ocrx_word' id='word_1_29' title='bbox 237 331 338 350; x_wconf 85' lang='lat' dir='ltr'><strong>annum</strong></span> <span class='ocrx_word' id='word_1_30' title='bbox 361 322 446 350; x_wconf 80' lang='lat' dir='ltr'><strong>fuisse</strong></span> <span class='ocrx_word' id='word_1_31' title='bbox 467 323 545 349; x_wconf 91' lang='lat' dir='ltr'><strong>docet</strong></span> <span class='ocrx_word' id='word_1_32' title='bbox 562 329 713 349; x_wconf 87' lang='lat' dir='ltr'><strong>consensus</strong></span> <span class='ocrx_word' id='word_1_33' title='bbox 729 321 880 348; x_wconf 59' lang='lat' dir='ltr'><strong>Mtcmacte-</strong></span> 
     </span>
    </p>
   </div>
   <div class='ocr_carea' id='block_1_7' title="bbox 93 366 878 402">
    <p class='ocr_par' dir='ltr' id='par_1_7' title="bbox 93 366 878 402">
     <span class='ocr_line' id='line_1_7' title="bbox 93 366 878 402; baseline -0.004 -7"><span class='ocrx_word' id='word_1_34' title='bbox 93 369 182 396; x_wconf 86' lang='lat' dir='ltr'><strong>rionis</strong></span> <span class='ocrx_word' id='word_1_35' title='bbox 203 376 265 396; x_wconf 92' lang='lat' dir='ltr'><strong>cum</strong></span> <span class='ocrx_word' id='word_1_36' title='bbox 291 368 404 395; x_wconf 84' lang='lat' dir='ltr'><strong>Januar.</strong></span> <span class='ocrx_word' id='word_1_37' title='bbox 427 367 479 395; x_wconf 88' lang='lat' dir='ltr'><strong>Sed</strong></span> <span class='ocrx_word' id='word_1_38' title='bbox 497 367 641 395; x_wconf 89' lang='lat' dir='ltr'><strong>videndunt</strong></span> <span class='ocrx_word' id='word_1_39' title='bbox 663 367 799 402; x_wconf 75' lang='lat' dir='ltr'><strong>quodnam</strong></span> <span class='ocrx_word' id='word_1_40' title='bbox 815 366 878 392; x_wconf 89' lang='lat' dir='ltr'><strong>anni</strong></span> 
     </span>
    </p>
   </div>
   <div class='ocr_carea' id='block_1_8' title="bbox 92 411 880 450">
    <p class='ocr_par' dir='ltr' id='par_1_8' title="bbox 92 411 880 450">
     <span class='ocr_line' id='line_1_8' title="bbox 92 411 880 450; baseline -0.005 -8"><span class='ocrx_word' id='word_1_41' title='bbox 92 419 176 450; x_wconf 91' lang='lat' dir='ltr'><strong>caput</strong></span> <span class='ocrx_word' id='word_1_42' title='bbox 191 414 282 441; x_wconf 78' lang='lat' dir='ltr'><strong>fuerit.</strong></span> <span class='ocrx_word' id='word_1_43' title='bbox 301 415 407 441; x_wconf 85' lang='lat' dir='ltr'><strong>Primus</strong></span> <span class='ocrx_word' id='word_1_44' title='bbox 424 414 576 441; x_wconf 89' lang='lat' dir='ltr'><strong>Atticorum</strong></span> <span class='ocrx_word' id='word_1_45' title='bbox 590 413 723 440; x_wconf 80' lang='lat' dir='ltr'><strong>mensium</strong></span> <span class='ocrx_word' id='word_1_46' title='bbox 738 411 880 439; x_wconf 86' lang='lat' dir='ltr'><strong>Hecatom-</strong></span> 
     </span>
    </p>
   </div>
   <div class='ocr_carea' id='block_1_9' title="bbox 93 459 881 494">
    <p class='ocr_par' dir='ltr' id='par_1_9' title="bbox 93 459 881 494">
     <span class='ocr_line' id='line_1_9' title="bbox 93 459 881 494; baseline -0.005 -6"><span class='ocrx_word' id='word_1_47' title='bbox 93 461 171 488; x_wconf 70' lang='lat' dir='ltr'><strong>baeon</strong></span> <span class='ocrx_word' id='word_1_48' title='bbox 193 460 244 487; x_wconf 89' lang='lat' dir='ltr'><strong>l&#39;uit</strong></span> <span class='ocrx_word' id='word_1_49' title='bbox 258 470 264 487; x_wconf 92' lang='lat'><strong>:</strong></span> <span class='ocrx_word' id='word_1_50' title='bbox 279 468 293 486; x_wconf 90' lang='lat' dir='ltr'><strong>a</strong></span> <span class='ocrx_word' id='word_1_51' title='bbox 309 467 373 494; x_wconf 89' lang='lat' dir='ltr'><strong>quo,</strong></span> <span class='ocrx_word' id='word_1_52' title='bbox 397 460 419 487; x_wconf 89' lang='lat' dir='ltr'><strong>si</strong></span> <span class='ocrx_word' id='word_1_53' title='bbox 444 459 524 487; x_wconf 64' lang='lat' dir='ltr'><strong>Gaza:</strong></span> <span class='ocrx_word' id='word_1_54' title='bbox 546 460 693 491; x_wconf 88' lang='lat' dir='ltr'><strong>credimus,</strong></span> <span class='ocrx_word' id='word_1_55' title='bbox 708 462 822 493; x_wconf 85' lang='lat' dir='ltr'><strong>quartus</strong></span> <span class='ocrx_word' id='word_1_56' title='bbox 839 462 881 484; x_wconf 88' lang='lat' dir='ltr'><strong>est</strong></span> 
     </span>
    </p>
   </div>
   <div class='ocr_carea' id='block_1_10' title="bbox 94 504 881 540">
    <p class='ocr_par' dir='ltr' id='par_1_10' title="bbox 94 504 881 540">
     <span class='ocr_line' id='line_1_10' title="bbox 94 504 881 540; baseline -0.003 -8"><span class='ocrx_word' id='word_1_57' title='bbox 94 505 293 533; x_wconf 72' lang='lat' dir='ltr'><strong>Ihemactcrion</strong></span> <span class='ocrx_word' id='word_1_58' title='bbox 306 514 312 537; x_wconf 92' lang='lat'>;</span> <span class='ocrx_word' id='word_1_59' title='bbox 327 505 464 540; x_wconf 74' lang='lat' dir='ltr'><strong>Scaligero</strong></span> <span class='ocrx_word' id='word_1_60' title='bbox 475 512 538 532; x_wconf 83' lang='lat' dir='ltr'><strong>vero</strong></span> <span class='ocrx_word' id='word_1_61' title='bbox 552 506 674 540; x_wconf 90' lang='lat' dir='ltr'><strong>quintus.</strong></span> <span class='ocrx_word' id='word_1_62' title='bbox 686 504 779 531; x_wconf 88' lang='lat' dir='ltr'><strong>Utrius</strong></span> <span class='ocrx_word' id='word_1_63' title='bbox 791 505 881 531; x_wconf 74' lang='grc' dir='ltr'><strong>νει-ἰσι-</strong></span> 
     </span>
    </p>
   </div>
   <div class='ocr_carea' id='block_1_11' title="bbox 91 550 880 586">
    <p class='ocr_par' dir='ltr' id='par_1_11' title="bbox 91 550 880 586">
     <span class='ocr_line' id='line_1_11' title="bbox 91 550 880 586; baseline -0.004 -8"><span class='ocrx_word' id='word_1_64' title='bbox 91 552 187 586; x_wconf 83' lang='lat' dir='ltr'><strong>opinio</strong></span> <span class='ocrx_word' id='word_1_65' title='bbox 207 552 241 579; x_wconf 90' lang='lat' dir='ltr'><strong>sit</strong></span> <span class='ocrx_word' id='word_1_66' title='bbox 257 552 308 578; x_wconf 93' lang='lat' dir='ltr'><strong>hoe</strong></span> <span class='ocrx_word' id='word_1_67' title='bbox 331 551 390 578; x_wconf 89' lang='lat' dir='ltr'><strong>loco</strong></span> <span class='ocrx_word' id='word_1_68' title='bbox 405 551 622 586; x_wconf 73' lang='lat' dir='ltr'><strong>disquirentlum.</strong></span> <span class='ocrx_word' id='word_1_69' title='bbox 651 551 709 577; x_wconf 89' lang='lat' dir='ltr'><strong>Duo</strong></span> <span class='ocrx_word' id='word_1_70' title='bbox 725 551 751 577; x_wconf 93' lang='lat' dir='ltr'><strong>in</strong></span> <span class='ocrx_word' id='word_1_71' title='bbox 775 550 880 576; x_wconf 85' lang='lat' dir='ltr'><strong>ordina-</strong></span> 
     </span>
    </p>
   </div>
   <div class='ocr_carea' id='block_1_12' title="bbox 93 595 880 631">
    <p class='ocr_par' dir='ltr' id='par_1_12' title="bbox 93 595 880 631">
     <span class='ocr_line' id='line_1_12' title="bbox 93 595 880 631; baseline -0.003 -8"><span class='ocrx_word' id='word_1_72' title='bbox 93 597 168 623; x_wconf 84' lang='lat' dir='ltr'><strong>tione</strong></span> <span class='ocrx_word' id='word_1_73' title='bbox 185 597 318 623; x_wconf 75' lang='lat' dir='ltr'><strong>mensium</strong></span> <span class='ocrx_word' id='word_1_74' title='bbox 332 597 410 623; x_wconf 77' lang='lat' dir='ltr'><strong>Gaza:</strong></span> <span class='ocrx_word' id='word_1_75' title='bbox 427 602 514 623; x_wconf 86' lang='lat' dir='ltr'><strong>errata</strong></span> <span class='ocrx_word' id='word_1_76' title='bbox 529 596 640 631; x_wconf 79' lang='lat' dir='ltr'><strong>corrigit</strong></span> <span class='ocrx_word' id='word_1_77' title='bbox 655 595 775 631; x_wconf 77' lang='lat' dir='ltr'><strong>Scaliger</strong></span> <span class='ocrx_word' id='word_1_78' title='bbox 791 603 798 621; x_wconf 89' lang='lat'><strong>:</strong></span> <span class='ocrx_word' id='word_1_79' title='bbox 815 595 880 622; x_wconf 83' lang='lat' dir='ltr'><strong>alte-</strong></span> 
     </span>
    </p>
   </div>
   <div class='ocr_carea' id='block_1_13' title="bbox 94 640 880 677">
    <p class='ocr_par' dir='ltr' id='par_1_13' title="bbox 94 640 880 677">
     <span class='ocr_line' id='line_1_13' title="bbox 94 640 880 677; baseline -0.003 -8"><span class='ocrx_word' id='word_1_80' title='bbox 94 651 154 669; x_wconf 87' lang='lat' dir='ltr'><strong>rum</strong></span> <span class='ocrx_word' id='word_1_81' title='bbox 170 642 244 677; x_wconf 84' lang='lat' dir='ltr'><strong>quod</strong></span> <span class='ocrx_word' id='word_1_82' title='bbox 267 642 401 669; x_wconf 75' lang='lat' dir='ltr'><strong>Mamract.</strong></span> <span class='ocrx_word' id='word_1_83' title='bbox 417 650 442 669; x_wconf 85' lang='lat' dir='ltr'><strong>tv</strong></span> <span class='ocrx_word' id='word_1_84' title='bbox 457 642 518 669; x_wconf 88' lang='lat' dir='ltr'><strong>loco</strong></span> <span class='ocrx_word' id='word_1_85' title='bbox 539 642 672 677; x_wconf 89' lang='lat' dir='ltr'><strong>posuerit,</strong></span> <span class='ocrx_word' id='word_1_86' title='bbox 688 641 767 675; x_wconf 84' lang='lat' dir='ltr'><strong>eique</strong></span> <span class='ocrx_word' id='word_1_87' title='bbox 780 640 880 675; x_wconf 73' lang='lat' dir='ltr'><strong>Pyane-</strong></span> 
     </span>
    </p>
   </div>
   <div class='ocr_carea' id='block_1_14' title="bbox 94 686 877 722">
    <p class='ocr_par' dir='ltr' id='par_1_14' title="bbox 94 686 877 722">
     <span class='ocr_line' id='line_1_14' title="bbox 94 686 877 722; baseline -0.004 -8"><span class='ocrx_word' id='word_1_88' title='bbox 94 688 216 722; x_wconf 74' lang='lat' dir='ltr'><strong>psiouem</strong></span> <span class='ocrx_word' id='word_1_89' title='bbox 229 686 391 721; x_wconf 79' lang='lat' dir='ltr'><strong>sulijecerit;</strong></span> <span class='ocrx_word' id='word_1_90' title='bbox 412 687 538 716; x_wconf 83' lang='lat' dir='ltr'><strong>alterum.</strong></span> <span class='ocrx_word' id='word_1_91' title='bbox 554 686 626 721; x_wconf 87' lang='lat' dir='ltr'><strong>quod</strong></span> <span class='ocrx_word' id='word_1_92' title='bbox 641 686 877 713; x_wconf 87' lang='lat' dir='ltr'><strong>Antltestcrionem</strong></span> 
     </span>
    </p>
   </div>
   <div class='ocr_carea' id='block_1_15' title="bbox 92 731 877 769">
    <p class='ocr_par' dir='ltr' id='par_1_15' title="bbox 92 731 877 769">
     <span class='ocr_line' id='line_1_15' title="bbox 92 731 877 769; baseline -0.001 -10"><span class='ocrx_word' id='word_1_93' title='bbox 92 739 155 769; x_wconf 90' lang='lat' dir='ltr'><strong>post</strong></span> <span class='ocrx_word' id='word_1_94' title='bbox 167 734 380 769; x_wconf 81' lang='lat' dir='ltr'><strong>Pyancpsionem</strong></span> <span class='ocrx_word' id='word_1_95' title='bbox 392 733 576 765; x_wconf 80' lang='lat' dir='ltr'><strong>collocaveril,</strong></span> <span class='ocrx_word' id='word_1_96' title='bbox 587 732 765 766; x_wconf 86' lang='lat' dir='ltr'><strong>instantejam</strong></span> <span class='ocrx_word' id='word_1_97' title='bbox 781 731 877 758; x_wconf 83' lang='lat' dir='ltr'><strong>lticmc.</strong></span> 
     </span>
    </p>
   </div>
   <div class='ocr_carea' id='block_1_16' title="bbox 93 778 877 814">
    <p class='ocr_par' dir='ltr' id='par_1_16' title="bbox 93 778 877 814">
     <span class='ocr_line' id='line_1_16' title="bbox 93 778 877 814; baseline -0.005 -8"><span class='ocrx_word' id='word_1_98' title='bbox 93 782 194 806; x_wconf 75' lang='lat' dir='ltr'><strong>(Iontva</strong></span> <span class='ocrx_word' id='word_1_99' title='bbox 205 787 265 814; x_wconf 73' lang='lat' dir='ltr'><strong>qua:</strong></span> <span class='ocrx_word' id='word_1_100' title='bbox 279 778 399 812; x_wconf 73' lang='lat' dir='ltr'><strong>Scaliger</strong></span> <span class='ocrx_word' id='word_1_101' title='bbox 413 779 650 806; x_wconf 83' lang='lat' dir='ltr'><strong>Antlu-steriouem</strong></span> <span class='ocrx_word' id='word_1_102' title='bbox 667 785 779 805; x_wconf 81' lang='lat' dir='ltr'><strong>rernutn</strong></span> <span class='ocrx_word' id='word_1_103' title='bbox 801 784 877 802; x_wconf 86' lang='lat' dir='ltr'><strong>men-</strong></span> 
     </span>
    </p>
   </div>
   <div class='ocr_carea' id='block_1_17' title="bbox 93 822 878 860">
    <p class='ocr_par' dir='ltr' id='par_1_17' title="bbox 93 822 878 860">
     <span class='ocr_line' id='line_1_17' title="bbox 93 822 878 860; baseline -0.005 -8"><span class='ocrx_word' id='word_1_104' title='bbox 93 835 150 852; x_wconf 84' lang='lat' dir='ltr'><strong>scm</strong></span> <span class='ocrx_word' id='word_1_105' title='bbox 167 833 237 856; x_wconf 83' lang='lat' dir='ltr'><strong>esse,</strong></span> <span class='ocrx_word' id='word_1_106' title='bbox 262 829 288 852; x_wconf 91' lang='lat' dir='ltr'><strong>et</strong></span> <span class='ocrx_word' id='word_1_107' title='bbox 306 824 374 860; x_wconf 76' lang='grc' dir='ltr'><strong>μετὰ</strong></span> <span class='ocrx_word' id='word_1_108' title='bbox 391 824 514 859; x_wconf 75' lang='grc' dir='ltr'>χειμῶνα</span> <span class='ocrx_word' id='word_1_109' title='bbox 533 824 643 857; x_wconf 87' lang='lat' dir='ltr'><strong>statuit;</strong></span> <span class='ocrx_word' id='word_1_110' title='bbox 660 823 730 850; x_wconf 88' lang='lat' dir='ltr'><strong>unde</strong></span> <span class='ocrx_word' id='word_1_111' title='bbox 748 827 810 857; x_wconf 87' lang='lat' dir='ltr'><strong>post</strong></span> <span class='ocrx_word' id='word_1_112' title='bbox 824 822 878 848; x_wconf 83' lang='grc' dir='ltr'><strong>Γα-</strong></span> 
     </span>
    </p>
   </div>
   <div class='ocr_carea' id='block_1_18' title="bbox 95 868 878 906">
    <p class='ocr_par' dir='ltr' id='par_1_18' title="bbox 95 868 878 906">
     <span class='ocr_line' id='line_1_18' title="bbox 95 868 878 906; baseline -0.001 -10"><span class='ocrx_word' id='word_1_113' title='bbox 95 871 216 906; x_wconf 76' lang='grc' dir='ltr'><strong>μηλιῶνα</strong></span> <span class='ocrx_word' id='word_1_114' title='bbox 234 871 392 903; x_wconf 80' lang='lat' dir='ltr'><strong>constituit;</strong></span> <span class='ocrx_word' id='word_1_115' title='bbox 408 869 654 897; x_wconf 77' lang='lat' dir='ltr'><strong>Mannacterioucm</strong></span> <span class='ocrx_word' id='word_1_116' title='bbox 674 877 737 896; x_wconf 89' lang='lat' dir='ltr'><strong>vero</strong></span> <span class='ocrx_word' id='word_1_117' title='bbox 754 868 878 903; x_wconf 68' lang='lat' dir='ltr'><strong>praecipi-</strong></span> 
     </span>
    </p>
   </div>
   <div class='ocr_carea' id='block_1_19' title="bbox 93 906 914 951">
    <p class='ocr_par' dir='ltr' id='par_1_19' title="bbox 93 906 914 951">
     <span class='ocr_line' id='line_1_19' title="bbox 93 906 914 951; baseline -0.004 -7"><span class='ocrx_word' id='word_1_118' title='bbox 93 918 159 945; x_wconf 86' lang='lat' dir='ltr'><strong>tanli</strong></span> <span class='ocrx_word' id='word_1_119' title='bbox 181 917 236 951; x_wconf 91' lang='lat' dir='ltr'><strong>jam</strong></span> <span class='ocrx_word' id='word_1_120' title='bbox 258 922 389 943; x_wconf 90' lang='lat' dir='ltr'><strong>autumno</strong></span> <span class='ocrx_word' id='word_1_121' title='bbox 407 916 511 947; x_wconf 88' lang='lat' dir='ltr'><strong>tribuit,</strong></span> <span class='ocrx_word' id='word_1_122' title='bbox 542 917 668 951; x_wconf 88' lang='lat' dir='ltr'><strong>quintum</strong></span> <span class='ocrx_word' id='word_1_123' title='bbox 685 915 789 949; x_wconf 74' lang='lat' dir='ltr'><strong>ordine,</strong></span> <span class='ocrx_word' id='word_1_124' title='bbox 813 919 839 942; x_wconf 90' lang='lat' dir='ltr'><strong>ct</strong></span> <span class='ocrx_word' id='word_1_125' title='bbox 862 922 876 941; x_wconf 93' lang='lat' dir='ltr'><strong>a</strong></span> <span class='ocrx_word' id='word_1_126' title='bbox 895 906 914 932; x_wconf 68' lang='grc' dir='ltr'><strong>Β</strong></span> 
     </span>
    </p>
   </div>
   <div class='ocr_carea' id='block_1_20' title="bbox 94 958 877 997">
    <p class='ocr_par' dir='ltr' id='par_1_20' title="bbox 94 958 877 997">
     <span class='ocr_line' id='line_1_20' title="bbox 94 958 877 997; baseline -0.004 -9"><span class='ocrx_word' id='word_1_127' title='bbox 94 962 280 997; x_wconf 65' lang='lat' dir='ltr'><strong>l’yanepsione</strong></span> <span class='ocrx_word' id='word_1_128' title='bbox 296 962 459 996; x_wconf 75' lang='lat' dir='ltr'><strong>proximum.</strong></span> <span class='ocrx_word' id='word_1_129' title='bbox 483 960 630 995; x_wconf 83' lang='lat' dir='ltr'><strong>Utriusque</strong></span> <span class='ocrx_word' id='word_1_130' title='bbox 647 958 800 991; x_wconf 74' lang='lat' dir='ltr'><strong>sentcntiae,</strong></span> <span class='ocrx_word' id='word_1_131' title='bbox 817 963 846 986; x_wconf 85' lang='grc' dir='ltr'><strong>ιιι</strong></span> <span class='ocrx_word' id='word_1_132' title='bbox 863 966 877 985; x_wconf 84' lang='lat' dir='ltr'><strong>a</strong></span> 
     </span>
    </p>
   </div>
   <div class='ocr_carea' id='block_1_21' title="bbox 94 1004 876 1041">
    <p class='ocr_par' dir='ltr' id='par_1_21' title="bbox 94 1004 876 1041">
     <span class='ocr_line' id='line_1_21' title="bbox 94 1004 876 1041; baseline -0.005 -7"><span class='ocrx_word' id='word_1_133' title='bbox 94 1008 194 1034; x_wconf 67' lang='lat' dir='ltr'><strong>lectore</strong></span> <span class='ocrx_word' id='word_1_134' title='bbox 210 1007 314 1034; x_wconf 78' lang='lat' dir='ltr'><strong>facilius</strong></span> <span class='ocrx_word' id='word_1_135' title='bbox 330 1007 503 1041; x_wconf 73' lang='lat' dir='ltr'><strong>percipiatur,</strong></span> <span class='ocrx_word' id='word_1_136' title='bbox 519 1006 679 1033; x_wconf 81' lang='lat' dir='ltr'><strong>laterculum</strong></span> <span class='ocrx_word' id='word_1_137' title='bbox 697 1004 876 1040; x_wconf 86' lang='lat' dir='ltr'><strong>subjecimus.</strong></span> 
     </span>
    </p>
   </div>
   <div class='ocr_carea' id='block_1_22' title="bbox 339 1062 619 1091">
    <p class='ocr_par' dir='ltr' id='par_1_22' title="bbox 339 1062 619 1091">
     <span class='ocr_line' id='line_1_22' title="bbox 339 1062 619 1091; baseline 0.011 -3"><span class='ocrx_word' id='word_1_138' title='bbox 339 1062 475 1090; x_wconf 75' lang='lat' dir='ltr'><strong>MENSES</strong></span> <span class='ocrx_word' id='word_1_139' title='bbox 494 1062 619 1091; x_wconf 82' lang='lat' dir='ltr'><strong>ATTlGl.</strong></span> 
     </span>
    </p>
   </div>
   <div class='ocr_carea' id='block_1_23' title="bbox 127 1118 762 1153">
    <p class='ocr_par' dir='ltr' id='par_1_23' title="bbox 127 1118 762 1153">
     <span class='ocr_line' id='line_1_23' title="bbox 127 1118 762 1153; baseline 0 -8"><span class='ocrx_word' id='word_1_140' title='bbox 127 1119 166 1145; x_wconf 73' lang='lat' dir='ltr'><strong>Ex</strong></span> <span class='ocrx_word' id='word_1_141' title='bbox 181 1118 324 1145; x_wconf 79' lang='lat' dir='ltr'><strong>Theodoro</strong></span> <span class='ocrx_word' id='word_1_142' title='bbox 338 1119 420 1145; x_wconf 77' lang='lat' dir='ltr'><strong>Gaza.</strong></span> <span class='ocrx_word' id='word_1_143' title='bbox 560 1118 597 1145; x_wconf 73' lang='lat' dir='ltr'><strong>Ex</strong></span> <span class='ocrx_word' id='word_1_144' title='bbox 614 1119 762 1153; x_wconf 80' lang='lat' dir='ltr'><strong>Scaligero.</strong></span> 
     </span>
    </p>
   </div>
   <div class='ocr_carea' id='block_1_24' title="bbox 218 1163 716 1197">
    <p class='ocr_par' dir='ltr' id='par_1_24' title="bbox 218 1163 716 1197">
     <span class='ocr_line' id='line_1_24' title="bbox 218 1163 716 1197; baseline 0 -8"><span class='ocrx_word' id='word_1_145' title='bbox 218 1166 264 1197; x_wconf 63' lang='grc' dir='ltr'><strong>Θεέ</strong></span> <span class='ocrx_word' id='word_1_146' title='bbox 269 1164 332 1190; x_wconf 63' lang='grc' dir='ltr'><strong>»ινεί</strong></span> <span class='ocrx_word' id='word_1_147' title='bbox 592 1163 716 1197; x_wconf 64' lang='lat' dir='ltr'><strong>equi-vi.</strong></span> 
     </span>
    </p>
   </div>
   <div class='ocr_carea' id='block_1_25' title="bbox 187 1207 777 1244">
    <p class='ocr_par' dir='ltr' id='par_1_25' title="bbox 187 1207 777 1244">
     <span class='ocr_line' id='line_1_25' title="bbox 187 1207 777 1244; baseline -0.003 -8"><span class='ocrx_word' id='word_1_148' title='bbox 187 1209 403 1244; x_wconf 61' lang='grc' dir='ltr'><strong>Ἑκατομϐαιῶν.</strong></span> <span class='ocrx_word' id='word_1_149' title='bbox 563 1207 777 1243; x_wconf 73' lang='grc' dir='ltr'><strong>Ἑκατομϐαιὼν.</strong></span> 
     </span>
    </p>
   </div>
   <div class='ocr_carea' id='block_1_26' title="bbox 181 1244 764 1278">
    <p class='ocr_par' dir='ltr' id='par_1_26' title="bbox 181 1244 764 1278">
     <span class='ocr_line' id='line_1_26' title="bbox 181 1244 764 1278; baseline -0.002 -7"><span class='ocrx_word' id='word_1_150' title='bbox 181 1244 392 1278; x_wconf 68' lang='grc' dir='ltr'><strong>Μεταγειτνιών.</strong></span> <span class='ocrx_word' id='word_1_151' title='bbox 556 1244 764 1277; x_wconf 71' lang='grc' dir='ltr'><strong>Μεταγειτνιών.</strong></span> 
     </span>
    </p>
   </div>
   <div class='ocr_carea' id='block_1_27' title="bbox 182 1278 739 1315">
    <p class='ocr_par' dir='ltr' id='par_1_27' title="bbox 182 1278 739 1315">
     <span class='ocr_line' id='line_1_27' title="bbox 182 1278 739 1315; baseline -0.002 -9"><span class='ocrx_word' id='word_1_152' title='bbox 182 1279 362 1315; x_wconf 73' lang='grc' dir='ltr'><strong>Βοηδρομιὼν.</strong></span> <span class='ocrx_word' id='word_1_153' title='bbox 557 1278 739 1314; x_wconf 69' lang='grc' dir='ltr'><strong>Βοηδρομιὼν.</strong></span> 
     </span>
    </p>
   </div>
   <div class='ocr_carea' id='block_1_28' title="bbox 187 1322 732 1357">
    <p class='ocr_par' dir='ltr' id='par_1_28' title="bbox 187 1322 732 1357">
     <span class='ocr_line' id='line_1_28' title="bbox 187 1322 732 1357; baseline -0.004 -7"><span class='ocrx_word' id='word_1_154' title='bbox 187 1323 350 1357; x_wconf 74' lang='grc' dir='ltr'><strong>Ὄπωρινοί.</strong></span> <span class='ocrx_word' id='word_1_155' title='bbox 571 1322 732 1356; x_wconf 55' lang='grc' dir='ltr'><strong>Ὀπωρινοι</strong></span> 
     </span>
    </p>
   </div>
   <div class='ocr_carea' id='block_1_29' title="bbox 179 1368 724 1405">
    <p class='ocr_par' dir='ltr' id='par_1_29' title="bbox 179 1368 724 1405">
     <span class='ocr_line' id='line_1_29' title="bbox 179 1368 724 1405; baseline -0.002 -9"><span class='ocrx_word' id='word_1_156' title='bbox 179 1370 407 1405; x_wconf 71' lang='grc' dir='ltr'><strong>Μαιμακτηριὼν.</strong></span> <span class='ocrx_word' id='word_1_157' title='bbox 557 1368 724 1402; x_wconf 67' lang='grc' dir='ltr'><strong>Πυανεψιών.</strong></span> 
     </span>
    </p>
   </div>
   <div class='ocr_carea' id='block_1_30' title="bbox 181 1403 782 1439">
    <p class='ocr_par' dir='ltr' id='par_1_30' title="bbox 181 1403 782 1439">
     <span class='ocr_line' id='line_1_30' title="bbox 181 1403 782 1439; baseline -0.002 -7"><span class='ocrx_word' id='word_1_158' title='bbox 181 1403 347 1439; x_wconf 63' lang='grc' dir='ltr'><strong>ιίυαῖιεψιώὺ.</strong></span> <span class='ocrx_word' id='word_1_159' title='bbox 555 1403 782 1439; x_wconf 75' lang='grc' dir='ltr'><strong>Μαιμακτηριών.</strong></span> 
     </span>
    </p>
   </div>
   <div class='ocr_carea' id='block_1_31' title="bbox 187 1438 718 1475">
    <p class='ocr_par' dir='ltr' id='par_1_31' title="bbox 187 1438 718 1475">
     <span class='ocr_line' id='line_1_31' title="bbox 187 1438 718 1475; baseline -0.006 -8"><span class='ocrx_word' id='word_1_160' title='bbox 187 1441 263 1467; x_wconf 76' lang='grc' dir='ltr'><strong>’Λνϐε</strong></span> <span class='ocrx_word' id='word_1_161' title='bbox 268 1449 316 1475; x_wconf 82' lang='grc' dir='ltr'><strong>στη</strong></span> <span class='ocrx_word' id='word_1_162' title='bbox 323 1439 398 1475; x_wconf 75' lang='grc' dir='ltr'>ριών.</span> <span class='ocrx_word' id='word_1_163' title='bbox 559 1438 718 1465; x_wconf 56' lang='grc' dir='ltr'><strong>Ποσειδεὼν.</strong></span> 
     </span>
    </p>
   </div>
   <div class='ocr_carea' id='block_1_32' title="bbox 190 1485 740 1521">
    <p class='ocr_par' dir='ltr' id='par_1_32' title="bbox 190 1485 740 1521">
     <span class='ocr_line' id='line_1_32' title="bbox 190 1485 740 1521; baseline -0.005 -7"><span class='ocrx_word' id='word_1_164' title='bbox 190 1486 364 1521; x_wconf 73' lang='grc' dir='ltr'><strong>Χειμερινοί.</strong></span> <span class='ocrx_word' id='word_1_165' title='bbox 563 1485 740 1519; x_wconf 77' lang='grc' dir='ltr'><strong>Χειμερινοί.</strong></span> 
     </span>
    </p>
   </div>
   <div class='ocr_carea' id='block_1_33' title="bbox 182 1529 710 1564">
    <p class='ocr_par' dir='ltr' id='par_1_33' title="bbox 182 1529 710 1564">
     <span class='ocr_line' id='line_1_33' title="bbox 182 1529 710 1564; baseline -0.009 -5"><span class='ocrx_word' id='word_1_166' title='bbox 182 1531 343 1559; x_wconf 69' lang='grc' dir='ltr'><strong>Ποσειδεὼν,</strong></span> <span class='ocrx_word' id='word_1_167' title='bbox 557 1529 710 1564; x_wconf 76' lang='grc' dir='ltr'><strong>Γαμηλιὼν.</strong></span> 
     </span>
    </p>
   </div>
   <div class='ocr_carea' id='block_1_34' title="bbox 182 1563 767 1602">
    <p class='ocr_par' dir='ltr' id='par_1_34' title="bbox 182 1563 767 1602">
     <span class='ocr_line' id='line_1_34' title="bbox 182 1563 767 1602; baseline -0.007 -9"><span class='ocrx_word' id='word_1_168' title='bbox 182 1566 337 1602; x_wconf 77' lang='grc' dir='ltr'><strong>Γαμηλιὼν.</strong></span> <span class='ocrx_word' id='word_1_169' title='bbox 361 1600 365 1602; x_wconf 92' lang='lat'>_</span> <span class='ocrx_word' id='word_1_170' title='bbox 564 1563 767 1602; x_wconf 54' lang='grc' dir='ltr'><strong>’ᾼγῦεστῃριιῖιιμ</strong></span> 
     </span>
    </p>
   </div>
   <div class='ocr_carea' id='block_1_35' title="bbox 189 1598 773 1636">
    <p class='ocr_par' dir='ltr' id='par_1_35' title="bbox 189 1598 773 1636">
     <span class='ocr_line' id='line_1_35' title="bbox 189 1598 773 1636; baseline -0.009 -8"><span class='ocrx_word' id='word_1_171' title='bbox 189 1598 398 1636; x_wconf 56' lang='grc' dir='ltr'><strong>ἘΣαζς-ηϐολιών.</strong></span> <span class='ocrx_word' id='word_1_172' title='bbox 565 1598 773 1634; x_wconf 63' lang='grc' dir='ltr'><strong>Ἑ).α’ρη6ηλιών.</strong></span> 
     </span>
    </p>
   </div>
   <div class='ocr_carea' id='block_1_36' title="bbox 213 1644 742 1681">
    <p class='ocr_par' dir='ltr' id='par_1_36' title="bbox 213 1644 742 1681">
     <span class='ocr_line' id='line_1_36' title="bbox 213 1644 742 1681; baseline -0.004 -8"><span class='ocrx_word' id='word_1_173' title='bbox 213 1647 348 1681; x_wconf 80' lang='grc' dir='ltr'><strong>Ἐαρινσί.</strong></span> <span class='ocrx_word' id='word_1_174' title='bbox 591 1644 742 1678; x_wconf 75' lang='grc' dir='ltr'><strong>ἘίιρινοΙ.’</strong></span> 
     </span>
    </p>
   </div>
   <div class='ocr_carea' id='block_1_37' title="bbox 182 1689 728 1732">
    <p class='ocr_par' dir='ltr' id='par_1_37' title="bbox 182 1689 728 1732">
     <span class='ocr_line' id='line_1_37' title="bbox 182 1689 728 1732; baseline -0.009 -13"><span class='ocrx_word' id='word_1_175' title='bbox 182 1691 352 1732; x_wconf 50' lang='grc' dir='ltr'><strong>ἒισυνυχιίίιν.</strong></span> <span class='ocrx_word' id='word_1_176' title='bbox 557 1689 728 1732; x_wconf 42' lang='lat' dir='ltr'><strong>illaut/vlui»).</strong></span> 
     </span>
    </p>
   </div>
   <div class='ocr_carea' id='block_1_38' title="bbox 183 1723 728 1763">
    <p class='ocr_par' dir='ltr' id='par_1_38' title="bbox 183 1723 728 1763">
     <span class='ocr_line' id='line_1_38' title="bbox 183 1723 728 1763; baseline -0.028 0"><span class='ocrx_word' id='word_1_177' title='bbox 183 1729 222 1754; x_wconf 66' lang='grc' dir='ltr'><strong>Θα</strong></span> <span class='ocrx_word' id='word_1_178' title='bbox 227 1723 363 1763; x_wconf 64' lang='grc' dir='ltr'><strong>ργηῖιώνη,</strong></span> <span class='ocrx_word' id='word_1_179' title='bbox 556 1723 728 1763; x_wconf 56' lang='grc' dir='ltr'><strong>θαργῃλιών.</strong></span> 
     </span>
    </p>
   </div>
   <div class='ocr_carea' id='block_1_39' title="bbox 184 1759 768 1799">
    <p class='ocr_par' dir='ltr' id='par_1_39' title="bbox 184 1759 768 1799">
     <span class='ocr_line' id='line_1_39' title="bbox 184 1759 768 1799; baseline -0.005 -10"><span class='ocrx_word' id='word_1_180' title='bbox 184 1759 396 1799; x_wconf 61' lang='grc' dir='ltr'><strong>Σκὶρρὸφοριών.</strong></span> <span class='ocrx_word' id='word_1_181' title='bbox 556 1759 768 1794; x_wconf 66' lang='grc' dir='ltr'><strong>Σκιρῤοφοριιῦνς</strong></span> 
     </span>
    </p>
   </div>
   <div class='ocr_carea' id='block_1_40' title="bbox 129 1815 876 1850">
    <p class='ocr_par' dir='ltr' id='par_1_40' title="bbox 129 1815 876 1850">
     <span class='ocr_line' id='line_1_40' title="bbox 129 1815 876 1850; baseline -0.009 -2"><span class='ocrx_word' id='word_1_182' title='bbox 129 1821 158 1848; x_wconf 88' lang='lat' dir='ltr'><strong>In</strong></span> <span class='ocrx_word' id='word_1_183' title='bbox 183 1821 233 1847; x_wconf 87' lang='lat' dir='ltr'><strong>hac</strong></span> <span class='ocrx_word' id='word_1_184' title='bbox 257 1819 404 1846; x_wconf 90' lang='lat' dir='ltr'><strong>Atticorum</strong></span> <span class='ocrx_word' id='word_1_185' title='bbox 424 1825 558 1844; x_wconf 81' lang='lat' dir='ltr'><strong>mensium</strong></span> <span class='ocrx_word' id='word_1_186' title='bbox 579 1816 737 1844; x_wconf 89' lang='lat' dir='ltr'><strong>recensione</strong></span> <span class='ocrx_word' id='word_1_187' title='bbox 753 1815 876 1850; x_wconf 74' lang='lat' dir='ltr'><strong>quaadam</strong></span> 
     </span>
    </p>
   </div>
   <div class='ocr_carea' id='block_1_41' title="bbox 95 1861 880 1899">
    <p class='ocr_par' dir='ltr' id='par_1_41' title="bbox 95 1861 880 1899">
     <span class='ocr_line' id='line_1_41' title="bbox 95 1861 880 1899; baseline -0.009 -5"><span class='ocrx_word' id='word_1_188' title='bbox 95 1872 167 1894; x_wconf 85' lang='lat' dir='ltr'><strong>recte</strong></span> <span class='ocrx_word' id='word_1_189' title='bbox 188 1866 308 1899; x_wconf 69' lang='lat' dir='ltr'><strong>Scaliger</strong></span> <span class='ocrx_word' id='word_1_190' title='bbox 322 1865 453 1891; x_wconf 82' lang='lat' dir='ltr'><strong>adversus</strong></span> <span class='ocrx_word' id='word_1_191' title='bbox 467 1863 568 1890; x_wconf 81' lang='lat' dir='ltr'><strong>Gazam</strong></span> <span class='ocrx_word' id='word_1_192' title='bbox 585 1861 721 1895; x_wconf 77' lang='lat' dir='ltr'><strong>defendit;</strong></span> <span class='ocrx_word' id='word_1_193' title='bbox 745 1861 797 1888; x_wconf 91' lang='lat' dir='ltr'><strong>alia</strong></span> <span class='ocrx_word' id='word_1_194' title='bbox 819 1869 880 1896; x_wconf 87' lang='lat' dir='ltr'><strong>pcr-</strong></span> 
     </span>
    </p>
   </div>
   <div class='ocr_carea' id='block_1_42' title="bbox 95 1908 878 1948">
    <p class='ocr_par' dir='ltr' id='par_1_42' title="bbox 95 1908 878 1948">
     <span class='ocr_line' id='line_1_42' title="bbox 95 1908 878 1948; baseline -0.008 -8"><span class='ocrx_word' id='word_1_195' title='bbox 95 1920 186 1948; x_wconf 88' lang='lat' dir='ltr'><strong>pcram</strong></span> <span class='ocrx_word' id='word_1_196' title='bbox 201 1919 233 1938; x_wconf 84' lang='lat' dir='ltr'><strong>ac</strong></span> <span class='ocrx_word' id='word_1_197' title='bbox 248 1911 327 1937; x_wconf 79' lang='lat' dir='ltr'><strong>falso.</strong></span> <span class='ocrx_word' id='word_1_198' title='bbox 347 1910 423 1942; x_wconf 84' lang='lat' dir='ltr'><strong>Quod</strong></span> <span class='ocrx_word' id='word_1_199' title='bbox 442 1909 513 1935; x_wconf 87' lang='lat' dir='ltr'><strong>cnim</strong></span> <span class='ocrx_word' id='word_1_200' title='bbox 545 1908 780 1935; x_wconf 81' lang='lat' dir='ltr'><strong>Anthesterionem</strong></span> <span class='ocrx_word' id='word_1_201' title='bbox 795 1915 878 1934; x_wconf 79' lang='lat' dir='ltr'><strong>verno</strong></span> 
     </span>
    </p>
   </div>
   <div class='ocr_carea' id='block_1_43' title="bbox 95 1954 878 1988">
    <p class='ocr_par' dir='ltr' id='par_1_43' title="bbox 95 1954 878 1988">
     <span class='ocr_line' id='line_1_43' title="bbox 95 1954 878 1988; baseline -0.008 -3"><span class='ocrx_word' id='word_1_202' title='bbox 95 1958 209 1987; x_wconf 76' lang='lat' dir='ltr'><strong>teuttmt&#39;i</strong></span> <span class='ocrx_word' id='word_1_203' title='bbox 226 1956 348 1987; x_wconf 76' lang='lat' dir='ltr'><strong>ascribit,</strong></span> <span class='ocrx_word' id='word_1_204' title='bbox 372 1963 424 1982; x_wconf 92' lang='lat' dir='ltr'><strong>non</strong></span> <span class='ocrx_word' id='word_1_205' title='bbox 455 1954 639 1981; x_wconf 81' lang='lat' dir='ltr'><strong>iuclinativam</strong></span> <span class='ocrx_word' id='word_1_206' title='bbox 655 1958 796 1985; x_wconf 77' lang='lat' dir='ltr'><strong>autumno,</strong></span> <span class='ocrx_word' id='word_1_207' title='bbox 811 1961 878 1988; x_wconf 74' lang='lat' dir='ltr'><strong>pra:-</strong></span> 
     </span>
    </p>
   </div>
   <div class='ocr_carea' id='block_1_44' title="bbox 94 1998 878 2032">
    <p class='ocr_par' dir='ltr' id='par_1_44' title="bbox 94 1998 878 2032">
     <span class='ocr_line' id='line_1_44' title="bbox 94 1998 878 2032; baseline -0.008 -2"><span class='ocrx_word' id='word_1_208' title='bbox 94 2005 167 2030; x_wconf 84' lang='lat' dir='ltr'><strong>clare</strong></span> <span class='ocrx_word' id='word_1_209' title='bbox 186 2002 262 2029; x_wconf 83' lang='lat' dir='ltr'><strong>iacit.</strong></span> <span class='ocrx_word' id='word_1_210' title='bbox 291 2001 342 2027; x_wconf 82' lang='lat' dir='ltr'><strong>Sed</strong></span> <span class='ocrx_word' id='word_1_211' title='bbox 366 2001 400 2027; x_wconf 88' lang='lat' dir='ltr'><strong>de</strong></span> <span class='ocrx_word' id='word_1_212' title='bbox 421 1999 653 2032; x_wconf 66' lang='lat' dir='ltr'><strong>Marumcterione,</strong></span> <span class='ocrx_word' id='word_1_213' title='bbox 671 2007 703 2026; x_wconf 86' lang='lat' dir='ltr'><strong>ac</strong></span> <span class='ocrx_word' id='word_1_214' title='bbox 726 1998 878 2026; x_wconf 83' lang='lat' dir='ltr'><strong>Posidcone</strong></span> 
     </span>
    </p>
   </div>
   <div class='ocr_carea' id='block_1_45' title="bbox 94 2044 876 2084">
    <p class='ocr_par' dir='ltr' id='par_1_45' title="bbox 94 2044 876 2084">
     <span class='ocr_line' id='line_1_45' title="bbox 94 2044 876 2084; baseline -0.008 -8"><span class='ocrx_word' id='word_1_215' title='bbox 94 2056 189 2084; x_wconf 83' lang='lat' dir='ltr'><strong>parum</strong></span> <span class='ocrx_word' id='word_1_216' title='bbox 213 2047 355 2075; x_wconf 88' lang='lat' dir='ltr'><strong>commode</strong></span> <span class='ocrx_word' id='word_1_217' title='bbox 376 2046 495 2073; x_wconf 86' lang='lat' dir='ltr'><strong>sensisse</strong></span> <span class='ocrx_word' id='word_1_218' title='bbox 515 2045 581 2072; x_wconf 92' lang='lat' dir='ltr'><strong>mihi</strong></span> <span class='ocrx_word' id='word_1_219' title='bbox 609 2045 724 2071; x_wconf 82' lang='lat' dir='ltr'><strong>videtur.</strong></span> <span class='ocrx_word' id='word_1_220' title='bbox 755 2044 876 2071; x_wconf 85' lang='lat' dir='ltr'><strong>Primqu</strong></span> 
     </span>
    </p>
   </div>
   <div class='ocr_carea' id='block_1_46' title="bbox 94 2090 876 2127">
    <p class='ocr_par' dir='ltr' id='par_1_46' title="bbox 94 2090 876 2127">
     <span class='ocr_line' id='line_1_46' title="bbox 94 2090 876 2127; baseline -0.008 -6"><span class='ocrx_word' id='word_1_221' title='bbox 94 2093 284 2122; x_wconf 84' lang='lat' dir='ltr'><strong>Boedromioui</strong></span> <span class='ocrx_word' id='word_1_222' title='bbox 301 2092 513 2127; x_wconf 75' lang='lat' dir='ltr'><strong>Pyauepsiouem</strong></span> <span class='ocrx_word' id='word_1_223' title='bbox 527 2112 534 2123; x_wconf 92' lang='lat'><strong>,</strong></span> <span class='ocrx_word' id='word_1_224' title='bbox 558 2098 611 2117; x_wconf 89' lang='lat' dir='ltr'><strong>non</strong></span> <span class='ocrx_word' id='word_1_225' title='bbox 633 2090 876 2117; x_wconf 62' lang='lat' dir='ltr'><strong>Maemacteriouem</strong></span> 
     </span>
    </p>
   </div>
   <div class='ocr_carea' id='block_1_47' title="bbox 95 2130 877 2175">
    <p class='ocr_par' dir='ltr' id='par_1_47' title="bbox 95 2130 877 2175">
     <span class='ocr_line' id='line_1_47' title="bbox 95 2130 877 2175; baseline -0.008 -8"><span class='ocrx_word' id='word_1_226' title='bbox 95 2140 227 2175; x_wconf 73' lang='lat' dir='ltr'><strong>adiungit,</strong></span> <span class='ocrx_word' id='word_1_227' title='bbox 244 2139 323 2172; x_wconf 83' lang='lat' dir='ltr'><strong>idque</strong></span> <span class='ocrx_word' id='word_1_228' title='bbox 334 2137 520 2172; x_wconf 81' lang='lat' dir='ltr'><strong>compluribus</strong></span> <span class='ocrx_word' id='word_1_229' title='bbox 532 2136 700 2170; x_wconf 76' lang='lat' dir='ltr'><strong>argumentis</strong></span> <span class='ocrx_word' id='word_1_230' title='bbox 714 2130 877 2170; x_wconf 79' lang='lat' dir='ltr'><strong>persuadere</strong></span> 
     </span>
    </p>
   </div>
   <div class='ocr_carea' id='block_1_48' title="bbox 96 2180 878 2219">
    <p class='ocr_par' dir='ltr' id='par_1_48' title="bbox 96 2180 878 2219">
     <span class='ocr_line' id='line_1_48' title="bbox 96 2180 878 2219; baseline -0.009 -6"><span class='ocrx_word' id='word_1_231' title='bbox 96 2187 190 2214; x_wconf 90' lang='lat' dir='ltr'><strong>nititur</strong></span> <span class='ocrx_word' id='word_1_232' title='bbox 204 2193 211 2211; x_wconf 92' lang='lat'><strong>:</strong></span> <span class='ocrx_word' id='word_1_233' title='bbox 228 2192 289 2219; x_wconf 73' lang='lat' dir='ltr'><strong>qum</strong></span> <span class='ocrx_word' id='word_1_234' title='bbox 304 2184 405 2214; x_wconf 84' lang='lat' dir='ltr'><strong>omnia,</strong></span> <span class='ocrx_word' id='word_1_235' title='bbox 424 2183 446 2209; x_wconf 87' lang='lat' dir='ltr'><strong>si</strong></span> <span class='ocrx_word' id='word_1_236' title='bbox 462 2182 543 2209; x_wconf 86' lang='lat' dir='ltr'><strong>unius</strong></span> <span class='ocrx_word' id='word_1_237' title='bbox 562 2181 785 2216; x_wconf 88' lang='lat' dir='ltr'><strong>llarpocrationis</strong></span> <span class='ocrx_word' id='word_1_238' title='bbox 801 2180 878 2207; x_wconf 86' lang='lat' dir='ltr'><strong>testi-</strong></span> 
     </span>
    </p>
   </div>
   <div class='ocr_carea' id='block_1_49' title="bbox 931 275 1714 312">
    <p class='ocr_par' dir='ltr' id='par_1_49' title="bbox 931 275 1714 312">
     <span class='ocr_line' id='line_1_49' title="bbox 931 275 1714 312; baseline 0.005 -10"><span class='ocrx_word' id='word_1_239' title='bbox 931 276 1028 310; x_wconf 77' lang='lat' dir='ltr'><strong>placet.</strong></span> <span class='ocrx_word' id='word_1_240' title='bbox 1046 275 1220 311; x_wconf 77' lang='lat' dir='ltr'><strong>Metagituiou</strong></span> <span class='ocrx_word' id='word_1_241' title='bbox 1240 275 1374 311; x_wconf 83' lang='lat' dir='ltr'><strong>Augusto,</strong></span> <span class='ocrx_word' id='word_1_242' title='bbox 1393 277 1572 305; x_wconf 86' lang='lat' dir='ltr'><strong>Boedromion</strong></span> <span class='ocrx_word' id='word_1_243' title='bbox 1593 277 1714 312; x_wconf 85' lang='lat' dir='ltr'><strong>Septem-</strong></span> 
     </span>
    </p>
   </div>
   <div class='ocr_carea' id='block_1_50' title="bbox 931 321 1714 358">
    <p class='ocr_par' dir='ltr' id='par_1_50' title="bbox 931 321 1714 358">
     <span class='ocr_line' id='line_1_50' title="bbox 931 321 1714 358; baseline 0.005 -10"><span class='ocrx_word' id='word_1_244' title='bbox 931 322 990 353; x_wconf 80' lang='lat' dir='ltr'><strong>bri,</strong></span> <span class='ocrx_word' id='word_1_245' title='bbox 1008 323 1069 356; x_wconf 84' lang='lat' dir='ltr'><strong>quis</strong></span> <span class='ocrx_word' id='word_1_246' title='bbox 1086 321 1230 349; x_wconf 84' lang='lat' dir='ltr'><strong>Octobrem</strong></span> <span class='ocrx_word' id='word_1_247' title='bbox 1257 323 1327 350; x_wconf 88' lang='lat' dir='ltr'><strong>alius</strong></span> <span class='ocrx_word' id='word_1_248' title='bbox 1352 327 1447 358; x_wconf 54' lang='lat' dir='ltr'><strong>praeter</strong></span> <span class='ocrx_word' id='word_1_249' title='bbox 1471 323 1714 352; x_wconf 71' lang='lat' dir='ltr'><strong>Mmmactcrionem</strong></span> 
     </span>
    </p>
   </div>
   <div class='ocr_carea' id='block_1_51' title="bbox 931 368 1714 404">
    <p class='ocr_par' dir='ltr' id='par_1_51' title="bbox 931 368 1714 404">
     <span class='ocr_line' id='line_1_51' title="bbox 931 368 1714 404; baseline 0.004 -9"><span class='ocrx_word' id='word_1_250' title='bbox 931 368 982 395; x_wconf 85' lang='lat' dir='ltr'><strong>sibi</strong></span> <span class='ocrx_word' id='word_1_251' title='bbox 1007 368 1173 395; x_wconf 75' lang='lat' dir='ltr'><strong>vindicabit?</strong></span> <span class='ocrx_word' id='word_1_252' title='bbox 1188 368 1308 396; x_wconf 86' lang='lat' dir='ltr'><strong>Pessime</strong></span> <span class='ocrx_word' id='word_1_253' title='bbox 1321 369 1413 404; x_wconf 89' lang='lat' dir='ltr'><strong>itaque</strong></span> <span class='ocrx_word' id='word_1_254' title='bbox 1432 374 1556 404; x_wconf 87' lang='lat' dir='ltr'><strong>quartam</strong></span> <span class='ocrx_word' id='word_1_255' title='bbox 1573 371 1609 397; x_wconf 92' lang='lat' dir='ltr'><strong>illi</strong></span> <span class='ocrx_word' id='word_1_256' title='bbox 1624 373 1714 398; x_wconf 81' lang='lat' dir='ltr'><strong>sedero</strong></span> 
     </span>
    </p>
   </div>
   <div class='ocr_carea' id='block_1_52' title="bbox 931 413 1715 450">
    <p class='ocr_par' dir='ltr' id='par_1_52' title="bbox 931 413 1715 450">
     <span class='ocr_line' id='line_1_52' title="bbox 931 413 1715 450; baseline 0.005 -11"><span class='ocrx_word' id='word_1_257' title='bbox 931 413 1070 444; x_wconf 78' lang='lat' dir='ltr'><strong>attribuit,</strong></span> <span class='ocrx_word' id='word_1_258' title='bbox 1086 421 1117 440; x_wconf 88' lang='lat' dir='ltr'><strong>ac</strong></span> <span class='ocrx_word' id='word_1_259' title='bbox 1132 414 1187 440; x_wconf 84' lang='grc' dir='ltr'><strong>τῶν</strong></span> <span class='ocrx_word' id='word_1_260' title='bbox 1201 414 1342 450; x_wconf 82' lang='grc' dir='ltr'>ὀπωρινῶν</span> <span class='ocrx_word' id='word_1_261' title='bbox 1366 415 1483 450; x_wconf 89' lang='lat' dir='ltr'><strong>primum</strong></span> <span class='ocrx_word' id='word_1_262' title='bbox 1507 415 1588 447; x_wconf 79' lang='lat' dir='ltr'><strong>facit,</strong></span> <span class='ocrx_word' id='word_1_263' title='bbox 1613 416 1635 444; x_wconf 93' lang='lat' dir='ltr'><strong>si</strong></span> <span class='ocrx_word' id='word_1_264' title='bbox 1660 415 1715 443; x_wconf 88' lang='lat' dir='ltr'><strong>No-</strong></span> 
     </span>
    </p>
   </div>
   <div class='ocr_carea' id='block_1_53' title="bbox 930 458 1716 494">
    <p class='ocr_par' dir='ltr' id='par_1_53' title="bbox 930 458 1716 494">
     <span class='ocr_line' id='line_1_53' title="bbox 930 458 1716 494; baseline 0.003 -10"><span class='ocrx_word' id='word_1_265' title='bbox 930 458 1018 485; x_wconf 82' lang='lat' dir='ltr'><strong>vemb.</strong></span> <span class='ocrx_word' id='word_1_266' title='bbox 1038 458 1175 492; x_wconf 83' lang='lat' dir='ltr'><strong>congruit.</strong></span> <span class='ocrx_word' id='word_1_267' title='bbox 1201 458 1271 486; x_wconf 85' lang='lat' dir='ltr'><strong>Sane</strong></span> <span class='ocrx_word' id='word_1_268' title='bbox 1294 458 1508 494; x_wconf 83' lang='lat' dir='ltr'><strong>Pyaucpslonem</strong></span> <span class='ocrx_word' id='word_1_269' title='bbox 1526 459 1651 494; x_wconf 92' lang='lat' dir='ltr'><strong>quintum</strong></span> <span class='ocrx_word' id='word_1_270' title='bbox 1667 467 1716 494; x_wconf 86' lang='lat' dir='ltr'><strong>po-</strong></span> 
     </span>
    </p>
   </div>
   <div class='ocr_carea' id='block_1_54' title="bbox 931 505 1714 540">
    <p class='ocr_par' dir='ltr' id='par_1_54' title="bbox 931 505 1714 540">
     <span class='ocr_line' id='line_1_54' title="bbox 931 505 1714 540; baseline 0.001 -9"><span class='ocrx_word' id='word_1_271' title='bbox 931 505 985 531; x_wconf 86' lang='lat' dir='ltr'><strong>tius</strong></span> <span class='ocrx_word' id='word_1_272' title='bbox 1004 513 1085 540; x_wconf 86' lang='lat' dir='ltr'><strong>quam</strong></span> <span class='ocrx_word' id='word_1_273' title='bbox 1107 513 1133 532; x_wconf 84' lang='lat' dir='ltr'><strong>tv</strong></span> <span class='ocrx_word' id='word_1_274' title='bbox 1155 512 1216 533; x_wconf 84' lang='lat' dir='ltr'><strong>esse</strong></span> <span class='ocrx_word' id='word_1_275' title='bbox 1237 506 1434 532; x_wconf 82' lang='lat' dir='ltr'><strong>numerandum</strong></span> <span class='ocrx_word' id='word_1_276' title='bbox 1457 513 1489 532; x_wconf 79' lang='lat' dir='ltr'><strong>ex</strong></span> <span class='ocrx_word' id='word_1_277' title='bbox 1512 513 1544 533; x_wconf 88' lang='lat' dir='ltr'><strong>co</strong></span> <span class='ocrx_word' id='word_1_278' title='bbox 1567 505 1714 540; x_wconf 78' lang='lat' dir='ltr'><strong>colligitur,</strong></span> 
     </span>
    </p>
   </div>
   <div class='ocr_carea' id='block_1_55' title="bbox 930 548 1715 585">
    <p class='ocr_par' dir='ltr' id='par_1_55' title="bbox 930 548 1715 585">
     <span class='ocr_line' id='line_1_55' title="bbox 930 548 1715 585; baseline 0.001 -9"><span class='ocrx_word' id='word_1_279' title='bbox 930 550 1002 585; x_wconf 87' lang='lat' dir='ltr'><strong>qttod</strong></span> <span class='ocrx_word' id='word_1_280' title='bbox 1019 550 1102 577; x_wconf 89' lang='lat' dir='ltr'><strong>hiemi</strong></span> <span class='ocrx_word' id='word_1_281' title='bbox 1118 548 1228 585; x_wconf 83' lang='lat' dir='ltr'><strong>quoque</strong></span> <span class='ocrx_word' id='word_1_282' title='bbox 1255 550 1399 577; x_wconf 79' lang='lat' dir='ltr'><strong>tribuatur.</strong></span> <span class='ocrx_word' id='word_1_283' title='bbox 1416 550 1482 577; x_wconf 85' lang='lat' dir='ltr'><strong>Nam</strong></span> <span class='ocrx_word' id='word_1_284' title='bbox 1499 550 1715 585; x_wconf 82' lang='lat' dir='ltr'><strong>Thesmophoria</strong></span> 
     </span>
    </p>
   </div>
   <div class='ocr_carea' id='block_1_56' title="bbox 930 595 1715 631">
    <p class='ocr_par' dir='ltr' id='par_1_56' title="bbox 930 595 1715 631">
     <span class='ocr_line' id='line_1_56' title="bbox 930 595 1715 631; baseline 0 -8"><span class='ocrx_word' id='word_1_285' title='bbox 930 596 1114 631; x_wconf 78' lang='lat' dir='ltr'><strong>Pyanepsione</strong></span> <span class='ocrx_word' id='word_1_286' title='bbox 1128 604 1220 624; x_wconf 87' lang='lat' dir='ltr'><strong>mense</strong></span> <span class='ocrx_word' id='word_1_287' title='bbox 1233 596 1340 626; x_wconf 75' lang='lat' dir='ltr'><strong>ﬁebant.</strong></span> <span class='ocrx_word' id='word_1_288' title='bbox 1357 601 1385 623; x_wconf 92' lang='lat' dir='ltr'><strong>ut</strong></span> <span class='ocrx_word' id='word_1_289' title='bbox 1408 595 1477 623; x_wconf 82' lang='lat' dir='ltr'><strong>Plut.</strong></span> <span class='ocrx_word' id='word_1_290' title='bbox 1492 597 1518 623; x_wconf 82' lang='lat' dir='ltr'><strong>in</strong></span> <span class='ocrx_word' id='word_1_291' title='bbox 1540 597 1654 624; x_wconf 72' lang='lat' dir='ltr'><strong>Demost.</strong></span> <span class='ocrx_word' id='word_1_292' title='bbox 1677 597 1715 625; x_wconf 88' lang='lat' dir='ltr'><strong>si-</strong></span> 
     </span>
    </p>
   </div>
   <div class='ocr_carea' id='block_1_57' title="bbox 930 641 1716 676">
    <p class='ocr_par' dir='ltr' id='par_1_57' title="bbox 930 641 1716 676">
     <span class='ocr_line' id='line_1_57' title="bbox 930 641 1716 676; baseline 0.003 -9"><span class='ocrx_word' id='word_1_293' title='bbox 930 641 1049 675; x_wconf 85' lang='lat' dir='ltr'><strong>guilieat.</strong></span> <span class='ocrx_word' id='word_1_294' title='bbox 1064 641 1282 676; x_wconf 77' lang='lat' dir='ltr'><strong>Tltcsmophoria</strong></span> <span class='ocrx_word' id='word_1_295' title='bbox 1295 649 1378 676; x_wconf 87' lang='lat' dir='ltr'><strong>porro</strong></span> <span class='ocrx_word' id='word_1_296' title='bbox 1394 641 1419 668; x_wconf 91' lang='lat' dir='ltr'><strong>iu</strong></span> <span class='ocrx_word' id='word_1_297' title='bbox 1437 641 1552 668; x_wconf 75' lang='lat' dir='ltr'><strong>hiemem</strong></span> <span class='ocrx_word' id='word_1_298' title='bbox 1576 642 1716 669; x_wconf 82' lang='lat' dir='ltr'><strong>incurrere</strong></span> 
     </span>
    </p>
   </div>
   <div class='ocr_carea' id='block_1_58' title="bbox 930 687 1714 723">
    <p class='ocr_par' dir='ltr' id='par_1_58' title="bbox 930 687 1714 723">
     <span class='ocr_line' id='line_1_58' title="bbox 930 687 1714 723; baseline 0 -9"><span class='ocrx_word' id='word_1_299' title='bbox 930 691 1045 714; x_wconf 74' lang='lat' dir='ltr'><strong>testatur</strong></span> <span class='ocrx_word' id='word_1_300' title='bbox 1075 687 1271 722; x_wconf 75' lang='lat' dir='ltr'><strong>Aristophanes</strong></span> <span class='ocrx_word' id='word_1_301' title='bbox 1307 687 1602 723; x_wconf 62' lang='grc' dir='ltr'><strong>Θεσμοςςοριαζούσαις.</strong></span> <span class='ocrx_word' id='word_1_302' title='bbox 1637 687 1714 722; x_wconf 83' lang='lat' dir='ltr'><strong>Apud</strong></span> 
     </span>
    </p>
   </div>
   <div class='ocr_carea' id='block_1_59' title="bbox 930 732 1714 768">
    <p class='ocr_par' dir='ltr' id='par_1_59' title="bbox 930 732 1714 768">
     <span class='ocr_line' id='line_1_59' title="bbox 930 732 1714 768; baseline 0.001 -9"><span class='ocrx_word' id='word_1_303' title='bbox 930 741 1008 767; x_wconf 89' lang='lat' dir='ltr'><strong>quem</strong></span> <span class='ocrx_word' id='word_1_304' title='bbox 1023 733 1172 767; x_wconf 77' lang='lat' dir='ltr'><strong>Agathonis</strong></span> <span class='ocrx_word' id='word_1_305' title='bbox 1195 740 1290 760; x_wconf 80' lang='lat' dir='ltr'><strong>servus</strong></span> <span class='ocrx_word' id='word_1_306' title='bbox 1303 732 1337 759; x_wconf 87' lang='lat' dir='ltr'><strong>de</strong></span> <span class='ocrx_word' id='word_1_307' title='bbox 1353 732 1629 768; x_wconf 85' lang='lat' dir='ltr'><strong>Thesmopltoriorum</strong></span> <span class='ocrx_word' id='word_1_308' title='bbox 1645 738 1714 761; x_wconf 85' lang='lat' dir='ltr'><strong>teut-</strong></span> 
     </span>
    </p>
   </div>
   <div class='ocr_carea' id='block_1_60' title="bbox 929 778 1205 813">
    <p class='ocr_par' dir='ltr' id='par_1_60' title="bbox 929 778 1205 813">
     <span class='ocr_line' id='line_1_60' title="bbox 929 778 1205 813; baseline -0.011 -7"><span class='ocrx_word' id='word_1_309' title='bbox 929 786 995 813; x_wconf 86' lang='lat' dir='ltr'><strong>pore</strong></span> <span class='ocrx_word' id='word_1_310' title='bbox 1008 779 1048 806; x_wconf 90' lang='lat' dir='ltr'><strong>sic</strong></span> <span class='ocrx_word' id='word_1_311' title='bbox 1063 778 1184 813; x_wconf 88' lang='lat' dir='ltr'><strong>loquitur</strong></span> <span class='ocrx_word' id='word_1_312' title='bbox 1199 785 1205 803; x_wconf 94' lang='lat'>:</span> 
     </span>
    </p>
   </div>
   <div class='ocr_carea' id='block_1_61' title="bbox 1103 844 1474 879">
    <p class='ocr_par' dir='ltr' id='par_1_61' title="bbox 1103 844 1474 879">
     <span class='ocr_line' id='line_1_61' title="bbox 1103 844 1474 879; baseline 0 -7"><span class='ocrx_word' id='word_1_313' title='bbox 1103 845 1198 878; x_wconf 73' lang='grc' dir='ltr'><em>Αὐτὸς</em></span> <span class='ocrx_word' id='word_1_314' title='bbox 1212 846 1265 879; x_wconf 75' lang='grc' dir='ltr'><strong>γὰρ</strong></span> <span class='ocrx_word' id='word_1_315' title='bbox 1278 845 1371 877; x_wconf 74' lang='grc' dir='ltr'><strong>ἔξεισι</strong></span> <span class='ocrx_word' id='word_1_316' title='bbox 1387 844 1474 878; x_wconf 78' lang='grc' dir='ltr'><em>τάχα·</em></span> 
     </span>
    </p>
   </div>
   <div class='ocr_carea' id='block_1_62' title="bbox 964 878 1646 915">
    <p class='ocr_par' dir='ltr' id='par_1_62' title="bbox 964 878 1646 915">
     <span class='ocr_line' id='line_1_62' title="bbox 964 878 1646 915; baseline -0.003 -8"><span class='ocrx_word' id='word_1_317' title='bbox 964 879 1018 907; x_wconf 76' lang='grc' dir='ltr'><strong>Καὶ</strong></span> <span class='ocrx_word' id='word_1_318' title='bbox 1034 880 1088 915; x_wconf 76' lang='grc' dir='ltr'><strong>τὰρ</strong></span> <span class='ocrx_word' id='word_1_319' title='bbox 1098 878 1271 915; x_wconf 55' lang='grc' dir='ltr'><strong>μελοποιεῖν</strong></span> <span class='ocrx_word' id='word_1_320' title='bbox 1286 881 1416 914; x_wconf 64' lang='grc' dir='ltr'><strong>ἄρχεται,</strong></span> <span class='ocrx_word' id='word_1_321' title='bbox 1431 880 1574 914; x_wconf 72' lang='grc' dir='ltr'><strong>χειμῶνος</strong></span> <span class='ocrx_word' id='word_1_322' title='bbox 1588 878 1646 915; x_wconf 62' lang='grc' dir='ltr'><strong>οὖν</strong></span> 
     </span>
    </p>
   </div>
   <div class='ocr_carea' id='block_1_63' title="bbox 966 913 1698 949">
    <p class='ocr_par' dir='ltr' id='par_1_63' title="bbox 966 913 1698 949">
     <span class='ocr_line' id='line_1_63' title="bbox 966 913 1698 949; baseline 0 -8"><span class='ocrx_word' id='word_1_323' title='bbox 966 913 1073 947; x_wconf 57' lang='lat' dir='ltr'><strong>&quot;Om-bc</strong></span> <span class='ocrx_word' id='word_1_324' title='bbox 1085 913 1307 948; x_wconf 60' lang='grc' dir='ltr'><strong>κατακάμπτειν</strong></span> <span class='ocrx_word' id='word_1_325' title='bbox 1321 913 1373 947; x_wconf 55' lang='grc' dir='ltr'><strong>ἐὺς</strong></span> <span class='ocrx_word' id='word_1_326' title='bbox 1386 915 1520 948; x_wconf 57' lang='grc' dir='ltr'><em>στροφὰς</em></span> <span class='ocrx_word' id='word_1_327' title='bbox 1534 915 1568 940; x_wconf 82' lang='grc' dir='ltr'><strong>οὐ</strong></span> <span class='ocrx_word' id='word_1_328' title='bbox 1577 913 1698 949; x_wconf 75' lang='grc' dir='ltr'><strong>ῥᾴδιον,</strong></span> 
     </span>
    </p>
   </div>
   <div class='ocr_carea' id='block_1_64' title="bbox 966 949 1556 984">
    <p class='ocr_par' dir='ltr' id='par_1_64' title="bbox 966 949 1556 984">
     <span class='ocr_line' id='line_1_64' title="bbox 966 949 1556 984; baseline -0.002 -7"><span class='ocrx_word' id='word_1_329' title='bbox 966 950 1069 984; x_wconf 72' lang='grc' dir='ltr'><strong>Ἢνμὴ</strong></span> <span class='ocrx_word' id='word_1_330' title='bbox 1082 951 1170 984; x_wconf 77' lang='grc' dir='ltr'><strong>προΐῃ</strong></span> <span class='ocrx_word' id='word_1_331' title='bbox 1182 949 1285 984; x_wconf 57' lang='grc' dir='ltr'><strong>θύιηαζε</strong></span> <span class='ocrx_word' id='word_1_332' title='bbox 1298 950 1372 983; x_wconf 68' lang='grc' dir='ltr'><strong>πρὸς</strong></span> <span class='ocrx_word' id='word_1_333' title='bbox 1392 949 1445 976; x_wconf 75' lang='grc' dir='ltr'><strong>τὸν</strong></span> <span class='ocrx_word' id='word_1_334' title='bbox 1457 949 1556 982; x_wconf 72' lang='grc' dir='ltr'><strong>ἣλιον.</strong></span> 
     </span>
    </p>
   </div>
   <div class='ocr_carea' id='block_1_65' title="bbox 963 997 1714 1039">
    <p class='ocr_par' dir='ltr' id='par_1_65' title="bbox 963 997 1714 1039">
     <span class='ocr_line' id='line_1_65' title="bbox 963 997 1714 1039; baseline -0.003 -8"><span class='ocrx_word' id='word_1_335' title='bbox 963 1005 1102 1032; x_wconf 85' lang='lat' dir='ltr'><strong>Accedunt</strong></span> <span class='ocrx_word' id='word_1_336' title='bbox 1123 1005 1243 1032; x_wconf 83' lang='lat' dir='ltr'><strong>rationes</strong></span> <span class='ocrx_word' id='word_1_337' title='bbox 1257 1005 1326 1035; x_wconf 66' lang='lat' dir='ltr'><strong>alim,</strong></span> <span class='ocrx_word' id='word_1_338' title='bbox 1342 1012 1410 1039; x_wconf 85' lang='lat' dir='ltr'><strong>quas</strong></span> <span class='ocrx_word' id='word_1_339' title='bbox 1425 1012 1439 1031; x_wconf 69' lang='grc' dir='ltr'>τι</span> <span class='ocrx_word' id='word_1_340' title='bbox 1455 1003 1600 1031; x_wconf 86' lang='lat' dir='ltr'><strong>Theodoro</strong></span> <span class='ocrx_word' id='word_1_341' title='bbox 1617 997 1714 1038; x_wconf 86' lang='lat' dir='ltr'><strong>propo-</strong></span> 
     </span>
    </p>
   </div>
   <div class='ocr_carea' id='block_1_66' title="bbox 929 1049 1714 1085">
    <p class='ocr_par' dir='ltr' id='par_1_66' title="bbox 929 1049 1714 1085">
     <span class='ocr_line' id='line_1_66' title="bbox 929 1049 1714 1085; baseline -0.003 -7"><span class='ocrx_word' id='word_1_342' title='bbox 929 1051 995 1078; x_wconf 88' lang='lat' dir='ltr'><strong>sitas</strong></span> <span class='ocrx_word' id='word_1_343' title='bbox 1011 1052 1130 1085; x_wconf 72' lang='lat' dir='ltr'><strong>Scaliger</strong></span> <span class='ocrx_word' id='word_1_344' title='bbox 1144 1050 1308 1078; x_wconf 81' lang='lat' dir='ltr'><strong>dissimulat.</strong></span> <span class='ocrx_word' id='word_1_345' title='bbox 1330 1050 1363 1078; x_wconf 85' lang='lat' dir='ltr'><strong>Ut</strong></span> <span class='ocrx_word' id='word_1_346' title='bbox 1378 1051 1448 1078; x_wconf 88' lang='lat' dir='ltr'><strong>inter</strong></span> <span class='ocrx_word' id='word_1_347' title='bbox 1462 1051 1525 1079; x_wconf 82' lang='lat' dir='ltr'><strong>alia.</strong></span> <span class='ocrx_word' id='word_1_348' title='bbox 1543 1049 1616 1085; x_wconf 86' lang='lat' dir='ltr'><strong>quod</strong></span> <span class='ocrx_word' id='word_1_349' title='bbox 1631 1050 1714 1076; x_wconf 87' lang='lat' dir='ltr'><strong>Arist.</strong></span> 
     </span>
    </p>
   </div>
   <div class='ocr_carea' id='block_1_67' title="bbox 929 1086 1716 1130">
    <p class='ocr_par' dir='ltr' id='par_1_67' title="bbox 929 1086 1716 1130">
     <span class='ocr_line' id='line_1_67' title="bbox 929 1086 1716 1130; baseline -0.003 -7"><span class='ocrx_word' id='word_1_350' title='bbox 929 1086 976 1124; x_wconf 53' lang='lat' dir='ltr'><strong>lib‘.</strong></span> <span class='ocrx_word' id='word_1_351' title='bbox 995 1105 1020 1124; x_wconf 79' lang='lat' dir='ltr'><strong>vr</strong></span> <span class='ocrx_word' id='word_1_352' title='bbox 1038 1097 1074 1123; x_wconf 87' lang='lat' dir='ltr'><strong>De</strong></span> <span class='ocrx_word' id='word_1_353' title='bbox 1086 1097 1147 1124; x_wconf 79' lang='lat' dir='ltr'><strong>hist.</strong></span> <span class='ocrx_word' id='word_1_354' title='bbox 1165 1098 1259 1128; x_wconf 84' lang='lat' dir='ltr'><strong>anim.,</strong></span> <span class='ocrx_word' id='word_1_355' title='bbox 1276 1104 1335 1130; x_wconf 89' lang='lat' dir='ltr'><strong>cap.</strong></span> <span class='ocrx_word' id='word_1_356' title='bbox 1350 1095 1589 1126; x_wconf 74' lang='lat' dir='ltr'><strong>29,Boedromioni</strong></span> <span class='ocrx_word' id='word_1_357' title='bbox 1609 1095 1716 1122; x_wconf 44' lang='lat' dir='ltr'><strong>Marma-</strong></span> 
     </span>
    </p>
   </div>
   <div class='ocr_carea' id='block_1_68' title="bbox 928 1140 1714 1176">
    <p class='ocr_par' dir='ltr' id='par_1_68' title="bbox 928 1140 1714 1176">
     <span class='ocr_line' id='line_1_68' title="bbox 928 1140 1714 1176; baseline -0.004 -8"><span class='ocrx_word' id='word_1_358' title='bbox 928 1142 1076 1169; x_wconf 83' lang='lat' dir='ltr'><strong>cterionem</strong></span> <span class='ocrx_word' id='word_1_359' title='bbox 1094 1141 1251 1176; x_wconf 69' lang='lat' dir='ltr'><strong>sultjungit,</strong></span> <span class='ocrx_word' id='word_1_360' title='bbox 1273 1141 1319 1168; x_wconf 89' lang='lat' dir='ltr'><strong>ubi</strong></span> <span class='ocrx_word' id='word_1_361' title='bbox 1337 1140 1370 1168; x_wconf 89' lang='lat' dir='ltr'><strong>de</strong></span> <span class='ocrx_word' id='word_1_362' title='bbox 1384 1148 1527 1168; x_wconf 82' lang='lat' dir='ltr'><strong>cerr0rum</strong></span> <span class='ocrx_word' id='word_1_363' title='bbox 1544 1141 1610 1167; x_wconf 90' lang='lat' dir='ltr'><strong>initu</strong></span> <span class='ocrx_word' id='word_1_364' title='bbox 1626 1140 1714 1174; x_wconf 90' lang='lat' dir='ltr'><strong>loqui-</strong></span> 
     </span>
    </p>
   </div>
   <div class='ocr_carea' id='block_1_69' title="bbox 929 1185 1714 1220">
    <p class='ocr_par' dir='ltr' id='par_1_69' title="bbox 929 1185 1714 1220">
     <span class='ocr_line' id='line_1_69' title="bbox 929 1185 1714 1220; baseline -0.003 -8"><span class='ocrx_word' id='word_1_365' title='bbox 929 1192 973 1213; x_wconf 88' lang='lat' dir='ltr'><strong>tur</strong></span> <span class='ocrx_word' id='word_1_366' title='bbox 991 1195 997 1213; x_wconf 92' lang='lat'><strong>:</strong></span> <span class='ocrx_word' id='word_1_367' title='bbox 1024 1186 1056 1212; x_wconf 81' lang='grc' dir='ltr'><em>Ἡ</em></span> <span class='ocrx_word' id='word_1_368' title='bbox 1072 1185 1100 1212; x_wconf 77' lang='grc' dir='ltr'><strong>δὲ</strong></span> <span class='ocrx_word' id='word_1_369' title='bbox 1115 1186 1190 1220; x_wconf 73' lang='grc' dir='ltr'><strong>ὀχεία</strong></span> <span class='ocrx_word' id='word_1_370' title='bbox 1204 1185 1309 1219; x_wconf 74' lang='grc' dir='ltr'><strong>γίνεται</strong></span> <span class='ocrx_word' id='word_1_371' title='bbox 1326 1186 1382 1220; x_wconf 83' lang='grc' dir='ltr'>μετ’</span> <span class='ocrx_word' id='word_1_372' title='bbox 1404 1185 1566 1220; x_wconf 79' lang='grc' dir='ltr'><strong>Ἀρκτοῦρον</strong></span> <span class='ocrx_word' id='word_1_373' title='bbox 1583 1186 1648 1220; x_wconf 75' lang='grc' dir='ltr'><strong>περὶ</strong></span> <span class='ocrx_word' id='word_1_374' title='bbox 1669 1185 1714 1210; x_wconf 80' lang='grc' dir='ltr'><strong>τὸν</strong></span> 
     </span>
    </p>
   </div>
   <div class='ocr_carea' id='block_1_70' title="bbox 929 1230 1712 1268">
    <p class='ocr_par' dir='ltr' id='par_1_70' title="bbox 929 1230 1712 1268">
     <span class='ocr_line' id='line_1_70' title="bbox 929 1230 1712 1268; baseline 0 -10"><span class='ocrx_word' id='word_1_375' title='bbox 929 1231 1121 1268; x_wconf 76' lang='grc' dir='ltr'><strong>Βοηδρομιῶνα</strong></span> <span class='ocrx_word' id='word_1_376' title='bbox 1143 1231 1189 1258; x_wconf 80' lang='grc' dir='ltr'><strong>καὶ</strong></span> <span class='ocrx_word' id='word_1_377' title='bbox 1215 1231 1463 1267; x_wconf 72' lang='grc' dir='ltr'><strong>Μαιμακτηριῶνα.</strong></span> <span class='ocrx_word' id='word_1_378' title='bbox 1485 1230 1537 1264; x_wconf 81' lang='lat' dir='ltr'><strong>Qui</strong></span> <span class='ocrx_word' id='word_1_379' title='bbox 1557 1232 1633 1258; x_wconf 76' lang='lat' dir='ltr'><strong>locus</strong></span> <span class='ocrx_word' id='word_1_380' title='bbox 1646 1231 1712 1258; x_wconf 62' lang='lat' dir='ltr'><strong>Sea»</strong></span> 
     </span>
    </p>
   </div>
   <div class='ocr_carea' id='block_1_71' title="bbox 929 1276 1737 1312">
    <p class='ocr_par' dir='ltr' id='par_1_71' title="bbox 929 1276 1737 1312">
     <span class='ocr_line' id='line_1_71' title="bbox 929 1276 1737 1312; baseline 0 -8"><span class='ocrx_word' id='word_1_381' title='bbox 929 1277 1156 1312; x_wconf 76' lang='lat' dir='ltr'><strong>ligerosilentium</strong></span> <span class='ocrx_word' id='word_1_382' title='bbox 1174 1276 1279 1308; x_wconf 90' lang='lat' dir='ltr'><strong>indicit,</strong></span> <span class='ocrx_word' id='word_1_383' title='bbox 1294 1281 1319 1304; x_wconf 90' lang='lat' dir='ltr'><strong>et</strong></span> <span class='ocrx_word' id='word_1_384' title='bbox 1335 1277 1413 1303; x_wconf 71' lang='lat' dir='ltr'><strong>Gaza:</strong></span> <span class='ocrx_word' id='word_1_385' title='bbox 1436 1276 1588 1311; x_wconf 89' lang='lat' dir='ltr'><strong>opinionem</strong></span> <span class='ocrx_word' id='word_1_386' title='bbox 1605 1277 1712 1304; x_wconf 79' lang='lat' dir='ltr'><strong>astruit.</strong></span> <span class='ocrx_word' id='word_1_387' title='bbox 1733 1285 1737 1288; x_wconf 91' lang='grc'><strong>·</strong></span> 
     </span>
    </p>
   </div>
   <div class='ocr_carea' id='block_1_72' title="bbox 930 1321 1712 1355">
    <p class='ocr_par' dir='ltr' id='par_1_72' title="bbox 930 1321 1712 1355">
     <span class='ocr_line' id='line_1_72' title="bbox 930 1321 1712 1355; baseline 0 -7"><span class='ocrx_word' id='word_1_388' title='bbox 930 1323 988 1349; x_wconf 83' lang='lat' dir='ltr'><strong>Duo</strong></span> <span class='ocrx_word' id='word_1_389' title='bbox 1007 1322 1079 1349; x_wconf 88' lang='lat' dir='ltr'><strong>enim</strong></span> <span class='ocrx_word' id='word_1_390' title='bbox 1102 1330 1133 1348; x_wconf 86' lang='lat' dir='ltr'><strong>cx</strong></span> <span class='ocrx_word' id='word_1_391' title='bbox 1158 1322 1190 1349; x_wconf 90' lang='lat' dir='ltr'><strong>iis</strong></span> <span class='ocrx_word' id='word_1_392' title='bbox 1204 1322 1295 1349; x_wconf 79' lang='lat' dir='ltr'><strong>verbis</strong></span> <span class='ocrx_word' id='word_1_393' title='bbox 1316 1327 1387 1349; x_wconf 86' lang='lat' dir='ltr'><strong>recte</strong></span> <span class='ocrx_word' id='word_1_394' title='bbox 1406 1321 1542 1349; x_wconf 88' lang='lat' dir='ltr'><strong>concludit</strong></span> <span class='ocrx_word' id='word_1_395' title='bbox 1559 1331 1566 1349; x_wconf 89' lang='lat'><strong>:</strong></span> <span class='ocrx_word' id='word_1_396' title='bbox 1585 1322 1712 1355; x_wconf 80' lang='lat' dir='ltr'><strong>alterum,</strong></span> 
     </span>
    </p>
   </div>
   <div class='ocr_carea' id='block_1_73' title="bbox 928 1367 1714 1402">
    <p class='ocr_par' dir='ltr' id='par_1_73' title="bbox 928 1367 1714 1402">
     <span class='ocr_line' id='line_1_73' title="bbox 928 1367 1714 1402; baseline 0 -8"><span class='ocrx_word' id='word_1_397' title='bbox 928 1367 1171 1395; x_wconf 57' lang='lat' dir='ltr'><strong>Marmacterionem</strong></span> <span class='ocrx_word' id='word_1_398' title='bbox 1196 1367 1277 1402; x_wconf 87' lang='lat' dir='ltr'><strong>paulo</strong></span> <span class='ocrx_word' id='word_1_399' title='bbox 1300 1372 1360 1401; x_wconf 84' lang='lat' dir='ltr'><strong>post</strong></span> <span class='ocrx_word' id='word_1_400' title='bbox 1388 1367 1495 1394; x_wconf 84' lang='lat' dir='ltr'><strong>Arcturi</strong></span> <span class='ocrx_word' id='word_1_401' title='bbox 1522 1370 1612 1394; x_wconf 82' lang='lat' dir='ltr'><strong>Ortum</strong></span> <span class='ocrx_word' id='word_1_402' title='bbox 1645 1367 1714 1394; x_wconf 88' lang='lat' dir='ltr'><strong>inci-</strong></span> 
     </span>
    </p>
   </div>
   <div class='ocr_carea' id='block_1_74' title="bbox 929 1412 1713 1448">
    <p class='ocr_par' dir='ltr' id='par_1_74' title="bbox 929 1412 1713 1448">
     <span class='ocr_line' id='line_1_74' title="bbox 929 1412 1713 1448; baseline -0.003 -8"><span class='ocrx_word' id='word_1_403' title='bbox 929 1421 992 1448; x_wconf 87' lang='lat' dir='ltr'><strong>pere</strong></span> <span class='ocrx_word' id='word_1_404' title='bbox 1007 1423 1013 1440; x_wconf 96' lang='lat'><strong>:</strong></span> <span class='ocrx_word' id='word_1_405' title='bbox 1029 1413 1130 1447; x_wconf 76' lang='lat' dir='ltr'><strong>alioqui</strong></span> <span class='ocrx_word' id='word_1_406' title='bbox 1148 1412 1248 1440; x_wconf 86' lang='lat' dir='ltr'><strong>l‘ruslra</strong></span> <span class='ocrx_word' id='word_1_407' title='bbox 1263 1412 1508 1439; x_wconf 66' lang='lat' dir='ltr'><strong>Mmmactcrioncm</strong></span> <span class='ocrx_word' id='word_1_408' title='bbox 1524 1412 1713 1439; x_wconf 89' lang='lat' dir='ltr'><strong>Bocdromioni</strong></span> 
     </span>
    </p>
   </div>
   <div class='ocr_carea' id='block_1_75' title="bbox 930 1458 1714 1493">
    <p class='ocr_par' dir='ltr' id='par_1_75' title="bbox 930 1458 1714 1493">
     <span class='ocr_line' id='line_1_75' title="bbox 930 1458 1714 1493; baseline -0.001 -8"><span class='ocrx_word' id='word_1_409' title='bbox 930 1458 1084 1492; x_wconf 70' lang='lat' dir='ltr'><strong>subiiceret.</strong></span> <span class='ocrx_word' id='word_1_410' title='bbox 1102 1458 1233 1485; x_wconf 86' lang='lat' dir='ltr'><strong>Arcturus</strong></span> <span class='ocrx_word' id='word_1_411' title='bbox 1247 1462 1335 1484; x_wconf 84' lang='lat' dir='ltr'><strong>autem</strong></span> <span class='ocrx_word' id='word_1_412' title='bbox 1352 1458 1424 1485; x_wconf 88' lang='lat' dir='ltr'><strong>circa</strong></span> <span class='ocrx_word' id='word_1_413' title='bbox 1449 1458 1607 1485; x_wconf 83' lang='lat' dir='ltr'><strong>autumnale</strong></span> <span class='ocrx_word' id='word_1_414' title='bbox 1627 1458 1714 1493; x_wconf 62' lang='lat' dir='ltr'><strong>arqui-</strong></span> 
     </span>
    </p>
   </div>
   <div class='ocr_carea' id='block_1_76' title="bbox 929 1503 1715 1540">
    <p class='ocr_par' dir='ltr' id='par_1_76' title="bbox 929 1503 1715 1540">
     <span class='ocr_line' id='line_1_76' title="bbox 929 1503 1715 1540; baseline 0 -9"><span class='ocrx_word' id='word_1_415' title='bbox 929 1505 1048 1532; x_wconf 90' lang='lat' dir='ltr'><strong>noctium</strong></span> <span class='ocrx_word' id='word_1_416' title='bbox 1072 1505 1178 1538; x_wconf 83' lang='lat' dir='ltr'><strong>oritur;</strong></span> <span class='ocrx_word' id='word_1_417' title='bbox 1203 1512 1264 1531; x_wconf 86' lang='lat' dir='ltr'><strong>nam</strong></span> <span class='ocrx_word' id='word_1_418' title='bbox 1283 1503 1488 1538; x_wconf 85' lang='lat' dir='ltr'><strong>Theophrastus</strong></span> <span class='ocrx_word' id='word_1_419' title='bbox 1513 1504 1646 1540; x_wconf 80' lang='grc' dir='ltr'><strong>κερωνίαν</strong></span> <span class='ocrx_word' id='word_1_420' title='bbox 1666 1504 1715 1531; x_wconf 83' lang='lat' dir='ltr'><strong>ilo-</strong></span> 
     </span>
    </p>
   </div>
   <div class='ocr_carea' id='block_1_77' title="bbox 931 1549 1714 1586">
    <p class='ocr_par' dir='ltr' id='par_1_77' title="bbox 931 1549 1714 1586">
     <span class='ocr_line' id='line_1_77' title="bbox 931 1549 1714 1586; baseline 0.003 -11"><span class='ocrx_word' id='word_1_421' title='bbox 931 1557 991 1577; x_wconf 87' lang='lat' dir='ltr'><strong>rcrc</strong></span> <span class='ocrx_word' id='word_1_422' title='bbox 1005 1549 1070 1576; x_wconf 82' lang='lat' dir='ltr'><strong>dicit</strong></span> <span class='ocrx_word' id='word_1_423' title='bbox 1090 1549 1155 1585; x_wconf 67' lang='grc' dir='ltr'><strong>περὶ</strong></span> <span class='ocrx_word' id='word_1_424' title='bbox 1175 1550 1338 1585; x_wconf 79' lang='grc' dir='ltr'>Ἀρκτοῦρόν</span> <span class='ocrx_word' id='word_1_425' title='bbox 1363 1558 1392 1576; x_wconf 90' lang='grc' dir='ltr'>τε</span> <span class='ocrx_word' id='word_1_426' title='bbox 1418 1551 1465 1576; x_wconf 67' lang='grc' dir='ltr'><strong>καὶ</strong></span> <span class='ocrx_word' id='word_1_427' title='bbox 1483 1550 1641 1586; x_wconf 68' lang='grc' dir='ltr'>ἰσημερίαν·</span> <span class='ocrx_word' id='word_1_428' title='bbox 1660 1550 1714 1577; x_wconf 88' lang='lat' dir='ltr'><strong>Ga-</strong></span> 
     </span>
    </p>
   </div>
   <div class='ocr_carea' id='block_1_78' title="bbox 931 1594 1714 1630">
    <p class='ocr_par' dir='ltr' id='par_1_78' title="bbox 931 1594 1714 1630">
     <span class='ocr_line' id='line_1_78' title="bbox 931 1594 1714 1630; baseline 0.003 -10"><span class='ocrx_word' id='word_1_429' title='bbox 931 1594 1008 1621; x_wconf 84' lang='lat' dir='ltr'><strong>lenus</strong></span> <span class='ocrx_word' id='word_1_430' title='bbox 1032 1595 1162 1629; x_wconf 86' lang='lat' dir='ltr'><strong>insuper:</strong></span> <span class='ocrx_word' id='word_1_431' title='bbox 1181 1595 1257 1621; x_wconf 79' lang='grc' dir='ltr'><strong>Ἐστι</strong></span> <span class='ocrx_word' id='word_1_432' title='bbox 1275 1595 1335 1630; x_wconf 81' lang='grc' dir='ltr'><strong>μὲν,</strong></span> <span class='ocrx_word' id='word_1_433' title='bbox 1355 1595 1459 1629; x_wconf 85' lang='lat' dir='ltr'><strong>inquit,</strong></span> <span class='ocrx_word' id='word_1_434' title='bbox 1480 1596 1646 1630; x_wconf 73' lang='grc' dir='ltr'><strong>ὡραιότατον</strong></span> <span class='ocrx_word' id='word_1_435' title='bbox 1665 1596 1714 1630; x_wconf 78' lang='grc' dir='ltr'><strong>τῆς</strong></span> 
     </span>
    </p>
   </div>
   <div class='ocr_carea' id='block_1_79' title="bbox 929 1640 1713 1677">
    <p class='ocr_par' dir='ltr' id='par_1_79' title="bbox 929 1640 1713 1677">
     <span class='ocr_line' id='line_1_79' title="bbox 929 1640 1713 1677; baseline 0.003 -11"><span class='ocrx_word' id='word_1_436' title='bbox 929 1640 1028 1675; x_wconf 79' lang='grc' dir='ltr'><strong>ἐλάτης</strong></span> <span class='ocrx_word' id='word_1_437' title='bbox 1042 1640 1072 1666; x_wconf 83' lang='grc' dir='ltr'><strong>τὸ</strong></span> <span class='ocrx_word' id='word_1_438' title='bbox 1088 1641 1198 1675; x_wconf 80' lang='grc' dir='ltr'><strong>σπέρμα</strong></span> <span class='ocrx_word' id='word_1_439' title='bbox 1218 1641 1282 1676; x_wconf 72' lang='grc' dir='ltr'>περὶ</span> <span class='ocrx_word' id='word_1_440' title='bbox 1301 1641 1349 1676; x_wconf 77' lang='grc' dir='ltr'><strong>τὴν</strong></span> <span class='ocrx_word' id='word_1_441' title='bbox 1371 1641 1496 1676; x_wconf 73' lang='grc' dir='ltr'><strong>ἐπιτολὴν</strong></span> <span class='ocrx_word' id='word_1_442' title='bbox 1517 1641 1564 1668; x_wconf 81' lang='grc' dir='ltr'><strong>τοῦ</strong></span> <span class='ocrx_word' id='word_1_443' title='bbox 1584 1641 1713 1677; x_wconf 76' lang='grc' dir='ltr'><strong>Ἀρκτού-</strong></span> 
     </span>
    </p>
   </div>
   <div class='ocr_carea' id='block_1_80' title="bbox 931 1685 1714 1721">
    <p class='ocr_par' dir='ltr' id='par_1_80' title="bbox 931 1685 1714 1721">
     <span class='ocr_line' id='line_1_80' title="bbox 931 1685 1714 1721; baseline 0.001 -10"><span class='ocrx_word' id='word_1_444' title='bbox 931 1693 992 1720; x_wconf 86' lang='grc' dir='ltr'><strong>ρου·</strong></span> <span class='ocrx_word' id='word_1_445' title='bbox 1017 1685 1046 1717; x_wconf 82' lang='grc' dir='ltr'><strong>ὃς</strong></span> <span class='ocrx_word' id='word_1_446' title='bbox 1069 1694 1111 1716; x_wconf 77' lang='grc' dir='ltr'><strong>τις</strong></span> <span class='ocrx_word' id='word_1_447' title='bbox 1131 1686 1226 1720; x_wconf 70' lang='grc' dir='ltr'>καιρὸς</span> <span class='ocrx_word' id='word_1_448' title='bbox 1254 1686 1282 1712; x_wconf 82' lang='grc' dir='ltr'><strong>ἐν</strong></span> <span class='ocrx_word' id='word_1_449' title='bbox 1308 1685 1400 1721; x_wconf 82' lang='grc' dir='ltr'>Ῥώμῃ</span> <span class='ocrx_word' id='word_1_450' title='bbox 1433 1687 1448 1712; x_wconf 85' lang='grc' dir='ltr'>ὁ</span> <span class='ocrx_word' id='word_1_451' title='bbox 1471 1686 1636 1721; x_wconf 82' lang='grc' dir='ltr'><strong>καλούμενος</strong></span> <span class='ocrx_word' id='word_1_452' title='bbox 1664 1686 1714 1721; x_wconf 73' lang='grc' dir='ltr'><strong>μὲν</strong></span> 
     </span>
    </p>
   </div>
   <div class='ocr_carea' id='block_1_81' title="bbox 929 1730 1712 1766">
    <p class='ocr_par' dir='ltr' id='par_1_81' title="bbox 929 1730 1712 1766">
     <span class='ocr_line' id='line_1_81' title="bbox 929 1730 1712 1766; baseline 0 -9"><span class='ocrx_word' id='word_1_453' title='bbox 929 1730 1114 1765; x_wconf 72' lang='grc' dir='ltr'><strong>Σετπὲμϐριής</strong></span> <span class='ocrx_word' id='word_1_454' title='bbox 1139 1732 1206 1756; x_wconf 82' lang='grc' dir='ltr'><strong>ἐστι..</strong></span> <span class='ocrx_word' id='word_1_455' title='bbox 1236 1730 1328 1763; x_wconf 83' lang='lat' dir='ltr'><strong>Quare</strong></span> <span class='ocrx_word' id='word_1_456' title='bbox 1352 1731 1488 1759; x_wconf 90' lang='lat' dir='ltr'><strong>modicum</strong></span> <span class='ocrx_word' id='word_1_457' title='bbox 1517 1739 1532 1758; x_wconf 85' lang='lat' dir='ltr'><strong>a</strong></span> <span class='ocrx_word' id='word_1_458' title='bbox 1560 1731 1712 1766; x_wconf 76' lang='lat' dir='ltr'><strong>Septembri</strong></span> 
     </span>
    </p>
   </div>
   <div class='ocr_carea' id='block_1_82' title="bbox 929 1775 1711 1810">
    <p class='ocr_par' dir='ltr' id='par_1_82' title="bbox 929 1775 1711 1810">
     <span class='ocr_line' id='line_1_82' title="bbox 929 1775 1711 1810; baseline -0.001 -7"><span class='ocrx_word' id='word_1_459' title='bbox 929 1776 1030 1804; x_wconf 81' lang='lat' dir='ltr'><strong>distare</strong></span> <span class='ocrx_word' id='word_1_460' title='bbox 1045 1775 1287 1803; x_wconf 69' lang='lat' dir='ltr'><strong>Maamacterioncm</strong></span> <span class='ocrx_word' id='word_1_461' title='bbox 1304 1784 1415 1804; x_wconf 87' lang='lat' dir='ltr'><strong>necesse</strong></span> <span class='ocrx_word' id='word_1_462' title='bbox 1427 1780 1478 1804; x_wconf 87' lang='lat' dir='ltr'><strong>est.</strong></span> <span class='ocrx_word' id='word_1_463' title='bbox 1493 1777 1624 1808; x_wconf 86' lang='lat' dir='ltr'><strong>Alterum,</strong></span> <span class='ocrx_word' id='word_1_464' title='bbox 1639 1776 1711 1810; x_wconf 85' lang='lat' dir='ltr'><strong>quod</strong></span> 
     </span>
    </p>
   </div>
   <div class='ocr_carea' id='block_1_83' title="bbox 928 1820 1712 1855">
    <p class='ocr_par' dir='ltr' id='par_1_83' title="bbox 928 1820 1712 1855">
     <span class='ocr_line' id='line_1_83' title="bbox 928 1820 1712 1855; baseline 0 -7"><span class='ocrx_word' id='word_1_465' title='bbox 928 1820 1000 1848; x_wconf 81' lang='lat' dir='ltr'><strong>Gaza</strong></span> <span class='ocrx_word' id='word_1_466' title='bbox 1018 1821 1138 1855; x_wconf 80' lang='lat' dir='ltr'><strong>colligit,</strong></span> <span class='ocrx_word' id='word_1_467' title='bbox 1163 1825 1225 1848; x_wconf 88' lang='lat' dir='ltr'><strong>cst:</strong></span> <span class='ocrx_word' id='word_1_468' title='bbox 1249 1821 1491 1848; x_wconf 66' lang='lat' dir='ltr'><strong>Marmacterioncm</strong></span> <span class='ocrx_word' id='word_1_469' title='bbox 1522 1821 1712 1848; x_wconf 82' lang='lat' dir='ltr'><strong>Bocdromioni</strong></span> 
     </span>
    </p>
   </div>
   <div class='ocr_carea' id='block_1_84' title="bbox 929 1866 1713 1901">
    <p class='ocr_par' dir='ltr' id='par_1_84' title="bbox 929 1866 1713 1901">
     <span class='ocr_line' id='line_1_84' title="bbox 929 1866 1713 1901; baseline 0.001 -8"><span class='ocrx_word' id='word_1_470' title='bbox 929 1866 1081 1901; x_wconf 75' lang='lat' dir='ltr'><strong>proximum</strong></span> <span class='ocrx_word' id='word_1_471' title='bbox 1096 1873 1174 1899; x_wconf 89' lang='lat' dir='ltr'><strong>esse;</strong></span> <span class='ocrx_word' id='word_1_472' title='bbox 1190 1873 1252 1893; x_wconf 88' lang='lat' dir='ltr'><strong>nam</strong></span> <span class='ocrx_word' id='word_1_473' title='bbox 1270 1867 1376 1901; x_wconf 89' lang='lat' dir='ltr'><strong>quoties</strong></span> <span class='ocrx_word' id='word_1_474' title='bbox 1399 1866 1468 1894; x_wconf 87' lang='lat' dir='ltr'><strong>duos</strong></span> <span class='ocrx_word' id='word_1_475' title='bbox 1488 1874 1596 1894; x_wconf 90' lang='lat' dir='ltr'><strong>menses</strong></span> <span class='ocrx_word' id='word_1_476' title='bbox 1615 1867 1653 1894; x_wconf 91' lang='lat' dir='ltr'><strong>ita</strong></span> <span class='ocrx_word' id='word_1_477' title='bbox 1668 1874 1713 1894; x_wconf 91' lang='lat' dir='ltr'><strong>c0-</strong></span> 
     </span>
    </p>
   </div>
   <div class='ocr_carea' id='block_1_85' title="bbox 928 1901 1711 1946">
    <p class='ocr_par' dir='ltr' id='par_1_85' title="bbox 928 1901 1711 1946">
     <span class='ocr_line' id='line_1_85' title="bbox 928 1901 1711 1946; baseline 0.001 -8"><span class='ocrx_word' id='word_1_478' title='bbox 928 1912 1017 1946; x_wconf 87' lang='lat' dir='ltr'><strong>pulat,</strong></span> <span class='ocrx_word' id='word_1_479' title='bbox 1036 1916 1065 1938; x_wconf 93' lang='lat' dir='ltr'><strong>ut</strong></span> <span class='ocrx_word' id='word_1_480' title='bbox 1085 1911 1187 1946; x_wconf 90' lang='lat' dir='ltr'><strong>aliquid</strong></span> <span class='ocrx_word' id='word_1_481' title='bbox 1210 1913 1360 1946; x_wconf 65' lang='lat' dir='ltr'><strong>pratsertim</strong></span> <span class='ocrx_word' id='word_1_482' title='bbox 1381 1912 1454 1940; x_wconf 81' lang='lat' dir='ltr'><strong>circa</strong></span> <span class='ocrx_word' id='word_1_483' title='bbox 1476 1901 1585 1946; x_wconf 72' lang='lat' dir='ltr'><strong>tempus</strong></span> <span class='ocrx_word' id='word_1_484' title='bbox 1608 1918 1711 1940; x_wconf 88' lang='lat' dir='ltr'><strong>certutn</strong></span> 
     </span>
    </p>
   </div>
   <div class='ocr_carea' id='block_1_86' title="bbox 929 1958 1708 1991">
    <p class='ocr_par' dir='ltr' id='par_1_86' title="bbox 929 1958 1708 1991">
     <span class='ocr_line' id='line_1_86' title="bbox 929 1958 1708 1991; baseline 0.001 -6"><span class='ocrx_word' id='word_1_485' title='bbox 929 1958 1052 1986; x_wconf 84' lang='lat' dir='ltr'><strong>accidere</strong></span> <span class='ocrx_word' id='word_1_486' title='bbox 1067 1958 1120 1986; x_wconf 87' lang='lat' dir='ltr'><strong>illis</strong></span> <span class='ocrx_word' id='word_1_487' title='bbox 1136 1959 1276 1986; x_wconf 85' lang='lat' dir='ltr'><strong>mensibus</strong></span> <span class='ocrx_word' id='word_1_488' title='bbox 1291 1959 1374 1991; x_wconf 85' lang='lat' dir='ltr'><strong>dicat,</strong></span> <span class='ocrx_word' id='word_1_489' title='bbox 1397 1959 1543 1986; x_wconf 88' lang='lat' dir='ltr'><strong>continuos</strong></span> <span class='ocrx_word' id='word_1_490' title='bbox 1557 1966 1617 1986; x_wconf 88' lang='lat' dir='ltr'><strong>esse</strong></span> <span class='ocrx_word' id='word_1_491' title='bbox 1633 1966 1708 1986; x_wconf 89' lang='lat' dir='ltr'><strong>men-</strong></span> 
     </span>
    </p>
   </div>
   <div class='ocr_carea' id='block_1_87' title="bbox 928 2004 1712 2040">
    <p class='ocr_par' dir='ltr' id='par_1_87' title="bbox 928 2004 1712 2040">
     <span class='ocr_line' id='line_1_87' title="bbox 928 2004 1712 2040; baseline -0.001 -9"><span class='ocrx_word' id='word_1_492' title='bbox 928 2012 973 2032; x_wconf 86' lang='lat' dir='ltr'><strong>ses</strong></span> <span class='ocrx_word' id='word_1_493' title='bbox 987 2004 1115 2031; x_wconf 88' lang='lat' dir='ltr'><strong>ostendit.</strong></span> <span class='ocrx_word' id='word_1_494' title='bbox 1133 2004 1170 2031; x_wconf 86' lang='lat' dir='ltr'><strong>lta</strong></span> <span class='ocrx_word' id='word_1_495' title='bbox 1189 2011 1251 2031; x_wconf 93' lang='lat' dir='ltr'><strong>cum</strong></span> <span class='ocrx_word' id='word_1_496' title='bbox 1271 2004 1304 2031; x_wconf 87' lang='lat' dir='ltr'><strong>de</strong></span> <span class='ocrx_word' id='word_1_497' title='bbox 1319 2004 1406 2031; x_wconf 90' lang='lat' dir='ltr'><strong>bobus</strong></span> <span class='ocrx_word' id='word_1_498' title='bbox 1423 2005 1479 2039; x_wconf 80' lang='lat' dir='ltr'><strong>agit</strong></span> <span class='ocrx_word' id='word_1_499' title='bbox 1495 2013 1501 2031; x_wconf 91' lang='lat'>:</span> <span class='ocrx_word' id='word_1_500' title='bbox 1517 2004 1646 2040; x_wconf 80' lang='grc' dir='ltr'><strong>ἄρχονται</strong></span> <span class='ocrx_word' id='word_1_501' title='bbox 1663 2005 1712 2039; x_wconf 81' lang='grc' dir='ltr'><strong>τῆς</strong></span> 
     </span>
    </p>
   </div>
   <div class='ocr_carea' id='block_1_88' title="bbox 928 2049 1712 2084">
    <p class='ocr_par' dir='ltr' id='par_1_88' title="bbox 928 2049 1712 2084">
     <span class='ocr_line' id='line_1_88' title="bbox 928 2049 1712 2084; baseline 0 -9"><span class='ocrx_word' id='word_1_502' title='bbox 928 2050 1018 2084; x_wconf 76' lang='grc' dir='ltr'><strong>ὀχείας</strong></span> <span class='ocrx_word' id='word_1_503' title='bbox 1037 2051 1064 2076; x_wconf 83' lang='grc' dir='ltr'><strong>αἱ</strong></span> <span class='ocrx_word' id='word_1_504' title='bbox 1081 2049 1144 2084; x_wconf 81' lang='grc' dir='ltr'><strong>βοῦς</strong></span> <span class='ocrx_word' id='word_1_505' title='bbox 1158 2050 1222 2084; x_wconf 78' lang='grc' dir='ltr'>περὶ</span> <span class='ocrx_word' id='word_1_506' title='bbox 1237 2049 1283 2076; x_wconf 84' lang='grc' dir='ltr'><strong>τὸν</strong></span> <span class='ocrx_word' id='word_1_507' title='bbox 1295 2049 1475 2084; x_wconf 75' lang='grc' dir='ltr'><strong>Θαργηλιῶνα</strong></span> <span class='ocrx_word' id='word_1_508' title='bbox 1489 2049 1561 2084; x_wconf 80' lang='grc' dir='ltr'><strong>μῆνα</strong></span> <span class='ocrx_word' id='word_1_509' title='bbox 1574 2050 1620 2076; x_wconf 79' lang='lat' dir='ltr'><strong>xa‘t</strong></span> <span class='ocrx_word' id='word_1_510' title='bbox 1631 2050 1712 2084; x_wconf 72' lang='grc' dir='ltr'>Σκιρ-</span> 
     </span>
    </p>
   </div>
   <div class='ocr_carea' id='block_1_89' title="bbox 930 2094 1712 2130">
    <p class='ocr_par' dir='ltr' id='par_1_89' title="bbox 930 2094 1712 2130">
     <span class='ocr_line' id='line_1_89' title="bbox 930 2094 1712 2130; baseline -0.001 -9"><span class='ocrx_word' id='word_1_511' title='bbox 930 2094 1093 2130; x_wconf 73' lang='grc' dir='ltr'><strong>ῥοφθριῶνα.</strong></span> <span class='ocrx_word' id='word_1_512' title='bbox 1121 2094 1205 2121; x_wconf 80' lang='lat' dir='ltr'><strong>Multo</strong></span> <span class='ocrx_word' id='word_1_513' title='bbox 1231 2095 1328 2129; x_wconf 81' lang='lat' dir='ltr'><strong>magis,</strong></span> <span class='ocrx_word' id='word_1_514' title='bbox 1357 2101 1420 2121; x_wconf 87' lang='lat' dir='ltr'><strong>cum</strong></span> <span class='ocrx_word' id='word_1_515' title='bbox 1449 2100 1577 2128; x_wconf 57' lang='lat' dir='ltr'><strong>praetcrea</strong></span> <span class='ocrx_word' id='word_1_516' title='bbox 1610 2099 1712 2121; x_wconf 85' lang='lat' dir='ltr'><strong>certum</strong></span> 
     </span>
    </p>
   </div>
   <div class='ocr_carea' id='block_1_90' title="bbox 928 2139 1713 2175">
    <p class='ocr_par' dir='ltr' id='par_1_90' title="bbox 928 2139 1713 2175">
     <span class='ocr_line' id='line_1_90' title="bbox 928 2139 1713 2175; baseline 0 -9"><span class='ocrx_word' id='word_1_517' title='bbox 928 2145 1033 2174; x_wconf 90' lang='lat' dir='ltr'><strong>tempus</strong></span> <span class='ocrx_word' id='word_1_518' title='bbox 1046 2144 1073 2166; x_wconf 93' lang='lat' dir='ltr'><strong>et</strong></span> <span class='ocrx_word' id='word_1_519' title='bbox 1085 2140 1220 2166; x_wconf 86' lang='lat' dir='ltr'><strong>cardinem</strong></span> <span class='ocrx_word' id='word_1_520' title='bbox 1237 2139 1376 2174; x_wconf 42' lang='lat' dir='ltr'><strong>adjungit,</strong></span> <span class='ocrx_word' id='word_1_521' title='bbox 1403 2144 1432 2166; x_wconf 90' lang='lat' dir='ltr'><strong>ut</strong></span> <span class='ocrx_word' id='word_1_522' title='bbox 1456 2140 1520 2175; x_wconf 80' lang='grc' dir='ltr'><strong>περὶ</strong></span> <span class='ocrx_word' id='word_1_523' title='bbox 1545 2139 1663 2174; x_wconf 75' lang='grc' dir='ltr'><strong>τροπάς,</strong></span> <span class='ocrx_word' id='word_1_524' title='bbox 1685 2144 1713 2166; x_wconf 85' lang='lat' dir='ltr'><strong>et</strong></span> 
     </span>
    </p>
   </div>
   <div class='ocr_carea' id='block_1_91' title="bbox 929 2184 1711 2221">
    <p class='ocr_par' dir='ltr' id='par_1_91' title="bbox 929 2184 1711 2221">
     <span class='ocr_line' id='line_1_91' title="bbox 929 2184 1711 2221; baseline 0.001 -11"><span class='ocrx_word' id='word_1_525' title='bbox 929 2184 993 2220; x_wconf 70' lang='grc' dir='ltr'><strong>περὶ</strong></span> <span class='ocrx_word' id='word_1_526' title='bbox 1020 2185 1066 2211; x_wconf 77' lang='grc' dir='ltr'><strong>τὸν</strong></span> <span class='ocrx_word' id='word_1_527' title='bbox 1097 2185 1268 2221; x_wconf 75' lang='grc' dir='ltr'><strong>Ἀρκτοῦρον.</strong></span> <span class='ocrx_word' id='word_1_528' title='bbox 1296 2184 1365 2211; x_wconf 86' lang='lat' dir='ltr'><strong>Tum</strong></span> <span class='ocrx_word' id='word_1_529' title='bbox 1394 2184 1466 2211; x_wconf 84' lang='lat' dir='ltr'><strong>enim</strong></span> <span class='ocrx_word' id='word_1_530' title='bbox 1503 2186 1646 2220; x_wconf 78' lang='grc' dir='ltr'>προσεχεῖς</span> <span class='ocrx_word' id='word_1_531' title='bbox 1673 2185 1711 2211; x_wconf 89' lang='lat' dir='ltr'><strong>illi</strong></span> 
     </span>
    </p>
   </div>
   <div class='ocr_carea' id='block_1_92' title="bbox 96 2226 878 2264">
    <p class='ocr_par' dir='ltr' id='par_1_92' title="bbox 96 2226 875 2264">
     <span class='ocr_line' id='line_1_92' title="bbox 96 2226 875 2264; baseline -0.009 -6"><span class='ocrx_word' id='word_1_532' title='bbox 96 2232 216 2259; x_wconf 89' lang='lat' dir='ltr'><strong>monium</strong></span> <span class='ocrx_word' id='word_1_533' title='bbox 236 2230 366 2264; x_wconf 73' lang='lat' dir='ltr'><strong>excipias,</strong></span> <span class='ocrx_word' id='word_1_534' title='bbox 384 2229 457 2256; x_wconf 73' lang='lat' dir='ltr'><strong>irrita</strong></span> <span class='ocrx_word' id='word_1_535' title='bbox 479 2233 543 2255; x_wconf 89' lang='lat' dir='ltr'><strong>sunt</strong></span> <span class='ocrx_word' id='word_1_536' title='bbox 565 2233 590 2254; x_wconf 89' lang='lat' dir='ltr'><strong>et</strong></span> <span class='ocrx_word' id='word_1_537' title='bbox 605 2227 706 2254; x_wconf 87' lang='lat' dir='ltr'><strong>inania.</strong></span> <span class='ocrx_word' id='word_1_538' title='bbox 725 2226 771 2254; x_wconf 89' lang='lat' dir='ltr'><strong>Sic</strong></span> <span class='ocrx_word' id='word_1_539' title='bbox 785 2231 875 2253; x_wconf 87' lang='lat' dir='ltr'><strong>autem</strong></span> 
     </span>
    </p>
   </div>
   <div class='ocr_carea' id='block_1_93' title="bbox 931 2226 1713 2264">
    <p class='ocr_par' dir='ltr' id='par_1_93' title="bbox 931 2230 1713 2264">
     <span class='ocr_line' id='line_1_93' title="bbox 931 2230 1713 2264; baseline 0 -8"><span class='ocrx_word' id='word_1_540' title='bbox 931 2238 1038 2258; x_wconf 79' lang='lat' dir='ltr'><strong>menses</strong></span> <span class='ocrx_word' id='word_1_541' title='bbox 1060 2231 1175 2258; x_wconf 85' lang='lat' dir='ltr'><strong>habendi</strong></span> <span class='ocrx_word' id='word_1_542' title='bbox 1201 2234 1274 2258; x_wconf 89' lang='lat' dir='ltr'><strong>sunt.</strong></span> <span class='ocrx_word' id='word_1_543' title='bbox 1303 2230 1435 2258; x_wconf 52' lang='lat' dir='ltr'><strong>Praeterea</strong></span> <span class='ocrx_word' id='word_1_544' title='bbox 1461 2230 1508 2258; x_wconf 87' lang='lat' dir='ltr'><strong>lib.</strong></span> <span class='ocrx_word' id='word_1_545' title='bbox 1532 2238 1558 2257; x_wconf 88' lang='lat' dir='ltr'><strong>vt</strong></span> <span class='ocrx_word' id='word_1_546' title='bbox 1572 2251 1579 2262; x_wconf 93' lang='lat'><strong>,</strong></span> <span class='ocrx_word' id='word_1_547' title='bbox 1600 2237 1659 2264; x_wconf 87' lang='lat' dir='ltr'><strong>cap.</strong></span> <span class='ocrx_word' id='word_1_548' title='bbox 1680 2230 1713 2256; x_wconf 73' lang='lat'><strong>12</strong></span> 
     </span>
    </p>
   </div>
   <div class='ocr_carea' id='block_1_94' title="bbox 96 2272 875 2310">
    <p class='ocr_par' dir='ltr' id='par_1_94' title="bbox 96 2272 875 2310">
     <span class='ocr_line' id='line_1_94' title="bbox 96 2272 875 2310; baseline -0.008 -6"><span class='ocrx_word' id='word_1_549' title='bbox 96 2278 273 2304; x_wconf 84' lang='lat' dir='ltr'><strong>ratiocinatur</strong></span> <span class='ocrx_word' id='word_1_550' title='bbox 298 2283 305 2300; x_wconf 74' lang='grc' dir='ltr'>ε</span> <span class='ocrx_word' id='word_1_551' title='bbox 335 2274 521 2310; x_wconf 78' lang='lat' dir='ltr'><strong>Pyancpsion,</strong></span> <span class='ocrx_word' id='word_1_552' title='bbox 551 2279 592 2308; x_wconf 48' lang='lat' dir='ltr'><strong>ut,</strong></span> <span class='ocrx_word' id='word_1_553' title='bbox 609 2277 705 2300; x_wconf 89' lang='lat' dir='ltr'><strong>auctor</strong></span> <span class='ocrx_word' id='word_1_554' title='bbox 732 2277 774 2299; x_wconf 86' lang='lat' dir='ltr'><strong>est</strong></span> <span class='ocrx_word' id='word_1_555' title='bbox 805 2272 875 2298; x_wconf 85' lang='lat' dir='ltr'><strong>l‘lut.</strong></span> 
     </span>
    </p>
   </div>
   <div class='ocr_carea' id='block_1_95' title="bbox 97 2317 876 2354">
    <p class='ocr_par' dir='ltr' id='par_1_95' title="bbox 97 2317 876 2354">
     <span class='ocr_line' id='line_1_95' title="bbox 97 2317 876 2354; baseline -0.008 -6"><span class='ocrx_word' id='word_1_556' title='bbox 97 2321 184 2348; x_wconf 71' lang='lat' dir='ltr'><strong>Tum.</strong></span> <span class='ocrx_word' id='word_1_557' title='bbox 199 2321 232 2347; x_wconf 81' lang='lat' dir='ltr'><strong>de</strong></span> <span class='ocrx_word' id='word_1_558' title='bbox 248 2319 330 2352; x_wconf 74' lang='lat' dir='ltr'><strong>Iside,</strong></span> <span class='ocrx_word' id='word_1_559' title='bbox 346 2319 472 2354; x_wconf 83' lang='lat' dir='ltr'><strong>congruit</strong></span> <span class='ocrx_word' id='word_1_560' title='bbox 486 2318 580 2353; x_wconf 87' lang='lat' dir='ltr'><strong>Athyr,</strong></span> <span class='ocrx_word' id='word_1_561' title='bbox 599 2318 650 2344; x_wconf 86' lang='lat' dir='ltr'><strong>hoc</strong></span> <span class='ocrx_word' id='word_1_562' title='bbox 664 2322 705 2345; x_wconf 82' lang='lat' dir='ltr'><strong>est</strong></span> <span class='ocrx_word' id='word_1_563' title='bbox 718 2317 876 2344; x_wconf 80' lang='lat' dir='ltr'><strong>Novembri.</strong></span> 
     </span>
    </p>
   </div>
   <div class='ocr_carea' id='block_1_96' title="bbox 96 2362 877 2397">
    <p class='ocr_par' dir='ltr' id='par_1_96' title="bbox 96 2362 877 2397">
     <span class='ocr_line' id='line_1_96' title="bbox 96 2362 877 2397; baseline -0.006 -3"><span class='ocrx_word' id='word_1_564' title='bbox 96 2367 228 2394; x_wconf 75' lang='lat' dir='ltr'><strong>Posidcon</strong></span> <span class='ocrx_word' id='word_1_565' title='bbox 245 2369 390 2393; x_wconf 83' lang='lat' dir='ltr'><strong>autemest</strong></span> <span class='ocrx_word' id='word_1_566' title='bbox 414 2364 570 2397; x_wconf 83' lang='lat' dir='ltr'><strong>Januarius,</strong></span> <span class='ocrx_word' id='word_1_567' title='bbox 588 2369 616 2391; x_wconf 89' lang='lat' dir='ltr'><strong>ut</strong></span> <span class='ocrx_word' id='word_1_568' title='bbox 638 2363 709 2390; x_wconf 84' lang='lat' dir='ltr'><strong>Plut.</strong></span> <span class='ocrx_word' id='word_1_569' title='bbox 728 2363 754 2389; x_wconf 92' lang='lat' dir='ltr'><strong>in</strong></span> <span class='ocrx_word' id='word_1_570' title='bbox 773 2362 877 2390; x_wconf 66' lang='lat' dir='ltr'><strong>(lauare</strong></span> 
     </span>
    </p>
   </div>
   <div class='ocr_carea' id='block_1_97' title="bbox 95 2408 878 2445">
    <p class='ocr_par' dir='ltr' id='par_1_97' title="bbox 95 2408 878 2445">
     <span class='ocr_line' id='line_1_97' title="bbox 95 2408 878 2445; baseline -0.008 -5"><span class='ocrx_word' id='word_1_571' title='bbox 95 2414 207 2444; x_wconf 72' lang='lat' dir='ltr'><strong>scribit;</strong></span> <span class='ocrx_word' id='word_1_572' title='bbox 224 2420 285 2439; x_wconf 89' lang='lat' dir='ltr'><strong>cum</strong></span> <span class='ocrx_word' id='word_1_573' title='bbox 301 2419 406 2445; x_wconf 84' lang='lat' dir='ltr'><strong>semper</strong></span> <span class='ocrx_word' id='word_1_574' title='bbox 423 2416 484 2445; x_wconf 88' lang='lat' dir='ltr'><strong>post</strong></span> <span class='ocrx_word' id='word_1_575' title='bbox 501 2411 624 2437; x_wconf 87' lang='lat' dir='ltr'><strong>brumam</strong></span> <span class='ocrx_word' id='word_1_576' title='bbox 641 2408 763 2443; x_wconf 88' lang='lat' dir='ltr'><strong>incipiat.</strong></span> <span class='ocrx_word' id='word_1_577' title='bbox 790 2409 878 2442; x_wconf 89' lang='lat' dir='ltr'><strong>Atque</strong></span> 
     </span>
    </p>
   </div>
   <div class='ocr_carea' id='block_1_98' title="bbox 96 2453 877 2487">
    <p class='ocr_par' dir='ltr' id='par_1_98' title="bbox 96 2453 877 2487">
     <span class='ocr_line' id='line_1_98' title="bbox 96 2453 877 2487; baseline -0.012 1"><span class='ocrx_word' id='word_1_578' title='bbox 96 2459 165 2487; x_wconf 82' lang='lat' dir='ltr'><strong>idem</strong></span> <span class='ocrx_word' id='word_1_579' title='bbox 183 2458 254 2484; x_wconf 80' lang='lat' dir='ltr'><strong>l‘lut.</strong></span> <span class='ocrx_word' id='word_1_580' title='bbox 271 2455 297 2482; x_wconf 88' lang='lat' dir='ltr'><strong>in</strong></span> <span class='ocrx_word' id='word_1_581' title='bbox 314 2457 428 2483; x_wconf 69' lang='lat' dir='ltr'><strong>Damst.</strong></span> <span class='ocrx_word' id='word_1_582' title='bbox 444 2460 499 2482; x_wconf 89' lang='lat' dir='ltr'><strong>tres</strong></span> <span class='ocrx_word' id='word_1_583' title='bbox 514 2456 585 2483; x_wconf 67' lang='lat' dir='ltr'><strong>istos</strong></span> <span class='ocrx_word' id='word_1_584' title='bbox 603 2462 712 2481; x_wconf 80' lang='lat' dir='ltr'><strong>menses</strong></span> <span class='ocrx_word' id='word_1_585' title='bbox 725 2453 877 2485; x_wconf 82' lang='lat' dir='ltr'><strong>continuat,</strong></span> 
     </span>
    </p>
   </div>
   <div class='ocr_carea' id='block_1_99' title="bbox 96 2498 877 2538">
    <p class='ocr_par' dir='ltr' id='par_1_99' title="bbox 96 2498 877 2538">
     <span class='ocr_line' id='line_1_99' title="bbox 96 2498 877 2538; baseline -0.009 -7"><span class='ocrx_word' id='word_1_586' title='bbox 96 2503 335 2538; x_wconf 72' lang='lat' dir='ltr'><strong>Metagituionem,</strong></span> <span class='ocrx_word' id='word_1_587' title='bbox 371 2500 614 2531; x_wconf 85' lang='lat' dir='ltr'><strong>Bocdromiouem,</strong></span> <span class='ocrx_word' id='word_1_588' title='bbox 649 2498 877 2534; x_wconf 81' lang='lat' dir='ltr'><strong>Pyanepsionem.</strong></span> 
     </span>
    </p>
   </div>
   <div class='ocr_carea' id='block_1_100' title="bbox 96 2543 880 2583">
    <p class='ocr_par' dir='ltr' id='par_1_100' title="bbox 96 2543 880 2583">
     <span class='ocr_line' id='line_1_100' title="bbox 96 2543 880 2583; baseline -0.009 -7"><span class='ocrx_word' id='word_1_589' title='bbox 96 2550 162 2577; x_wconf 81' lang='lat' dir='ltr'><strong>Cum</strong></span> <span class='ocrx_word' id='word_1_590' title='bbox 185 2549 266 2583; x_wconf 74' lang='lat' dir='ltr'><strong>igitur</strong></span> <span class='ocrx_word' id='word_1_591' title='bbox 284 2553 310 2574; x_wconf 91' lang='lat' dir='ltr'><strong>ct</strong></span> <span class='ocrx_word' id='word_1_592' title='bbox 335 2547 503 2582; x_wconf 82' lang='lat' dir='ltr'><strong>Pyaucpsion</strong></span> <span class='ocrx_word' id='word_1_593' title='bbox 522 2546 557 2572; x_wconf 89' lang='lat' dir='ltr'><strong>sit</strong></span> <span class='ocrx_word' id='word_1_594' title='bbox 575 2544 735 2575; x_wconf 72' lang='lat' dir='ltr'><strong>November,</strong></span> <span class='ocrx_word' id='word_1_595' title='bbox 759 2549 786 2572; x_wconf 90' lang='lat' dir='ltr'><strong>ct</strong></span> <span class='ocrx_word' id='word_1_596' title='bbox 801 2543 880 2570; x_wconf 83' lang='lat' dir='ltr'><strong>Posi-</strong></span> 
     </span>
    </p>
   </div>
   <div class='ocr_carea' id='block_1_101' title="bbox 97 2591 878 2625">
    <p class='ocr_par' dir='ltr' id='par_1_101' title="bbox 97 2591 878 2625">
     <span class='ocr_line' id='line_1_101' title="bbox 97 2591 878 2625; baseline -0.008 -4"><span class='ocrx_word' id='word_1_597' title='bbox 97 2596 164 2622; x_wconf 82' lang='lat' dir='ltr'><strong>dcou</strong></span> <span class='ocrx_word' id='word_1_598' title='bbox 187 2594 352 2624; x_wconf 83' lang='lat' dir='ltr'><strong>.lauuarius,</strong></span> <span class='ocrx_word' id='word_1_599' title='bbox 369 2593 459 2619; x_wconf 90' lang='lat' dir='ltr'><strong>nullus</strong></span> <span class='ocrx_word' id='word_1_600' title='bbox 475 2592 545 2619; x_wconf 87' lang='lat' dir='ltr'><strong>alius</strong></span> <span class='ocrx_word' id='word_1_601' title='bbox 569 2591 710 2618; x_wconf 80' lang='lat' dir='ltr'><strong>Decembri</strong></span> <span class='ocrx_word' id='word_1_602' title='bbox 729 2597 878 2625; x_wconf 83' lang='lat' dir='ltr'><strong>congruere</strong></span> 
     </span>
    </p>
   </div>
   <div class='ocr_carea' id='block_1_102' title="bbox 99 2635 880 2674">
    <p class='ocr_par' dir='ltr' id='par_1_102' title="bbox 99 2635 880 2674">
     <span class='ocr_line' id='line_1_102' title="bbox 99 2635 880 2674; baseline -0.006 -8"><span class='ocrx_word' id='word_1_603' title='bbox 99 2645 185 2673; x_wconf 83' lang='lat' dir='ltr'><strong>potest</strong></span> <span class='ocrx_word' id='word_1_604' title='bbox 206 2645 302 2674; x_wconf 71' lang='lat' dir='ltr'><strong>pnetcr</strong></span> <span class='ocrx_word' id='word_1_605' title='bbox 327 2638 578 2665; x_wconf 68' lang='lat' dir='ltr'><strong>Mzcmactcrionem.</strong></span> <span class='ocrx_word' id='word_1_606' title='bbox 603 2637 642 2663; x_wconf 84' lang='lat' dir='ltr'><strong>Ad</strong></span> <span class='ocrx_word' id='word_1_607' title='bbox 665 2637 721 2663; x_wconf 71' lang='lat' dir='ltr'><strong>hate</strong></span> <span class='ocrx_word' id='word_1_608' title='bbox 746 2635 880 2662; x_wconf 86' lang='lat' dir='ltr'><strong>Diodorus</strong></span> 
     </span>
    </p>
   </div>
   <div class='ocr_carea' id='block_1_103' title="bbox 97 2681 878 2713">
    <p class='ocr_par' dir='ltr' id='par_1_103' title="bbox 97 2681 878 2713">
     <span class='ocr_line' id='line_1_103' title="bbox 97 2681 878 2713; baseline -0.006 -1"><span class='ocrx_word' id='word_1_609' title='bbox 97 2686 143 2713; x_wconf 82' lang='lat' dir='ltr'><strong>lih.</strong></span> <span class='ocrx_word' id='word_1_610' title='bbox 161 2694 190 2712; x_wconf 94' lang='grc' dir='ltr'><strong>ιιι</strong></span> <span class='ocrx_word' id='word_1_611' title='bbox 219 2685 358 2712; x_wconf 90' lang='lat' dir='ltr'><strong>continuat</strong></span> <span class='ocrx_word' id='word_1_612' title='bbox 372 2684 421 2710; x_wconf 88' lang='lat' dir='ltr'><strong>hos</strong></span> <span class='ocrx_word' id='word_1_613' title='bbox 433 2683 502 2710; x_wconf 79' lang='lat' dir='ltr'><strong>duos</strong></span> <span class='ocrx_word' id='word_1_614' title='bbox 514 2691 620 2710; x_wconf 82' lang='lat' dir='ltr'><strong>menses</strong></span> <span class='ocrx_word' id='word_1_615' title='bbox 634 2681 878 2709; x_wconf 66' lang='lat' dir='ltr'><strong>Mwntacterioncm</strong></span> 
     </span>
    </p>
   </div>
   <div class='ocr_carea' id='block_1_104' title="bbox 97 2729 326 2758">
    <p class='ocr_par' dir='ltr' id='par_1_104' title="bbox 97 2729 326 2758">
     <span class='ocr_line' id='line_1_104' title="bbox 97 2729 326 2758; baseline -0.013 0"><span class='ocrx_word' id='word_1_616' title='bbox 97 2734 123 2758; x_wconf 87' lang='lat' dir='ltr'><strong>et</strong></span> <span class='ocrx_word' id='word_1_617' title='bbox 138 2729 326 2757; x_wconf 80' lang='lat' dir='ltr'><strong>Posideonem.</strong></span> 
     </span>
    </p>
   </div>
   <div class='ocr_carea' id='block_1_105' title="bbox 132 2773 879 2810">
    <p class='ocr_par' dir='ltr' id='par_1_105' title="bbox 132 2773 879 2810">
     <span class='ocr_line' id='line_1_105' title="bbox 132 2773 879 2810; baseline -0.004 -7"><span class='ocrx_word' id='word_1_618' title='bbox 132 2776 184 2803; x_wconf 83' lang='lat' dir='ltr'><strong>Sed</strong></span> <span class='ocrx_word' id='word_1_619' title='bbox 207 2775 341 2810; x_wconf 73' lang='lat' dir='ltr'><strong>ejusmodi</strong></span> <span class='ocrx_word' id='word_1_620' title='bbox 356 2780 396 2802; x_wconf 91' lang='lat' dir='ltr'><strong>est</strong></span> <span class='ocrx_word' id='word_1_621' title='bbox 414 2775 484 2802; x_wconf 86' lang='lat' dir='ltr'><strong>ratio</strong></span> <span class='ocrx_word' id='word_1_622' title='bbox 506 2774 606 2808; x_wconf 71' lang='lat' dir='ltr'><strong>Sealig.</strong></span> <span class='ocrx_word' id='word_1_623' title='bbox 621 2779 650 2801; x_wconf 93' lang='lat' dir='ltr'><strong>ut</strong></span> <span class='ocrx_word' id='word_1_624' title='bbox 663 2773 696 2800; x_wconf 86' lang='lat' dir='ltr'><strong>ad</strong></span> <span class='ocrx_word' id='word_1_625' title='bbox 711 2779 879 2801; x_wconf 83' lang='lat' dir='ltr'><strong>contrariam</strong></span> 
     </span>
    </p>
   </div>
   <div class='ocr_carea' id='block_1_106' title="bbox 97 2819 879 2855">
    <p class='ocr_par' dir='ltr' id='par_1_106' title="bbox 97 2819 879 2855">
     <span class='ocr_line' id='line_1_106' title="bbox 97 2819 879 2855; baseline -0.004 -6"><span class='ocrx_word' id='word_1_626' title='bbox 97 2821 176 2849; x_wconf 73' lang='lat' dir='ltr'><strong>Gazae</strong></span> <span class='ocrx_word' id='word_1_627' title='bbox 199 2821 361 2849; x_wconf 77' lang='lat' dir='ltr'><strong>sententiam</strong></span> <span class='ocrx_word' id='word_1_628' title='bbox 386 2820 588 2855; x_wconf 66' lang='lat' dir='ltr'><strong>approbat-dam</strong></span> <span class='ocrx_word' id='word_1_629' title='bbox 617 2820 705 2854; x_wconf 82' lang='lat' dir='ltr'><strong>aptior</strong></span> <span class='ocrx_word' id='word_1_630' title='bbox 730 2819 879 2853; x_wconf 74' lang='lat' dir='ltr'><strong>excogitari</strong></span> 
     </span>
    </p>
   </div>
   <div class='ocr_carea' id='block_1_107' title="bbox 99 2865 879 2902">
    <p class='ocr_par' dir='ltr' id='par_1_107' title="bbox 99 2865 879 2902">
     <span class='ocr_line' id='line_1_107' title="bbox 99 2865 879 2902; baseline 0 -9"><span class='ocrx_word' id='word_1_631' title='bbox 99 2866 168 2895; x_wconf 85' lang='lat' dir='ltr'><strong>nulla</strong></span> <span class='ocrx_word' id='word_1_632' title='bbox 187 2867 285 2902; x_wconf 83' lang='lat' dir='ltr'><strong>possit.</strong></span> <span class='ocrx_word' id='word_1_633' title='bbox 300 2866 364 2894; x_wconf 67' lang='lat' dir='ltr'><strong>Nam</strong></span> <span class='ocrx_word' id='word_1_634' title='bbox 381 2866 402 2894; x_wconf 87' lang='lat' dir='ltr'><strong>si</strong></span> <span class='ocrx_word' id='word_1_635' title='bbox 419 2866 587 2902; x_wconf 71' lang='lat' dir='ltr'><strong>l‘yanepsion</strong></span> <span class='ocrx_word' id='word_1_636' title='bbox 600 2865 746 2893; x_wconf 82' lang='lat' dir='ltr'><strong>Novembri</strong></span> <span class='ocrx_word' id='word_1_637' title='bbox 765 2873 879 2901; x_wconf 77' lang='lat' dir='ltr'><strong>respon-</strong></span> 
     </span>
    </p>
   </div>
   <div class='ocr_carea' id='block_1_108' title="bbox 929 2275 1712 2310">
    <p class='ocr_par' dir='ltr' id='par_1_108' title="bbox 929 2275 1712 2310">
     <span class='ocr_line' id='line_1_108' title="bbox 929 2275 1712 2310; baseline -0.001 -8"><span class='ocrx_word' id='word_1_638' title='bbox 929 2275 1024 2303; x_wconf 85' lang='lat' dir='ltr'><strong>seribit</strong></span> <span class='ocrx_word' id='word_1_639' title='bbox 1043 2275 1114 2303; x_wconf 81' lang='lat' dir='ltr'><strong>idern</strong></span> <span class='ocrx_word' id='word_1_640' title='bbox 1141 2276 1302 2304; x_wconf 88' lang='lat' dir='ltr'><strong>Aristoteles</strong></span> <span class='ocrx_word' id='word_1_641' title='bbox 1320 2276 1497 2303; x_wconf 89' lang='lat' dir='ltr'><strong>imbecilliora</strong></span> <span class='ocrx_word' id='word_1_642' title='bbox 1520 2283 1634 2310; x_wconf 69' lang='lat' dir='ltr'><strong>quaeque</strong></span> <span class='ocrx_word' id='word_1_643' title='bbox 1656 2280 1712 2303; x_wconf 86' lang='lat' dir='ltr'><strong>tam</strong></span> 
     </span>
    </p>
   </div>
   <div class='ocr_carea' id='block_1_109' title="bbox 930 2320 1699 2356">
    <p class='ocr_par' dir='ltr' id='par_1_109' title="bbox 930 2320 1699 2356">
     <span class='ocr_line' id='line_1_109' title="bbox 930 2320 1699 2356; baseline -0.001 -8"><span class='ocrx_word' id='word_1_644' title='bbox 930 2321 956 2348; x_wconf 90' lang='lat' dir='ltr'><strong>in</strong></span> <span class='ocrx_word' id='word_1_645' title='bbox 976 2321 1101 2356; x_wconf 88' lang='lat' dir='ltr'><strong>piscium,</strong></span> <span class='ocrx_word' id='word_1_646' title='bbox 1117 2328 1198 2356; x_wconf 91' lang='lat' dir='ltr'><strong>quam</strong></span> <span class='ocrx_word' id='word_1_647' title='bbox 1222 2321 1248 2347; x_wconf 91' lang='lat' dir='ltr'><strong>in</strong></span> <span class='ocrx_word' id='word_1_648' title='bbox 1271 2321 1361 2348; x_wconf 77' lang='lat' dir='ltr'><strong>arium</strong></span> <span class='ocrx_word' id='word_1_649' title='bbox 1387 2328 1485 2356; x_wconf 79' lang='lat' dir='ltr'><strong>genere</strong></span> <span class='ocrx_word' id='word_1_650' title='bbox 1502 2325 1644 2356; x_wconf 87' lang='lat' dir='ltr'><strong>appetente</strong></span> <span class='ocrx_word' id='word_1_651' title='bbox 1665 2320 1699 2347; x_wconf 74' lang='grc' dir='ltr'><strong>[τὶ</strong></span> 
     </span>
    </p>
   </div>
   <div class='ocr_carea' id='block_1_110' title="bbox 929 2366 1711 2402">
    <p class='ocr_par' dir='ltr' id='par_1_110' title="bbox 929 2366 1711 2402">
     <span class='ocr_line' id='line_1_110' title="bbox 929 2366 1711 2402; baseline 0 -8"><span class='ocrx_word' id='word_1_652' title='bbox 929 2375 994 2402; x_wconf 83' lang='lat' dir='ltr'><strong>gore</strong></span> <span class='ocrx_word' id='word_1_653' title='bbox 1014 2367 1088 2401; x_wconf 87' lang='lat' dir='ltr'><strong>pritts</strong></span> <span class='ocrx_word' id='word_1_654' title='bbox 1102 2366 1128 2393; x_wconf 91' lang='lat' dir='ltr'><strong>in</strong></span> <span class='ocrx_word' id='word_1_655' title='bbox 1144 2366 1329 2393; x_wconf 85' lang='lat' dir='ltr'><strong>commodiora</strong></span> <span class='ocrx_word' id='word_1_656' title='bbox 1346 2367 1403 2393; x_wconf 86' lang='lat' dir='ltr'><strong>loca</strong></span> <span class='ocrx_word' id='word_1_657' title='bbox 1424 2366 1551 2401; x_wconf 82' lang='lat' dir='ltr'><strong>migrare,</strong></span> <span class='ocrx_word' id='word_1_658' title='bbox 1569 2370 1599 2393; x_wconf 92' lang='lat' dir='ltr'><strong>ut</strong></span> <span class='ocrx_word' id='word_1_659' title='bbox 1617 2372 1711 2394; x_wconf 82' lang='lat' dir='ltr'><strong>cotur-</strong></span> 
     </span>
    </p>
   </div>
   <div class='ocr_carea' id='block_1_111' title="bbox 930 2410 1714 2447">
    <p class='ocr_par' dir='ltr' id='par_1_111' title="bbox 930 2410 1714 2447">
     <span class='ocr_line' id='line_1_111' title="bbox 930 2410 1714 2447; baseline 0.001 -9"><span class='ocrx_word' id='word_1_660' title='bbox 930 2413 1004 2439; x_wconf 88' lang='lat' dir='ltr'><strong>nices</strong></span> <span class='ocrx_word' id='word_1_661' title='bbox 1031 2416 1174 2446; x_wconf 87' lang='lat' dir='ltr'><strong>antequam</strong></span> <span class='ocrx_word' id='word_1_662' title='bbox 1190 2419 1270 2445; x_wconf 76' lang='lat' dir='ltr'><strong>grues</strong></span> <span class='ocrx_word' id='word_1_663' title='bbox 1285 2419 1291 2437; x_wconf 79' lang='lat'><strong>2</strong></span> <span class='ocrx_word' id='word_1_664' title='bbox 1308 2410 1343 2437; x_wconf 77' lang='grc' dir='ltr'><strong>τὰ</strong></span> <span class='ocrx_word' id='word_1_665' title='bbox 1359 2411 1408 2446; x_wconf 81' lang='grc' dir='ltr'><strong>μὲν</strong></span> <span class='ocrx_word' id='word_1_666' title='bbox 1420 2411 1474 2447; x_wconf 84' lang='grc' dir='ltr'>γὰρ</span> <span class='ocrx_word' id='word_1_667' title='bbox 1491 2411 1652 2447; x_wconf 76' lang='grc' dir='ltr'><strong>μεταϐάλλει</strong></span> <span class='ocrx_word' id='word_1_668' title='bbox 1666 2412 1714 2439; x_wconf 78' lang='grc' dir='ltr'><strong>τοῦ</strong></span> 
     </span>
    </p>
   </div>
   <div class='ocr_carea' id='block_1_112' title="bbox 930 2456 1715 2492">
    <p class='ocr_par' dir='ltr' id='par_1_112' title="bbox 930 2456 1715 2492">
     <span class='ocr_line' id='line_1_112' title="bbox 930 2456 1715 2492; baseline 0.003 -9"><span class='ocrx_word' id='word_1_669' title='bbox 930 2456 1149 2492; x_wconf 73' lang='grc' dir='ltr'><strong>Βοηδρομιῶνος,</strong></span> <span class='ocrx_word' id='word_1_670' title='bbox 1172 2456 1206 2482; x_wconf 78' lang='grc' dir='ltr'><strong>τὰ</strong></span> <span class='ocrx_word' id='word_1_671' title='bbox 1221 2456 1248 2482; x_wconf 82' lang='grc' dir='ltr'><strong>δὲ</strong></span> <span class='ocrx_word' id='word_1_672' title='bbox 1263 2456 1311 2482; x_wconf 82' lang='grc' dir='ltr'><strong>τοῦ</strong></span> <span class='ocrx_word' id='word_1_673' title='bbox 1327 2456 1583 2492; x_wconf 65' lang='grc' dir='ltr'><strong>Μαιμακτηριῶνος.</strong></span> <span class='ocrx_word' id='word_1_674' title='bbox 1597 2457 1631 2484; x_wconf 90' lang='lat' dir='ltr'><strong>At</strong></span> <span class='ocrx_word' id='word_1_675' title='bbox 1648 2465 1715 2485; x_wconf 83' lang='lat' dir='ltr'><strong>vero</strong></span> 
     </span>
    </p>
   </div>
   <div class='ocr_carea' id='block_1_113' title="bbox 931 2502 1711 2536">
    <p class='ocr_par' dir='ltr' id='par_1_113' title="bbox 931 2502 1711 2536">
     <span class='ocr_line' id='line_1_113' title="bbox 931 2502 1711 2536; baseline 0 -8"><span class='ocrx_word' id='word_1_676' title='bbox 931 2509 1010 2536; x_wconf 80' lang='lat' dir='ltr'><strong>grues</strong></span> <span class='ocrx_word' id='word_1_677' title='bbox 1027 2509 1119 2535; x_wconf 84' lang='lat' dir='ltr'><strong>mcus_e</strong></span> <span class='ocrx_word' id='word_1_678' title='bbox 1136 2502 1261 2536; x_wconf 80' lang='lat' dir='ltr'><strong>proximo</strong></span> <span class='ocrx_word' id='word_1_679' title='bbox 1283 2502 1318 2528; x_wconf 88' lang='lat' dir='ltr'><strong>ab</strong></span> <span class='ocrx_word' id='word_1_680' title='bbox 1340 2508 1382 2534; x_wconf 83' lang='lat' dir='ltr'><strong>eo,</strong></span> <span class='ocrx_word' id='word_1_681' title='bbox 1405 2509 1461 2535; x_wconf 81' lang='lat' dir='ltr'><strong>quo</strong></span> <span class='ocrx_word' id='word_1_682' title='bbox 1475 2502 1629 2530; x_wconf 89' lang='lat' dir='ltr'><strong>coturnices</strong></span> <span class='ocrx_word' id='word_1_683' title='bbox 1646 2511 1711 2529; x_wconf 71' lang='lat' dir='ltr'><strong>avo-</strong></span> 
     </span>
    </p>
   </div>
   <div class='ocr_carea' id='block_1_114' title="bbox 931 2546 1712 2582">
    <p class='ocr_par' dir='ltr' id='par_1_114' title="bbox 931 2546 1712 2582">
     <span class='ocr_line' id='line_1_114' title="bbox 931 2546 1712 2582; baseline 0 -9"><span class='ocrx_word' id='word_1_684' title='bbox 931 2547 996 2579; x_wconf 90' lang='lat' dir='ltr'><strong>lant,</strong></span> <span class='ocrx_word' id='word_1_685' title='bbox 1018 2547 1136 2582; x_wconf 77' lang='lat' dir='ltr'><strong>migrare</strong></span> <span class='ocrx_word' id='word_1_686' title='bbox 1158 2547 1305 2574; x_wconf 86' lang='lat' dir='ltr'><strong>cernimus.</strong></span> <span class='ocrx_word' id='word_1_687' title='bbox 1335 2546 1382 2574; x_wconf 78' lang='lat' dir='ltr'><strong>Est</strong></span> <span class='ocrx_word' id='word_1_688' title='bbox 1408 2547 1490 2582; x_wconf 74' lang='lat' dir='ltr'><strong>igitur</strong></span> <span class='ocrx_word' id='word_1_689' title='bbox 1513 2547 1712 2575; x_wconf 70' lang='lat' dir='ltr'><strong>Mmmacterion</strong></span> 
     </span>
    </p>
   </div>
   <div class='ocr_carea' id='block_1_115' title="bbox 930 2591 1712 2626">
    <p class='ocr_par' dir='ltr' id='par_1_115' title="bbox 930 2591 1712 2626">
     <span class='ocr_line' id='line_1_115' title="bbox 930 2591 1712 2626; baseline 0 -8"><span class='ocrx_word' id='word_1_690' title='bbox 930 2591 1121 2618; x_wconf 83' lang='lat' dir='ltr'><strong>Boedromioui</strong></span> <span class='ocrx_word' id='word_1_691' title='bbox 1138 2592 1286 2626; x_wconf 78' lang='lat' dir='ltr'><strong>proximus.</strong></span> <span class='ocrx_word' id='word_1_692' title='bbox 1306 2591 1445 2619; x_wconf 80' lang='lat' dir='ltr'><strong>Postremo</strong></span> <span class='ocrx_word' id='word_1_693' title='bbox 1466 2592 1536 2619; x_wconf 82' lang='lat' dir='ltr'><strong>idem</strong></span> <span class='ocrx_word' id='word_1_694' title='bbox 1553 2593 1712 2619; x_wconf 75' lang='lat' dir='ltr'><strong>Aristoteles</strong></span> 
     </span>
    </p>
   </div>
   <div class='ocr_carea' id='block_1_116' title="bbox 931 2637 1711 2672">
    <p class='ocr_par' dir='ltr' id='par_1_116' title="bbox 931 2637 1711 2672">
     <span class='ocr_line' id='line_1_116' title="bbox 931 2637 1711 2672; baseline 0.001 -9"><span class='ocrx_word' id='word_1_695' title='bbox 931 2637 977 2663; x_wconf 92' lang='lat' dir='ltr'><strong>lib.</strong></span> <span class='ocrx_word' id='word_1_696' title='bbox 991 2645 1026 2669; x_wconf 85' lang='lat' dir='ltr'><strong>vr,</strong></span> <span class='ocrx_word' id='word_1_697' title='bbox 1044 2644 1102 2672; x_wconf 85' lang='lat' dir='ltr'><strong>cap.</strong></span> <span class='ocrx_word' id='word_1_698' title='bbox 1120 2637 1260 2668; x_wconf 82' lang='lat' dir='ltr'><strong>H,scribit</strong></span> <span class='ocrx_word' id='word_1_699' title='bbox 1275 2638 1345 2664; x_wconf 82' lang='lat' dir='ltr'><strong>inter</strong></span> <span class='ocrx_word' id='word_1_700' title='bbox 1355 2638 1480 2672; x_wconf 75' lang='grc' dir='ltr'><strong>γαλεούς,</strong></span> <span class='ocrx_word' id='word_1_701' title='bbox 1499 2646 1569 2672; x_wconf 83' lang='lat' dir='ltr'><strong>quos</strong></span> <span class='ocrx_word' id='word_1_702' title='bbox 1581 2638 1711 2664; x_wconf 84' lang='lat' dir='ltr'><strong>tnustclos</strong></span> 
     </span>
    </p>
   </div>
   <div class='ocr_carea' id='block_1_117' title="bbox 931 2682 1711 2719">
    <p class='ocr_par' dir='ltr' id='par_1_117' title="bbox 931 2682 1711 2719">
     <span class='ocr_line' id='line_1_117' title="bbox 931 2682 1711 2719; baseline -0.001 -10"><span class='ocrx_word' id='word_1_703' title='bbox 931 2682 1002 2709; x_wconf 84' lang='lat' dir='ltr'><strong>Gaza</strong></span> <span class='ocrx_word' id='word_1_704' title='bbox 1018 2687 1113 2715; x_wconf 79' lang='lat' dir='ltr'><strong>vocat,</strong></span> <span class='ocrx_word' id='word_1_705' title='bbox 1131 2690 1193 2709; x_wconf 91' lang='lat' dir='ltr'><strong>eum</strong></span> <span class='ocrx_word' id='word_1_706' title='bbox 1211 2683 1257 2718; x_wconf 91' lang='lat' dir='ltr'><strong>qui</strong></span> <span class='ocrx_word' id='word_1_707' title='bbox 1283 2684 1412 2719; x_wconf 73' lang='grc' dir='ltr'><strong>ἀστερίας</strong></span> <span class='ocrx_word' id='word_1_708' title='bbox 1437 2684 1554 2715; x_wconf 81' lang='lat' dir='ltr'><strong>dicitur,</strong></span> <span class='ocrx_word' id='word_1_709' title='bbox 1579 2683 1711 2718; x_wconf 72' lang='grc' dir='ltr'><strong>ἄρχεσθαι</strong></span> 
     </span>
    </p>
   </div>
   <div class='ocr_carea' id='block_1_118' title="bbox 930 2728 1711 2765">
    <p class='ocr_par' dir='ltr' id='par_1_118' title="bbox 930 2728 1711 2765">
     <span class='ocr_line' id='line_1_118' title="bbox 930 2728 1711 2765; baseline -0.001 -10"><span class='ocrx_word' id='word_1_710' title='bbox 930 2728 1072 2764; x_wconf 81' lang='grc' dir='ltr'><strong>ὀχεύεσθαι</strong></span> <span class='ocrx_word' id='word_1_711' title='bbox 1106 2729 1354 2765; x_wconf 80' lang='grc' dir='ltr'><strong>Μαιμακτηριῶνος</strong></span> <span class='ocrx_word' id='word_1_712' title='bbox 1388 2730 1482 2765; x_wconf 77' lang='grc' dir='ltr'><strong>μηνός.</strong></span> <span class='ocrx_word' id='word_1_713' title='bbox 1509 2728 1587 2762; x_wconf 86' lang='lat' dir='ltr'><strong>Quod</strong></span> <span class='ocrx_word' id='word_1_714' title='bbox 1618 2729 1711 2755; x_wconf 85' lang='lat' dir='ltr'><strong>statim</strong></span> 
     </span>
    </p>
   </div>
   <div class='ocr_carea' id='block_1_119' title="bbox 931 2774 1709 2810">
    <p class='ocr_par' dir='ltr' id='par_1_119' title="bbox 931 2774 1709 2810">
     <span class='ocr_line' id='line_1_119' title="bbox 931 2774 1709 2810; baseline -0.004 -8"><span class='ocrx_word' id='word_1_715' title='bbox 931 2779 992 2810; x_wconf 89' lang='lat' dir='ltr'><strong>post</strong></span> <span class='ocrx_word' id='word_1_716' title='bbox 1009 2775 1202 2809; x_wconf 64' lang='lat' dir='ltr'><strong>aequinoctium</strong></span> <span class='ocrx_word' id='word_1_717' title='bbox 1224 2775 1382 2810; x_wconf 79' lang='lat' dir='ltr'><strong>contingere</strong></span> <span class='ocrx_word' id='word_1_718' title='bbox 1399 2774 1547 2808; x_wconf 83' lang='lat' dir='ltr'><strong>piscatores</strong></span> <span class='ocrx_word' id='word_1_719' title='bbox 1563 2777 1709 2801; x_wconf 88' lang='lat' dir='ltr'><strong>testantur.</strong></span> 
     </span>
    </p>
   </div>
   <div class='ocr_carea' id='block_1_120' title="bbox 930 2818 1712 2856">
    <p class='ocr_par' dir='ltr' id='par_1_120' title="bbox 930 2818 1712 2856">
     <span class='ocr_line' id='line_1_120' title="bbox 930 2818 1712 2856; baseline -0.005 -8"><span class='ocrx_word' id='word_1_720' title='bbox 930 2821 990 2848; x_wconf 82' lang='lat' dir='ltr'><strong>Jam</strong></span> <span class='ocrx_word' id='word_1_721' title='bbox 1008 2820 1080 2856; x_wconf 89' lang='lat' dir='ltr'><strong>quod</strong></span> <span class='ocrx_word' id='word_1_722' title='bbox 1097 2820 1129 2848; x_wconf 88' lang='lat' dir='ltr'><strong>ad</strong></span> <span class='ocrx_word' id='word_1_723' title='bbox 1148 2819 1322 2848; x_wconf 80' lang='lat' dir='ltr'><strong>Plutarchum</strong></span> <span class='ocrx_word' id='word_1_724' title='bbox 1336 2823 1450 2855; x_wconf 89' lang='lat' dir='ltr'><strong>spectat,</strong></span> <span class='ocrx_word' id='word_1_725' title='bbox 1464 2820 1508 2854; x_wconf 90' lang='lat' dir='ltr'><strong>qui</strong></span> <span class='ocrx_word' id='word_1_726' title='bbox 1523 2827 1584 2846; x_wconf 85' lang='lat' dir='ltr'><strong>cum</strong></span> <span class='ocrx_word' id='word_1_727' title='bbox 1597 2818 1712 2845; x_wconf 80' lang='lat' dir='ltr'><strong>Bocdro-</strong></span> 
     </span>
    </p>
   </div>
   <div class='ocr_carea' id='block_1_121' title="bbox 932 2863 1712 2901">
    <p class='ocr_par' dir='ltr' id='par_1_121' title="bbox 932 2863 1712 2901">
     <span class='ocr_line' id='line_1_121' title="bbox 932 2863 1712 2901; baseline -0.004 -8"><span class='ocrx_word' id='word_1_728' title='bbox 932 2867 1021 2894; x_wconf 88' lang='lat' dir='ltr'><strong>mione</strong></span> <span class='ocrx_word' id='word_1_729' title='bbox 1049 2865 1260 2901; x_wconf 69' lang='lat' dir='ltr'><strong>Pyanepsiouem</strong></span> <span class='ocrx_word' id='word_1_730' title='bbox 1293 2866 1453 2894; x_wconf 84' lang='lat' dir='ltr'><strong>continuat,</strong></span> <span class='ocrx_word' id='word_1_731' title='bbox 1482 2869 1555 2892; x_wconf 82' lang='lat' dir='ltr'><strong>errat</strong></span> <span class='ocrx_word' id='word_1_732' title='bbox 1591 2863 1712 2898; x_wconf 77' lang='lat' dir='ltr'><strong>proiecto</strong></span> 
     </span>
    </p>
   </div>
  </div>
