1925 3043
197 162 252 190 955

755 157 924 186 APPENDIX
944 155 1261 185 DISSERTATIONUM.

1776 152 1830 182 936

201 214 503 247 Sealigcr.Plutarchus
512 213 583 242 enim
593 214 687 249 paucis
697 216 836 243 mensibus
847 216 984 250 posticdi-
1003 220 1022 246 Α
1040 221 1093 241 non
1110 215 1228 245 lunares,
1244 212 1291 239 sed
1309 210 1480 242 tricenarios,
1502 209 1543 237 vel
1563 213 1636 237 certe
1648 208 1784 238 Julianos.
1800 211 1830 238 Si

205 269 261 289 tum
285 262 312 288 in
338 262 454 296 patriam
475 261 573 288 vixisse
588 261 707 288 Demost.
725 262 840 294 scribit;
857 270 918 289 nam
934 261 988 288 Me-

202 307 351 342 tagilnione
373 313 464 334 mense
490 306 611 340 prmlium
628 306 661 333 ad
681 306 836 334 Cranouem
861 307 986 342 contigit,

202 353 398 380 llncdromione
413 359 477 378 vero
490 352 647 386 praesidium
667 352 692 378 in
709 352 876 379 Municliiam
898 352 988 379 intro—

201 400 324 429 ductum,
350 398 537 433 l’yanepsione
560 398 669 424 demum
687 398 755 425 obiit
779 398 986 425 Demosthenes.

201 444 260 471 Non
274 444 338 470 dicit
353 443 475 477 sequenti
490 448 550 477 post.
563 442 788 470 Boedromionem
803 451 896 470 mense
913 451 987 469 inor-

202 494 277 516 tuum
292 497 361 516 esse.
388 488 479 515 Potuit
504 488 587 524 igitur
616 489 722 516 medius
740 489 905 516 intervenire
924 488 987 515 Mte-

201 534 360 562 macterion.
381 533 452 561 Idem
467 538 493 561 ct
509 534 542 561 de
565 534 676 560 Diodori
699 534 759 561 loco
773 534 907 568 judicium
928 542 989 561 esse

200 581 296 612 debet,
324 580 370 615 qui
397 580 434 607 ita
461 580 577 607 scribit:
603 580 669 606 Ἀπὸ
693 580 777 614 μηνὸς
801 580 830 606 ὃν
862 580 989 606 καλοῦσιν

207 626 343 662 Ἀθηναῖοι
365 626 605 661 Μαιμακτηριῶνα
622 626 676 652 τῶν
697 626 766 652 ἑπτὰ
783 626 837 652 τῶν
854 626 925 653 κατὰ
940 627 989 662 τὴν

199 673 299 708 ἄρκτον
323 673 448 708 ἀστέρων
472 672 567 698 οὐδένα
593 672 674 706 φασιν
696 672 810 707 ὁρᾶσθαι
836 672 916 708 μέχρι
940 673 990 706 τῆς

200 716 314 752 πρώτης
331 716 465 752 φυλακῆς,
478 716 516 751 τῷ
529 717 556 742 δὲ
581 716 742 743 Ποτειδεῶνι
757 717 838 752 μέχρι
849 716 988 752 δευτέρας.

201 761 261 788 Νοιι
281 763 352 788 enim
367 762 499 789 continuo
518 767 579 796 post
599 761 844 789 Maemacterionem
862 762 989 790 Posith-o-

201 815 261 834 nem
285 808 362 842 sequi
384 807 519 839 declarat,
535 815 597 834 cum
613 812 639 834 et
657 808 736 835 verba
755 808 816 841 ista,
839 808 892 834 ἀπὸ
909 809 982 835 Μαι-

202 854 408 888 μακτηριῶνος,
435 853 468 880 de
493 861 588 881 mense
603 862 655 880 non
675 854 800 881 absoluto
818 854 923 889 possint
943 862 989 880 ac-

1041 261 1161 291 lunares,
1180 263 1281 286 certam
1303 258 1403 284 nullam
1419 257 1446 284 in
1462 256 1570 283 Juliano
1590 261 1718 284 contequ
1736 257 1830 285 sedem

1039 306 1173 337 obtinent,
1186 305 1232 332 sed
1249 304 1320 330 u'ltro
1334 303 1457 337 citroque
1472 307 1604 337 vagantur
1619 311 1625 328 :
1639 310 1700 335 quae
1713 303 1831 330 varietas

1039 351 1129 382 efficit,
1150 355 1179 377 ut
1198 357 1252 376 non
1270 349 1363 376 iisdem
1382 347 1497 375 Julianis
1516 348 1655 375 mensibus
1680 355 1694 374 a
1713 348 1816 382 scripto

1040 396 1116 422 ribus
1131 395 1309 429 imputenlnr.
1323 392 1491 427 Epiphanius
1502 392 1544 418 hic
1555 392 1588 418 de
1604 392 1768 422 tricenariis,
1784 396 1831 418 aut

1039 442 1132 476 utique
1142 440 1268 467 Julianus
1279 439 1409 473 loquitur,
1424 439 1457 464 de
1471 445 1525 472 quo
1541 437 1620 471 paulo
1634 442 1694 471 post
1708 444 1829 472 agemus.

1039 485 1128 521 Caput
1149 485 1225 517 anni,
1243 485 1266 512 si
1280 491 1343 511 vera
1361 487 1435 515 sunt,
1454 491 1514 517 quae
1531 490 1580 517 pro
1600 482 1679 509 Gaza:
1698 482 1831 510 sententia

1040 539 1123 566 supra
1146 530 1340 562 disseruimus,
1359 529 1393 556 ab
1415 528 1524 555 Octobri
1545 527 1653 555 Juliano
1671 528 1830 560 deducitur;

1040 584 1102 603 nam
1119 575 1294 610 Metagitniou
1310 575 1336 601 in
1350 573 1528 601 Novembrcm
1544 574 1677 601 convenit.
1697 573 1769 609 Ergo
1781 573 1833 602 He-

1040 621 1207 648 catombmon
1223 620 1366 648 Octobrem
1390 623 1514 654 occupat,
1536 627 1551 645 a
1569 627 1623 654 quo
1643 627 1735 647 mense
1751 619 1833 655 Syro-

1040 668 1243 696 macedonicam
1266 667 1405 702 periodum
1424 666 1530 693 orditur
1549 664 1681 700 Scaliger.
1700 665 1834 693 Videntur

1041 719 1102 749 post
1123 713 1366 740 Constantinianas
1391 711 1556 738 indictiones
1580 718 1677 738 novum
1697 711 1763 738 illud
1784 710 1833 738 Ju—

1041 759 1104 786 liaui
1121 759 1185 786 anni
1197 758 1375 794 primordium
1391 757 1528 787 statuisse,
1540 760 1567 783 et
1578 756 1833 783 liccatombteonem

1040 805 1067 831 in
1081 803 1308 831 Maemacterionis
1324 803 1413 830 locum
1430 802 1603 836 subrogasse.
1621 801 1749 836 Alioquin
1765 802 1834 828 nihil

1041 855 1083 878 cst
1099 850 1211 883 certius,
1230 856 1312 884 quam
1332 847 1566 877 Hccatombrconis
1585 847 1649 882 περὶ
1663 847 1714 879 τὰς
1729 847 1834 882 τροπὰς

201 899 252 932 cipi
267 919 274 930 ,
303 899 345 925 cui
374 899 407 926 sit
425 899 566 933 proximus
583 899 652 926 alter
664 919 671 930 ,
690 899 742 926 hoc
763 905 806 926 est
825 899 986 934 Pyanepsio.

1045 893 1153 929 ῦερινάς
1173 893 1335 920 collocatum
1354 892 1447 919 fuisse.
1465 891 1582 918 Lnnaris
1598 892 1670 919 cuitu
1689 891 1833 918 Hecatom-

202 943 239 970 lta
252 945 360 971 demum
374 953 416 971 res
429 952 461 971 eo
475 944 620 978 redigitur,
636 950 664 971 ut
681 950 778 979 [ιι-πλωι-
793 944 989 979 llarpocratio-

201 997 263 1015 nem
290 990 431 1017 scnlentize
462 998 518 1017 suae
549 990 681 1017 vindicem
712 991 810 1017 haheat
841 991 988 1018 neminem.

203 1034 307 1061 Scribit
338 1035 411 1061 enim
446 1035 472 1062 in
496 1035 586 1062 lexico
602 1035 846 1063 Mremactcrionem
867 1037 990 1071 πέμπτον

201 1079 270 1107 εἶναι
294 1080 376 1116 μῆνα.
395 1080 446 1107 Sed
467 1081 508 1108 vel
522 1081 651 1116 τέταρτος
676 1090 725 1116 pro
750 1082 874 1117 πέμπτος
892 1083 989 1110 rescri-

202 1126 339 1159 bendum;
355 1126 395 1153 vel
411 1126 434 1153 si
449 1127 515 1153 nihil
541 1127 586 1154 hic
611 1134 626 1154 a
649 1127 761 1154 librario
776 1133 916 1162 pcccatutn
937 1134 988 1161 est,

202 1179 256 1198 non
274 1171 386 1198 dubium
411 1176 454 1199 est
469 1172 535 1206 quin
561 1172 646 1207 pluris
669 1173 741 1208 apud
766 1181 817 1200 nos
836 1174 992 1201 Aristotelis

201 1221 228 1244 et
250 1217 406 1250 Plutarchi,
429 1226 511 1253 quam
536 1219 707 1253 grammatici
729 1219 811 1247 unius
841 1221 991 1248 auctoritas

202 1270 262 1290 esse
275 1263 383 1290 debeat.

238 1309 368 1343 Sequitur
385 1309 511 1337 immanis
524 1309 654 1344 Scaligcri
669 1315 773 1345 stupor,
785 1311 848 1338 dum
863 1310 993 1340 Posideo-

202 1361 262 1380 nent
287 1355 321 1381 ita
341 1363 402 1382 cum
419 1355 550 1382 Januario
568 1361 720 1391 comparat,
741 1362 770 1384 ut
787 1362 847 1392 post
867 1358 990 1394 brumam

202 1399 322 1434 incipiat,
332 1408 385 1435 quo
396 1401 462 1427 nihil
473 1401 578 1429 l‘alsius.
591 1402 748 1430 Aristoteles
760 1403 808 1430 lib.
819 1411 843 1435 v,
854 1411 914 1438 cap.
924 1405 951 1436 9,
960 1405 993 1431 de

202 1441 343 1476 Tltyiitiide
358 1453 365 1469 :
383 1444 460 1470 Ἐστι
483 1444 510 1470 δὲ
532 1446 545 1471 ὁ
567 1445 616 1480 μὲν
640 1446 749 1482 πρῶτος
769 1447 849 1479 τόκος
867 1449 931 1483 περὶ
947 1447 993 1474 τὸν

201 1488 368 1515 ῐῢσειδεῶνα
376 1489 428 1524 πρὸ
437 1490 555 1525 τροπῶν.
567 1490 769 1526 Theophrastus
779 1492 824 1519 lib.
834 1500 881 1525 vn,
891 1501 950 1528 cap.
967 1494 992 1526 1,

202 1532 235 1559 de
248 1533 355 1561 diverso
379 1535 509 1562 sementis
528 1540 658 1569 tempore,
679 1537 835 1572 χειμερινοῦ
852 1538 906 1572 γὰρ
922 1539 992 1575 ἀρχὴ

204 1579 273 1612 μετὰ
298 1579 401 1613 τροπὰς
425 1579 532 1615 Θερινὰς
558 1580 605 1606 τοῦ
628 1582 870 1614 Μεταγειτνιῶνος
895 1583 942 1618 τοῦ
965 1584 993 1610 δὲ

201 1622 327 1658 δευτέρου
348 1624 430 1650 πάλιν
448 1624 518 1658 μετὰ
535 1625 611 1659 ἡλίου
635 1626 738 1661 τροπὰς
765 1628 992 1663 χειμερινὰςτοῦ

202 1668 378 1704 Γαμηλιῶνος
397 1671 489 1704 μηνός.
511 1670 605 1698 Incidit
624 1672 705 1707 igitur
723 1673 855 1701 Posideon
867 1681 929 1703 ante
940 1677 994 1704 sol-

203 1716 307 1741 stitiuin
327 1715 483 1749 hibernum,
510 1716 649 1745 Gamelion
673 1723 734 1753 post
750 1719 906 1748 solstitium.
929 1721 993 1748 Plu-

203 1760 315 1787 tarchus
341 1765 430 1787 autcm
457 1761 483 1788 in
508 1762 568 1789 Vita
591 1762 707 1791 Ctesart's
729 1764 907 1794 Posideonem
930 1775 992 1795 cum

203 1804 313 1831 ineunte
325 1805 457 1833 duntaxat
468 1806 598 1835 Januario
610 1809 731 1837 confert;
745 1810 884 1846 Χειμῶνος
896 1812 924 1838 ὲν
937 1821 994 1847 τροσ

203 1851 266 1882 παῖς
281 1850 366 1882 ὄντος,
382 1851 525 1887 ἱσταμένου
546 1854 708 1890 Ἰανουαρίου
727 1856 810 1892 μηνὸς
827 1855 913 1891 (οὗτος
925 1858 947 1884 δ’
959 1858 993 1885 ἂν

202 1895 245 1930 εἰή
272 1896 427 1924 Ποσειδεὼν
450 1898 623 1934 Ἀθηναίοις).
647 1900 714 1927 Nam
738 1902 841 1929 lunaris
858 1902 992 1931 Posideon

203 1948 398 1976 nonnunquam
419 1942 540 1971 Januarii
563 1950 666 1979 partem
683 1946 782 1974 aufert.
799 1947 871 1974 Idem
887 1954 914 1976 el
929 1948 992 1976 Sui-

154 2021 160 2027 .
203 1986 253 2013 das
267 1988 409 2022 perspicue
420 1989 508 2022 docet,
522 1990 565 2018 his
578 1991 681 2019 verbis:
693 1992 845 2020 Ποσειδεὼν
862 1994 915 2029 μὴν
928 1995 992 2030 παρ’

208 2033 359 2069 Ἀθηναίοις
375 2036 446 2062 οὕτω
464 2036 629 2072 καλούμενος
643 2038 819 2074 Δεκέμϐριος.
838 2039 914 2073 Quod
929 2048 993 2068 vero

203 2078 348 2113 Γαμηλιών
358 2081 512 2114 proximum
527 2089 542 2108 a
554 2082 671 2109 solstitio
684 2083 773 2110 locum
787 2084 894 2118 habeat,
905 2085 993 2112 decla-

203 2128 245 2150 rat
259 2124 371 2151 Aristot.
391 2133 398 2152 ι
425 2125 574 2156 Μειεονηο.
587 2127 618 2154 6:
636 2128 696 2154 Ἐπὶ
707 2128 735 2154 δὲ
749 2129 895 2164 ’Ἂρχοντος
915 2131 994 2166 Ἀϐή-

203 2177 279 2205 νῃσιν
295 2170 428 2202 Εὐκλέους
439 2171 485 2197 τοῦ
498 2172 625 2204 Μόλωνος
642 2174 751 2207 ἐγένετο
768 2177 892 2210 κομήτης
904 2176 991 2212 ἀστὴρ

203 2215 271 2249 πρὸς
287 2215 396 2251 ἄρκτον,
417 2217 500 2252 μηνὸς
518 2218 692 2254 Γαμηλιῶνος
715 2220 781 2256 περὶ
795 2222 898 2256 τροπὰς
916 2222 991 2253 ὄντος
1010 2222 1030 2248 D

203 2260 249 2286 τοῦ
261 2260 337 2296 ἡλίου
351 2262 520 2296 χειμερινάς.
547 2262 610 2290 Ηωο
634 2264 711 2291 nobis
736 2265 818 2299 paulo
836 2266 991 2293 accuratius

203 2306 415 2334 demonstranda
432 2307 544 2340 fuerint,
567 2309 639 2343 quod
662 2314 689 2337 et
703 2311 848 2346 Epiphauii
863 2311 939 2338 locus
954 2312 990 2338 ita

203 2355 362 2388 postularet,
377 2359 404 2382 et
416 2355 487 2389 quod
505 2355 614 2391 indigne
628 2355 726 2383 ferrem
742 2357 862 2384 eruditos
873 2358 990 2385 nonnul-

203 2399 267 2426 losa
280 2399 418 2434 Scaligero
434 2400 459 2426 iu
477 2401 601 2427 eumdem
614 2408 733 2429 errarent
749 2402 882 2430 inductos.
898 2402 919 2429 E
930 2404 991 2438 qui-

203 2444 255 2471 bus
272 2452 342 2471 unus
356 2446 464 2478 asserit,
490 2445 613 2480 imperite
638 2454 732 2474 otnncs
753 2452 815 2474 ante
838 2448 912 2474 illum
926 2448 990 2475 Mre-

203 2489 396 2516 mactcrionetn
412 2494 538 2524 quartum
553 2498 673 2518 mensem
686 2500 853 2520 numerasse.
865 2493 917 2526 Qui
930 2494 990 2527 qui-

203 2535 262 2562 dem
279 2539 317 2561 tot
335 2535 476 2562 convictus
494 2537 645 2565 rationibus
669 2539 747 2564 cedat
767 2546 879 2567 necesse
897 2545 948 2572 est,
963 2545 990 2567 et

203 2581 275 2614 quod
297 2587 312 2607 a
334 2579 472 2615 Scaligero
490 2581 632 2614 didicerat,
653 2583 761 2610 tandem
779 2584 925 2619 aliquando
940 2586 989 2612 dc—

203 2625 298 2653 tliscat.
310 2625 412 2653 Caetera
423 2635 483 2661 qua:
498 2628 532 2654 ad
546 2627 698 2654 Atticorum
714 2629 849 2656 mensium
865 2630 989 2666 disputa-

204 2671 304 2698 tionem
325 2676 352 2699 et
373 2672 468 2704 multa,
487 2676 514 2699 et
534 2673 671 2708 exquisita
691 2673 743 2701 dici
766 2681 886 2709 possent,
908 2683 988 2703 suum

202 2717 291 2745 locum
309 2718 444 2745 habebunt
459 2719 486 2745 in
498 2725 530 2745 co
545 2726 636 2754 opere,
652 2727 707 2755 quo
724 2725 873 2756 temporum
889 2722 989 2749 doctri-

203 2771 264 2790 nam
273 2771 286 2790 a
295 2764 423 2799 Scaligcri
431 2764 554 2796 somniis,
564 2765 617 2792 Deo
625 2766 770 2800 aspirante,
779 2768 986 2796 vindicabimus.

239 2809 303 2836 Illud
320 2817 401 2836 unum
418 2811 543 2837 lectorem
558 2819 669 2839 necesse
695 2817 736 2840 est
754 2813 906 2845 admoneri,
927 2822 988 2842 cos-

203 2852 262 2878 deni
286 2854 345 2882 illos
367 2855 470 2882 Atticos
493 2863 599 2883 meuses
619 2856 685 2884 alias
707 2857 814 2886 lunares
832 2867 902 2891 rssr,
919 2859 987 2887 alias

1040 940 1144 967 hzeoms
1168 939 1312 976 neomenia
1345 938 1395 965 fuit
1418 938 1474 972 illa,
1500 946 1560 972 qua
1581 938 1698 966 solstitio
1723 939 1834 973 propior

1040 989 1122 1017 esset,
1137 990 1192 1012 tam
1208 989 1279 1018 ante,
1295 992 1376 1019 quam
1392 989 1453 1019 post.
1467 984 1613 1011 solstitium
1630 984 1678 1011 :~id
1695 984 1768 1018 quod
1785 984 1833 1010 ad-

1040 1039 1137 1058 versus
1155 1031 1353 1066 Scaligerianos
1370 1031 1423 1058 alio
1437 1030 1497 1057 loco
1512 1030 1679 1065 probabitur.
1695 1030 1729 1057 At
1746 1031 1773 1057 in
1785 1029 1835 1057 Ju-

1040 1077 1123 1109 liana,
1139 1077 1197 1105 sive
1210 1077 1263 1104 lixa
1279 1077 1424 1112 stabilique
1436 1076 1501 1104 anni
1517 1076 1604 1102 forma
1623 1075 1833 1103 Ilecatoinbzcon

1041 1122 1120 1149 haesit
1138 1123 1164 1148 in
1178 1121 1269 1154 Julio;
1292 1122 1388 1157 reliqui
1413 1125 1560 1156 sequentes
1582 1120 1705 1148 Julianus
1724 1128 1835 1147 mensa

1042 1168 1230 1194 obtinuerunt.
1254 1167 1417 1194 Plutarchus
1441 1173 1503 1194 cum
1521 1166 1672 1194 Atticorum
1699 1167 1834 1193 mensium

1042 1213 1374 1248 meminit,nonnunquam
1391 1213 1460 1241 ﬁxos
1476 1213 1538 1240 illos
1549 1220 1580 1240 ac
1594 1212 1717 1240 Julianus
1735 1213 1835 1239 intelli-

1042 1259 1090 1295 git.
1103 1259 1179 1292 Quod
1195 1264 1286 1286 autent
1300 1266 1394 1286 eorum
1409 1259 1505 1286 seriem
1518 1258 1698 1286 Athenienses
1709 1263 1831 1286 rttcxue.

1042 1305 1108 1337 rint,
1125 1309 1151 1332 et
1169 1304 1324 1333 Hecatomb.
1348 1305 1465 1332 statione
1487 1304 1664 1336 dimoverint,
1684 1304 1756 1331 haud
1776 1306 1833 1332 scio

1043 1358 1078 1377 an
1101 1358 1134 1377 ex
1155 1351 1208 1377 alio
1224 1351 1367 1385 scriptore,
1391 1358 1473 1386 quam
1489 1357 1523 1377 ex
1544 1350 1596 1378 hoc
1610 1349 1753 1385 Epiphanii
1773 1350 1833 1378 loco

1044 1401 1168 1424 constare
1182 1397 1279 1431 possit.

1078 1442 1138 1470 Col.
1153 1443 1205 1470 952
1222 1443 1252 1470 C.
1268 1442 1328 1476 Πρὸ
1344 1442 1378 1474 ἒξ
1389 1441 1485 1469 Εὶδῶν
1495 1441 1672 1476 Νοεμϐρίων.
1683 1441 1832 1469 Neomenia

1044 1489 1251 1524 Athyr-Actiaci,
1267 1489 1309 1516 vel
1322 1487 1497 1516 Diocletiauei
1507 1488 1634 1515 convenit
1650 1495 1664 1514 v
1682 1487 1740 1514 Kal.
1751 1488 1832 1520 Nov.,

1045 1535 1097 1562 hoc
1103 1541 1142 1562 est
1152 1534 1247 1562 Octob.
1258 1542 1352 1561 xxvni.
1362 1534 1432 1569 Ergo
1439 1533 1617 1561 duodecimus
1624 1531 1835 1568 Athyr,Novem-

1045 1581 1102 1608 bris
1112 1585 1219 1614 octavo,
1237 1580 1294 1607 sive
1306 1588 1332 1608 v1
1348 1579 1385 1607 id.
1403 1579 1561 1614 Nov.,quod
1571 1583 1598 1606 et
1617 1587 1691 1606 num.
1706 1579 1739 1606 16
1750 1588 1832 1615 supra

1044 1627 1161 1658 dixerat,
1184 1634 1218 1653 ιιι
1232 1626 1275 1653 die
1289 1631 1352 1653 ante
1374 1624 1570 1660 Epiphaniam;
1588 1633 1727 1660 perperam
1743 1626 1835 1660 itaque

1044 1676 1148 1706 postea,
1165 1680 1193 1698 n.
1207 1672 1252 1705 ‘28,
1267 1672 1319 1707 πρὸ
1333 1671 1405 1698 ὀκτὼ
1419 1671 1504 1698 Εἰδῶν
1520 1671 1681 1706 Νοεμϐρίων
1691 1679 1706 1698 a
1723 1672 1834 1699 librario

1044 1717 1186 1751 scriptum.

1081 1762 1147 1790 Ibid.
1157 1762 1238 1790 Κατὰ
1247 1763 1456 1798 Σαλαμινίους.
1465 1763 1613 1791 Neomenia
1626 1764 1726 1792 Choiac
1741 1765 1835 1793 incidit

1044 1815 1073 1834 ιιι
1085 1807 1197 1836 Navem.
1206 1816 1286 1843 quem
1297 1817 1416 1836 mensem
1427 1810 1534 1837 tertium
1546 1810 1662 1845 appellat
1674 1819 1680 1836 :
1695 1811 1754 1838 sive
1762 1811 1834 1844 quod

1043 1853 1135 1887 plures
1150 1854 1272 1889 ejusdem
1286 1855 1405 1882 nominis
1418 1860 1519 1888 essent,
1534 1861 1562 1883 ut
1580 1855 1651 1891 apud
1667 1857 1835 1884 recentiores

1044 1899 1148 1927 Arabes
1161 1900 1216 1927 duo
1228 1898 1315 1927 Rabiu
1329 1906 1404 1932 sunt,
1419 1901 1585 1937 totidemque
1602 1903 1745 1930 Giumediu
1757 1912 1764 1936 ;
1777 1904 1834 1931 sive

1044 1945 1116 1978 quod
1135 1944 1231 1972 ordine
1252 1946 1349 1973 tertius
1369 1951 1449 1973 esset.
1472 1945 1549 1974 Unde
1570 1953 1597 1974 et
1611 1948 1724 1982 quintus
1744 1948 1772 1974 in
1788 1947 1834 1975 Ja-

1044 1991 1170 2017 uuarium
1187 1991 1312 2018 incurrit.
1331 2001 1346 2020 a
1380 2000 1408 2019 ιιι
1426 1992 1494 2020 Nov.
1509 1993 1542 2020 ad
1557 1993 1616 2020 Kal.
1632 1992 1833 2029 Jan.,compre-

1045 2035 1137 2063 hensis
1154 2035 1213 2062 Kal.
1230 2037 1306 2071 ipsis,
1326 2037 1384 2064 dies
1407 2043 1472 2065 sunt
1496 2038 1576 2066 solidi
1595 2046 1641 2070 ιιι,
1658 2040 1705 2074 qui
1726 2048 1835 2068 menses

1044 2081 1113 2108 duos
1129 2082 1289 2109 tricenarios
1309 2083 1437 2110 cilicium.
1455 2083 1522 2111 Nam
1538 2093 1556 2111 ιι
1571 2084 1691 2112 Januarii
1707 2085 1834 2121 πέμπτος

1043 2127 1146 2154 mensis
1175 2128 1246 2154 iniit.
1274 2127 1404 2156 Videntur
1433 2129 1574 2158 Salaminii
1602 2131 1773 2166 mquabilcm,
1807 2139 1834 2160 cl.

1043 2171 1229 2208 Egyptiaeam
1246 2174 1380 2201 mensium
1392 2175 1596 2210 dispositionem
1614 2175 1753 2203 ascivisse.

1079 2217 1144 2244 Ibid.
1160 2219 1241 2246 Κατὰ
1255 2220 1400 2254 Παφίους.
1418 2220 1567 2256 Apogonici
1589 2222 1730 2249 neomenia
1749 2223 1832 2257 coepit

1045 2262 1140 2290 Octob.
1160 2271 1232 2290 xxiv.
1254 2263 1332 2291 Julus
1348 2260 1408 2291 iniit
1420 2265 1483 2292 Dec.
1504 2274 1576 2292 xxiv.
1593 2267 1616 2293 Α
1632 2266 1676 2294 die
1692 2275 1756 2294 xliv
1771 2270 1830 2295 Oct.

1044 2308 1077 2335 ad
1090 2316 1155 2335 xxiii
1173 2308 1236 2336 Dec.
1252 2310 1310 2337 dies
1325 2316 1388 2338 sunt
1399 2319 1454 2343 ιχι,
1464 2312 1510 2345 qui
1526 2315 1591 2338 sunt
1601 2313 1655 2339 duo
1664 2312 1831 2347 Paphiorum

1044 2361 1163 2381 menses.
1173 2353 1263 2386 Quare
1278 2355 1449 2390 Apogonicus
1463 2355 1627 2391 Paphiorum
1645 2357 1697 2385 fuit
1708 2357 1829 2387 Noveru-

1043 2400 1109 2432 ber;
1129 2398 1217 2432 Julus,
1235 2400 1389 2427 December.

1079 2445 1145 2472 Ibiil.
1173 2444 1253 2471 Κατὰ
1279 2446 1412 2479 Ἄραϐας.
1441 2446 1586 2475 Neomenia
1613 2447 1829 2483 Angalthabaith

1043 2490 1167 2518 Octobris
1179 2499 1244 2518 xviii
1257 2494 1404 2526 competit:
1420 2500 1501 2527 aquo
1517 2493 1560 2521 die
1576 2494 1609 2521 ad
1626 2502 1670 2521 xw
1687 2495 1751 2522 Dec.
1767 2496 1825 2523 dies

1043 2541 1106 2563 sunt
1120 2544 1165 2568 ιιι,
1189 2537 1246 2565 sive
1265 2537 1320 2565 duo
1341 2546 1448 2566 menses
1471 2538 1644 2574 A‘Zgyptiaci:
1665 2541 1767 2576 quibus
1789 2550 1830 2570 ust

1043 2587 1106 2609 sunt
1116 2583 1219 2611 Arabes
1234 2583 1286 2611 illis
1298 2585 1476 2618 temporibus.
1497 2584 1564 2612 Nam
1581 2577 1730 2615 Neomeuia
1743 2588 1830 2618 Alcon

1042 2628 1123 2662 paulo
1143 2634 1204 2656 ante
1218 2630 1300 2664 C(Bpil.
1313 2629 1468 2658 Decembris
1484 2638 1548 2657 xvii.

1077 2674 1144 2702 Ibid.
1170 2676 1252 2703 Κατὰ
1263 2675 1437 2710 Μακεδόνας
1457 2678 1643 2706 Ἀπελλαίου.
1662 2678 1828 2708 Macedonici

1042 2721 1226 2753 mensis,cum
1247 2722 1280 2750 de
1294 2726 1414 2757 tempore
1426 2722 1530 2751 Natalis
1549 2729 1650 2759 ageret,
1663 2726 1828 2753 mentionem

1041 2767 1144 2794 omisit.
1153 2767 1283 2795 Convenit
1292 2776 1373 2803 porro
1379 2769 1486 2804 Apellaei
1495 2769 1640 2798 Neomcuia
1648 2779 1709 2799 cum
1718 2771 1830 2807 Paphio-

1041 2821 1102 2840 rum
1118 2813 1284 2848 Apogonico.
1301 2814 1366 2842 Nam
1389 2820 1504 2852 utraque
1525 2817 1587 2844 iniit
1606 2817 1733 2846 Octobris
1754 2826 1827 2845 xrtv.

1042 2859 1094 2887 Sed
1109 2866 1204 2888 neutra
1228 2862 1331 2890 lunaris
1349 2864 1462 2891 exstitit.
1480 2863 1556 2898 Apud
1577 2865 1672 2893 Inedire
1685 2865 1828 2893 vetustatis
