  <div class='ocr_page' id='page_1' title='image "/cluster/home/n/w/nwhite01/storage/ocr_20150623/42/njp.32101077772588/499.png"; bbox 0 0 1925 3043; ppageno 0'>
   <div class='ocr_carea' id='block_1_1' title="bbox 174 148 228 175">
    <p class='ocr_par' dir='ltr' id='par_1_1' title="bbox 174 148 228 175">
     <span class='ocr_line' id='line_1_1' title="bbox 174 148 228 175; baseline -0.019 0"><span class='ocrx_word' id='word_1_1' title='bbox 174 148 228 175; x_wconf 65' lang='lat'><strong>97.9</strong></span> 
     </span>
    </p>
   </div>
   <div class='ocr_carea' id='block_1_2' title="bbox 176 208 1001 245">
    <p class='ocr_par' dir='ltr' id='par_1_2' title="bbox 176 208 1001 245">
     <span class='ocr_line' id='line_1_2' title="bbox 176 208 1001 245; baseline -0.004 -7"><span class='ocrx_word' id='word_1_2' title='bbox 176 212 304 245; x_wconf 80' lang='lat' dir='ltr'><strong>frequens</strong></span> <span class='ocrx_word' id='word_1_3' title='bbox 318 215 457 238; x_wconf 83' lang='lat' dir='ltr'><strong>mercatus</strong></span> <span class='ocrx_word' id='word_1_4' title='bbox 471 215 553 242; x_wconf 80' lang='lat' dir='ltr'><strong>esset,</strong></span> <span class='ocrx_word' id='word_1_5' title='bbox 566 209 636 237; x_wconf 87' lang='lat' dir='ltr'><strong>circa</strong></span> <span class='ocrx_word' id='word_1_6' title='bbox 653 208 771 236; x_wconf 87' lang='lat' dir='ltr'><strong>mediam</strong></span> <span class='ocrx_word' id='word_1_7' title='bbox 793 213 900 236; x_wconf 81' lang='lat' dir='ltr'><strong>noctem</strong></span> <span class='ocrx_word' id='word_1_8' title='bbox 914 208 962 236; x_wconf 78' lang='lat' dir='ltr'><strong>Pc-</strong></span> <span class='ocrx_word' id='word_1_9' title='bbox 981 212 1001 240; x_wconf 79' lang='grc' dir='ltr'>Α</span> 
     </span>
    </p>
   </div>
   <div class='ocr_carea' id='block_1_3' title="bbox 176 253 965 292">
    <p class='ocr_par' dir='ltr' id='par_1_3' title="bbox 176 253 965 292">
     <span class='ocr_line' id='line_1_3' title="bbox 176 253 965 292; baseline -0.003 -9"><span class='ocrx_word' id='word_1_10' title='bbox 176 257 314 292; x_wconf 70' lang='lat' dir='ltr'><strong>regrinutn</strong></span> <span class='ocrx_word' id='word_1_11' title='bbox 330 264 359 284; x_wconf 90' lang='lat' dir='ltr'><strong>se</strong></span> <span class='ocrx_word' id='word_1_12' title='bbox 376 256 402 283; x_wconf 93' lang='lat' dir='ltr'><strong>in</strong></span> <span class='ocrx_word' id='word_1_13' title='bbox 419 264 513 291; x_wconf 82' lang='lat' dir='ltr'><strong>rogum</strong></span> <span class='ocrx_word' id='word_1_14' title='bbox 532 255 659 290; x_wconf 82' lang='lat' dir='ltr'><strong>injecisse</strong></span> <span class='ocrx_word' id='word_1_15' title='bbox 673 260 775 287; x_wconf 87' lang='lat' dir='ltr'><strong>narrat,</strong></span> <span class='ocrx_word' id='word_1_16' title='bbox 792 253 965 282; x_wconf 78' lang='lat' dir='ltr'><strong>Commodum</strong></span> 
     </span>
    </p>
   </div>
   <div class='ocr_carea' id='block_1_4' title="bbox 175 300 964 336">
    <p class='ocr_par' dir='ltr' id='par_1_4' title="bbox 175 300 964 336">
     <span class='ocr_line' id='line_1_4' title="bbox 175 300 964 336; baseline -0.001 -7"><span class='ocrx_word' id='word_1_17' title='bbox 175 303 313 330; x_wconf 71' lang='lat' dir='ltr'><strong>exoriente</strong></span> <span class='ocrx_word' id='word_1_18' title='bbox 342 302 416 329; x_wconf 85' lang='lat' dir='ltr'><strong>luna.</strong></span> <span class='ocrx_word' id='word_1_19' title='bbox 445 301 563 336; x_wconf 71' lang='lat' dir='ltr'><strong>Centigit</strong></span> <span class='ocrx_word' id='word_1_20' title='bbox 589 300 727 336; x_wconf 72' lang='lat' dir='ltr'><strong>Peregrini</strong></span> <span class='ocrx_word' id='word_1_21' title='bbox 753 309 827 328; x_wconf 87' lang='lat' dir='ltr'><strong>mors</strong></span> <span class='ocrx_word' id='word_1_22' title='bbox 847 300 964 328; x_wconf 82' lang='lat' dir='ltr'><strong>Eusebio</strong></span> 
     </span>
    </p>
   </div>
   <div class='ocr_carea' id='block_1_5' title="bbox 177 346 963 383">
    <p class='ocr_par' dir='ltr' id='par_1_5' title="bbox 177 346 963 383">
     <span class='ocr_line' id='line_1_5' title="bbox 177 346 963 383; baseline -0.003 -8"><span class='ocrx_word' id='word_1_23' title='bbox 177 353 244 375; x_wconf 77' lang='lat' dir='ltr'><strong>teste</strong></span> <span class='ocrx_word' id='word_1_24' title='bbox 257 348 363 383; x_wconf 86' lang='lat' dir='ltr'><strong>Olymp.</strong></span> <span class='ocrx_word' id='word_1_25' title='bbox 387 347 450 378; x_wconf 69' lang='grc'><strong>256,</strong></span> <span class='ocrx_word' id='word_1_26' title='bbox 475 347 551 382; x_wconf 80' lang='lat' dir='ltr'><strong>cyclo</strong></span> <span class='ocrx_word' id='word_1_27' title='bbox 567 356 622 374; x_wconf 76' lang='lat' dir='ltr'><strong>xlv.</strong></span> <span class='ocrx_word' id='word_1_28' title='bbox 641 347 726 381; x_wconf 80' lang='lat' dir='ltr'><strong>Igitur</strong></span> <span class='ocrx_word' id='word_1_29' title='bbox 744 346 808 374; x_wconf 82' lang='lat' dir='ltr'><strong>Julii</strong></span> <span class='ocrx_word' id='word_1_30' title='bbox 830 355 885 373; x_wconf 77' lang='lat' dir='ltr'><strong>xvtt</strong></span> <span class='ocrx_word' id='word_1_31' title='bbox 900 347 963 373; x_wconf 86' lang='lat' dir='ltr'><strong>luna</strong></span> 
     </span>
    </p>
   </div>
   <div class='ocr_carea' id='block_1_6' title="bbox 177 392 966 426">
    <p class='ocr_par' dir='ltr' id='par_1_6' title="bbox 177 392 966 426">
     <span class='ocr_line' id='line_1_6' title="bbox 177 392 966 426; baseline -0.003 -5"><span class='ocrx_word' id='word_1_32' title='bbox 177 398 235 421; x_wconf 86' lang='lat' dir='ltr'><strong>erat</strong></span> <span class='ocrx_word' id='word_1_33' title='bbox 248 402 293 426; x_wconf 77' lang='lat' dir='ltr'><strong>xx,</strong></span> <span class='ocrx_word' id='word_1_34' title='bbox 307 398 350 420; x_wconf 89' lang='lat' dir='ltr'><strong>aut</strong></span> <span class='ocrx_word' id='word_1_35' title='bbox 367 401 422 425; x_wconf 75' lang='lat' dir='ltr'><strong>ut,</strong></span> <span class='ocrx_word' id='word_1_36' title='bbox 437 398 462 420; x_wconf 91' lang='lat' dir='ltr'><strong>et</strong></span> <span class='ocrx_word' id='word_1_37' title='bbox 479 393 540 420; x_wconf 87' lang='lat' dir='ltr'><strong>ideo</strong></span> <span class='ocrx_word' id='word_1_38' title='bbox 558 393 631 420; x_wconf 90' lang='lat' dir='ltr'><strong>circa</strong></span> <span class='ocrx_word' id='word_1_39' title='bbox 645 394 760 420; x_wconf 79' lang='lat' dir='ltr'><strong>inediam</strong></span> <span class='ocrx_word' id='word_1_40' title='bbox 772 398 877 420; x_wconf 86' lang='lat' dir='ltr'><strong>noctem</strong></span> <span class='ocrx_word' id='word_1_41' title='bbox 895 392 966 420; x_wconf 87' lang='lat' dir='ltr'><strong>orie-</strong></span> 
     </span>
    </p>
   </div>
   <div class='ocr_carea' id='block_1_7' title="bbox 177 438 967 474">
    <p class='ocr_par' dir='ltr' id='par_1_7' title="bbox 177 438 967 474">
     <span class='ocr_line' id='line_1_7' title="bbox 177 438 967 474; baseline -0.003 -8"><span class='ocrx_word' id='word_1_42' title='bbox 177 439 266 466; x_wconf 88' lang='lat' dir='ltr'><strong>batur.</strong></span> <span class='ocrx_word' id='word_1_43' title='bbox 280 439 360 473; x_wconf 87' lang='lat' dir='ltr'><strong>Atqui</strong></span> <span class='ocrx_word' id='word_1_44' title='bbox 374 438 548 474; x_wconf 73' lang='lat' dir='ltr'><strong>Olympiacus</strong></span> <span class='ocrx_word' id='word_1_45' title='bbox 563 446 632 473; x_wconf 74' lang='lat' dir='ltr'><strong>agon</strong></span> <span class='ocrx_word' id='word_1_46' title='bbox 649 438 780 465; x_wconf 81' lang='lat' dir='ltr'><strong>celebrari</strong></span> <span class='ocrx_word' id='word_1_47' title='bbox 804 438 908 465; x_wconf 88' lang='lat' dir='ltr'><strong>solebat</strong></span> <span class='ocrx_word' id='word_1_48' title='bbox 933 445 967 464; x_wconf 76' lang='lat' dir='ltr'><strong>xv</strong></span> 
     </span>
    </p>
   </div>
   <div class='ocr_carea' id='block_1_8' title="bbox 176 483 964 519">
    <p class='ocr_par' dir='ltr' id='par_1_8' title="bbox 176 483 964 519">
     <span class='ocr_line' id='line_1_8' title="bbox 176 483 964 519; baseline -0.004 -7"><span class='ocrx_word' id='word_1_49' title='bbox 176 486 220 513; x_wconf 81' lang='lat' dir='ltr'><strong>die</strong></span> <span class='ocrx_word' id='word_1_50' title='bbox 234 485 336 512; x_wconf 82' lang='lat' dir='ltr'><strong>mensis</strong></span> <span class='ocrx_word' id='word_1_51' title='bbox 353 485 450 519; x_wconf 87' lang='lat' dir='ltr'><strong>primo.</strong></span> <span class='ocrx_word' id='word_1_52' title='bbox 468 484 561 519; x_wconf 87' lang='lat' dir='ltr'><strong>Itaque</strong></span> <span class='ocrx_word' id='word_1_53' title='bbox 574 492 636 511; x_wconf 90' lang='lat' dir='ltr'><strong>cum</strong></span> <span class='ocrx_word' id='word_1_54' title='bbox 652 492 683 511; x_wconf 89' lang='lat' dir='ltr'><strong>co</strong></span> <span class='ocrx_word' id='word_1_55' title='bbox 707 484 806 511; x_wconf 73' lang='lat' dir='ltr'><strong>satculo</strong></span> <span class='ocrx_word' id='word_1_56' title='bbox 818 483 964 511; x_wconf 83' lang='lat' dir='ltr'><strong>Hecatom-</strong></span> 
     </span>
    </p>
   </div>
   <div class='ocr_carea' id='block_1_9' title="bbox 175 528 967 565">
    <p class='ocr_par' dir='ltr' id='par_1_9' title="bbox 175 528 967 565">
     <span class='ocr_line' id='line_1_9' title="bbox 175 528 967 565; baseline -0.005 -6"><span class='ocrx_word' id='word_1_57' title='bbox 175 532 252 559; x_wconf 69' lang='lat' dir='ltr'><strong>bzeon</strong></span> <span class='ocrx_word' id='word_1_58' title='bbox 268 530 338 558; x_wconf 88' lang='lat' dir='ltr'><strong>idem</strong></span> <span class='ocrx_word' id='word_1_59' title='bbox 353 536 435 562; x_wconf 86' lang='lat' dir='ltr'><strong>esset,</strong></span> <span class='ocrx_word' id='word_1_60' title='bbox 449 531 494 565; x_wconf 95' lang='lat' dir='ltr'><strong>qui</strong></span> <span class='ocrx_word' id='word_1_61' title='bbox 505 529 604 562; x_wconf 80' lang='lat' dir='ltr'><strong>Julius,</strong></span> <span class='ocrx_word' id='word_1_62' title='bbox 621 538 654 556; x_wconf 82' lang='lat' dir='ltr'><strong>xv</strong></span> <span class='ocrx_word' id='word_1_63' title='bbox 669 528 733 556; x_wconf 84' lang='lat' dir='ltr'><strong>Julii</strong></span> <span class='ocrx_word' id='word_1_64' title='bbox 753 529 908 556; x_wconf 82' lang='lat' dir='ltr'><strong>celebratus</strong></span> <span class='ocrx_word' id='word_1_65' title='bbox 925 532 967 556; x_wconf 90' lang='lat' dir='ltr'><strong>est</strong></span> 
     </span>
    </p>
   </div>
   <div class='ocr_carea' id='block_1_10' title="bbox 175 574 953 611">
    <p class='ocr_par' dir='ltr' id='par_1_10' title="bbox 175 574 953 611">
     <span class='ocr_line' id='line_1_10' title="bbox 175 574 953 611; baseline -0.004 -8"><span class='ocrx_word' id='word_1_66' title='bbox 175 583 256 611; x_wconf 80' lang='lat' dir='ltr'><strong>agon,</strong></span> <span class='ocrx_word' id='word_1_67' title='bbox 271 579 297 603; x_wconf 88' lang='lat' dir='ltr'><strong>et</strong></span> <span class='ocrx_word' id='word_1_68' title='bbox 313 575 393 602; x_wconf 88' lang='lat' dir='ltr'><strong>tertio</strong></span> <span class='ocrx_word' id='word_1_69' title='bbox 404 575 448 602; x_wconf 80' lang='lat' dir='ltr'><strong>die</strong></span> <span class='ocrx_word' id='word_1_70' title='bbox 465 583 480 602; x_wconf 92' lang='lat' dir='ltr'><strong>a</strong></span> <span class='ocrx_word' id='word_1_71' title='bbox 497 575 647 602; x_wconf 81' lang='lat' dir='ltr'><strong>certamine</strong></span> <span class='ocrx_word' id='word_1_72' title='bbox 659 574 736 601; x_wconf 87' lang='lat' dir='ltr'><strong>linito</strong></span> <span class='ocrx_word' id='word_1_73' title='bbox 757 574 820 601; x_wconf 89' lang='lat' dir='ltr'><strong>luna</strong></span> <span class='ocrx_word' id='word_1_74' title='bbox 845 578 903 600; x_wconf 85' lang='lat' dir='ltr'><strong>erat</strong></span> <span class='ocrx_word' id='word_1_75' title='bbox 919 581 953 600; x_wconf 75' lang='lat' dir='ltr'><strong>xx</strong></span> 
     </span>
    </p>
   </div>
   <div class='ocr_carea' id='block_1_11' title="bbox 174 620 966 650">
    <p class='ocr_par' dir='ltr' id='par_1_11' title="bbox 174 620 966 650">
     <span class='ocr_line' id='line_1_11' title="bbox 174 620 966 650; baseline -0.004 -1"><span class='ocrx_word' id='word_1_76' title='bbox 174 622 213 649; x_wconf 76' lang='lat' dir='ltr'><strong>Eu</strong></span> <span class='ocrx_word' id='word_1_77' title='bbox 249 622 373 650; x_wconf 76' lang='lat' dir='ltr'><strong>criticum</strong></span> <span class='ocrx_word' id='word_1_78' title='bbox 407 621 527 649; x_wconf 82' lang='lat' dir='ltr'><strong>hominis</strong></span> <span class='ocrx_word' id='word_1_79' title='bbox 561 621 693 649; x_wconf 77' lang='lat' dir='ltr'><strong>acumen!</strong></span> <span class='ocrx_word' id='word_1_80' title='bbox 721 620 966 648; x_wconf 88' lang='lat' dir='ltr'><strong>Demonstrandum</strong></span> 
     </span>
    </p>
   </div>
   <div class='ocr_carea' id='block_1_12' title="bbox 173 666 965 696">
    <p class='ocr_par' dir='ltr' id='par_1_12' title="bbox 173 666 965 696">
     <span class='ocr_line' id='line_1_12' title="bbox 173 666 965 696; baseline -0.004 -1"><span class='ocrx_word' id='word_1_81' title='bbox 173 674 254 696; x_wconf 84' lang='lat' dir='ltr'><strong>erat:</strong></span> <span class='ocrx_word' id='word_1_82' title='bbox 288 667 539 696; x_wconf 70' lang='lat' dir='ltr'><strong>llccatombzconem</strong></span> <span class='ocrx_word' id='word_1_83' title='bbox 565 668 683 694; x_wconf 78' lang='lat' dir='ltr'><strong>Atticum</strong></span> <span class='ocrx_word' id='word_1_84' title='bbox 713 667 795 694; x_wconf 71' lang='lat' dir='ltr'><strong>fixum</strong></span> <span class='ocrx_word' id='word_1_85' title='bbox 822 666 907 693; x_wconf 85' lang='lat' dir='ltr'><strong>fuisse</strong></span> <span class='ocrx_word' id='word_1_86' title='bbox 938 666 965 692; x_wconf 94' lang='lat' dir='ltr'><strong>in</strong></span> 
     </span>
    </p>
   </div>
   <div class='ocr_carea' id='block_1_13' title="bbox 175 714 967 748">
    <p class='ocr_par' dir='ltr' id='par_1_13' title="bbox 175 714 967 748">
     <span class='ocr_line' id='line_1_13' title="bbox 175 714 967 748; baseline -0.004 -6"><span class='ocrx_word' id='word_1_87' title='bbox 175 715 235 743; x_wconf 80' lang='lat' dir='ltr'><strong>Kal.</strong></span> <span class='ocrx_word' id='word_1_88' title='bbox 275 715 364 742; x_wconf 85' lang='lat' dir='ltr'><strong>Juliis.</strong></span> <span class='ocrx_word' id='word_1_89' title='bbox 399 715 439 742; x_wconf 88' lang='lat' dir='ltr'><strong>Ad</strong></span> <span class='ocrx_word' id='word_1_90' title='bbox 473 715 498 742; x_wconf 95' lang='lat' dir='ltr'><strong>id</strong></span> <span class='ocrx_word' id='word_1_91' title='bbox 532 714 643 741; x_wconf 84' lang='lat' dir='ltr'><strong>Luciani</strong></span> <span class='ocrx_word' id='word_1_92' title='bbox 680 714 865 741; x_wconf 81' lang='lat' dir='ltr'><strong>testimonium</strong></span> <span class='ocrx_word' id='word_1_93' title='bbox 897 720 967 748; x_wconf 88' lang='lat' dir='ltr'><strong>pro-</strong></span> 
     </span>
    </p>
   </div>
   <div class='ocr_carea' id='block_1_14' title="bbox 177 757 965 795">
    <p class='ocr_par' dir='ltr' id='par_1_14' title="bbox 177 757 965 795">
     <span class='ocr_line' id='line_1_14' title="bbox 177 757 965 795; baseline -0.005 -7"><span class='ocrx_word' id='word_1_94' title='bbox 177 760 352 795; x_wconf 58' lang='lat' dir='ltr'><strong>ferthuod</strong></span> <span class='ocrx_word' id='word_1_95' title='bbox 377 761 409 787; x_wconf 84' lang='lat' dir='ltr'><strong>ad</strong></span> <span class='ocrx_word' id='word_1_96' title='bbox 441 768 497 787; x_wconf 74' lang='lat' dir='ltr'><strong>rem</strong></span> <span class='ocrx_word' id='word_1_97' title='bbox 532 760 598 787; x_wconf 85' lang='lat' dir='ltr'><strong>nihil</strong></span> <span class='ocrx_word' id='word_1_98' title='bbox 627 759 739 786; x_wconf 81' lang='lat' dir='ltr'><strong>omnino</strong></span> <span class='ocrx_word' id='word_1_99' title='bbox 770 759 897 794; x_wconf 86' lang='lat' dir='ltr'><strong>pertinet.</strong></span> <span class='ocrx_word' id='word_1_100' title='bbox 937 757 965 785; x_wconf 90' lang='lat' dir='ltr'><strong>Si</strong></span> 
     </span>
    </p>
   </div>
   <div class='ocr_carea' id='block_1_15' title="bbox 175 802 965 840">
    <p class='ocr_par' dir='ltr' id='par_1_15' title="bbox 175 802 965 840">
     <span class='ocr_line' id='line_1_15' title="bbox 175 802 965 840; baseline -0.003 -8"><span class='ocrx_word' id='word_1_101' title='bbox 175 805 240 840; x_wconf 88' lang='lat' dir='ltr'><strong>quid</strong></span> <span class='ocrx_word' id='word_1_102' title='bbox 269 805 340 832; x_wconf 88' lang='lat' dir='ltr'><strong>enim</strong></span> <span class='ocrx_word' id='word_1_103' title='bbox 371 812 404 832; x_wconf 81' lang='lat' dir='ltr'><strong>ex</strong></span> <span class='ocrx_word' id='word_1_104' title='bbox 435 813 468 832; x_wconf 90' lang='lat' dir='ltr'><strong>eo</strong></span> <span class='ocrx_word' id='word_1_105' title='bbox 484 805 517 832; x_wconf 86' lang='lat' dir='ltr'><strong>de</strong></span> <span class='ocrx_word' id='word_1_106' title='bbox 536 804 682 831; x_wconf 83' lang='lat' dir='ltr'><strong>Neotnenia</strong></span> <span class='ocrx_word' id='word_1_107' title='bbox 714 804 817 831; x_wconf 93' lang='lat' dir='ltr'><strong>mensis</strong></span> <span class='ocrx_word' id='word_1_108' title='bbox 837 802 965 834; x_wconf 79' lang='lat' dir='ltr'><strong>cﬂicitur,</strong></span> 
     </span>
    </p>
   </div>
   <div class='ocr_carea' id='block_1_16' title="bbox 176 850 967 882">
    <p class='ocr_par' dir='ltr' id='par_1_16' title="bbox 176 850 967 882">
     <span class='ocr_line' id='line_1_16' title="bbox 176 850 967 882; baseline -0.003 -4"><span class='ocrx_word' id='word_1_109' title='bbox 176 851 209 878; x_wconf 84' lang='lat' dir='ltr'><strong>ad</strong></span> <span class='ocrx_word' id='word_1_110' title='bbox 222 850 399 882; x_wconf 80' lang='lat' dir='ltr'><strong>Elidensium,</strong></span> <span class='ocrx_word' id='word_1_111' title='bbox 411 856 465 877; x_wconf 92' lang='lat' dir='ltr'><strong>non</strong></span> <span class='ocrx_word' id='word_1_112' title='bbox 472 850 504 877; x_wconf 88' lang='lat' dir='ltr'><strong>ad</strong></span> <span class='ocrx_word' id='word_1_113' title='bbox 514 850 723 877; x_wconf 76' lang='lat' dir='ltr'><strong>Atheniensium</strong></span> <span class='ocrx_word' id='word_1_114' title='bbox 735 857 836 876; x_wconf 88' lang='lat' dir='ltr'><strong>annum</strong></span> <span class='ocrx_word' id='word_1_115' title='bbox 846 856 878 876; x_wconf 86' lang='lat' dir='ltr'><strong>ac</strong></span> <span class='ocrx_word' id='word_1_116' title='bbox 893 856 967 876; x_wconf 90' lang='lat' dir='ltr'><strong>men-</strong></span> 
     </span>
    </p>
   </div>
   <div class='ocr_carea' id='block_1_17' title="bbox 177 881 1004 930">
    <p class='ocr_par' dir='ltr' id='par_1_17' title="bbox 177 881 1004 930">
     <span class='ocr_line' id='line_1_17' title="bbox 177 881 1004 930; baseline -0.004 -6"><span class='ocrx_word' id='word_1_117' title='bbox 177 905 234 924; x_wconf 90' lang='lat' dir='ltr'><strong>sem</strong></span> <span class='ocrx_word' id='word_1_118' title='bbox 252 896 379 925; x_wconf 78' lang='lat' dir='ltr'><strong>refertur.</strong></span> <span class='ocrx_word' id='word_1_119' title='bbox 397 896 463 923; x_wconf 87' lang='lat' dir='ltr'><strong>Nam</strong></span> <span class='ocrx_word' id='word_1_120' title='bbox 480 896 506 923; x_wconf 90' lang='lat' dir='ltr'><strong>in</strong></span> <span class='ocrx_word' id='word_1_121' title='bbox 522 895 597 923; x_wconf 71' lang='lat' dir='ltr'><strong>l-Ilide</strong></span> <span class='ocrx_word' id='word_1_122' title='bbox 609 903 662 922; x_wconf 92' lang='lat' dir='ltr'><strong>non</strong></span> <span class='ocrx_word' id='word_1_123' title='bbox 677 895 789 923; x_wconf 89' lang='lat' dir='ltr'><strong>Athenis</strong></span> <span class='ocrx_word' id='word_1_124' title='bbox 803 899 878 930; x_wconf 75' lang='lat' dir='ltr'><strong>gesta</strong></span> <span class='ocrx_word' id='word_1_125' title='bbox 890 899 964 928; x_wconf 85' lang='lat' dir='ltr'><strong>sunt,</strong></span> <span class='ocrx_word' id='word_1_126' title='bbox 980 881 1004 911; x_wconf 68' lang='grc' dir='ltr'><strong>Β</strong></span> 
     </span>
    </p>
   </div>
   <div class='ocr_carea' id='block_1_18' title="bbox 177 939 969 980">
    <p class='ocr_par' dir='ltr' id='par_1_18' title="bbox 177 939 969 980">
     <span class='ocr_line' id='line_1_18' title="bbox 177 939 969 980; baseline -0.006 -8"><span class='ocrx_word' id='word_1_127' title='bbox 177 952 264 980; x_wconf 68' lang='lat' dir='ltr'><strong>qurea</strong></span> <span class='ocrx_word' id='word_1_128' title='bbox 283 942 404 972; x_wconf 82' lang='lat' dir='ltr'><strong>Luctano</strong></span> <span class='ocrx_word' id='word_1_129' title='bbox 420 947 575 969; x_wconf 73' lang='lat' dir='ltr'><strong>narrantur.</strong></span> <span class='ocrx_word' id='word_1_130' title='bbox 593 941 697 969; x_wconf 87' lang='lat' dir='ltr'><strong>Deinde</strong></span> <span class='ocrx_word' id='word_1_131' title='bbox 712 941 788 968; x_wconf 91' lang='lat' dir='ltr'><strong>illum</strong></span> <span class='ocrx_word' id='word_1_132' title='bbox 810 941 898 975; x_wconf 92' lang='lat' dir='ltr'><strong>ipsum</strong></span> <span class='ocrx_word' id='word_1_133' title='bbox 913 939 969 967; x_wconf 85' lang='lat' dir='ltr'><strong>Lu-</strong></span> 
     </span>
    </p>
   </div>
   <div class='ocr_carea' id='block_1_19' title="bbox 179 986 968 1024">
    <p class='ocr_par' dir='ltr' id='par_1_19' title="bbox 179 986 968 1024">
     <span class='ocr_line' id='line_1_19' title="bbox 179 986 968 1024; baseline -0.005 -6"><span class='ocrx_word' id='word_1_134' title='bbox 179 991 250 1018; x_wconf 89' lang='lat' dir='ltr'><strong>ciani</strong></span> <span class='ocrx_word' id='word_1_135' title='bbox 280 991 368 1017; x_wconf 91' lang='lat' dir='ltr'><strong>locum</strong></span> <span class='ocrx_word' id='word_1_136' title='bbox 386 997 467 1024; x_wconf 87' lang='lat' dir='ltr'><strong>quam</strong></span> <span class='ocrx_word' id='word_1_137' title='bbox 496 989 664 1023; x_wconf 78' lang='lat' dir='ltr'><strong>negligenter</strong></span> <span class='ocrx_word' id='word_1_138' title='bbox 689 988 793 1022; x_wconf 76' lang='lat' dir='ltr'><strong>attigit!</strong></span> <span class='ocrx_word' id='word_1_139' title='bbox 809 987 867 1014; x_wconf 90' lang='lat' dir='ltr'><strong>Non</strong></span> <span class='ocrx_word' id='word_1_140' title='bbox 895 986 968 1014; x_wconf 87' lang='lat' dir='ltr'><strong>enim</strong></span> 
     </span>
    </p>
   </div>
   <div class='ocr_carea' id='block_1_20' title="bbox 179 1032 966 1069">
    <p class='ocr_par' dir='ltr' id='par_1_20' title="bbox 179 1032 966 1069">
     <span class='ocr_line' id='line_1_20' title="bbox 179 1032 966 1069; baseline -0.006 -5"><span class='ocrx_word' id='word_1_141' title='bbox 179 1037 286 1069; x_wconf 87' lang='lat' dir='ltr'><strong>scribit,</strong></span> <span class='ocrx_word' id='word_1_142' title='bbox 299 1036 371 1063; x_wconf 87' lang='lat' dir='ltr'><strong>circa</strong></span> <span class='ocrx_word' id='word_1_143' title='bbox 386 1035 502 1062; x_wconf 83' lang='lat' dir='ltr'><strong>mediam</strong></span> <span class='ocrx_word' id='word_1_144' title='bbox 518 1039 624 1062; x_wconf 88' lang='lat' dir='ltr'><strong>noctem</strong></span> <span class='ocrx_word' id='word_1_145' title='bbox 644 1039 768 1061; x_wconf 62' lang='lat' dir='ltr'><strong>exortam</strong></span> <span class='ocrx_word' id='word_1_146' title='bbox 786 1040 847 1060; x_wconf 84' lang='lat' dir='ltr'><strong>esse</strong></span> <span class='ocrx_word' id='word_1_147' title='bbox 861 1032 966 1064; x_wconf 88' lang='lat' dir='ltr'><strong>lunam,</strong></span> 
     </span>
    </p>
   </div>
   <div class='ocr_carea' id='block_1_21' title="bbox 182 1080 969 1116">
    <p class='ocr_par' dir='ltr' id='par_1_21' title="bbox 182 1080 969 1116">
     <span class='ocr_line' id='line_1_21' title="bbox 182 1080 969 1116; baseline -0.006 -5"><span class='ocrx_word' id='word_1_148' title='bbox 182 1085 231 1111; x_wconf 83' lang='lat' dir='ltr'><strong>sed</strong></span> <span class='ocrx_word' id='word_1_149' title='bbox 246 1083 363 1110; x_wconf 88' lang='lat' dir='ltr'><strong>amicum</strong></span> <span class='ocrx_word' id='word_1_150' title='bbox 379 1083 463 1114; x_wconf 86' lang='lat' dir='ltr'><strong>illum,</strong></span> <span class='ocrx_word' id='word_1_151' title='bbox 481 1081 514 1109; x_wconf 86' lang='lat' dir='ltr'><strong>ad</strong></span> <span class='ocrx_word' id='word_1_152' title='bbox 537 1089 618 1116; x_wconf 82' lang='lat' dir='ltr'><strong>quem</strong></span> <span class='ocrx_word' id='word_1_153' title='bbox 645 1081 801 1112; x_wconf 85' lang='lat' dir='ltr'><strong>diverterat,</strong></span> <span class='ocrx_word' id='word_1_154' title='bbox 824 1080 896 1107; x_wconf 88' lang='lat' dir='ltr'><strong>circa</strong></span> <span class='ocrx_word' id='word_1_155' title='bbox 910 1086 969 1106; x_wconf 86' lang='lat' dir='ltr'><strong>me-</strong></span> 
     </span>
    </p>
   </div>
   <div class='ocr_carea' id='block_1_22' title="bbox 184 1125 967 1162">
    <p class='ocr_par' dir='ltr' id='par_1_22' title="bbox 184 1125 967 1162">
     <span class='ocr_line' id='line_1_22' title="bbox 184 1125 967 1162; baseline -0.005 -6"><span class='ocrx_word' id='word_1_156' title='bbox 184 1129 258 1156; x_wconf 91' lang='lat' dir='ltr'><strong>diam</strong></span> <span class='ocrx_word' id='word_1_157' title='bbox 283 1133 388 1155; x_wconf 83' lang='lat' dir='ltr'><strong>nectent</strong></span> <span class='ocrx_word' id='word_1_158' title='bbox 406 1127 439 1155; x_wconf 89' lang='lat' dir='ltr'><strong>ad</strong></span> <span class='ocrx_word' id='word_1_159' title='bbox 455 1127 481 1154; x_wconf 89' lang='lat' dir='ltr'><strong>id</strong></span> <span class='ocrx_word' id='word_1_160' title='bbox 497 1127 682 1162; x_wconf 70' lang='lat' dir='ltr'><strong>spectaculum</strong></span> <span class='ocrx_word' id='word_1_161' title='bbox 698 1125 849 1160; x_wconf 75' lang='lat' dir='ltr'><strong>profectum</strong></span> <span class='ocrx_word' id='word_1_162' title='bbox 868 1135 874 1153; x_wconf 89' lang='lat'>:</span> <span class='ocrx_word' id='word_1_163' title='bbox 898 1125 967 1161; x_wconf 79' lang='grc' dir='ltr'><strong>Περὶ</strong></span> 
     </span>
    </p>
   </div>
   <div class='ocr_carea' id='block_1_23' title="bbox 181 1171 967 1212">
    <p class='ocr_par' dir='ltr' id='par_1_23' title="bbox 181 1171 967 1212">
     <span class='ocr_line' id='line_1_23' title="bbox 181 1171 967 1212; baseline -0.006 -10"><span class='ocrx_word' id='word_1_164' title='bbox 181 1176 267 1212; x_wconf 78' lang='grc' dir='ltr'><strong>μέσας</strong></span> <span class='ocrx_word' id='word_1_165' title='bbox 282 1174 380 1206; x_wconf 79' lang='grc' dir='ltr'><strong>νύκτας</strong></span> <span class='ocrx_word' id='word_1_166' title='bbox 408 1173 557 1206; x_wconf 65' lang='grc' dir='ltr'>ἐξαναστὰς</span> <span class='ocrx_word' id='word_1_167' title='bbox 572 1173 655 1209; x_wconf 80' lang='grc' dir='ltr'><strong>ἀπῄει</strong></span> <span class='ocrx_word' id='word_1_168' title='bbox 674 1172 740 1199; x_wconf 72' lang='grc' dir='ltr'><strong>εὐθὺ</strong></span> <span class='ocrx_word' id='word_1_169' title='bbox 759 1172 809 1208; x_wconf 76' lang='grc' dir='ltr'><strong>τῆς</strong></span> <span class='ocrx_word' id='word_1_170' title='bbox 826 1171 967 1207; x_wconf 73' lang='grc' dir='ltr'><strong>’Δρ-πίνης·</strong></span> 
     </span>
    </p>
   </div>
   <div class='ocr_carea' id='block_1_24' title="bbox 179 1214 970 1255">
    <p class='ocr_par' dir='ltr' id='par_1_24' title="bbox 179 1214 970 1255">
     <span class='ocr_line' id='line_1_24' title="bbox 179 1214 970 1255; baseline -0.005 -9"><span class='ocrx_word' id='word_1_171' title='bbox 179 1219 244 1246; x_wconf 71' lang='grc' dir='ltr'>ἔνθα</span> <span class='ocrx_word' id='word_1_172' title='bbox 260 1217 324 1255; x_wconf 84' lang='grc' dir='ltr'><strong>ἦνὴ</strong></span> <span class='ocrx_word' id='word_1_173' title='bbox 345 1219 429 1255; x_wconf 74' lang='grc' dir='ltr'><strong>πυρὰ,</strong></span> <span class='ocrx_word' id='word_1_174' title='bbox 449 1219 549 1246; x_wconf 80' lang='grc' dir='ltr'><strong>στάδιοι</strong></span> <span class='ocrx_word' id='word_1_175' title='bbox 577 1218 676 1249; x_wconf 84' lang='grc' dir='ltr'><strong>πάντες</strong></span> <span class='ocrx_word' id='word_1_176' title='bbox 689 1214 762 1244; x_wconf 72' lang='grc' dir='ltr'>οὗτοι</span> <span class='ocrx_word' id='word_1_177' title='bbox 787 1217 889 1244; x_wconf 74' lang='grc' dir='ltr'>εἴκοσιν</span> <span class='ocrx_word' id='word_1_178' title='bbox 915 1215 970 1243; x_wconf 83' lang='grc' dir='ltr'><strong>ἀπὸ</strong></span> 
     </span>
    </p>
   </div>
   <div class='ocr_carea' id='block_1_25' title="bbox 179 1262 971 1301">
    <p class='ocr_par' dir='ltr' id='par_1_25' title="bbox 179 1262 971 1301">
     <span class='ocr_line' id='line_1_25' title="bbox 179 1262 971 1301; baseline -0.004 -9"><span class='ocrx_word' id='word_1_179' title='bbox 179 1266 228 1301; x_wconf 74' lang='grc' dir='ltr'><strong>τῆς</strong></span> <span class='ocrx_word' id='word_1_180' title='bbox 248 1264 397 1300; x_wconf 78' lang='grc' dir='ltr'><strong>Ὀλυμπίας</strong></span> <span class='ocrx_word' id='word_1_181' title='bbox 410 1264 480 1290; x_wconf 85' lang='grc' dir='ltr'>κατὰ</span> <span class='ocrx_word' id='word_1_182' title='bbox 496 1263 544 1299; x_wconf 85' lang='grc' dir='ltr'><strong>τὴν</strong></span> <span class='ocrx_word' id='word_1_183' title='bbox 558 1263 734 1299; x_wconf 82' lang='grc' dir='ltr'>ἱππόδρομον.</span> <span class='ocrx_word' id='word_1_184' title='bbox 751 1262 811 1290; x_wconf 77' lang='lat' dir='ltr'><strong>Mox</strong></span> <span class='ocrx_word' id='word_1_185' title='bbox 826 1270 892 1290; x_wconf 86' lang='lat' dir='ltr'><strong>vero</strong></span> <span class='ocrx_word' id='word_1_186' title='bbox 906 1262 971 1290; x_wconf 86' lang='lat' dir='ltr'><strong>sub-</strong></span> 
     </span>
    </p>
   </div>
   <div class='ocr_carea' id='block_1_26' title="bbox 177 1308 970 1346">
    <p class='ocr_par' dir='ltr' id='par_1_26' title="bbox 177 1308 970 1346">
     <span class='ocr_line' id='line_1_26' title="bbox 177 1308 970 1346; baseline -0.006 -8"><span class='ocrx_word' id='word_1_187' title='bbox 177 1311 238 1346; x_wconf 76' lang='lat' dir='ltr'><strong>jicit</strong></span> <span class='ocrx_word' id='word_1_188' title='bbox 253 1319 260 1337; x_wconf 94' lang='lat'>:</span> <span class='ocrx_word' id='word_1_189' title='bbox 278 1310 332 1336; x_wconf 67' lang='grc' dir='ltr'><strong>Καὶ</strong></span> <span class='ocrx_word' id='word_1_190' title='bbox 346 1310 441 1344; x_wconf 79' lang='grc' dir='ltr'><strong>ἐπειδὴ</strong></span> <span class='ocrx_word' id='word_1_191' title='bbox 452 1311 469 1345; x_wconf 88' lang='grc' dir='ltr'>ἡ</span> <span class='ocrx_word' id='word_1_192' title='bbox 485 1309 583 1344; x_wconf 78' lang='grc' dir='ltr'><strong>σελήνη</strong></span> <span class='ocrx_word' id='word_1_193' title='bbox 600 1308 734 1335; x_wconf 78' lang='grc' dir='ltr'><strong>ἀνέτειλεν</strong></span> <span class='ocrx_word' id='word_1_194' title='bbox 745 1329 752 1341; x_wconf 90' lang='grc'><em>,</em></span> <span class='ocrx_word' id='word_1_195' title='bbox 767 1313 833 1341; x_wconf 89' lang='lat' dir='ltr'><strong>etc.,</strong></span> <span class='ocrx_word' id='word_1_196' title='bbox 848 1308 970 1343; x_wconf 72' lang='grc' dir='ltr'>πρόεισιν</span> 
     </span>
    </p>
   </div>
   <div class='ocr_carea' id='block_1_27' title="bbox 180 1351 970 1388">
    <p class='ocr_par' dir='ltr' id='par_1_27' title="bbox 180 1351 970 1388">
     <span class='ocr_line' id='line_1_27' title="bbox 180 1351 970 1388; baseline -0.004 -7"><span class='ocrx_word' id='word_1_197' title='bbox 180 1356 292 1385; x_wconf 76' lang='grc' dir='ltr'>ἐκεῖνος.</span> <span class='ocrx_word' id='word_1_198' title='bbox 310 1354 439 1382; x_wconf 81' lang='lat' dir='ltr'><strong>Accidere</strong></span> <span class='ocrx_word' id='word_1_199' title='bbox 454 1353 545 1388; x_wconf 84' lang='lat' dir='ltr'><strong>itaque</strong></span> <span class='ocrx_word' id='word_1_200' title='bbox 558 1353 657 1388; x_wconf 92' lang='lat' dir='ltr'><strong>potuit,</strong></span> <span class='ocrx_word' id='word_1_201' title='bbox 671 1359 701 1379; x_wconf 88' lang='lat' dir='ltr'><strong>ut</strong></span> <span class='ocrx_word' id='word_1_202' title='bbox 715 1352 833 1385; x_wconf 86' lang='lat' dir='ltr'><strong>duabus,</strong></span> <span class='ocrx_word' id='word_1_203' title='bbox 859 1352 898 1379; x_wconf 88' lang='lat' dir='ltr'><strong>vel</strong></span> <span class='ocrx_word' id='word_1_204' title='bbox 919 1351 970 1378; x_wconf 78' lang='lat' dir='ltr'><strong>tri-</strong></span> 
     </span>
    </p>
   </div>
   <div class='ocr_carea' id='block_1_28' title="bbox 181 1399 969 1434">
    <p class='ocr_par' dir='ltr' id='par_1_28' title="bbox 181 1399 969 1434">
     <span class='ocr_line' id='line_1_28' title="bbox 181 1399 969 1434; baseline -0.004 -6"><span class='ocrx_word' id='word_1_205' title='bbox 181 1402 233 1428; x_wconf 86' lang='lat' dir='ltr'><strong>bus</strong></span> <span class='ocrx_word' id='word_1_206' title='bbox 247 1401 322 1428; x_wconf 83' lang='lat' dir='ltr'><strong>horis</strong></span> <span class='ocrx_word' id='word_1_207' title='bbox 334 1408 348 1427; x_wconf 90' lang='lat' dir='ltr'><strong>a</strong></span> <span class='ocrx_word' id='word_1_208' title='bbox 366 1399 454 1427; x_wconf 86' lang='lat' dir='ltr'><strong>media</strong></span> <span class='ocrx_word' id='word_1_209' title='bbox 469 1403 548 1426; x_wconf 89' lang='lat' dir='ltr'><strong>nocte</strong></span> <span class='ocrx_word' id='word_1_210' title='bbox 561 1399 617 1434; x_wconf 84' lang='lat' dir='ltr'><strong>jam</strong></span> <span class='ocrx_word' id='word_1_211' title='bbox 635 1399 736 1434; x_wconf 78' lang='lat' dir='ltr'><strong>elapsis</strong></span> <span class='ocrx_word' id='word_1_212' title='bbox 756 1406 887 1433; x_wconf 79' lang='lat' dir='ltr'><strong>apparere</strong></span> <span class='ocrx_word' id='word_1_213' title='bbox 907 1399 969 1425; x_wconf 86' lang='lat' dir='ltr'><strong>luna</strong></span> 
     </span>
    </p>
   </div>
   <div class='ocr_carea' id='block_1_29' title="bbox 181 1444 970 1481">
    <p class='ocr_par' dir='ltr' id='par_1_29' title="bbox 181 1444 970 1481">
     <span class='ocr_line' id='line_1_29' title="bbox 181 1444 970 1481; baseline -0.005 -7"><span class='ocrx_word' id='word_1_214' title='bbox 181 1447 303 1481; x_wconf 73' lang='lat' dir='ltr'><strong>t-mpcrit.</strong></span> <span class='ocrx_word' id='word_1_215' title='bbox 323 1445 374 1473; x_wconf 86' lang='lat' dir='ltr'><strong>Sed</strong></span> <span class='ocrx_word' id='word_1_216' title='bbox 391 1453 479 1480; x_wconf 90' lang='lat' dir='ltr'><strong>neque</strong></span> <span class='ocrx_word' id='word_1_217' title='bbox 493 1445 572 1472; x_wconf 90' lang='lat' dir='ltr'><strong>tertio</strong></span> <span class='ocrx_word' id='word_1_218' title='bbox 581 1445 623 1472; x_wconf 87' lang='lat' dir='ltr'><strong>vel</strong></span> <span class='ocrx_word' id='word_1_219' title='bbox 635 1444 755 1472; x_wconf 87' lang='lat' dir='ltr'><strong>secundo</strong></span> <span class='ocrx_word' id='word_1_220' title='bbox 770 1444 872 1479; x_wconf 88' lang='lat' dir='ltr'><strong>potius,</strong></span> <span class='ocrx_word' id='word_1_221' title='bbox 888 1451 970 1478; x_wconf 81' lang='lat' dir='ltr'><strong>quant</strong></span> 
     </span>
    </p>
   </div>
   <div class='ocr_carea' id='block_1_30' title="bbox 183 1490 973 1520">
    <p class='ocr_par' dir='ltr' id='par_1_30' title="bbox 183 1490 973 1520">
     <span class='ocr_line' id='line_1_30' title="bbox 183 1490 973 1520; baseline -0.004 0"><span class='ocrx_word' id='word_1_222' title='bbox 183 1503 207 1520; x_wconf 81' lang='lat' dir='ltr'><strong>tv</strong></span> <span class='ocrx_word' id='word_1_223' title='bbox 221 1493 261 1520; x_wconf 87' lang='lat' dir='ltr'><strong>vel</strong></span> <span class='ocrx_word' id='word_1_224' title='bbox 275 1501 288 1520; x_wconf 86' lang='lat' dir='ltr'><strong>v</strong></span> <span class='ocrx_word' id='word_1_225' title='bbox 303 1501 316 1519; x_wconf 90' lang='lat' dir='ltr'><strong>a</strong></span> <span class='ocrx_word' id='word_1_226' title='bbox 331 1492 488 1520; x_wconf 77' lang='lat' dir='ltr'><strong>celebritate</strong></span> <span class='ocrx_word' id='word_1_227' title='bbox 502 1492 546 1519; x_wconf 88' lang='lat' dir='ltr'><strong>die</strong></span> <span class='ocrx_word' id='word_1_228' title='bbox 561 1492 631 1518; x_wconf 87' lang='lat' dir='ltr'><strong>istud</strong></span> <span class='ocrx_word' id='word_1_229' title='bbox 642 1491 767 1518; x_wconf 83' lang='lat' dir='ltr'><strong>evenisse</strong></span> <span class='ocrx_word' id='word_1_230' title='bbox 781 1491 883 1518; x_wconf 86' lang='lat' dir='ltr'><strong>debuit.</strong></span> <span class='ocrx_word' id='word_1_231' title='bbox 899 1490 973 1518; x_wconf 71' lang='lat' dir='ltr'><strong>Scri-</strong></span> 
     </span>
    </p>
   </div>
   <div class='ocr_carea' id='block_1_31' title="bbox 182 1535 1007 1584">
    <p class='ocr_par' dir='ltr' id='par_1_31' title="bbox 182 1535 1007 1584">
     <span class='ocr_line' id='line_1_31' title="bbox 182 1535 1007 1584; baseline -0.005 -18"><span class='ocrx_word' id='word_1_232' title='bbox 182 1540 222 1567; x_wconf 85' lang='lat' dir='ltr'><strong>bit</strong></span> <span class='ocrx_word' id='word_1_233' title='bbox 235 1539 307 1566; x_wconf 89' lang='lat' dir='ltr'><strong>enim</strong></span> <span class='ocrx_word' id='word_1_234' title='bbox 326 1537 464 1565; x_wconf 86' lang='lat' dir='ltr'><strong>Lucianus</strong></span> <span class='ocrx_word' id='word_1_235' title='bbox 480 1537 564 1564; x_wconf 86' lang='lat' dir='ltr'><strong>linitis</strong></span> <span class='ocrx_word' id='word_1_236' title='bbox 579 1537 635 1572; x_wconf 88' lang='lat' dir='ltr'><strong>jam</strong></span> <span class='ocrx_word' id='word_1_237' title='bbox 650 1535 906 1572; x_wconf 75' lang='lat' dir='ltr'><strong>Olytnpiaeisludis,</strong></span> <span class='ocrx_word' id='word_1_238' title='bbox 922 1536 970 1563; x_wconf 89' lang='lat' dir='ltr'><strong>Pe-</strong></span> <span class='ocrx_word' id='word_1_239' title='bbox 986 1555 1007 1584; x_wconf 66' lang='grc' dir='ltr'><strong>ο</strong></span> 
     </span>
    </p>
   </div>
   <div class='ocr_carea' id='block_1_32' title="bbox 184 1583 972 1620">
    <p class='ocr_par' dir='ltr' id='par_1_32' title="bbox 184 1583 972 1620">
     <span class='ocr_line' id='line_1_32' title="bbox 184 1583 972 1620; baseline -0.005 -8"><span class='ocrx_word' id='word_1_240' title='bbox 184 1585 322 1620; x_wconf 70' lang='lat' dir='ltr'><strong>regi-intum</strong></span> <span class='ocrx_word' id='word_1_241' title='bbox 340 1584 410 1611; x_wconf 85' lang='lat' dir='ltr'><strong>diem</strong></span> <span class='ocrx_word' id='word_1_242' title='bbox 433 1583 466 1610; x_wconf 92' lang='lat' dir='ltr'><strong>de</strong></span> <span class='ocrx_word' id='word_1_243' title='bbox 494 1583 537 1610; x_wconf 91' lang='lat' dir='ltr'><strong>dic</strong></span> <span class='ocrx_word' id='word_1_244' title='bbox 555 1583 717 1615; x_wconf 78' lang='lat' dir='ltr'><strong>trahentem,</strong></span> <span class='ocrx_word' id='word_1_245' title='bbox 735 1583 844 1609; x_wconf 88' lang='lat' dir='ltr'><strong>demum</strong></span> <span class='ocrx_word' id='word_1_246' title='bbox 869 1587 972 1609; x_wconf 82' lang='lat' dir='ltr'><strong>certam</strong></span> 
     </span>
    </p>
   </div>
   <div class='ocr_carea' id='block_1_33' title="bbox 185 1627 973 1663">
    <p class='ocr_par' dir='ltr' id='par_1_33' title="bbox 185 1627 973 1663">
     <span class='ocr_line' id='line_1_33' title="bbox 185 1627 973 1663; baseline -0.005 -5"><span class='ocrx_word' id='word_1_247' title='bbox 185 1633 211 1658; x_wconf 93' lang='lat' dir='ltr'><strong>in</strong></span> <span class='ocrx_word' id='word_1_248' title='bbox 229 1635 334 1658; x_wconf 90' lang='lat' dir='ltr'><strong>noctem</strong></span> <span class='ocrx_word' id='word_1_249' title='bbox 349 1629 504 1658; x_wconf 83' lang='lat' dir='ltr'><strong>condixisse</strong></span> <span class='ocrx_word' id='word_1_250' title='bbox 521 1639 528 1656; x_wconf 97' lang='lat'>:</span> <span class='ocrx_word' id='word_1_251' title='bbox 544 1629 574 1656; x_wconf 90' lang='grc' dir='ltr'>Ὀ</span> <span class='ocrx_word' id='word_1_252' title='bbox 587 1629 615 1655; x_wconf 78' lang='grc' dir='ltr'><strong>δὲ</strong></span> <span class='ocrx_word' id='word_1_253' title='bbox 629 1629 682 1655; x_wconf 76' lang='grc' dir='ltr'><strong>αἰεὶ</strong></span> <span class='ocrx_word' id='word_1_254' title='bbox 693 1628 908 1663; x_wconf 75' lang='grc' dir='ltr'><strong>ἀναϐαλλόμενος</strong></span> <span class='ocrx_word' id='word_1_255' title='bbox 927 1627 973 1655; x_wconf 83' lang='grc' dir='ltr'><strong>νύ-</strong></span> 
     </span>
    </p>
   </div>
   <div class='ocr_carea' id='block_1_34' title="bbox 183 1674 971 1712">
    <p class='ocr_par' dir='ltr' id='par_1_34' title="bbox 183 1674 971 1712">
     <span class='ocr_line' id='line_1_34' title="bbox 183 1674 971 1712; baseline -0.005 -8"><span class='ocrx_word' id='word_1_256' title='bbox 183 1687 235 1704; x_wconf 71' lang='grc' dir='ltr'><strong>κτα.</strong></span> <span class='ocrx_word' id='word_1_257' title='bbox 250 1677 278 1703; x_wconf 73' lang='grc' dir='ltr'><strong>τὸ</strong></span> <span class='ocrx_word' id='word_1_258' title='bbox 292 1677 445 1703; x_wconf 72' lang='grc' dir='ltr'>τελευταῖον</span> <span class='ocrx_word' id='word_1_259' title='bbox 466 1676 627 1712; x_wconf 80' lang='grc' dir='ltr'>προειρήκει</span> <span class='ocrx_word' id='word_1_260' title='bbox 645 1675 828 1709; x_wconf 75' lang='grc' dir='ltr'><strong>ἐπιδείξασθαι</strong></span> <span class='ocrx_word' id='word_1_261' title='bbox 840 1675 887 1710; x_wconf 82' lang='grc' dir='ltr'><strong>τὴν</strong></span> <span class='ocrx_word' id='word_1_262' title='bbox 904 1674 971 1700; x_wconf 83' lang='grc' dir='ltr'><strong>καῦ-</strong></span> 
     </span>
    </p>
   </div>
   <div class='ocr_carea' id='block_1_35' title="bbox 186 1719 971 1757">
    <p class='ocr_par' dir='ltr' id='par_1_35' title="bbox 186 1719 971 1757">
     <span class='ocr_line' id='line_1_35' title="bbox 186 1719 971 1757; baseline -0.005 -7"><span class='ocrx_word' id='word_1_263' title='bbox 186 1733 238 1751; x_wconf 79' lang='grc' dir='ltr'>σιν.</span> <span class='ocrx_word' id='word_1_264' title='bbox 265 1723 304 1750; x_wconf 81' lang='lat' dir='ltr'><strong>Ad</strong></span> <span class='ocrx_word' id='word_1_265' title='bbox 332 1723 389 1750; x_wconf 72' lang='lat' dir='ltr'><strong>lucc</strong></span> <span class='ocrx_word' id='word_1_266' title='bbox 407 1722 470 1757; x_wconf 92' lang='lat' dir='ltr'><strong>quis</strong></span> <span class='ocrx_word' id='word_1_267' title='bbox 501 1721 670 1756; x_wconf 71' lang='lat' dir='ltr'><strong>Scaliger-um</strong></span> <span class='ocrx_word' id='word_1_268' title='bbox 693 1721 798 1751; x_wconf 90' lang='lat' dir='ltr'><strong>docuit,</strong></span> <span class='ocrx_word' id='word_1_269' title='bbox 825 1719 971 1747; x_wconf 77' lang='lat' dir='ltr'><strong>vauliani</strong></span> 
     </span>
    </p>
   </div>
   <div class='ocr_carea' id='block_1_36' title="bbox 184 1766 972 1802">
    <p class='ocr_par' dir='ltr' id='par_1_36' title="bbox 184 1766 972 1802">
     <span class='ocr_line' id='line_1_36' title="bbox 184 1766 972 1802; baseline -0.005 -5"><span class='ocrx_word' id='word_1_270' title='bbox 184 1770 298 1801; x_wconf 86' lang='lat' dir='ltr'><strong>mensis,</strong></span> <span class='ocrx_word' id='word_1_271' title='bbox 317 1769 368 1796; x_wconf 87' lang='lat' dir='ltr'><strong>hoc</strong></span> <span class='ocrx_word' id='word_1_272' title='bbox 388 1774 431 1797; x_wconf 82' lang='lat' dir='ltr'><strong>est</strong></span> <span class='ocrx_word' id='word_1_273' title='bbox 449 1768 526 1801; x_wconf 78' lang='lat' dir='ltr'><strong>Julii,</strong></span> <span class='ocrx_word' id='word_1_274' title='bbox 551 1776 605 1795; x_wconf 85' lang='lat' dir='ltr'><strong>non</strong></span> <span class='ocrx_word' id='word_1_275' title='bbox 624 1772 715 1795; x_wconf 90' lang='lat' dir='ltr'><strong>autem</strong></span> <span class='ocrx_word' id='word_1_276' title='bbox 736 1767 852 1800; x_wconf 74' lang='lat' dir='ltr'><strong>lunaris,</strong></span> <span class='ocrx_word' id='word_1_277' title='bbox 878 1766 972 1802; x_wconf 73' lang='lat' dir='ltr'><strong>Olym-</strong></span> 
     </span>
    </p>
   </div>
   <div class='ocr_carea' id='block_1_37' title="bbox 183 1811 971 1850">
    <p class='ocr_par' dir='ltr' id='par_1_37' title="bbox 183 1811 971 1850">
     <span class='ocr_line' id='line_1_37' title="bbox 183 1811 971 1850; baseline -0.003 -9"><span class='ocrx_word' id='word_1_278' title='bbox 183 1815 277 1850; x_wconf 87' lang='lat' dir='ltr'><strong>piacos</strong></span> <span class='ocrx_word' id='word_1_279' title='bbox 292 1814 352 1841; x_wconf 88' lang='lat' dir='ltr'><strong>illos</strong></span> <span class='ocrx_word' id='word_1_280' title='bbox 371 1821 471 1848; x_wconf 78' lang='lat' dir='ltr'><strong>agones</strong></span> <span class='ocrx_word' id='word_1_281' title='bbox 486 1813 518 1840; x_wconf 89' lang='lat' dir='ltr'><strong>de</strong></span> <span class='ocrx_word' id='word_1_282' title='bbox 535 1820 611 1840; x_wconf 86' lang='lat' dir='ltr'><strong>more</strong></span> <span class='ocrx_word' id='word_1_283' title='bbox 626 1812 776 1840; x_wconf 86' lang='lat' dir='ltr'><strong>celebratos</strong></span> <span class='ocrx_word' id='word_1_284' title='bbox 791 1812 868 1839; x_wconf 81' lang='lat' dir='ltr'><strong>esse?</strong></span> <span class='ocrx_word' id='word_1_285' title='bbox 883 1811 971 1845; x_wconf 82' lang='lat' dir='ltr'><strong>Quam</strong></span> 
     </span>
    </p>
   </div>
   <div class='ocr_carea' id='block_1_38' title="bbox 183 1857 972 1893">
    <p class='ocr_par' dir='ltr' id='par_1_38' title="bbox 183 1857 972 1893">
     <span class='ocr_line' id='line_1_38' title="bbox 183 1857 972 1893; baseline -0.001 -7"><span class='ocrx_word' id='word_1_286' title='bbox 183 1859 242 1886; x_wconf 70' lang='lat' dir='ltr'><strong>inec</strong></span> <span class='ocrx_word' id='word_1_287' title='bbox 257 1866 324 1885; x_wconf 88' lang='lat' dir='ltr'><strong>vana</strong></span> <span class='ocrx_word' id='word_1_288' title='bbox 341 1863 368 1885; x_wconf 87' lang='lat' dir='ltr'><strong>et</strong></span> <span class='ocrx_word' id='word_1_289' title='bbox 382 1858 541 1893; x_wconf 72' lang='grc' dir='ltr'><strong>ἀνάρμοστα</strong></span> <span class='ocrx_word' id='word_1_290' title='bbox 556 1858 611 1886; x_wconf 80' lang='lat' dir='ltr'><strong>sitit</strong></span> <span class='ocrx_word' id='word_1_291' title='bbox 631 1865 711 1885; x_wconf 92' lang='lat' dir='ltr'><strong>nemo</strong></span> <span class='ocrx_word' id='word_1_292' title='bbox 728 1865 782 1885; x_wconf 90' lang='lat' dir='ltr'><strong>non</strong></span> <span class='ocrx_word' id='word_1_293' title='bbox 799 1857 881 1885; x_wconf 81' lang='lat' dir='ltr'><strong>videt.</strong></span> <span class='ocrx_word' id='word_1_294' title='bbox 893 1857 972 1885; x_wconf 83' lang='lat' dir='ltr'><strong>Certe</strong></span> 
     </span>
    </p>
   </div>
   <div class='ocr_carea' id='block_1_39' title="bbox 183 1897 971 1939">
    <p class='ocr_par' dir='ltr' id='par_1_39' title="bbox 183 1897 971 1939">
     <span class='ocr_line' id='line_1_39' title="bbox 183 1897 971 1939; baseline 0 -8"><span class='ocrx_word' id='word_1_295' title='bbox 183 1904 318 1931; x_wconf 73' lang='lat' dir='ltr'><strong>Calvisius</strong></span> <span class='ocrx_word' id='word_1_296' title='bbox 342 1903 528 1939; x_wconf 79' lang='lat' dir='ltr'><strong>Olympiadem</strong></span> <span class='ocrx_word' id='word_1_297' title='bbox 555 1904 627 1930; x_wconf 84' lang='lat' dir='ltr'><strong>illaut</strong></span> <span class='ocrx_word' id='word_1_298' title='bbox 657 1897 712 1930; x_wconf 36' lang='lat'><strong>256&#39;</strong></span> <span class='ocrx_word' id='word_1_299' title='bbox 729 1903 844 1939; x_wconf 79' lang='lat' dir='ltr'><strong>Augusti</strong></span> <span class='ocrx_word' id='word_1_300' title='bbox 866 1912 902 1931; x_wconf 85' lang='grc' dir='ltr'>ιιιι</span> <span class='ocrx_word' id='word_1_301' title='bbox 918 1911 971 1931; x_wconf 91' lang='lat' dir='ltr'><strong>non</strong></span> 
     </span>
    </p>
   </div>
   <div class='ocr_carea' id='block_1_40' title="bbox 181 1949 967 1984">
    <p class='ocr_par' dir='ltr' id='par_1_40' title="bbox 181 1949 967 1984">
     <span class='ocr_line' id='line_1_40' title="bbox 181 1949 967 1984; baseline -0.001 -7"><span class='ocrx_word' id='word_1_302' title='bbox 181 1949 254 1977; x_wconf 81' lang='lat' dir='ltr'><strong>.Iuiio</strong></span> <span class='ocrx_word' id='word_1_303' title='bbox 269 1953 404 1984; x_wconf 80' lang='lat' dir='ltr'><strong>peractam</strong></span> <span class='ocrx_word' id='word_1_304' title='bbox 421 1949 569 1976; x_wconf 80' lang='lat' dir='ltr'><strong>existimat.</strong></span> <span class='ocrx_word' id='word_1_305' title='bbox 591 1949 643 1981; x_wconf 82' lang='lat' dir='ltr'><strong>Qui</strong></span> <span class='ocrx_word' id='word_1_306' title='bbox 662 1952 689 1976; x_wconf 79' lang='lat' dir='ltr'><strong>et</strong></span> <span class='ocrx_word' id='word_1_307' title='bbox 721 1949 779 1984; x_wconf 91' lang='lat' dir='ltr'><strong>ipse</strong></span> <span class='ocrx_word' id='word_1_308' title='bbox 797 1953 887 1976; x_wconf 87' lang='lat' dir='ltr'><strong>tamett</strong></span> <span class='ocrx_word' id='word_1_309' title='bbox 904 1956 967 1984; x_wconf 88' lang='lat' dir='ltr'><strong>pue-</strong></span> 
     </span>
    </p>
   </div>
   <div class='ocr_carea' id='block_1_41' title="bbox 742 146 1252 178">
    <p class='ocr_par' dir='ltr' id='par_1_41' title="bbox 742 146 1252 178">
     <span class='ocr_line' id='line_1_41' title="bbox 742 146 1252 178; baseline 0.008 -5"><span class='ocrx_word' id='word_1_310' title='bbox 742 146 915 174; x_wconf 78' lang='lat' dir='ltr'><strong>APPENDIX</strong></span> <span class='ocrx_word' id='word_1_311' title='bbox 933 146 1000 173; x_wconf 58' lang='lat' dir='ltr'><strong>DiS&#39;</strong></span> <span class='ocrx_word' id='word_1_312' title='bbox 1012 146 1252 178; x_wconf 70' lang='lat' dir='ltr'><strong>ERTATIONUM.</strong></span> 
     </span>
    </p>
   </div>
   <div class='ocr_carea' id='block_1_42' title="bbox 1756 152 1820 181">
    <p class='ocr_par' dir='ltr' id='par_1_42' title="bbox 1756 152 1820 181">
     <span class='ocr_line' id='line_1_42' title="bbox 1756 152 1820 181; baseline -0.016 0"><span class='ocrx_word' id='word_1_313' title='bbox 1756 152 1820 181; x_wconf 69' lang='lat' dir='ltr'><strong>9L0</strong></span> 
     </span>
    </p>
   </div>
   <div class='ocr_carea' id='block_1_43' title="bbox 1019 210 1821 246">
    <p class='ocr_par' dir='ltr' id='par_1_43' title="bbox 1019 210 1821 246">
     <span class='ocr_line' id='line_1_43' title="bbox 1019 210 1821 246; baseline 0.005 -10"><span class='ocrx_word' id='word_1_314' title='bbox 1019 210 1060 236; x_wconf 93' lang='lat' dir='ltr'><strong>rili</strong></span> <span class='ocrx_word' id='word_1_315' title='bbox 1089 218 1202 245; x_wconf 75' lang='lat' dir='ltr'><strong>prorsus</strong></span> <span class='ocrx_word' id='word_1_316' title='bbox 1231 218 1324 239; x_wconf 87' lang='lat' dir='ltr'><strong>errore</strong></span> <span class='ocrx_word' id='word_1_317' title='bbox 1342 210 1368 237; x_wconf 91' lang='lat' dir='ltr'><strong>iu</strong></span> <span class='ocrx_word' id='word_1_318' title='bbox 1390 211 1436 238; x_wconf 83' lang='lat' dir='ltr'><strong>illa</strong></span> <span class='ocrx_word' id='word_1_319' title='bbox 1460 210 1600 246; x_wconf 75' lang='lat' dir='ltr'><strong>Peregrini</strong></span> <span class='ocrx_word' id='word_1_320' title='bbox 1617 211 1734 238; x_wconf 83' lang='lat' dir='ltr'><strong>historia</strong></span> <span class='ocrx_word' id='word_1_321' title='bbox 1749 221 1821 241; x_wconf 82' lang='lat' dir='ltr'><strong>sese</strong></span> 
     </span>
    </p>
   </div>
   <div class='ocr_carea' id='block_1_44' title="bbox 1020 256 1820 292">
    <p class='ocr_par' dir='ltr' id='par_1_44' title="bbox 1020 256 1820 292">
     <span class='ocr_line' id='line_1_44' title="bbox 1020 256 1820 292; baseline 0.004 -10"><span class='ocrx_word' id='word_1_322' title='bbox 1020 257 1150 288; x_wconf 69' lang='lat' dir='ltr'><strong>traduxit,</strong></span> <span class='ocrx_word' id='word_1_323' title='bbox 1168 257 1232 284; x_wconf 90' lang='lat' dir='ltr'><strong>dum</strong></span> <span class='ocrx_word' id='word_1_324' title='bbox 1250 257 1345 285; x_wconf 89' lang='lat' dir='ltr'><strong>scribit</strong></span> <span class='ocrx_word' id='word_1_325' title='bbox 1361 256 1538 292; x_wconf 84' lang='lat' dir='ltr'><strong>Peregrinum</strong></span> <span class='ocrx_word' id='word_1_326' title='bbox 1551 257 1739 285; x_wconf 78' lang='lat' dir='ltr'><strong>Christianum</strong></span> <span class='ocrx_word' id='word_1_327' title='bbox 1749 266 1820 285; x_wconf 79' lang='lat' dir='ltr'><strong>esse</strong></span> 
     </span>
    </p>
   </div>
   <div class='ocr_carea' id='block_1_45' title="bbox 1020 300 1820 338">
    <p class='ocr_par' dir='ltr' id='par_1_45' title="bbox 1020 300 1820 338">
     <span class='ocr_line' id='line_1_45' title="bbox 1020 300 1820 338; baseline 0.005 -11"><span class='ocrx_word' id='word_1_328' title='bbox 1020 300 1121 328; x_wconf 70' lang='lat' dir='ltr'><strong>factum</strong></span> <span class='ocrx_word' id='word_1_329' title='bbox 1139 310 1212 329; x_wconf 84' lang='lat' dir='ltr'><strong>anno</strong></span> <span class='ocrx_word' id='word_1_330' title='bbox 1238 303 1341 331; x_wconf 84' lang='lat' dir='ltr'><strong>Christi</strong></span> <span class='ocrx_word' id='word_1_331' title='bbox 1359 303 1393 330; x_wconf 80' lang='lat'><strong>75</strong></span> <span class='ocrx_word' id='word_1_332' title='bbox 1421 302 1526 338; x_wconf 87' lang='lat' dir='ltr'><strong>Olymp.</strong></span> <span class='ocrx_word' id='word_1_333' title='bbox 1547 302 1610 330; x_wconf 70' lang='lat'><strong>215.</strong></span> <span class='ocrx_word' id='word_1_334' title='bbox 1628 303 1656 329; x_wconf 90' lang='lat' dir='ltr'><strong>In</strong></span> <span class='ocrx_word' id='word_1_335' title='bbox 1674 311 1730 338; x_wconf 81' lang='lat' dir='ltr'><strong>quo</strong></span> <span class='ocrx_word' id='word_1_336' title='bbox 1746 310 1820 331; x_wconf 86' lang='lat' dir='ltr'><strong>cen-</strong></span> 
     </span>
    </p>
   </div>
   <div class='ocr_carea' id='block_1_46' title="bbox 1020 349 1818 385">
    <p class='ocr_par' dir='ltr' id='par_1_46' title="bbox 1020 349 1818 385">
     <span class='ocr_line' id='line_1_46' title="bbox 1020 349 1818 385; baseline 0.003 -11"><span class='ocrx_word' id='word_1_337' title='bbox 1020 353 1076 375; x_wconf 88' lang='lat' dir='ltr'><strong>tum</strong></span> <span class='ocrx_word' id='word_1_338' title='bbox 1108 349 1301 384; x_wconf 83' lang='lat' dir='ltr'><strong>propemodum</strong></span> <span class='ocrx_word' id='word_1_339' title='bbox 1328 349 1408 377; x_wconf 86' lang='lat' dir='ltr'><strong>annis</strong></span> <span class='ocrx_word' id='word_1_340' title='bbox 1433 350 1563 377; x_wconf 87' lang='lat' dir='ltr'><strong>aberrat:</strong></span> <span class='ocrx_word' id='word_1_341' title='bbox 1588 358 1651 376; x_wconf 89' lang='lat' dir='ltr'><strong>nam</strong></span> <span class='ocrx_word' id='word_1_342' title='bbox 1668 349 1818 385; x_wconf 77' lang='lat' dir='ltr'><strong>Peregrini</strong></span> 
     </span>
    </p>
   </div>
   <div class='ocr_carea' id='block_1_47' title="bbox 1019 393 1818 429">
    <p class='ocr_par' dir='ltr' id='par_1_47' title="bbox 1019 393 1818 429">
     <span class='ocr_line' id='line_1_47' title="bbox 1019 393 1818 429; baseline 0.003 -11"><span class='ocrx_word' id='word_1_343' title='bbox 1019 400 1094 419; x_wconf 86' lang='lat' dir='ltr'><strong>mors</strong></span> <span class='ocrx_word' id='word_1_344' title='bbox 1124 393 1219 420; x_wconf 83' lang='lat' dir='ltr'><strong>incidit</strong></span> <span class='ocrx_word' id='word_1_345' title='bbox 1247 395 1274 420; x_wconf 90' lang='lat' dir='ltr'><strong>in</strong></span> <span class='ocrx_word' id='word_1_346' title='bbox 1290 393 1398 429; x_wconf 80' lang='lat' dir='ltr'><strong>Olymp.</strong></span> <span class='ocrx_word' id='word_1_347' title='bbox 1416 393 1480 426; x_wconf 74' lang='lat'><strong>236,</strong></span> <span class='ocrx_word' id='word_1_348' title='bbox 1503 401 1605 420; x_wconf 85' lang='lat' dir='ltr'><strong>annum</strong></span> <span class='ocrx_word' id='word_1_349' title='bbox 1623 394 1726 421; x_wconf 85' lang='lat' dir='ltr'><strong>Christi</strong></span> <span class='ocrx_word' id='word_1_350' title='bbox 1746 394 1818 425; x_wconf 70' lang='lat'><strong>165,</strong></span> 
     </span>
    </p>
   </div>
   <div class='ocr_carea' id='block_1_48' title="bbox 1020 439 1820 474">
    <p class='ocr_par' dir='ltr' id='par_1_48' title="bbox 1020 439 1820 474">
     <span class='ocr_line' id='line_1_48' title="bbox 1020 439 1820 474; baseline 0.001 -9"><span class='ocrx_word' id='word_1_351' title='bbox 1020 439 1086 466; x_wconf 79' lang='lat' dir='ltr'><strong>vixit</strong></span> <span class='ocrx_word' id='word_1_352' title='bbox 1104 444 1194 466; x_wconf 82' lang='lat' dir='ltr'><strong>autem</strong></span> <span class='ocrx_word' id='word_1_353' title='bbox 1211 439 1325 468; x_wconf 82' lang='lat' dir='ltr'><strong>Herodis</strong></span> <span class='ocrx_word' id='word_1_354' title='bbox 1338 441 1420 467; x_wconf 81' lang='lat' dir='ltr'><strong>Attici</strong></span> <span class='ocrx_word' id='word_1_355' title='bbox 1437 445 1558 474; x_wconf 88' lang='lat' dir='ltr'><strong>tempore</strong></span> <span class='ocrx_word' id='word_1_356' title='bbox 1577 441 1628 467; x_wconf 88' lang='lat' dir='ltr'><strong>sub</strong></span> <span class='ocrx_word' id='word_1_357' title='bbox 1647 440 1682 466; x_wconf 81' lang='grc' dir='ltr'><strong>Μ.</strong></span> <span class='ocrx_word' id='word_1_358' title='bbox 1699 440 1820 466; x_wconf 88' lang='lat' dir='ltr'><strong>Aurelio</strong></span> 
     </span>
    </p>
   </div>
   <div class='ocr_carea' id='block_1_49' title="bbox 1018 484 1819 520">
    <p class='ocr_par' dir='ltr' id='par_1_49' title="bbox 1018 484 1819 520">
     <span class='ocr_line' id='line_1_49' title="bbox 1018 484 1819 520; baseline 0.002 -10"><span class='ocrx_word' id='word_1_359' title='bbox 1018 484 1168 519; x_wconf 87' lang='lat' dir='ltr'><strong>Antonino,</strong></span> <span class='ocrx_word' id='word_1_360' title='bbox 1197 490 1227 513; x_wconf 89' lang='lat' dir='ltr'><strong>ut</strong></span> <span class='ocrx_word' id='word_1_361' title='bbox 1241 493 1273 513; x_wconf 77' lang='lat' dir='ltr'><strong>ex</strong></span> <span class='ocrx_word' id='word_1_362' title='bbox 1291 485 1456 514; x_wconf 84' lang='lat' dir='ltr'><strong>Philostrato</strong></span> <span class='ocrx_word' id='word_1_363' title='bbox 1476 486 1523 513; x_wconf 92' lang='lat' dir='ltr'><strong>lib.</strong></span> <span class='ocrx_word' id='word_1_364' title='bbox 1544 494 1563 513; x_wconf 95' lang='grc' dir='ltr'><strong>ιι</strong></span> <span class='ocrx_word' id='word_1_365' title='bbox 1580 486 1616 513; x_wconf 84' lang='lat' dir='ltr'><strong>De</strong></span> <span class='ocrx_word' id='word_1_366' title='bbox 1630 487 1677 512; x_wconf 79' lang='lat' dir='ltr'><strong>vit.</strong></span> <span class='ocrx_word' id='word_1_367' title='bbox 1692 485 1770 520; x_wconf 73' lang='lat' dir='ltr'><strong>soph.</strong></span> <span class='ocrx_word' id='word_1_368' title='bbox 1787 486 1819 512; x_wconf 89' lang='lat' dir='ltr'><strong>in</strong></span> 
     </span>
    </p>
   </div>
   <div class='ocr_carea' id='block_1_50' title="bbox 1020 531 1820 567">
    <p class='ocr_par' dir='ltr' id='par_1_50' title="bbox 1020 531 1820 567">
     <span class='ocr_line' id='line_1_50' title="bbox 1020 531 1820 567; baseline 0.004 -10"><span class='ocrx_word' id='word_1_369' title='bbox 1020 531 1128 559; x_wconf 81' lang='lat' dir='ltr'><strong>Herode</strong></span> <span class='ocrx_word' id='word_1_370' title='bbox 1145 531 1301 567; x_wconf 74' lang='lat' dir='ltr'><strong>colligitur;</strong></span> <span class='ocrx_word' id='word_1_371' title='bbox 1321 539 1428 560; x_wconf 86' lang='lat' dir='ltr'><strong>necnon</strong></span> <span class='ocrx_word' id='word_1_372' title='bbox 1448 537 1476 561; x_wconf 88' lang='lat' dir='ltr'><strong>et</strong></span> <span class='ocrx_word' id='word_1_373' title='bbox 1487 539 1519 560; x_wconf 80' lang='lat' dir='ltr'><strong>ex</strong></span> <span class='ocrx_word' id='word_1_374' title='bbox 1544 532 1666 560; x_wconf 89' lang='lat' dir='ltr'><strong>Luciano</strong></span> <span class='ocrx_word' id='word_1_375' title='bbox 1689 531 1716 558; x_wconf 93' lang='lat' dir='ltr'><strong>in</strong></span> <span class='ocrx_word' id='word_1_376' title='bbox 1737 532 1820 560; x_wconf 85' lang='lat' dir='ltr'><strong>illius</strong></span> 
     </span>
    </p>
   </div>
   <div class='ocr_carea' id='block_1_51' title="bbox 1020 577 1090 604">
    <p class='ocr_par' dir='ltr' id='par_1_51' title="bbox 1020 577 1090 604">
     <span class='ocr_line' id='line_1_51' title="bbox 1020 577 1090 604; baseline 0 0"><span class='ocrx_word' id='word_1_377' title='bbox 1020 577 1090 604; x_wconf 82' lang='lat' dir='ltr'><strong>Vita.</strong></span> 
     </span>
    </p>
   </div>
   <div class='ocr_carea' id='block_1_52' title="bbox 1054 622 1818 658">
    <p class='ocr_par' dir='ltr' id='par_1_52' title="bbox 1054 622 1818 658">
     <span class='ocr_line' id='line_1_52' title="bbox 1054 622 1818 658; baseline 0 -8"><span class='ocrx_word' id='word_1_378' title='bbox 1054 622 1211 650; x_wconf 75' lang='lat' dir='ltr'><strong>Col.952C.</strong></span> <span class='ocrx_word' id='word_1_379' title='bbox 1222 622 1303 650; x_wconf 82' lang='grc' dir='ltr'><em>Κατὰ</em></span> <span class='ocrx_word' id='word_1_380' title='bbox 1316 623 1466 657; x_wconf 75' lang='grc' dir='ltr'><strong>Ἑϐραίους</strong></span> <span class='ocrx_word' id='word_1_381' title='bbox 1482 622 1672 657; x_wconf 80' lang='grc' dir='ltr'><strong>Μαρεσουάν.</strong></span> <span class='ocrx_word' id='word_1_382' title='bbox 1689 623 1818 658; x_wconf 82' lang='lat' dir='ltr'><strong>Epipha-</strong></span> 
     </span>
    </p>
   </div>
   <div class='ocr_carea' id='block_1_53' title="bbox 1020 667 1819 703">
    <p class='ocr_par' dir='ltr' id='par_1_53' title="bbox 1020 667 1819 703">
     <span class='ocr_line' id='line_1_53' title="bbox 1020 667 1819 703; baseline 0.003 -9"><span class='ocrx_word' id='word_1_383' title='bbox 1020 667 1083 694; x_wconf 88' lang='lat' dir='ltr'><strong>nius</strong></span> <span class='ocrx_word' id='word_1_384' title='bbox 1103 667 1204 695; x_wconf 85' lang='lat' dir='ltr'><strong>Christi</strong></span> <span class='ocrx_word' id='word_1_385' title='bbox 1219 668 1381 703; x_wconf 87' lang='lat' dir='ltr'><strong>baptismum</strong></span> <span class='ocrx_word' id='word_1_386' title='bbox 1400 667 1521 703; x_wconf 78' lang='lat' dir='ltr'><strong>assignat</strong></span> <span class='ocrx_word' id='word_1_387' title='bbox 1534 668 1558 694; x_wconf 90' lang='lat' dir='ltr'><strong>ei</strong></span> <span class='ocrx_word' id='word_1_388' title='bbox 1573 675 1655 700; x_wconf 89' lang='lat' dir='ltr'><strong>anno,</strong></span> <span class='ocrx_word' id='word_1_389' title='bbox 1671 669 1718 703; x_wconf 87' lang='lat' dir='ltr'><strong>qui</strong></span> <span class='ocrx_word' id='word_1_390' title='bbox 1737 676 1819 697; x_wconf 87' lang='lat' dir='ltr'><strong>coss.</strong></span> 
     </span>
    </p>
   </div>
   <div class='ocr_carea' id='block_1_54' title="bbox 1019 713 1823 749">
    <p class='ocr_par' dir='ltr' id='par_1_54' title="bbox 1019 713 1823 749">
     <span class='ocr_line' id='line_1_54' title="bbox 1019 713 1823 749; baseline 0.004 -9"><span class='ocrx_word' id='word_1_391' title='bbox 1019 713 1113 741; x_wconf 90' lang='lat' dir='ltr'><strong>habuit</strong></span> <span class='ocrx_word' id='word_1_392' title='bbox 1133 713 1273 741; x_wconf 85' lang='lat' dir='ltr'><strong>Silvanum</strong></span> <span class='ocrx_word' id='word_1_393' title='bbox 1285 718 1311 741; x_wconf 86' lang='lat' dir='ltr'><strong>et</strong></span> <span class='ocrx_word' id='word_1_394' title='bbox 1322 713 1448 746; x_wconf 79' lang='lat' dir='ltr'><strong>Nervam,</strong></span> <span class='ocrx_word' id='word_1_395' title='bbox 1456 714 1502 749; x_wconf 88' lang='lat' dir='ltr'><strong>qui</strong></span> <span class='ocrx_word' id='word_1_396' title='bbox 1513 719 1556 742; x_wconf 84' lang='lat' dir='ltr'><strong>est</strong></span> <span class='ocrx_word' id='word_1_397' title='bbox 1566 713 1691 742; x_wconf 87' lang='lat' dir='ltr'><strong>Julianus</strong></span> <span class='ocrx_word' id='word_1_398' title='bbox 1701 715 1746 748; x_wconf 79' lang='grc'><strong>75,</strong></span> <span class='ocrx_word' id='word_1_399' title='bbox 1758 713 1823 743; x_wconf 85' lang='lat' dir='ltr'><strong>No-</strong></span> 
     </span>
    </p>
   </div>
   <div class='ocr_carea' id='block_1_55' title="bbox 1019 759 1817 794">
    <p class='ocr_par' dir='ltr' id='par_1_55' title="bbox 1019 759 1817 794">
     <span class='ocr_line' id='line_1_55' title="bbox 1019 759 1817 794; baseline 0 -8"><span class='ocrx_word' id='word_1_400' title='bbox 1019 760 1123 787; x_wconf 84' lang='lat' dir='ltr'><strong>vembri</strong></span> <span class='ocrx_word' id='word_1_401' title='bbox 1136 768 1240 791; x_wconf 78' lang='lat' dir='ltr'><strong>mense,</strong></span> <span class='ocrx_word' id='word_1_402' title='bbox 1256 767 1317 787; x_wconf 90' lang='lat' dir='ltr'><strong>cum</strong></span> <span class='ocrx_word' id='word_1_403' title='bbox 1327 767 1389 787; x_wconf 80' lang='lat' dir='ltr'><strong>vxu</strong></span> <span class='ocrx_word' id='word_1_404' title='bbox 1405 767 1502 790; x_wconf 86' lang='lat' dir='ltr'><strong>annos,</strong></span> <span class='ocrx_word' id='word_1_405' title='bbox 1515 767 1622 787; x_wconf 83' lang='lat' dir='ltr'><strong>menses</strong></span> <span class='ocrx_word' id='word_1_406' title='bbox 1636 767 1652 786; x_wconf 79' lang='grc' dir='ltr'><strong>ιι</strong></span> <span class='ocrx_word' id='word_1_407' title='bbox 1665 759 1817 794; x_wconf 85' lang='lat' dir='ltr'><strong>implesset.</strong></span> 
     </span>
    </p>
   </div>
   <div class='ocr_carea' id='block_1_56' title="bbox 1016 804 1820 836">
    <p class='ocr_par' dir='ltr' id='par_1_56' title="bbox 1016 804 1820 836">
     <span class='ocr_line' id='line_1_56' title="bbox 1016 804 1820 836; baseline -0.001 -4"><span class='ocrx_word' id='word_1_408' title='bbox 1016 805 1191 832; x_wconf 82' lang='lat' dir='ltr'><strong>Noviluninm</strong></span> <span class='ocrx_word' id='word_1_409' title='bbox 1201 805 1318 832; x_wconf 85' lang='lat' dir='ltr'><strong>medium</strong></span> <span class='ocrx_word' id='word_1_410' title='bbox 1328 805 1379 832; x_wconf 81' lang='lat' dir='ltr'><strong>hoc</strong></span> <span class='ocrx_word' id='word_1_411' title='bbox 1387 805 1591 833; x_wconf 83' lang='lat' dir='ltr'><strong>annoinciditin</strong></span> <span class='ocrx_word' id='word_1_412' title='bbox 1604 804 1672 832; x_wconf 80' lang='lat' dir='ltr'><strong>Nov.</strong></span> <span class='ocrx_word' id='word_1_413' title='bbox 1685 813 1724 836; x_wconf 74' lang='lat' dir='ltr'><strong>vr,</strong></span> <span class='ocrx_word' id='word_1_414' title='bbox 1737 805 1820 832; x_wconf 76' lang='lat' dir='ltr'><strong>heris</strong></span> 
     </span>
    </p>
   </div>
   <div class='ocr_carea' id='block_1_57' title="bbox 1018 851 1816 887">
    <p class='ocr_par' dir='ltr' id='par_1_57' title="bbox 1018 851 1816 887">
     <span class='ocr_line' id='line_1_57' title="bbox 1018 851 1816 887; baseline -0.001 -8"><span class='ocrx_word' id='word_1_415' title='bbox 1018 852 1123 886; x_wconf 83' lang='lat' dir='ltr'><strong>aliquot</strong></span> <span class='ocrx_word' id='word_1_416' title='bbox 1151 856 1213 886; x_wconf 82' lang='lat' dir='ltr'><strong>post</strong></span> <span class='ocrx_word' id='word_1_417' title='bbox 1239 851 1347 878; x_wconf 91' lang='lat' dir='ltr'><strong>initium</strong></span> <span class='ocrx_word' id='word_1_418' title='bbox 1363 852 1461 883; x_wconf 86' lang='lat' dir='ltr'><strong>noctis,</strong></span> <span class='ocrx_word' id='word_1_419' title='bbox 1479 852 1555 887; x_wconf 88' lang='lat' dir='ltr'><strong>cyclo</strong></span> <span class='ocrx_word' id='word_1_420' title='bbox 1577 860 1604 879; x_wconf 69' lang='grc' dir='ltr'>ι.</span> <span class='ocrx_word' id='word_1_421' title='bbox 1619 851 1709 884; x_wconf 81' lang='lat' dir='ltr'><strong>Quare</strong></span> <span class='ocrx_word' id='word_1_422' title='bbox 1722 851 1745 879; x_wconf 90' lang='lat' dir='ltr'><strong>si</strong></span> <span class='ocrx_word' id='word_1_423' title='bbox 1760 851 1816 878; x_wconf 82' lang='lat' dir='ltr'><strong>No-</strong></span> 
     </span>
    </p>
   </div>
   <div class='ocr_carea' id='block_1_58' title="bbox 1023 897 1817 929">
    <p class='ocr_par' dir='ltr' id='par_1_58' title="bbox 1023 897 1817 929">
     <span class='ocr_line' id='line_1_58' title="bbox 1023 897 1817 929; baseline -0.001 -4"><span class='ocrx_word' id='word_1_424' title='bbox 1023 898 1141 926; x_wconf 86' lang='lat' dir='ltr'><strong>vembris</strong></span> <span class='ocrx_word' id='word_1_425' title='bbox 1157 899 1216 925; x_wconf 81' lang='lat' dir='ltr'><strong>dies</strong></span> <span class='ocrx_word' id='word_1_426' title='bbox 1231 906 1279 925; x_wconf 87' lang='lat' dir='ltr'><strong>vut</strong></span> <span class='ocrx_word' id='word_1_427' title='bbox 1305 898 1500 925; x_wconf 72' lang='lat' dir='ltr'><strong>llarcltesuvan</strong></span> <span class='ocrx_word' id='word_1_428' title='bbox 1517 897 1623 925; x_wconf 86' lang='lat' dir='ltr'><strong>Judaiei</strong></span> <span class='ocrx_word' id='word_1_429' title='bbox 1636 898 1695 925; x_wconf 84' lang='lat' dir='ltr'><strong>dies</strong></span> <span class='ocrx_word' id='word_1_430' title='bbox 1707 902 1750 926; x_wconf 89' lang='lat' dir='ltr'><strong>est</strong></span> <span class='ocrx_word' id='word_1_431' title='bbox 1764 906 1817 929; x_wconf 83' lang='lat' dir='ltr'><strong>vn,</strong></span> 
     </span>
    </p>
   </div>
   <div class='ocr_carea' id='block_1_59' title="bbox 1021 943 1819 975">
    <p class='ocr_par' dir='ltr' id='par_1_59' title="bbox 1021 943 1819 975">
     <span class='ocr_line' id='line_1_59' title="bbox 1021 943 1819 975; baseline 0.003 -5"><span class='ocrx_word' id='word_1_432' title='bbox 1021 943 1170 972; x_wconf 72' lang='lat' dir='ltr'><strong>Nromenia</strong></span> <span class='ocrx_word' id='word_1_433' title='bbox 1184 943 1296 972; x_wconf 88' lang='lat' dir='ltr'><strong>Judaica</strong></span> <span class='ocrx_word' id='word_1_434' title='bbox 1312 945 1372 972; x_wconf 90' lang='lat' dir='ltr'><strong>iniit</strong></span> <span class='ocrx_word' id='word_1_435' title='bbox 1390 943 1522 973; x_wconf 86' lang='lat' dir='ltr'><strong>Novemb.</strong></span> <span class='ocrx_word' id='word_1_436' title='bbox 1541 949 1602 975; x_wconf 87' lang='lat' dir='ltr'><strong>n,et</strong></span> <span class='ocrx_word' id='word_1_437' title='bbox 1619 952 1634 971; x_wconf 93' lang='lat' dir='ltr'><strong>v</strong></span> <span class='ocrx_word' id='word_1_438' title='bbox 1649 944 1745 972; x_wconf 90' lang='lat' dir='ltr'><strong>solidis</strong></span> <span class='ocrx_word' id='word_1_439' title='bbox 1756 945 1819 972; x_wconf 45' lang='lat' dir='ltr'><strong>die»</strong></span> 
     </span>
    </p>
   </div>
   <div class='ocr_carea' id='block_1_60' title="bbox 1022 988 1814 1017">
    <p class='ocr_par' dir='ltr' id='par_1_60' title="bbox 1022 988 1814 1017">
     <span class='ocr_line' id='line_1_60' title="bbox 1022 988 1814 1017; baseline 0.001 -1"><span class='ocrx_word' id='word_1_440' title='bbox 1022 989 1073 1017; x_wconf 86' lang='lat' dir='ltr'><strong>bus</strong></span> <span class='ocrx_word' id='word_1_441' title='bbox 1095 989 1263 1017; x_wconf 88' lang='lat' dir='ltr'><strong>novilunium</strong></span> <span class='ocrx_word' id='word_1_442' title='bbox 1295 989 1451 1017; x_wconf 85' lang='lat' dir='ltr'><strong>antecessit.</strong></span> <span class='ocrx_word' id='word_1_443' title='bbox 1470 988 1538 1016; x_wconf 87' lang='lat' dir='ltr'><strong>Nam</strong></span> <span class='ocrx_word' id='word_1_444' title='bbox 1556 988 1665 1016; x_wconf 84' lang='lat' dir='ltr'><strong>Judaice</strong></span> <span class='ocrx_word' id='word_1_445' title='bbox 1686 990 1814 1017; x_wconf 90' lang='lat' dir='ltr'><strong>novilun.</strong></span> 
     </span>
    </p>
   </div>
   <div class='ocr_carea' id='block_1_61' title="bbox 1021 1034 1818 1070">
    <p class='ocr_par' dir='ltr' id='par_1_61' title="bbox 1021 1034 1818 1070">
     <span class='ocr_line' id='line_1_61' title="bbox 1021 1034 1818 1070; baseline 0.001 -8"><span class='ocrx_word' id='word_1_446' title='bbox 1021 1036 1175 1070; x_wconf 88' lang='lat' dir='ltr'><strong>quadrabat</strong></span> <span class='ocrx_word' id='word_1_447' title='bbox 1198 1036 1223 1062; x_wconf 94' lang='lat' dir='ltr'><strong>iu</strong></span> <span class='ocrx_word' id='word_1_448' title='bbox 1248 1035 1408 1063; x_wconf 80' lang='lat' dir='ltr'><strong>Novembris</strong></span> <span class='ocrx_word' id='word_1_449' title='bbox 1422 1043 1469 1068; x_wconf 85' lang='lat' dir='ltr'><strong>vn,</strong></span> <span class='ocrx_word' id='word_1_450' title='bbox 1486 1034 1551 1062; x_wconf 87' lang='lat' dir='ltr'><strong>feria</strong></span> <span class='ocrx_word' id='word_1_451' title='bbox 1565 1043 1585 1062; x_wconf 87' lang='grc' dir='ltr'>ι.</span> <span class='ocrx_word' id='word_1_452' title='bbox 1606 1035 1658 1063; x_wconf 86' lang='lat' dir='ltr'><strong>Sed</strong></span> <span class='ocrx_word' id='word_1_453' title='bbox 1676 1044 1731 1063; x_wconf 92' lang='lat' dir='ltr'><strong>non</strong></span> <span class='ocrx_word' id='word_1_454' title='bbox 1747 1041 1818 1070; x_wconf 88' lang='lat' dir='ltr'><strong>puto</strong></span> 
     </span>
    </p>
   </div>
   <div class='ocr_carea' id='block_1_62' title="bbox 1022 1079 1819 1117">
    <p class='ocr_par' dir='ltr' id='par_1_62' title="bbox 1022 1079 1819 1117">
     <span class='ocr_line' id='line_1_62' title="bbox 1022 1079 1819 1117; baseline 0 -9"><span class='ocrx_word' id='word_1_455' title='bbox 1022 1085 1127 1109; x_wconf 88' lang='lat' dir='ltr'><strong>tantum</strong></span> <span class='ocrx_word' id='word_1_456' title='bbox 1145 1081 1180 1108; x_wconf 88' lang='lat' dir='ltr'><strong>ab</strong></span> <span class='ocrx_word' id='word_1_457' title='bbox 1211 1081 1265 1108; x_wconf 89' lang='lat' dir='ltr'><strong>illis</strong></span> <span class='ocrx_word' id='word_1_458' title='bbox 1280 1080 1481 1108; x_wconf 86' lang='lat' dir='ltr'><strong>dissimulatatn</strong></span> <span class='ocrx_word' id='word_1_459' title='bbox 1501 1079 1586 1108; x_wconf 85' lang='lat' dir='ltr'><strong>fuisse</strong></span> <span class='ocrx_word' id='word_1_460' title='bbox 1602 1081 1724 1109; x_wconf 89' lang='lat' dir='ltr'><strong>lunarem</strong></span> <span class='ocrx_word' id='word_1_461' title='bbox 1746 1090 1819 1117; x_wconf 77' lang='grc' dir='ltr'><strong>προ-</strong></span> 
     </span>
    </p>
   </div>
   <div class='ocr_carea' id='block_1_63' title="bbox 1022 1127 1816 1164">
    <p class='ocr_par' dir='ltr' id='par_1_63' title="bbox 1022 1127 1816 1164">
     <span class='ocr_line' id='line_1_63' title="bbox 1022 1127 1816 1164; baseline 0 -11"><span class='ocrx_word' id='word_1_462' title='bbox 1022 1127 1132 1162; x_wconf 84' lang='grc' dir='ltr'><strong>ήγησιν.</strong></span> <span class='ocrx_word' id='word_1_463' title='bbox 1146 1127 1179 1154; x_wconf 86' lang='grc' dir='ltr'><strong>Ει</strong></span> <span class='ocrx_word' id='word_1_464' title='bbox 1191 1132 1313 1155; x_wconf 86' lang='lat' dir='ltr'><strong>erratum</strong></span> <span class='ocrx_word' id='word_1_465' title='bbox 1331 1127 1457 1155; x_wconf 71' lang='lat' dir='ltr'><strong>fortassis</strong></span> <span class='ocrx_word' id='word_1_466' title='bbox 1466 1133 1517 1161; x_wconf 86' lang='lat' dir='ltr'><strong>est,</strong></span> <span class='ocrx_word' id='word_1_467' title='bbox 1529 1133 1559 1155; x_wconf 92' lang='lat' dir='ltr'><strong>ut</strong></span> <span class='ocrx_word' id='word_1_468' title='bbox 1570 1136 1618 1163; x_wconf 91' lang='lat' dir='ltr'><strong>pro</strong></span> <span class='ocrx_word' id='word_1_469' title='bbox 1632 1127 1745 1164; x_wconf 78' lang='grc' dir='ltr'><strong>ὲῦδόμῃ,</strong></span> <span class='ocrx_word' id='word_1_470' title='bbox 1754 1127 1816 1163; x_wconf 69' lang='grc' dir='ltr'><strong>τρία</strong></span> 
     </span>
    </p>
   </div>
   <div class='ocr_carea' id='block_1_64' title="bbox 1022 1174 1814 1211">
    <p class='ocr_par' dir='ltr' id='par_1_64' title="bbox 1022 1174 1814 1211">
     <span class='ocr_line' id='line_1_64' title="bbox 1022 1174 1814 1211; baseline 0.001 -11"><span class='ocrx_word' id='word_1_471' title='bbox 1022 1182 1058 1211; x_wconf 84' lang='grc' dir='ltr'><strong>τῃ</strong></span> <span class='ocrx_word' id='word_1_472' title='bbox 1072 1174 1113 1202; x_wconf 89' lang='lat' dir='ltr'><strong>vel</strong></span> <span class='ocrx_word' id='word_1_473' title='bbox 1129 1174 1255 1210; x_wconf 73' lang='grc' dir='ltr'><strong>δευτέρᾳ,</strong></span> <span class='ocrx_word' id='word_1_474' title='bbox 1283 1175 1325 1202; x_wconf 81' lang='lat' dir='ltr'><strong>vel</strong></span> <span class='ocrx_word' id='word_1_475' title='bbox 1350 1180 1423 1202; x_wconf 87' lang='lat' dir='ltr'><strong>certe</strong></span> <span class='ocrx_word' id='word_1_476' title='bbox 1448 1176 1565 1211; x_wconf 83' lang='grc' dir='ltr'>τετάρτῃ</span> <span class='ocrx_word' id='word_1_477' title='bbox 1590 1174 1732 1210; x_wconf 83' lang='lat' dir='ltr'><strong>legendum</strong></span> <span class='ocrx_word' id='word_1_478' title='bbox 1756 1175 1814 1202; x_wconf 85' lang='lat' dir='ltr'><strong>sit:</strong></span> 
     </span>
    </p>
   </div>
   <div class='ocr_carea' id='block_1_65' title="bbox 1022 1218 1817 1254">
    <p class='ocr_par' dir='ltr' id='par_1_65' title="bbox 1022 1218 1817 1254">
     <span class='ocr_line' id='line_1_65' title="bbox 1022 1218 1817 1254; baseline -0.001 -8"><span class='ocrx_word' id='word_1_479' title='bbox 1022 1226 1077 1254; x_wconf 92' lang='lat' dir='ltr'><strong>quo</strong></span> <span class='ocrx_word' id='word_1_480' title='bbox 1091 1219 1238 1247; x_wconf 84' lang='lat' dir='ltr'><strong>tolerabilis</strong></span> <span class='ocrx_word' id='word_1_481' title='bbox 1257 1218 1412 1247; x_wconf 71' lang='lat' dir='ltr'><strong>Ncomenite</strong></span> <span class='ocrx_word' id='word_1_482' title='bbox 1432 1220 1506 1248; x_wconf 86' lang='lat' dir='ltr'><strong>labes</strong></span> <span class='ocrx_word' id='word_1_483' title='bbox 1524 1219 1717 1247; x_wconf 83' lang='lat' dir='ltr'><strong>intercesserit.</strong></span> <span class='ocrx_word' id='word_1_484' title='bbox 1741 1218 1817 1251; x_wconf 88' lang='lat' dir='ltr'><strong>Quin</strong></span> 
     </span>
    </p>
   </div>
   <div class='ocr_carea' id='block_1_66' title="bbox 1021 1262 1816 1299">
    <p class='ocr_par' dir='ltr' id='par_1_66' title="bbox 1021 1262 1816 1299">
     <span class='ocr_line' id='line_1_66' title="bbox 1021 1262 1816 1299; baseline -0.004 -7"><span class='ocrx_word' id='word_1_485' title='bbox 1021 1269 1049 1292; x_wconf 89' lang='lat' dir='ltr'><strong>et</strong></span> <span class='ocrx_word' id='word_1_486' title='bbox 1074 1266 1144 1293; x_wconf 78' lang='lat' dir='ltr'><strong>alius</strong></span> <span class='ocrx_word' id='word_1_487' title='bbox 1155 1271 1233 1292; x_wconf 87' lang='lat' dir='ltr'><strong>error</strong></span> <span class='ocrx_word' id='word_1_488' title='bbox 1246 1269 1287 1292; x_wconf 84' lang='lat' dir='ltr'><strong>est</strong></span> <span class='ocrx_word' id='word_1_489' title='bbox 1304 1264 1330 1290; x_wconf 94' lang='lat' dir='ltr'><strong>in</strong></span> <span class='ocrx_word' id='word_1_490' title='bbox 1346 1264 1447 1292; x_wconf 91' lang='lat' dir='ltr'><strong>mensis</strong></span> <span class='ocrx_word' id='word_1_491' title='bbox 1464 1264 1653 1299; x_wconf 85' lang='lat' dir='ltr'><strong>appellatione.</strong></span> <span class='ocrx_word' id='word_1_492' title='bbox 1669 1262 1727 1290; x_wconf 87' lang='lat' dir='ltr'><strong>Non</strong></span> <span class='ocrx_word' id='word_1_493' title='bbox 1740 1263 1816 1290; x_wconf 81' lang='lat' dir='ltr'><strong>enim</strong></span> 
     </span>
    </p>
   </div>
   <div class='ocr_carea' id='block_1_67' title="bbox 1023 1308 1818 1343">
    <p class='ocr_par' dir='ltr' id='par_1_67' title="bbox 1023 1308 1818 1343">
     <span class='ocr_line' id='line_1_67' title="bbox 1023 1308 1818 1343; baseline -0.003 -5"><span class='ocrx_word' id='word_1_494' title='bbox 1023 1310 1230 1343; x_wconf 81' lang='lat' dir='ltr'><strong>Marchesuvan,</strong></span> <span class='ocrx_word' id='word_1_495' title='bbox 1241 1310 1287 1337; x_wconf 88' lang='lat' dir='ltr'><strong>sed</strong></span> <span class='ocrx_word' id='word_1_496' title='bbox 1302 1308 1406 1337; x_wconf 83' lang='lat' dir='ltr'><strong>Casseu</strong></span> <span class='ocrx_word' id='word_1_497' title='bbox 1421 1317 1482 1337; x_wconf 89' lang='lat' dir='ltr'><strong>esse</strong></span> <span class='ocrx_word' id='word_1_498' title='bbox 1496 1309 1584 1342; x_wconf 85' lang='lat' dir='ltr'><strong>debet,</strong></span> <span class='ocrx_word' id='word_1_499' title='bbox 1599 1310 1621 1336; x_wconf 96' lang='lat' dir='ltr'><strong>si</strong></span> <span class='ocrx_word' id='word_1_500' title='bbox 1638 1310 1719 1336; x_wconf 90' lang='lat' dir='ltr'><strong>modo</strong></span> <span class='ocrx_word' id='word_1_501' title='bbox 1736 1310 1818 1336; x_wconf 92' lang='lat' dir='ltr'><strong>luna-</strong></span> 
     </span>
    </p>
   </div>
   <div class='ocr_carea' id='block_1_68' title="bbox 1024 1354 1816 1390">
    <p class='ocr_par' dir='ltr' id='par_1_68' title="bbox 1024 1354 1816 1390">
     <span class='ocr_line' id='line_1_68' title="bbox 1024 1354 1816 1390; baseline -0.003 -6"><span class='ocrx_word' id='word_1_502' title='bbox 1024 1356 1062 1384; x_wconf 91' lang='lat' dir='ltr'><strong>ris</strong></span> <span class='ocrx_word' id='word_1_503' title='bbox 1077 1356 1121 1383; x_wconf 89' lang='lat' dir='ltr'><strong>ille</strong></span> <span class='ocrx_word' id='word_1_504' title='bbox 1134 1355 1236 1383; x_wconf 86' lang='lat' dir='ltr'><strong>mensis</strong></span> <span class='ocrx_word' id='word_1_505' title='bbox 1256 1354 1316 1382; x_wconf 87' lang='lat' dir='ltr'><strong>fuit.</strong></span> <span class='ocrx_word' id='word_1_506' title='bbox 1341 1355 1419 1388; x_wconf 86' lang='lat' dir='ltr'><strong>Quod</strong></span> <span class='ocrx_word' id='word_1_507' title='bbox 1435 1355 1543 1390; x_wconf 85' lang='lat' dir='ltr'><strong>quidem</strong></span> <span class='ocrx_word' id='word_1_508' title='bbox 1568 1355 1627 1382; x_wconf 84' lang='lat' dir='ltr'><strong>ﬁeri</strong></span> <span class='ocrx_word' id='word_1_509' title='bbox 1642 1363 1695 1383; x_wconf 93' lang='lat' dir='ltr'><strong>non</strong></span> <span class='ocrx_word' id='word_1_510' title='bbox 1714 1359 1816 1390; x_wconf 83' lang='lat' dir='ltr'><strong>potest,</strong></span> 
     </span>
    </p>
   </div>
   <div class='ocr_carea' id='block_1_69' title="bbox 1023 1401 1819 1438">
    <p class='ocr_par' dir='ltr' id='par_1_69' title="bbox 1023 1401 1819 1438">
     <span class='ocr_line' id='line_1_69' title="bbox 1023 1401 1819 1438; baseline -0.003 -8"><span class='ocrx_word' id='word_1_511' title='bbox 1023 1403 1047 1430; x_wconf 96' lang='lat' dir='ltr'><strong>si</strong></span> <span class='ocrx_word' id='word_1_512' title='bbox 1063 1403 1166 1438; x_wconf 75' lang='lat' dir='ltr'><strong>integer</strong></span> <span class='ocrx_word' id='word_1_513' title='bbox 1180 1402 1214 1429; x_wconf 85' lang='lat' dir='ltr'><strong>sit</strong></span> <span class='ocrx_word' id='word_1_514' title='bbox 1229 1401 1274 1428; x_wconf 90' lang='lat' dir='ltr'><strong>hic</strong></span> <span class='ocrx_word' id='word_1_515' title='bbox 1289 1401 1432 1436; x_wconf 85' lang='lat' dir='ltr'><strong>Epiphanii</strong></span> <span class='ocrx_word' id='word_1_516' title='bbox 1455 1401 1531 1429; x_wconf 88' lang='lat' dir='ltr'><strong>locus</strong></span> <span class='ocrx_word' id='word_1_517' title='bbox 1544 1407 1572 1430; x_wconf 88' lang='lat' dir='ltr'><strong>et</strong></span> <span class='ocrx_word' id='word_1_518' title='bbox 1586 1402 1693 1429; x_wconf 82' lang='lat' dir='ltr'><strong>Judaici</strong></span> <span class='ocrx_word' id='word_1_519' title='bbox 1711 1402 1819 1429; x_wconf 76' lang='lat' dir='ltr'><strong>mensis</strong></span> 
     </span>
    </p>
   </div>
   <div class='ocr_carea' id='block_1_70' title="bbox 1024 1447 1817 1480">
    <p class='ocr_par' dir='ltr' id='par_1_70' title="bbox 1024 1447 1817 1480">
     <span class='ocr_line' id='line_1_70' title="bbox 1024 1447 1817 1480; baseline 0 -6"><span class='ocrx_word' id='word_1_520' title='bbox 1024 1452 1099 1475; x_wconf 78' lang='lat' dir='ltr'><strong>sexta</strong></span> <span class='ocrx_word' id='word_1_521' title='bbox 1126 1447 1294 1474; x_wconf 88' lang='lat' dir='ltr'><strong>novilunium</strong></span> <span class='ocrx_word' id='word_1_522' title='bbox 1320 1447 1497 1475; x_wconf 91' lang='lat' dir='ltr'><strong>commissum</strong></span> <span class='ocrx_word' id='word_1_523' title='bbox 1525 1448 1616 1474; x_wconf 83' lang='lat' dir='ltr'><strong>fuerit.</strong></span> <span class='ocrx_word' id='word_1_524' title='bbox 1634 1447 1703 1480; x_wconf 85' lang='lat' dir='ltr'><strong>Quid</strong></span> <span class='ocrx_word' id='word_1_525' title='bbox 1727 1448 1749 1474; x_wconf 90' lang='lat' dir='ltr'><strong>si</strong></span> <span class='ocrx_word' id='word_1_526' title='bbox 1768 1453 1817 1474; x_wconf 81' lang='lat' dir='ltr'><strong>aut</strong></span> 
     </span>
    </p>
   </div>
   <div class='ocr_carea' id='block_1_71' title="bbox 1024 1492 1818 1528">
    <p class='ocr_par' dir='ltr' id='par_1_71' title="bbox 1024 1492 1818 1528">
     <span class='ocr_line' id='line_1_71' title="bbox 1024 1492 1818 1528; baseline 0 -8"><span class='ocrx_word' id='word_1_527' title='bbox 1024 1493 1108 1520; x_wconf 69' lang='lat' dir='ltr'><strong>Judaai</strong></span> <span class='ocrx_word' id='word_1_528' title='bbox 1124 1497 1188 1519; x_wconf 87' lang='lat' dir='ltr'><strong>tunc</strong></span> <span class='ocrx_word' id='word_1_529' title='bbox 1203 1493 1344 1527; x_wconf 86' lang='lat' dir='ltr'><strong>temporis,</strong></span> <span class='ocrx_word' id='word_1_530' title='bbox 1367 1497 1414 1520; x_wconf 87' lang='lat' dir='ltr'><strong>aut</strong></span> <span class='ocrx_word' id='word_1_531' title='bbox 1429 1492 1598 1528; x_wconf 81' lang='lat' dir='ltr'><strong>Epiphanius</strong></span> <span class='ocrx_word' id='word_1_532' title='bbox 1618 1494 1674 1528; x_wconf 91' lang='lat' dir='ltr'><strong>ipse</strong></span> <span class='ocrx_word' id='word_1_533' title='bbox 1685 1492 1818 1521; x_wconf 68' lang='lat' dir='ltr'><strong>Iudaico-</strong></span> 
     </span>
    </p>
   </div>
   <div class='ocr_carea' id='block_1_72' title="bbox 1026 1538 1818 1568">
    <p class='ocr_par' dir='ltr' id='par_1_72' title="bbox 1026 1538 1818 1568">
     <span class='ocr_line' id='line_1_72' title="bbox 1026 1538 1818 1568; baseline 0 -2"><span class='ocrx_word' id='word_1_534' title='bbox 1026 1547 1085 1566; x_wconf 92' lang='lat' dir='ltr'><strong>rum</strong></span> <span class='ocrx_word' id='word_1_535' title='bbox 1098 1539 1232 1566; x_wconf 91' lang='lat' dir='ltr'><strong>mensium</strong></span> <span class='ocrx_word' id='word_1_536' title='bbox 1249 1539 1380 1566; x_wconf 85' lang='lat' dir='ltr'><strong>vocabula</strong></span> <span class='ocrx_word' id='word_1_537' title='bbox 1389 1538 1504 1567; x_wconf 79' lang='lat' dir='ltr'><strong>Julianis</strong></span> <span class='ocrx_word' id='word_1_538' title='bbox 1518 1540 1658 1568; x_wconf 91' lang='lat' dir='ltr'><strong>mensibus</strong></span> <span class='ocrx_word' id='word_1_539' title='bbox 1672 1539 1818 1567; x_wconf 72' lang='lat' dir='ltr'><strong>tribuerit?</strong></span> 
     </span>
    </p>
   </div>
   <div class='ocr_carea' id='block_1_73' title="bbox 1026 1583 1817 1617">
    <p class='ocr_par' dir='ltr' id='par_1_73' title="bbox 1026 1583 1817 1617">
     <span class='ocr_line' id='line_1_73' title="bbox 1026 1583 1817 1617; baseline -0.001 -5"><span class='ocrx_word' id='word_1_540' title='bbox 1026 1586 1065 1613; x_wconf 88' lang='lat' dir='ltr'><strong>Ac</strong></span> <span class='ocrx_word' id='word_1_541' title='bbox 1089 1589 1154 1611; x_wconf 89' lang='lat' dir='ltr'><strong>tunc</strong></span> <span class='ocrx_word' id='word_1_542' title='bbox 1182 1583 1298 1612; x_wconf 90' lang='lat' dir='ltr'><strong>October</strong></span> <span class='ocrx_word' id='word_1_543' title='bbox 1323 1584 1415 1617; x_wconf 87' lang='lat' dir='ltr'><strong>Tisri,</strong></span> <span class='ocrx_word' id='word_1_544' title='bbox 1441 1583 1594 1613; x_wconf 77' lang='lat' dir='ltr'><strong>November</strong></span> <span class='ocrx_word' id='word_1_545' title='bbox 1617 1585 1817 1612; x_wconf 83' lang='lat' dir='ltr'><strong>Marchesuvan</strong></span> 
     </span>
    </p>
   </div>
   <div class='ocr_carea' id='block_1_74' title="bbox 1027 1629 1815 1665">
    <p class='ocr_par' dir='ltr' id='par_1_74' title="bbox 1027 1629 1815 1665">
     <span class='ocr_line' id='line_1_74' title="bbox 1027 1629 1815 1665; baseline 0.001 -8"><span class='ocrx_word' id='word_1_546' title='bbox 1027 1630 1117 1658; x_wconf 81' lang='lat' dir='ltr'><strong>fuerit.</strong></span> <span class='ocrx_word' id='word_1_547' title='bbox 1134 1629 1187 1657; x_wconf 89' lang='lat' dir='ltr'><strong>Sed</strong></span> <span class='ocrx_word' id='word_1_548' title='bbox 1201 1630 1281 1665; x_wconf 90' lang='lat' dir='ltr'><strong>hujus</strong></span> <span class='ocrx_word' id='word_1_549' title='bbox 1298 1630 1335 1657; x_wconf 89' lang='lat' dir='ltr'><strong>rei</strong></span> <span class='ocrx_word' id='word_1_550' title='bbox 1352 1635 1449 1665; x_wconf 70' lang='lat' dir='ltr'><strong>praeter</strong></span> <span class='ocrx_word' id='word_1_551' title='bbox 1470 1630 1655 1665; x_wconf 77' lang='lat' dir='ltr'><strong>conjecturam</strong></span> <span class='ocrx_word' id='word_1_552' title='bbox 1678 1630 1747 1657; x_wconf 92' lang='lat' dir='ltr'><strong>nihil</strong></span> <span class='ocrx_word' id='word_1_553' title='bbox 1769 1631 1815 1658; x_wconf 82' lang='lat' dir='ltr'><strong>ha-</strong></span> 
     </span>
    </p>
   </div>
   <div class='ocr_carea' id='block_1_75' title="bbox 1025 1677 1131 1704">
    <p class='ocr_par' dir='ltr' id='par_1_75' title="bbox 1025 1677 1131 1704">
     <span class='ocr_line' id='line_1_75' title="bbox 1025 1677 1131 1704; baseline -0.009 0"><span class='ocrx_word' id='word_1_554' title='bbox 1025 1677 1131 1704; x_wconf 88' lang='lat' dir='ltr'><strong>bemus.</strong></span> 
     </span>
    </p>
   </div>
   <div class='ocr_carea' id='block_1_76' title="bbox 1061 1721 1816 1758">
    <p class='ocr_par' dir='ltr' id='par_1_76' title="bbox 1061 1721 1816 1758">
     <span class='ocr_line' id='line_1_76' title="bbox 1061 1721 1816 1758; baseline -0.003 -8"><span class='ocrx_word' id='word_1_555' title='bbox 1061 1723 1130 1750; x_wconf 85' lang='lat' dir='ltr'><strong>lbid.</strong></span> <span class='ocrx_word' id='word_1_556' title='bbox 1145 1721 1237 1751; x_wconf 67' lang='lat' dir='ltr'><strong>D.Tér</strong></span> <span class='ocrx_word' id='word_1_557' title='bbox 1249 1721 1303 1757; x_wconf 74' lang='grc' dir='ltr'><strong>γὰρ</strong></span> <span class='ocrx_word' id='word_1_558' title='bbox 1314 1721 1431 1756; x_wconf 78' lang='grc' dir='ltr'><strong>πρῶτον</strong></span> <span class='ocrx_word' id='word_1_559' title='bbox 1441 1722 1590 1749; x_wconf 77' lang='grc' dir='ltr'><strong>ἐνιαυτόν.</strong></span> <span class='ocrx_word' id='word_1_560' title='bbox 1603 1722 1695 1749; x_wconf 76' lang='lat' dir='ltr'><strong>Priore</strong></span> <span class='ocrx_word' id='word_1_561' title='bbox 1707 1723 1756 1758; x_wconf 77' lang='grc' dir='ltr'><strong>τῆς</strong></span> <span class='ocrx_word' id='word_1_562' title='bbox 1764 1731 1816 1758; x_wconf 80' lang='grc' dir='ltr'><strong>κη-</strong></span> 
     </span>
    </p>
   </div>
   <div class='ocr_carea' id='block_1_77' title="bbox 1026 1768 1815 1805">
    <p class='ocr_par' dir='ltr' id='par_1_77' title="bbox 1026 1768 1815 1805">
     <span class='ocr_line' id='line_1_77' title="bbox 1026 1768 1815 1805; baseline 0.001 -10"><span class='ocrx_word' id='word_1_563' title='bbox 1026 1768 1128 1805; x_wconf 76' lang='grc' dir='ltr'><strong>ρὺξεως</strong></span> <span class='ocrx_word' id='word_1_564' title='bbox 1136 1777 1208 1796; x_wconf 87' lang='lat' dir='ltr'><strong>anno</strong></span> <span class='ocrx_word' id='word_1_565' title='bbox 1216 1769 1350 1796; x_wconf 88' lang='lat' dir='ltr'><strong>neminetn</strong></span> <span class='ocrx_word' id='word_1_566' title='bbox 1362 1768 1533 1796; x_wconf 85' lang='lat' dir='ltr'><strong>adversatum</strong></span> <span class='ocrx_word' id='word_1_567' title='bbox 1541 1775 1602 1796; x_wconf 89' lang='lat' dir='ltr'><strong>esse</strong></span> <span class='ocrx_word' id='word_1_568' title='bbox 1612 1768 1721 1796; x_wconf 83' lang='lat' dir='ltr'><strong>Christo</strong></span> <span class='ocrx_word' id='word_1_569' title='bbox 1729 1777 1815 1804; x_wconf 76' lang='lat' dir='ltr'><strong>neque</strong></span> 
     </span>
    </p>
   </div>
   <div class='ocr_carea' id='block_1_78' title="bbox 1026 1813 1814 1849">
    <p class='ocr_par' dir='ltr' id='par_1_78' title="bbox 1026 1813 1814 1849">
     <span class='ocr_line' id='line_1_78' title="bbox 1026 1813 1814 1849; baseline -0.003 -7"><span class='ocrx_word' id='word_1_570' title='bbox 1026 1822 1118 1842; x_wconf 86' lang='lat' dir='ltr'><strong>verum</strong></span> <span class='ocrx_word' id='word_1_571' title='bbox 1134 1819 1185 1846; x_wconf 90' lang='lat' dir='ltr'><strong>est,</strong></span> <span class='ocrx_word' id='word_1_572' title='bbox 1199 1821 1286 1849; x_wconf 89' lang='lat' dir='ltr'><strong>neque</strong></span> <span class='ocrx_word' id='word_1_573' title='bbox 1300 1821 1332 1841; x_wconf 85' lang='lat' dir='ltr'><strong>ex</strong></span> <span class='ocrx_word' id='word_1_574' title='bbox 1346 1813 1502 1848; x_wconf 85' lang='lat' dir='ltr'><strong>Epiphanii,</strong></span> <span class='ocrx_word' id='word_1_575' title='bbox 1514 1814 1555 1840; x_wconf 90' lang='lat' dir='ltr'><strong>vel</strong></span> <span class='ocrx_word' id='word_1_576' title='bbox 1569 1821 1663 1841; x_wconf 90' lang='lat' dir='ltr'><strong>eorum</strong></span> <span class='ocrx_word' id='word_1_577' title='bbox 1681 1815 1814 1845; x_wconf 85' lang='lat' dir='ltr'><strong>omnium,</strong></span> 
     </span>
    </p>
   </div>
   <div class='ocr_carea' id='block_1_79' title="bbox 1025 1858 1814 1895">
    <p class='ocr_par' dir='ltr' id='par_1_79' title="bbox 1025 1858 1814 1895">
     <span class='ocr_line' id='line_1_79' title="bbox 1025 1858 1814 1895; baseline -0.003 -9"><span class='ocrx_word' id='word_1_578' title='bbox 1025 1859 1071 1895; x_wconf 92' lang='lat' dir='ltr'><strong>qui</strong></span> <span class='ocrx_word' id='word_1_579' title='bbox 1093 1860 1144 1886; x_wconf 88' lang='lat' dir='ltr'><strong>tria</strong></span> <span class='ocrx_word' id='word_1_580' title='bbox 1161 1859 1294 1886; x_wconf 77' lang='lat' dir='ltr'><strong>duntaxat</strong></span> <span class='ocrx_word' id='word_1_581' title='bbox 1306 1858 1437 1887; x_wconf 81' lang='lat' dir='ltr'><strong>Pascbata</strong></span> <span class='ocrx_word' id='word_1_582' title='bbox 1453 1864 1607 1892; x_wconf 85' lang='lat' dir='ltr'><strong>numerant,</strong></span> <span class='ocrx_word' id='word_1_583' title='bbox 1622 1859 1751 1894; x_wconf 87' lang='lat' dir='ltr'><strong>opinione</strong></span> <span class='ocrx_word' id='word_1_584' title='bbox 1769 1860 1814 1885; x_wconf 82' lang='lat' dir='ltr'><strong>de-</strong></span> 
     </span>
    </p>
   </div>
   <div class='ocr_carea' id='block_1_80' title="bbox 1024 1903 1814 1939">
    <p class='ocr_par' dir='ltr' id='par_1_80' title="bbox 1024 1903 1814 1939">
     <span class='ocr_line' id='line_1_80' title="bbox 1024 1903 1814 1939; baseline 0 -8"><span class='ocrx_word' id='word_1_585' title='bbox 1024 1903 1096 1932; x_wconf 81' lang='lat' dir='ltr'><strong>fendi</strong></span> <span class='ocrx_word' id='word_1_586' title='bbox 1114 1909 1203 1939; x_wconf 85' lang='lat' dir='ltr'><strong>potest</strong></span> <span class='ocrx_word' id='word_1_587' title='bbox 1217 1913 1223 1930; x_wconf 89' lang='lat'><strong>:</strong></span> <span class='ocrx_word' id='word_1_588' title='bbox 1237 1909 1268 1930; x_wconf 89' lang='grc' dir='ltr'><strong>ιιι</strong></span> <span class='ocrx_word' id='word_1_589' title='bbox 1280 1905 1313 1931; x_wconf 87' lang='lat' dir='ltr'><strong>ad</strong></span> <span class='ocrx_word' id='word_1_590' title='bbox 1327 1912 1355 1931; x_wconf 92' lang='lat' dir='ltr'><strong>n.</strong></span> <span class='ocrx_word' id='word_1_591' title='bbox 1366 1904 1401 1931; x_wconf 70' lang='lat'><strong>28</strong></span> <span class='ocrx_word' id='word_1_592' title='bbox 1417 1903 1650 1931; x_wconf 88' lang='lat' dir='ltr'><strong>demonstrabitur</strong></span> <span class='ocrx_word' id='word_1_593' title='bbox 1665 1912 1671 1929; x_wconf 75' lang='grc' dir='ltr'><strong>ε</strong></span> <span class='ocrx_word' id='word_1_594' title='bbox 1693 1904 1738 1930; x_wconf 90' lang='lat' dir='ltr'><strong>ubi</strong></span> <span class='ocrx_word' id='word_1_595' title='bbox 1755 1913 1814 1938; x_wconf 77' lang='lat' dir='ltr'><strong>qu.c</strong></span> 
     </span>
    </p>
   </div>
   <div class='ocr_carea' id='block_1_81' title="bbox 1025 1948 1743 1984">
    <p class='ocr_par' dir='ltr' id='par_1_81' title="bbox 1025 1948 1743 1984">
     <span class='ocr_line' id='line_1_81' title="bbox 1025 1948 1743 1984; baseline 0 -9"><span class='ocrx_word' id='word_1_596' title='bbox 1025 1949 1077 1976; x_wconf 91' lang='lat' dir='ltr'><strong>hoc</strong></span> <span class='ocrx_word' id='word_1_597' title='bbox 1097 1948 1156 1975; x_wconf 88' lang='lat' dir='ltr'><strong>loco</strong></span> <span class='ocrx_word' id='word_1_598' title='bbox 1173 1948 1301 1976; x_wconf 89' lang='lat' dir='ltr'><strong>dicuntur</strong></span> <span class='ocrx_word' id='word_1_599' title='bbox 1316 1949 1473 1984; x_wconf 74' lang='lat' dir='ltr'><strong>diligentius</strong></span> <span class='ocrx_word' id='word_1_600' title='bbox 1488 1948 1650 1976; x_wconf 81' lang='lat' dir='ltr'><strong>excutienda</strong></span> <span class='ocrx_word' id='word_1_601' title='bbox 1668 1953 1743 1975; x_wconf 89' lang='lat' dir='ltr'><strong>sunt.</strong></span> 
     </span>
    </p>
   </div>
   <div class='ocr_carea' id='block_1_82' title="bbox 183 2047 1792 2061">
    <p class='ocr_par' dir='ltr' id='par_1_82' title="bbox 183 2047 1792 2061">
     <span class='ocr_line' id='line_1_82' title="bbox 183 2047 1792 2061; baseline -0.001 -1"><span class='ocrx_word' id='word_1_602' title='bbox 183 2047 1792 2061; x_wconf 65' lang='lat'><strong>.-——————-—_———-—-—_—-——————</strong></span> 
     </span>
    </p>
   </div>
   <div class='ocr_carea' id='block_1_83' title="bbox 373 2126 1610 2177">
    <p class='ocr_par' dir='ltr' id='par_1_83' title="bbox 373 2126 1610 2177">
     <span class='ocr_line' id='line_1_83' title="bbox 373 2126 1610 2177; baseline 0.003 -5"><span class='ocrx_word' id='word_1_603' title='bbox 373 2128 446 2172; x_wconf 90' lang='lat' dir='ltr'><strong>DE</strong></span> <span class='ocrx_word' id='word_1_604' title='bbox 484 2126 649 2173; x_wconf 80' lang='lat' dir='ltr'><strong>ANNO</strong></span> <span class='ocrx_word' id='word_1_605' title='bbox 687 2128 762 2173; x_wconf 88' lang='lat' dir='ltr'><strong>ET</strong></span> <span class='ocrx_word' id='word_1_606' title='bbox 798 2128 900 2172; x_wconf 87' lang='lat' dir='ltr'><strong>DIE</strong></span> <span class='ocrx_word' id='word_1_607' title='bbox 942 2127 1261 2174; x_wconf 72' lang='lat' dir='ltr'><strong>DOMlNIC/E</strong></span> <span class='ocrx_word' id='word_1_608' title='bbox 1302 2130 1610 2177; x_wconf 85' lang='lat' dir='ltr'><strong>PASSIONIS</strong></span> 
     </span>
    </p>
   </div>
   <div class='ocr_carea' id='block_1_84' title="bbox 800 2223 992 2253">
    <p class='ocr_par' dir='ltr' id='par_1_84' title="bbox 800 2223 992 2253">
     <span class='ocr_line' id='line_1_84' title="bbox 800 2223 992 2253; baseline 0 0"><span class='ocrx_word' id='word_1_609' title='bbox 800 2223 992 2253; x_wconf 72' lang='lat' dir='ltr'><strong>’DIATRIBA</strong></span> 
     </span>
    </p>
   </div>
   <div class='ocr_carea' id='block_1_85' title="bbox 217 2352 1008 2389">
    <p class='ocr_par' dir='ltr' id='par_1_85' title="bbox 217 2352 1008 2389">
     <span class='ocr_line' id='line_1_85' title="bbox 217 2352 1008 2389; baseline 0 -7"><span class='ocrx_word' id='word_1_610' title='bbox 217 2355 309 2382; x_wconf 75' lang='lat' dir='ltr'><strong>Varia:</strong></span> <span class='ocrx_word' id='word_1_611' title='bbox 324 2355 472 2389; x_wconf 77' lang='lat' dir='ltr'><strong>priscarum</strong></span> <span class='ocrx_word' id='word_1_612' title='bbox 488 2353 624 2380; x_wconf 75' lang='lat' dir='ltr'><strong>sententia:</strong></span> <span class='ocrx_word' id='word_1_613' title='bbox 638 2353 669 2380; x_wconf 81' lang='lat' dir='ltr'><strong>de</strong></span> <span class='ocrx_word' id='word_1_614' title='bbox 689 2361 758 2379; x_wconf 86' lang='lat' dir='ltr'><strong>anno</strong></span> <span class='ocrx_word' id='word_1_615' title='bbox 781 2352 931 2380; x_wconf 77' lang='lat' dir='ltr'><strong>Passionis.</strong></span> <span class='ocrx_word' id='word_1_616' title='bbox 985 2355 1008 2382; x_wconf 86' lang='lat' dir='ltr'><strong>D</strong></span> 
     </span>
    </p>
   </div>
   <div class='ocr_carea' id='block_1_86' title="bbox 214 2398 972 2439">
    <p class='ocr_par' dir='ltr' id='par_1_86' title="bbox 214 2398 972 2439">
     <span class='ocr_line' id='line_1_86' title="bbox 214 2398 972 2439; baseline -0.004 -10"><span class='ocrx_word' id='word_1_617' title='bbox 214 2401 313 2429; x_wconf 81' lang='lat' dir='ltr'><strong>Omnis</strong></span> <span class='ocrx_word' id='word_1_618' title='bbox 336 2407 397 2435; x_wconf 79' lang='lat' dir='ltr'><strong>qua:</strong></span> <span class='ocrx_word' id='word_1_619' title='bbox 422 2399 456 2427; x_wconf 90' lang='lat' dir='ltr'><strong>de</strong></span> <span class='ocrx_word' id='word_1_620' title='bbox 483 2399 574 2434; x_wconf 84' lang='lat' dir='ltr'><strong>aliqua</strong></span> <span class='ocrx_word' id='word_1_621' title='bbox 597 2406 625 2426; x_wconf 87' lang='lat' dir='ltr'><strong>re</strong></span> <span class='ocrx_word' id='word_1_622' title='bbox 651 2398 802 2426; x_wconf 84' lang='lat' dir='ltr'><strong>instituitur</strong></span> <span class='ocrx_word' id='word_1_623' title='bbox 821 2398 972 2439; x_wconf 77' lang='lat' dir='ltr'><strong>disputatio</strong></span> 
     </span>
    </p>
   </div>
   <div class='ocr_carea' id='block_1_87' title="bbox 180 2444 971 2479">
    <p class='ocr_par' dir='ltr' id='par_1_87' title="bbox 180 2444 971 2479">
     <span class='ocr_line' id='line_1_87' title="bbox 180 2444 971 2479; baseline -0.004 -5"><span class='ocrx_word' id='word_1_624' title='bbox 180 2446 263 2474; x_wconf 86' lang='lat' dir='ltr'><strong>certis</strong></span> <span class='ocrx_word' id='word_1_625' title='bbox 283 2453 317 2473; x_wconf 76' lang='lat' dir='ltr'><strong>ex</strong></span> <span class='ocrx_word' id='word_1_626' title='bbox 334 2445 415 2473; x_wconf 86' lang='lat' dir='ltr'><strong>rebus</strong></span> <span class='ocrx_word' id='word_1_627' title='bbox 442 2445 609 2479; x_wconf 89' lang='lat' dir='ltr'><strong>minitncque</strong></span> <span class='ocrx_word' id='word_1_628' title='bbox 624 2444 714 2472; x_wconf 86' lang='lat' dir='ltr'><strong>dubiis</strong></span> <span class='ocrx_word' id='word_1_629' title='bbox 731 2444 809 2472; x_wconf 88' lang='lat' dir='ltr'><strong>debet</strong></span> <span class='ocrx_word' id='word_1_630' title='bbox 818 2444 971 2479; x_wconf 79' lang='lat' dir='ltr'><strong>proficisci;</strong></span> 
     </span>
    </p>
   </div>
   <div class='ocr_carea' id='block_1_88' title="bbox 181 2490 971 2528">
    <p class='ocr_par' dir='ltr' id='par_1_88' title="bbox 181 2490 971 2528">
     <span class='ocr_line' id='line_1_88' title="bbox 181 2490 971 2528; baseline -0.004 -9"><span class='ocrx_word' id='word_1_631' title='bbox 181 2499 243 2528; x_wconf 52' lang='lat' dir='ltr'><strong>quae</strong></span> <span class='ocrx_word' id='word_1_632' title='bbox 258 2495 306 2518; x_wconf 90' lang='lat' dir='ltr'><strong>aut</strong></span> <span class='ocrx_word' id='word_1_633' title='bbox 319 2498 366 2526; x_wconf 90' lang='lat' dir='ltr'><strong>per</strong></span> <span class='ocrx_word' id='word_1_634' title='bbox 377 2498 437 2518; x_wconf 86' lang='lat' dir='ltr'><strong>sese</strong></span> <span class='ocrx_word' id='word_1_635' title='bbox 455 2490 520 2525; x_wconf 69' lang='lat' dir='ltr'><strong>ipsa:</strong></span> <span class='ocrx_word' id='word_1_636' title='bbox 532 2497 603 2517; x_wconf 72' lang='lat' dir='ltr'><strong>verae</strong></span> <span class='ocrx_word' id='word_1_637' title='bbox 621 2490 687 2521; x_wconf 88' lang='lat' dir='ltr'><strong>sint,</strong></span> <span class='ocrx_word' id='word_1_638' title='bbox 702 2494 750 2517; x_wconf 86' lang='lat' dir='ltr'><strong>aut</strong></span> <span class='ocrx_word' id='word_1_639' title='bbox 766 2490 836 2517; x_wconf 88' lang='lat' dir='ltr'><strong>inter</strong></span> <span class='ocrx_word' id='word_1_640' title='bbox 851 2497 908 2523; x_wconf 85' lang='lat' dir='ltr'><strong>eos,</strong></span> <span class='ocrx_word' id='word_1_641' title='bbox 925 2490 971 2525; x_wconf 91' lang='lat' dir='ltr'><strong>qui</strong></span> 
     </span>
    </p>
   </div>
   <div class='ocr_carea' id='block_1_89' title="bbox 180 2535 972 2572">
    <p class='ocr_par' dir='ltr' id='par_1_89' title="bbox 180 2535 972 2572">
     <span class='ocr_line' id='line_1_89' title="bbox 180 2535 972 2572; baseline -0.003 -7"><span class='ocrx_word' id='word_1_642' title='bbox 180 2538 332 2572; x_wconf 86' lang='lat' dir='ltr'><strong>disputant,</strong></span> <span class='ocrx_word' id='word_1_643' title='bbox 350 2543 399 2572; x_wconf 90' lang='lat' dir='ltr'><strong>pro</strong></span> <span class='ocrx_word' id='word_1_644' title='bbox 409 2536 492 2568; x_wconf 83' lang='lat' dir='ltr'><strong>veris,</strong></span> <span class='ocrx_word' id='word_1_645' title='bbox 509 2543 541 2563; x_wconf 90' lang='lat' dir='ltr'><strong>ac</strong></span> <span class='ocrx_word' id='word_1_646' title='bbox 554 2535 689 2563; x_wconf 80' lang='lat' dir='ltr'><strong>confessis</strong></span> <span class='ocrx_word' id='word_1_647' title='bbox 700 2535 972 2568; x_wconf 80' lang='lat' dir='ltr'><strong>habeantur.&#39;Qnam-</strong></span> 
     </span>
    </p>
   </div>
   <div class='ocr_carea' id='block_1_90' title="bbox 180 2581 970 2619">
    <p class='ocr_par' dir='ltr' id='par_1_90' title="bbox 180 2581 970 2619">
     <span class='ocr_line' id='line_1_90' title="bbox 180 2581 970 2619; baseline -0.003 -6"><span class='ocrx_word' id='word_1_648' title='bbox 180 2585 274 2613; x_wconf 57' lang='lat' dir='ltr'><strong>obirem</strong></span> <span class='ocrx_word' id='word_1_649' title='bbox 289 2583 335 2619; x_wconf 88' lang='lat' dir='ltr'><strong>qui</strong></span> <span class='ocrx_word' id='word_1_650' title='bbox 347 2590 440 2610; x_wconf 87' lang='lat' dir='ltr'><strong>verum</strong></span> <span class='ocrx_word' id='word_1_651' title='bbox 452 2581 589 2616; x_wconf 87' lang='lat' dir='ltr'><strong>passionis</strong></span> <span class='ocrx_word' id='word_1_652' title='bbox 596 2589 698 2608; x_wconf 85' lang='lat' dir='ltr'><strong>annum</strong></span> <span class='ocrx_word' id='word_1_653' title='bbox 711 2581 839 2616; x_wconf 75' lang='lat' dir='ltr'><strong>indagare</strong></span> <span class='ocrx_word' id='word_1_654' title='bbox 849 2582 970 2611; x_wconf 88' lang='lat' dir='ltr'><strong>student.</strong></span> 
     </span>
    </p>
   </div>
   <div class='ocr_carea' id='block_1_91' title="bbox 180 2627 968 2666">
    <p class='ocr_par' dir='ltr' id='par_1_91' title="bbox 180 2627 968 2666">
     <span class='ocr_line' id='line_1_91' title="bbox 180 2627 968 2666; baseline -0.005 -8"><span class='ocrx_word' id='word_1_655' title='bbox 180 2630 314 2666; x_wconf 85' lang='lat' dir='ltr'><strong>inprimis</strong></span> <span class='ocrx_word' id='word_1_656' title='bbox 324 2637 367 2661; x_wconf 84' lang='lat' dir='ltr'><strong>ea,</strong></span> <span class='ocrx_word' id='word_1_657' title='bbox 383 2636 500 2664; x_wconf 90' lang='lat' dir='ltr'><strong>quorum</strong></span> <span class='ocrx_word' id='word_1_658' title='bbox 510 2632 583 2655; x_wconf 86' lang='lat' dir='ltr'><strong>certa</strong></span> <span class='ocrx_word' id='word_1_659' title='bbox 600 2627 636 2654; x_wconf 90' lang='lat' dir='ltr'><strong>sit</strong></span> <span class='ocrx_word' id='word_1_660' title='bbox 648 2628 724 2660; x_wconf 86' lang='lat' dir='ltr'><strong>tides,</strong></span> <span class='ocrx_word' id='word_1_661' title='bbox 742 2628 842 2663; x_wconf 76' lang='lat' dir='ltr'><strong>eligere</strong></span> <span class='ocrx_word' id='word_1_662' title='bbox 858 2627 968 2661; x_wconf 81' lang='lat' dir='ltr'><strong>debent,</strong></span> 
     </span>
    </p>
   </div>
   <div class='ocr_carea' id='block_1_92' title="bbox 179 2673 970 2712">
    <p class='ocr_par' dir='ltr' id='par_1_92' title="bbox 179 2673 970 2712">
     <span class='ocr_line' id='line_1_92' title="bbox 179 2673 970 2712; baseline -0.005 -8"><span class='ocrx_word' id='word_1_663' title='bbox 179 2685 213 2704; x_wconf 89' lang='lat' dir='ltr'><strong>ac</strong></span> <span class='ocrx_word' id='word_1_664' title='bbox 239 2675 434 2712; x_wconf 87' lang='lat' dir='ltr'><strong>principiorum</strong></span> <span class='ocrx_word' id='word_1_665' title='bbox 452 2674 510 2701; x_wconf 87' lang='lat' dir='ltr'><strong>sive</strong></span> <span class='ocrx_word' id='word_1_666' title='bbox 536 2673 699 2709; x_wconf 74' lang='grc' dir='ltr'><strong>ἀξιωμάτων</strong></span> <span class='ocrx_word' id='word_1_667' title='bbox 719 2673 780 2701; x_wconf 90' lang='lat' dir='ltr'><strong>loco</strong></span> <span class='ocrx_word' id='word_1_668' title='bbox 799 2681 911 2708; x_wconf 82' lang='lat' dir='ltr'><strong>ponere.</strong></span> <span class='ocrx_word' id='word_1_669' title='bbox 930 2674 970 2701; x_wconf 84' lang='lat' dir='ltr'><strong>Ac</strong></span> 
     </span>
    </p>
   </div>
   <div class='ocr_carea' id='block_1_93' title="bbox 179 2718 976 2754">
    <p class='ocr_par' dir='ltr' id='par_1_93' title="bbox 179 2718 976 2754">
     <span class='ocr_line' id='line_1_93' title="bbox 179 2718 976 2754; baseline -0.004 -5"><span class='ocrx_word' id='word_1_670' title='bbox 179 2725 245 2749; x_wconf 81' lang='lat' dir='ltr'><strong>sunt</strong></span> <span class='ocrx_word' id='word_1_671' title='bbox 260 2720 402 2752; x_wconf 88' lang='lat' dir='ltr'><strong>nonnulla,</strong></span> <span class='ocrx_word' id='word_1_672' title='bbox 423 2719 456 2746; x_wconf 89' lang='lat' dir='ltr'><strong>de</strong></span> <span class='ocrx_word' id='word_1_673' title='bbox 470 2718 570 2754; x_wconf 92' lang='lat' dir='ltr'><strong>quibus</strong></span> <span class='ocrx_word' id='word_1_674' title='bbox 586 2718 742 2746; x_wconf 85' lang='lat' dir='ltr'><strong>Christiano</strong></span> <span class='ocrx_word' id='word_1_675' title='bbox 756 2718 881 2746; x_wconf 87' lang='lat' dir='ltr'><strong>dubitare</strong></span> <span class='ocrx_word' id='word_1_676' title='bbox 894 2718 976 2746; x_wconf 75' lang='lat' dir='ltr'><strong>nefas</strong></span> 
     </span>
    </p>
   </div>
   <div class='ocr_carea' id='block_1_94' title="bbox 175 2763 968 2799">
    <p class='ocr_par' dir='ltr' id='par_1_94' title="bbox 175 2763 968 2799">
     <span class='ocr_line' id='line_1_94' title="bbox 175 2763 968 2799; baseline -0.004 -5"><span class='ocrx_word' id='word_1_677' title='bbox 175 2767 292 2794; x_wconf 71' lang='lat' dir='ltr'><strong>coruino</strong></span> <span class='ocrx_word' id='word_1_678' title='bbox 309 2765 432 2793; x_wconf 86' lang='lat' dir='ltr'><strong>videatur</strong></span> <span class='ocrx_word' id='word_1_679' title='bbox 456 2774 463 2791; x_wconf 88' lang='lat'>:</span> <span class='ocrx_word' id='word_1_680' title='bbox 476 2764 628 2799; x_wconf 71' lang='lat' dir='ltr'><strong>cuiusmodi</strong></span> <span class='ocrx_word' id='word_1_681' title='bbox 643 2764 695 2791; x_wconf 87' lang='lat' dir='ltr'><strong>ista</strong></span> <span class='ocrx_word' id='word_1_682' title='bbox 710 2766 774 2792; x_wconf 84' lang='lat' dir='ltr'><strong>su&#39;nt</strong></span> <span class='ocrx_word' id='word_1_683' title='bbox 789 2773 796 2790; x_wconf 86' lang='lat'><strong>:</strong></span> <span class='ocrx_word' id='word_1_684' title='bbox 815 2764 872 2791; x_wconf 89' lang='lat' dir='ltr'><strong>Sub</strong></span> <span class='ocrx_word' id='word_1_685' title='bbox 886 2763 968 2791; x_wconf 85' lang='lat' dir='ltr'><strong>Tibe-</strong></span> 
     </span>
    </p>
   </div>
   <div class='ocr_carea' id='block_1_95' title="bbox 179 2809 968 2845">
    <p class='ocr_par' dir='ltr' id='par_1_95' title="bbox 179 2809 968 2845">
     <span class='ocr_line' id='line_1_95' title="bbox 179 2809 968 2845; baseline -0.001 -7"><span class='ocrx_word' id='word_1_686' title='bbox 179 2812 221 2838; x_wconf 87' lang='lat' dir='ltr'><strong>rio</strong></span> <span class='ocrx_word' id='word_1_687' title='bbox 242 2811 350 2838; x_wconf 75' lang='lat' dir='ltr'><strong>Czesare</strong></span> <span class='ocrx_word' id='word_1_688' title='bbox 369 2818 402 2838; x_wconf 88' lang='lat' dir='ltr'><strong>ac</strong></span> <span class='ocrx_word' id='word_1_689' title='bbox 422 2814 599 2845; x_wconf 81' lang='lat' dir='ltr'><strong>procuratore</strong></span> <span class='ocrx_word' id='word_1_690' title='bbox 628 2809 725 2837; x_wconf 82' lang='lat' dir='ltr'><strong>Pontio</strong></span> <span class='ocrx_word' id='word_1_691' title='bbox 748 2809 835 2838; x_wconf 83' lang='lat' dir='ltr'><strong>Pilato</strong></span> <span class='ocrx_word' id='word_1_692' title='bbox 852 2817 968 2845; x_wconf 83' lang='lat' dir='ltr'><strong>passum</strong></span> 
     </span>
    </p>
   </div>
   <div class='ocr_carea' id='block_1_96' title="bbox 175 2854 967 2890">
    <p class='ocr_par' dir='ltr' id='par_1_96' title="bbox 175 2854 967 2890">
     <span class='ocr_line' id='line_1_96' title="bbox 175 2854 967 2890; baseline 0 -7"><span class='ocrx_word' id='word_1_693' title='bbox 175 2863 258 2887; x_wconf 80' lang='lat' dir='ltr'><strong>esse:</strong></span> <span class='ocrx_word' id='word_1_694' title='bbox 275 2855 332 2884; x_wconf 87' lang='lat' dir='ltr'><strong>tum</strong></span> <span class='ocrx_word' id='word_1_695' title='bbox 359 2864 422 2885; x_wconf 85' lang='lat' dir='ltr'><strong>vero</strong></span> <span class='ocrx_word' id='word_1_696' title='bbox 439 2856 592 2884; x_wconf 74' lang='lat' dir='ltr'><strong>Parascere</strong></span> <span class='ocrx_word' id='word_1_697' title='bbox 615 2854 729 2883; x_wconf 80' lang='lat' dir='ltr'><strong>Sabbati</strong></span> <span class='ocrx_word' id='word_1_698' title='bbox 756 2856 812 2883; x_wconf 88' lang='lat' dir='ltr'><strong>sive</strong></span> <span class='ocrx_word' id='word_1_699' title='bbox 837 2855 903 2883; x_wconf 87' lang='lat' dir='ltr'><strong>feria</strong></span> <span class='ocrx_word' id='word_1_700' title='bbox 924 2863 967 2890; x_wconf 84' lang='lat' dir='ltr'><strong>vt;</strong></span> 
     </span>
    </p>
   </div>
   <div class='ocr_carea' id='block_1_97' title="bbox 1015 2224 1186 2255">
    <p class='ocr_par' dir='ltr' id='par_1_97' title="bbox 1015 2224 1186 2255">
     <span class='ocr_line' id='line_1_97' title="bbox 1015 2224 1186 2255; baseline 0.012 -2"><span class='ocrx_word' id='word_1_701' title='bbox 1015 2224 1186 2255; x_wconf 83' lang='lat' dir='ltr'><strong>ALTERA.</strong></span> 
     </span>
    </p>
   </div>
   <div class='ocr_carea' id='block_1_98' title="bbox 1022 2351 1809 2389">
    <p class='ocr_par' dir='ltr' id='par_1_98' title="bbox 1022 2351 1809 2389">
     <span class='ocr_line' id='line_1_98' title="bbox 1022 2351 1809 2389; baseline 0.009 -9"><span class='ocrx_word' id='word_1_702' title='bbox 1022 2357 1069 2380; x_wconf 82' lang='lat' dir='ltr'><strong>aut</strong></span> <span class='ocrx_word' id='word_1_703' title='bbox 1082 2351 1104 2379; x_wconf 88' lang='lat' dir='ltr'><strong>si</strong></span> <span class='ocrx_word' id='word_1_704' title='bbox 1125 2352 1189 2387; x_wconf 88' lang='lat' dir='ltr'><strong>quid</strong></span> <span class='ocrx_word' id='word_1_705' title='bbox 1204 2352 1276 2380; x_wconf 82' lang='lat' dir='ltr'><strong>aliud</strong></span> <span class='ocrx_word' id='word_1_706' title='bbox 1291 2358 1344 2387; x_wconf 88' lang='lat' dir='ltr'><strong>est,</strong></span> <span class='ocrx_word' id='word_1_707' title='bbox 1369 2354 1441 2389; x_wconf 86' lang='lat' dir='ltr'><strong>quod</strong></span> <span class='ocrx_word' id='word_1_708' title='bbox 1457 2363 1598 2384; x_wconf 85' lang='lat' dir='ltr'><strong>sacrorum</strong></span> <span class='ocrx_word' id='word_1_709' title='bbox 1612 2357 1747 2386; x_wconf 87' lang='lat' dir='ltr'><strong>librorum</strong></span> <span class='ocrx_word' id='word_1_710' title='bbox 1765 2366 1809 2387; x_wconf 83' lang='lat' dir='ltr'><strong>au-</strong></span> 
     </span>
    </p>
   </div>
   <div class='ocr_carea' id='block_1_99' title="bbox 1023 2398 1809 2438">
    <p class='ocr_par' dir='ltr' id='par_1_99' title="bbox 1023 2398 1809 2438">
     <span class='ocr_line' id='line_1_99' title="bbox 1023 2398 1809 2438; baseline 0.008 -12"><span class='ocrx_word' id='word_1_711' title='bbox 1023 2398 1137 2438; x_wconf 87' lang='lat' dir='ltr'><strong>ctoritas</strong></span> <span class='ocrx_word' id='word_1_712' title='bbox 1163 2398 1317 2426; x_wconf 83' lang='lat' dir='ltr'><strong>conﬁrmat.</strong></span> <span class='ocrx_word' id='word_1_713' title='bbox 1335 2399 1442 2433; x_wconf 83' lang='lat' dir='ltr'><strong>Quibus</strong></span> <span class='ocrx_word' id='word_1_714' title='bbox 1466 2402 1489 2428; x_wconf 84' lang='lat' dir='ltr'><strong>si</strong></span> <span class='ocrx_word' id='word_1_715' title='bbox 1505 2403 1626 2430; x_wconf 88' lang='lat' dir='ltr'><strong>contenti</strong></span> <span class='ocrx_word' id='word_1_716' title='bbox 1648 2404 1749 2432; x_wconf 88' lang='lat' dir='ltr'><strong>eruditi</strong></span> <span class='ocrx_word' id='word_1_717' title='bbox 1764 2406 1809 2433; x_wconf 79' lang='lat' dir='ltr'><strong>ho-</strong></span> 
     </span>
    </p>
   </div>
   <div class='ocr_carea' id='block_1_100' title="bbox 1023 2441 1809 2481">
    <p class='ocr_par' dir='ltr' id='par_1_100' title="bbox 1023 2441 1809 2481">
     <span class='ocr_line' id='line_1_100' title="bbox 1023 2441 1809 2481; baseline 0.013 -13"><span class='ocrx_word' id='word_1_718' title='bbox 1023 2441 1112 2469; x_wconf 84' lang='lat' dir='ltr'><strong>mines</strong></span> <span class='ocrx_word' id='word_1_719' title='bbox 1128 2441 1255 2475; x_wconf 79' lang='lat' dir='ltr'><strong>fuissent,</strong></span> <span class='ocrx_word' id='word_1_720' title='bbox 1270 2451 1359 2478; x_wconf 87' lang='lat' dir='ltr'><strong>neque</strong></span> <span class='ocrx_word' id='word_1_721' title='bbox 1370 2445 1428 2473; x_wconf 87' lang='lat' dir='ltr'><strong>suis</strong></span> <span class='ocrx_word' id='word_1_722' title='bbox 1443 2453 1492 2474; x_wconf 90' lang='lat' dir='ltr'><strong>nos</strong></span> <span class='ocrx_word' id='word_1_723' title='bbox 1504 2447 1682 2481; x_wconf 86' lang='lat' dir='ltr'><strong>opinionibus</strong></span> <span class='ocrx_word' id='word_1_724' title='bbox 1703 2457 1736 2477; x_wconf 88' lang='lat' dir='ltr'><strong>ac</strong></span> <span class='ocrx_word' id='word_1_725' title='bbox 1752 2457 1809 2478; x_wconf 84' lang='lat' dir='ltr'><strong>con-</strong></span> 
     </span>
    </p>
   </div>
   <div class='ocr_carea' id='block_1_101' title="bbox 1021 2487 1807 2529">
    <p class='ocr_par' dir='ltr' id='par_1_101' title="bbox 1021 2487 1807 2529">
     <span class='ocr_line' id='line_1_101' title="bbox 1021 2487 1807 2529; baseline 0.013 -15"><span class='ocrx_word' id='word_1_726' title='bbox 1021 2487 1148 2523; x_wconf 73' lang='lat' dir='ltr'><strong>iecturis,</strong></span> <span class='ocrx_word' id='word_1_727' title='bbox 1159 2492 1289 2524; x_wconf 85' lang='lat' dir='ltr'><strong>tanquam</strong></span> <span class='ocrx_word' id='word_1_728' title='bbox 1305 2490 1454 2526; x_wconf 69' lang='lat' dir='ltr'><strong>Scriptura:</strong></span> <span class='ocrx_word' id='word_1_729' title='bbox 1482 2498 1529 2520; x_wconf 89' lang='lat' dir='ltr'><strong>aut</strong></span> <span class='ocrx_word' id='word_1_730' title='bbox 1541 2493 1669 2522; x_wconf 76' lang='lat' dir='ltr'><strong>Ecclesia:</strong></span> <span class='ocrx_word' id='word_1_731' title='bbox 1685 2495 1807 2529; x_wconf 84' lang='lat' dir='ltr'><strong>decretis.</strong></span> 
     </span>
    </p>
   </div>
   <div class='ocr_carea' id='block_1_102' title="bbox 1022 2534 1807 2576">
    <p class='ocr_par' dir='ltr' id='par_1_102' title="bbox 1022 2534 1807 2576">
     <span class='ocr_line' id='line_1_102' title="bbox 1022 2534 1807 2576; baseline 0.013 -16"><span class='ocrx_word' id='word_1_732' title='bbox 1022 2534 1225 2568; x_wconf 79' lang='lat' dir='ltr'><strong>astrinxissent,</strong></span> <span class='ocrx_word' id='word_1_733' title='bbox 1238 2536 1324 2564; x_wconf 91' lang='lat' dir='ltr'><strong>multo</strong></span> <span class='ocrx_word' id='word_1_734' title='bbox 1335 2542 1361 2564; x_wconf 90' lang='lat' dir='ltr'><strong>et</strong></span> <span class='ocrx_word' id='word_1_735' title='bbox 1376 2538 1482 2566; x_wconf 83' lang='lat' dir='ltr'><strong>veritati</strong></span> <span class='ocrx_word' id='word_1_736' title='bbox 1497 2539 1595 2567; x_wconf 84' lang='lat' dir='ltr'><strong>melius</strong></span> <span class='ocrx_word' id='word_1_737' title='bbox 1611 2545 1638 2568; x_wconf 90' lang='lat' dir='ltr'><strong>et</strong></span> <span class='ocrx_word' id='word_1_738' title='bbox 1661 2542 1807 2576; x_wconf 82' lang='lat' dir='ltr'><strong>posteritati</strong></span> 
     </span>
    </p>
   </div>
   <div class='ocr_carea' id='block_1_103' title="bbox 1021 2581 1806 2624">
    <p class='ocr_par' dir='ltr' id='par_1_103' title="bbox 1021 2581 1806 2624">
     <span class='ocr_line' id='line_1_103' title="bbox 1021 2581 1806 2624; baseline 0.01 -15"><span class='ocrx_word' id='word_1_739' title='bbox 1021 2581 1235 2609; x_wconf 85' lang='lat' dir='ltr'><strong>consuluissent.</strong></span> <span class='ocrx_word' id='word_1_740' title='bbox 1250 2581 1303 2610; x_wconf 85' lang='lat' dir='ltr'><strong>Sed</strong></span> <span class='ocrx_word' id='word_1_741' title='bbox 1318 2588 1360 2610; x_wconf 85' lang='lat' dir='ltr'><strong>est</strong></span> <span class='ocrx_word' id='word_1_742' title='bbox 1371 2592 1456 2619; x_wconf 79' lang='lat' dir='ltr'><strong>genus</strong></span> <span class='ocrx_word' id='word_1_743' title='bbox 1474 2585 1626 2619; x_wconf 87' lang='lat' dir='ltr'><strong>hominum,</strong></span> <span class='ocrx_word' id='word_1_744' title='bbox 1638 2588 1685 2622; x_wconf 91' lang='lat' dir='ltr'><strong>qui</strong></span> <span class='ocrx_word' id='word_1_745' title='bbox 1705 2596 1738 2616; x_wconf 85' lang='lat' dir='ltr'><strong>ea</strong></span> <span class='ocrx_word' id='word_1_746' title='bbox 1753 2597 1806 2624; x_wconf 79' lang='lat' dir='ltr'><strong>qua.-</strong></span> 
     </span>
    </p>
   </div>
   <div class='ocr_carea' id='block_1_104' title="bbox 1021 2629 1806 2666">
    <p class='ocr_par' dir='ltr' id='par_1_104' title="bbox 1021 2629 1806 2666">
     <span class='ocr_line' id='line_1_104' title="bbox 1021 2629 1806 2666; baseline 0.01 -12"><span class='ocrx_word' id='word_1_747' title='bbox 1021 2634 1156 2655; x_wconf 88' lang='lat' dir='ltr'><strong>consensu</strong></span> <span class='ocrx_word' id='word_1_748' title='bbox 1174 2633 1281 2663; x_wconf 88' lang='lat' dir='ltr'><strong>recepta</strong></span> <span class='ocrx_word' id='word_1_749' title='bbox 1301 2629 1385 2664; x_wconf 76' lang='lat' dir='ltr'><strong>vulgi,</strong></span> <span class='ocrx_word' id='word_1_750' title='bbox 1410 2634 1438 2657; x_wconf 82' lang='lat' dir='ltr'><strong>et</strong></span> <span class='ocrx_word' id='word_1_751' title='bbox 1453 2630 1558 2666; x_wconf 78' lang='lat' dir='ltr'><strong>aliquot</strong></span> <span class='ocrx_word' id='word_1_752' title='bbox 1582 2631 1681 2660; x_wconf 88' lang='lat' dir='ltr'><strong>abhinc</strong></span> <span class='ocrx_word' id='word_1_753' title='bbox 1704 2635 1806 2662; x_wconf 65' lang='lat' dir='ltr'><strong>smeuiis</strong></span> 
     </span>
    </p>
   </div>
   <div class='ocr_carea' id='block_1_105' title="bbox 1022 2673 1805 2716">
    <p class='ocr_par' dir='ltr' id='par_1_105' title="bbox 1022 2673 1805 2716">
     <span class='ocr_line' id='line_1_105' title="bbox 1022 2673 1805 2716; baseline 0.011 -17"><span class='ocrx_word' id='word_1_754' title='bbox 1022 2673 1214 2700; x_wconf 79' lang='lat' dir='ltr'><strong>auctoritatem</strong></span> <span class='ocrx_word' id='word_1_755' title='bbox 1231 2678 1320 2707; x_wconf 86' lang='lat' dir='ltr'><strong>nacta,</strong></span> <span class='ocrx_word' id='word_1_756' title='bbox 1334 2683 1388 2703; x_wconf 89' lang='lat' dir='ltr'><strong>non</strong></span> <span class='ocrx_word' id='word_1_757' title='bbox 1405 2675 1487 2704; x_wconf 87' lang='lat' dir='ltr'><strong>nimis</strong></span> <span class='ocrx_word' id='word_1_758' title='bbox 1508 2683 1610 2711; x_wconf 79' lang='lat' dir='ltr'><strong>vetera,</strong></span> <span class='ocrx_word' id='word_1_759' title='bbox 1623 2686 1655 2706; x_wconf 87' lang='lat' dir='ltr'><strong>ac</strong></span> <span class='ocrx_word' id='word_1_760' title='bbox 1667 2679 1805 2716; x_wconf 81' lang='lat' dir='ltr'><strong>diligenter</strong></span> 
     </span>
    </p>
   </div>
   <div class='ocr_carea' id='block_1_106' title="bbox 1020 2720 1801 2761">
    <p class='ocr_par' dir='ltr' id='par_1_106' title="bbox 1020 2720 1801 2761">
     <span class='ocr_line' id='line_1_106' title="bbox 1020 2720 1801 2761; baseline 0.012 -17"><span class='ocrx_word' id='word_1_761' title='bbox 1020 2725 1136 2746; x_wconf 87' lang='lat' dir='ltr'><strong>excussa</strong></span> <span class='ocrx_word' id='word_1_762' title='bbox 1158 2723 1233 2753; x_wconf 84' lang='lat' dir='ltr'><strong>sunt,</strong></span> <span class='ocrx_word' id='word_1_763' title='bbox 1254 2720 1348 2748; x_wconf 89' lang='lat' dir='ltr'><strong>timide</strong></span> <span class='ocrx_word' id='word_1_764' title='bbox 1372 2721 1456 2749; x_wconf 89' lang='lat' dir='ltr'><strong>nimis</strong></span> <span class='ocrx_word' id='word_1_765' title='bbox 1480 2722 1686 2758; x_wconf 82' lang='lat' dir='ltr'><strong>deosculantur,</strong></span> <span class='ocrx_word' id='word_1_766' title='bbox 1704 2733 1737 2753; x_wconf 89' lang='lat' dir='ltr'><strong>ac</strong></span> <span class='ocrx_word' id='word_1_767' title='bbox 1751 2734 1801 2761; x_wconf 70' lang='lat' dir='ltr'><strong>pro</strong></span> 
     </span>
    </p>
   </div>
   <div class='ocr_carea' id='block_1_107' title="bbox 1020 2764 1804 2804">
    <p class='ocr_par' dir='ltr' id='par_1_107' title="bbox 1020 2764 1804 2804">
     <span class='ocr_line' id='line_1_107' title="bbox 1020 2764 1804 2804; baseline 0.011 -13"><span class='ocrx_word' id='word_1_768' title='bbox 1020 2764 1167 2800; x_wconf 90' lang='lat' dir='ltr'><strong>pemodum</strong></span> <span class='ocrx_word' id='word_1_769' title='bbox 1185 2765 1339 2800; x_wconf 87' lang='lat' dir='ltr'><strong>serviliter;</strong></span> <span class='ocrx_word' id='word_1_770' title='bbox 1357 2775 1508 2804; x_wconf 87' lang='lat' dir='ltr'><strong>eorumque</strong></span> <span class='ocrx_word' id='word_1_771' title='bbox 1521 2769 1602 2797; x_wconf 79' lang='lat' dir='ltr'><strong>ﬁdem</strong></span> <span class='ocrx_word' id='word_1_772' title='bbox 1627 2774 1655 2799; x_wconf 81' lang='lat' dir='ltr'><strong>et</strong></span> <span class='ocrx_word' id='word_1_773' title='bbox 1671 2773 1804 2800; x_wconf 84' lang='lat' dir='ltr'><strong>assensio-</strong></span> 
     </span>
    </p>
   </div>
   <div class='ocr_carea' id='block_1_108' title="bbox 1020 2811 1803 2853">
    <p class='ocr_par' dir='ltr' id='par_1_108' title="bbox 1020 2811 1803 2853">
     <span class='ocr_line' id='line_1_108' title="bbox 1020 2811 1803 2853; baseline 0.01 -16"><span class='ocrx_word' id='word_1_774' title='bbox 1020 2818 1083 2838; x_wconf 88' lang='lat' dir='ltr'><strong>nem</strong></span> <span class='ocrx_word' id='word_1_775' title='bbox 1098 2811 1132 2838; x_wconf 87' lang='lat' dir='ltr'><strong>ab</strong></span> <span class='ocrx_word' id='word_1_776' title='bbox 1148 2811 1238 2839; x_wconf 78' lang='lat' dir='ltr'><strong>invitis</strong></span> <span class='ocrx_word' id='word_1_777' title='bbox 1255 2813 1418 2847; x_wconf 78' lang='lat' dir='ltr'><strong>exprimere.</strong></span> <span class='ocrx_word' id='word_1_778' title='bbox 1440 2823 1472 2843; x_wconf 88' lang='lat' dir='ltr'><strong>ac</strong></span> <span class='ocrx_word' id='word_1_779' title='bbox 1491 2823 1540 2850; x_wconf 89' lang='lat' dir='ltr'><strong>pro</strong></span> <span class='ocrx_word' id='word_1_780' title='bbox 1553 2816 1682 2844; x_wconf 74' lang='lat' dir='ltr'><strong>Ecclesia:</strong></span> <span class='ocrx_word' id='word_1_781' title='bbox 1697 2817 1803 2853; x_wconf 78' lang='lat' dir='ltr'><strong>dogma-</strong></span> 
     </span>
    </p>
   </div>
   <div class='ocr_carea' id='block_1_109' title="bbox 1019 2856 1802 2898">
    <p class='ocr_par' dir='ltr' id='par_1_109' title="bbox 1019 2856 1802 2898">
     <span class='ocr_line' id='line_1_109' title="bbox 1019 2856 1802 2898; baseline 0.009 -14"><span class='ocrx_word' id='word_1_782' title='bbox 1019 2856 1092 2885; x_wconf 87' lang='lat' dir='ltr'><strong>tibus</strong></span> <span class='ocrx_word' id='word_1_783' title='bbox 1107 2861 1240 2885; x_wconf 77' lang='lat' dir='ltr'><strong>conantur</strong></span> <span class='ocrx_word' id='word_1_784' title='bbox 1254 2858 1409 2888; x_wconf 80' lang='lat' dir='ltr'><strong>obtrudero.</strong></span> <span class='ocrx_word' id='word_1_785' title='bbox 1426 2860 1551 2893; x_wconf 84' lang='lat' dir='ltr'><strong>Quorum</strong></span> <span class='ocrx_word' id='word_1_786' title='bbox 1573 2866 1616 2891; x_wconf 87' lang='lat' dir='ltr'><strong>est</strong></span> <span class='ocrx_word' id='word_1_787' title='bbox 1632 2862 1743 2898; x_wconf 86' lang='lat' dir='ltr'><strong>quidem</strong></span> <span class='ocrx_word' id='word_1_788' title='bbox 1761 2863 1802 2894; x_wconf 81' lang='lat' dir='ltr'><strong>hac</strong></span> 
     </span>
    </p>
   </div>
   <div class='ocr_carea' id='block_1_110' title="bbox 1808 2907 1821 2921">
    <p class='ocr_par' dir='ltr' id='par_1_110' title="bbox 1808 2907 1821 2921">
     <span class='ocr_line' id='line_1_110' title="bbox 1808 2907 1821 2921; baseline 0 0"><span class='ocrx_word' id='word_1_789' title='bbox 1808 2907 1821 2921; x_wconf 57' lang='grc' dir='ltr'>κ</span> 
     </span>
    </p>
   </div>
  </div>
