1925 3043
108 160 162 188 9H

594 160 642 188 DE
662 159 753 189 ANNO
773 159 816 187 ET
836 158 891 186 DIE
912 157 1087 188 DOMINICE
1108 135 1293 188 PASSdONlS.

1682 159 1735 189 9ἲῖ

110 216 140 242 in
149 219 233 250 parte
246 216 490 245 commendandum
508 217 639 252 studium,
655 217 728 252 quod
749 223 810 244 cum
825 216 852 243 iu
870 221 901 242 ea
917 217 940 246 Α
955 214 1054 243 Verum
1071 216 1117 244 illo
1132 217 1191 252 ipso
1204 216 1264 245 loco
1284 216 1430 251 pugnantia
1446 223 1538 244 secum
1555 223 1587 244 ac
1598 220 1737 244 eosmaria

109 265 236 296 tempora
251 261 436 292 inciderimus.
462 263 562 298 quibus
585 270 683 298 magna
705 266 747 289 est
767 260 896 289 novitatis

109 307 272 337 hominibus
289 308 387 344 injecta
401 309 548 344 cupiditas,
565 309 645 336 nead
661 308 800 343 religionis
823 308 898 335 litici-

108 362 167 390 que
183 355 314 382 damnum
324 355 503 389 .publiczeille
517 355 631 382 insania:
642 354 756 382 morbus
772 361 898 388 erumpe-

109 403 164 431 ret,
182 399 209 426 in
232 407 294 426 eam
323 403 426 433 partem
456 406 568 434 peccare
590 399 754 431 maluerunt,
780 405 841 433 qua:
857 402 899 425 est

107 444 230 471 cautior.
244 443 344 471 Verum
359 444 397 471 uti
415 444 460 479 pio
476 443 578 470 homini
603 451 642 470 ac
654 443 787 470 catholico
801 450 898 477 inagna

107 494 153 516 est
167 489 311 517 vetustatis
333 489 457 516 habenda
483 489 569 522 ratio;
594 489 621 515 in
643 488 676 516 iis
702 495 766 515 vero
789 495 850 522 quae
864 487 899 515 ab

109 534 235 562 Ecclesia
249 535 353 562 sancita
364 539 438 567 sunt,
456 542 489 563 ne
505 535 641 563 levissime
649 534 757 569 quidem
773 534 899 561 haesitare

110 581 193 613 licet;
206 581 242 608 ita
256 588 420 616 magnopere
429 581 492 608 illud
511 581 674 613 cavendum,
691 587 726 607 ne
741 587 791 615 pro
801 580 899 606 veteri-

114 625 169 653 bus
186 630 214 653 et
239 626 421 653 sacrosanctis
436 626 589 653 habeantur
603 626 648 653 illa
661 633 721 660 quae
744 625 839 660 paucis
851 624 900 651 ab-

111 671 179 699 hinc
195 672 304 699 steculis
319 672 496 704 emerserint;
508 679 575 699 neve
590 672 623 699 ad
638 672 764 699 falsitatis
778 671 898 707 patroci-

111 717 189 744 nium
205 717 358 752 speciosum
383 717 448 744 illud
463 717 592 745 Ecclesiae
604 725 635 745 ac
657 717 771 752 publica:
785 725 900 745 consen-

111 763 200 791 sionis
215 771 312 791 nomen
325 763 518 791 transferatur.
534 763 621 797 Quam
645 764 757 799 quidem
770 763 900 791 ecclesia-

110 810 188 837 stica:
196 810 368 837 auctoritatis
385 810 553 838 ascribendse
561 810 698 838 licentiam
717 818 778 838 cum
796 811 822 837 in
839 809 900 837 aliis

113 856 227 890 impune
240 861 387 889 versatam,
405 860 460 883 tum
479 856 505 883 in
520 863 562 888 ea,
578 863 660 890 quam
675 859 835 887 tractamus,
850 854 900 883 Na-

109 902 178 929 talis
207 909 239 928 ac
256 901 396 929 Passionis
411 901 560 929 Dominicsc
574 901 726 936 quaestione
748 905 897 936 grassatam

111 947 367 974 animadvertimus.
388 947 415 974 lu
429 954 482 982 qua
504 946 620 982 plurima
632 947 705 975 velut
716 954 748 974 cx
761 945 899 973 communi

111 991 243 1019 Ecclesize
253 992 412 1027 deprompta
425 992 479 1019 lide
489 992 586 1027 jactari
599 992 686 1020 solent
696 1000 756 1028 quas
772 997 819 1020 aut
831 991 899 1020 falsa

111 1042 186 1068 sunt,
203 1042 250 1065 aut
264 1037 393 1064 falsorum
407 1037 557 1065 simillima.

143 1083 187 1111 Ne
203 1084 283 1120 longe
294 1084 415 1118 exempla
434 1088 599 1119 repetamus,
612 1089 736 1111 occurret
751 1083 828 1111 Bothe
840 1090 900 1110 san-

114 1130 229 1157 ctissimi
258 1130 377 1158 hominis
402 1134 430 1158 et
453 1129 631 1157 eruditissimi
659 1129 797 1156 decretum
823 1129 899 1162 illud,

113 1176 188 1210 quod
196 1175 230 1202 -in
243 1176 322 1202 hunc
337 1175 425 1203 locum
443 1175 608 1203 distulimus.
625 1174 674 1202 llic
688 1174 769 1209 igitur
784 1182 844 1209 cap.
862 1174 897 1202 ιο

116 1220 179 1248 Ιώνὶ
200 1220 237 1248 De
254 1226 399 1255 temporum
416 1220 529 1252 mtione,
554 1220 588 1247 de
612 1224 690 1247 actate
712 1228 745 1247 ac
770 1219 900 1247 Passione

113 1265 222 1293 Domini
237 1267 263 1293 in
286 1267 343 1294 haec
356 1267 437 1294 verba
459 1267 634 1301 pronuntiat:
650 1266 734 1293 (labet
751 1266 831 1298 enim,
847 1266 901 1292 nisi

110 1311 204 1346 fallor,
230 1313 354 1340 Ecclesiae
365 1313 440 1347 ﬁdes,
457 1313 596 1340 Dominum
611 1313 637 1339 in
656 1320 734 1339 carne
747 1313 828 1346 paulo
841 1313 901 1347 plus

115 1359 202 1385 ntinus
231 1367 311 1394 quam
337 1367 422 1386 xum
451 1360 527 1386 annis
553 1367 633 1394 usque
657 1359 691 1385 ad
707 1366 762 1385 sua:
785 1363 901 1393 tenuiora

117 1401 258 1429 Passionis
273 1404 388 1431 vixisse:
402 1404 464 1438 quia
480 1403 597 1430 vidclicet
610 1411 663 1430 xxx
680 1411 808 1429 annorum
819 1403 900 1438 fuerit

119 1447 287 1482 baptizatus;
302 1449 369 1475 sicut
389 1448 547 1482 evangelista
560 1447 646 1475 Lucas
659 1453 782 1480 testatur,
800 1453 825 1475 et
849 1454 900 1476 tres

123 1494 202 1520 sentis
220 1501 303 1520 annos
327 1498 385 1528 post
409 1494 540 1528 baptisma
566 1493 760 1528 pra'dicarer-it.
785 1493 902 1529 Subjicit

115 1538 214 1566 deinde
230 1547 236 1565 :
258 1538 357 1566 Sancta
375 1539 503 1574 siquidem
517 1539 638 1566 Romana
652 1544 676 1566 et
692 1539 839 1573 apostolica
853 1538 902 1565 Ec-

115 1585 196 1612 clesia
209 1585 276 1610 hanc
293 1592 321 1611 se
333 1585 411 1618 ﬁdem
423 1589 508 1611 tenere
523 1589 546 1610 et
559 1585 623 1619 ipsis
636 1589 750 1611 testatur
765 1583 900 1616 indiculis,

115 1638 175 1665 qua:
184 1631 240 1657 suis
253 1630 279 1656 in
290 1630 370 1657 cereis
383 1630 522 1656 annuatim
533 1630 674 1657 inscribere
688 1630 763 1660 solet,
780 1630 824 1656 ubi
837 1634 902 1656 tem‘

115 1685 164 1711 pus
180 1676 324 1703 Dominica'
343 1675 478 1702 Passionis
499 1675 525 1702 in
543 1675 695 1702 memoriam
708 1675 811 1709 populis
827 1683 901 1702 ret-o-

116 1730 191 1753 cans,
208 1728 347 1747 numerum
364 1721 475 1755 triginta
497 1728 597 1754 semper
610 1725 633 1746 et
658 1720 741 1746 tribus
758 1719 834 1746 anilis
850 1719 900 1745 mi-

116 1775 218 1799 norem,
233 1774 312 1801 quam
330 1765 361 1792 ab
379 1766 435 1800 ejus
451 1766 634 1792 incarnatione
649 1764 791 1799 Dionysius
809 1769 899 1799 ponat,

120 1812 245 1839 adnotat.
273 1811 387 1845 Denique
407 1819 476 1837 mtuo
498 1810 530 1836 ab
558 1810 615 1845 cjus
630 1810 811 1836 incarnatione
821 1810 901 1844 ju:t:ta

121 1857 280 1891 Dionysium
298 1857 516 1888 701,1’ndictiane
546 1865 601 1887 xlv,
618 1857 713 1890 fratres
738 1855 833 1887 nostri,
857 1855 902 1890 qui

116 1907 179 1929 tunc
193 1902 266 1936 fuere
281 1901 380 1933 Romtz,
396 1903 444 1928 hoc
458 1902 534 1928 modo
551 1910 577 1928 se
593 1902 618 1928 in
636 1901 729 1928 Natali
749 1901 854 1927 Domini
875 1901 902 1927 in

118 1949 197 1976 cereis
212 1947 241 1975 S.
260 1947 353 1975 Maria:
364 1949 490 1982 scriptum
505 1948 611 1979 vidisse,
623 1953 647 1974 et
661 1947 720 1974 inde
735 1947 903 1981 descripsisse

119 1995 265 2029 referebant
279 2002 287 2021 :
314 1994 334 2020 Α
358 1994 484 2020 Passione
499 1993 606 2020 Domini
622 1994 706 2020 nostri
724 1992 787 2020 Iesu
804 1993 903 2020 Christi

119 2041 181 2067 attni
193 2045 253 2067 sunt
270 2040 332 2072 568,
343 2044 393 2067 clc.
411 2040 488 2067 Addit
510 2044 601 2074 postea
616 2049 621 2066 :
639 2039 709 2066 Nam
723 2040 792 2074 quod
809 2039 902 2066 Domi-

119 2094 167 2113 nus
177 2094 211 2112 xv
225 2085 289 2112 luna
300 2085 367 2119 feria
381 2093 405 2112 vt
420 2093 522 2112 crucem
533 2085 690 2118 ascenderit,
705 2091 728 2112 et
743 2084 904 2112 nturSabba-

119 2134 214 2162 torum,
233 2129 260 2156 id
277 2134 314 2156 est
326 2130 372 2156 die
388 2129 528 2156 Dominica
548 2130 719 2156 rcsurrexerit
737 2138 755 2156 ιι
778 2130 902 2162 mortuis,

119 2174 186 2202 πιιῖιὶ
210 2175 271 2201 licet
297 2175 419 2201 dubitare
436 2175 579 2202 catholico.
603 2174 667 2203 llaec
685 2175 738 2203 ille.
766 2175 823 2202 l)uo
848 2175 902 2206 hic,

120 2219 180 2247 lidei
195 2225 276 2255 atque
296 2220 425 2248 Ecclesiae
437 2221 543 2248 decreta
558 2225 747 2256 proponuntur
760 2221 901 2253 :altcrnm,
917 2227 940 2254 ι)

120 2266 257 2294 Christum
275 2267 421 2294 Dominum
445 2267 532 2293 a-tatis
548 2275 619 2294 anno
636 2274 722 2294 xxxut
737 2266 792 2300 jam
808 2267 902 2301 exple-

121 2317 158 2346 to,
175 2321 257 2340 xxxtv
274 2321 338 2340 vero
353 2313 489 2345 inchoato,
506 2321 617 2348 passum
635 2321 699 2340 csse
714 2322 720 2339 ε
735 2321 796 2340 aera:
809 2313 903 2340 vidi-li-

121 2363 162 2385 cet
176 2358 347 2394 Dionysianzc
364 2359 409 2390 5i,
428 2359 492 2394 quia
508 2367 568 2386 cum
584 2365 635 2385 xxx
655 2359 743 2385 tet-alis
765 2365 839 2385 anno
854 2358 903 2385 ba-

120 2404 237 2438 ptizatus
255 2403 348 2436 fuerit,
376 2408 433 2430 tres
467 2403 564 2431 deinde
578 2411 669 2430 annos
699 2411 761 2430 cum
789 2403 905 2431 seruisse

120 2450 204 2477 vixit:
219 2449 291 2476 mule
314 2457 396 2476 xxxiv
418 2456 492 2476 anno
517 2453 631 2476 mortem
662 2448 762 2476 obicrit
784 2452 902 2483 oportet.

120 2496 208 2529 Quare
228 2495 291 2523 hinc
301 2495 382 2522 etiam
395 2495 468 2522 aliud
493 2494 619 2522 Ecclesia:
633 2495 732 2530 dogma
763 2495 903 2522 nascitur:

119 2542 258 2570 Christum
281 2546 397 2576 quatuor
421 2541 557 2576 peregisse
576 2540 721 2572 Pascllata,
737 2548 854 2576 quorum
876 2541 902 2568 in

119 2593 257 2622 postremo
276 2592 400 2614 mortuus
411 2590 463 2614 est.
475 2586 595 2613 Alterum
610 2585 738 2613 Ecclesia:
752 2587 904 2618 decretum,

119 2635 149 2660 tle
160 2641 214 2668 quo
227 2633 298 2660 nulli
313 2633 356 2668 [ac
368 2637 406 2660 est
418 2632 544 2659 dubitare
553 2633 694 2666 catholico,
708 2632 841 2666 ejusmodi
857 2641 905 2668 po-

120 2680 192 2707 nitur
209 2688 216 2707 :
235 2679 367 2707 Christum
379 2687 414 2706 xv
432 2678 495 2706 luna
514 2687 621 2714 passum
648 2687 714 2706 esse.
735 2677 813 2706 llunc
826 2678 906 2706 Bcdze

120 2725 207 2753 locum
222 2725 295 2752 velut
305 2724 490 2752 Gratissimum
502 2724 638 2759 quoddam
656 2724 838 2759 chronologize
849 2732 906 2751 mu-

120 2771 269 2798 nimentum
293 2778 425 2805 usurpare
441 2770 586 2798 identidem
606 2770 702 2804 optimi
727 2770 778 2797 viri
800 2778 833 2798 ac
858 2770 905 2797 do-

120 2814 233 2842 ctissimi
249 2814 346 2847 solent,
356 2821 442 2848 eoque
455 2814 629 2848 potissimum
645 2814 700 2842 telo
715 2814 843 2849 superior
859 2815 903 2842 illa

121 2857 224 2888 Delterii
247 2858 333 2887 nostri
349 2859 483 2887 sententia
501 2859 528 2887 in
552 2859 699 2887 Annalibus
718 2865 902 2895 oppugnatur.

950 260 1019 289 Beda
1032 262 1182 297 proﬁtetur.
1201 262 1306 290 Etenim
1321 263 1367 298 qui
1379 262 1480 290 vixisse
1495 267 1535 290 tot
1545 262 1625 289 annis
1640 271 1738 298 quem-

949 307 1022 341 piam
1033 309 1140 340 asserit,
1151 317 1225 341 cum,
1237 309 1344 343 opinor,
1357 316 1458 336 annum
1471 308 1587 343 primum
1601 313 1737 340 annuerat.

949 360 1004 387 quo
1016 353 1041 380 in
1052 353 1138 381 lucem
1149 355 1237 382 editus
1245 358 1296 388 est,
1307 362 1359 382 non
1369 362 1430 382 eum
1440 355 1638 390 complectitur,
1646 355 1739 391 quoin

951 398 1046 426 matris
1064 403 1143 427 utero
1157 399 1215 427 fuit.
1228 399 1397 435 Huncigitur
1409 400 1431 428 si
1440 400 1513 428 Beda
1525 400 1589 428 velit
1602 401 1740 435 excipere.

949 451 1011 471 cum
1030 444 1052 471 is
1065 445 1098 472 sit
1119 453 1180 472 a~r:e
1197 445 1368 481 Dionysianae
1376 446 1494 481 primus,
1511 452 1539 474 ut
1550 454 1632 480 supra
1647 447 1742 474 deela-

950 490 1081 523 ravimus,
1096 495 1150 519 tres
1164 491 1197 518 ad
1222 491 1330 526 triginta
1348 496 1511 526 supererunt
1531 492 1740 527 annirquorun

950 535 978 562 in
991 535 1085 563 uitium
1098 536 1222 564 Christus
1239 545 1336 572 passus
1348 543 1467 570 cst,a:raa
1482 538 1620 565 tricesimo
1630 543 1739 572 quarto.

952 580 1046 615 Itaque
1056 588 1113 608 non
1133 581 1250 616 amplius
1262 589 1342 617 quant
1357 589 1431 609 xxxn
1443 582 1522 610 anuis
1537 583 1676 610 mensibus
1688 583 1740 610 .tri-

951 626 1002 653 bus
1012 626 1138 655 Christus
1154 627 1262 661 vixerit,
1277 631 1373 655 contra
1393 627 1458 655 illud
1477 628 1665 656 ecclesiastica.-
1679 628 1740 656 (idsi

950 672 1102 700 decretum.

987 717 1039 745 Sed
1053 718 1223 746 mzmit'cslius
1239 719 1357 754 implicat
1368 726 1438 750 sese,
1453 719 1517 746 dum
1531 719 1567 746 ita
1581 719 1738 747 concludit:

953 763 1084 796 Quoniam
1100 773 1193 792 oxxrtt
1208 765 1284 792 annis
1299 765 1414 792 circulus
1427 764 1568 792 Paschalis
1579 765 1740 800 circumagi-

954 814 1007 841 tur,
1021 811 1060 837 his
1076 810 1144 838 adde
1155 819 1249 844 xxxut,
1264 810 1302 838 vel
1317 811 1404 845 potius
1421 819 1511 844 xxxiv,
1527 811 1740 846 ntillumipsunt

951 864 1002 891 quo
1029 864 1122 890 passus
1145 861 1184 884 est
1208 856 1347 890 Dominus,
1373 857 1501 892 attingere
1522 857 1605 890 possis
1630 865 1740 889 annum.

953 900 1020 934 ﬁunt
1039 900 1101 927 566.
1119 900 1178 935 Ipse
1199 905 1237 927 est
1251 909 1311 936 ergo
1337 909 1421 928 anuus
1441 901 1584 929 Dominicaz
1599 901 1741 929 Passionis

953 949 976 970 et
987 945 1186 972 resurrectionis
1200 953 1216 971 a
1227 945 1337 972 mortuis
1352 953 1360 971 :
1372 946 1433 980 quia
1444 946 1511 972 sicut
1527 945 1578 972 5'55
1591 946 1688 979 primo,
1702 947 1741 973 ita

953 988 1006 1016 566
1022 989 1152 1016 tricesimo
1169 994 1263 1024 quarto
1280 990 1475 1024 peruniuersos
1487 990 1549 1017 solis
1562 995 1587 1017 et
1598 991 1668 1017 luna:
1680 999 1742 1018 con-

954 1035 1045 1062 cordat
1060 1035 1206 1062 discursus.
1219 1035 1335 1063 Omnino
1350 1036 1444 1062 statuit
1464 1043 1536 1063 anno
1557 1044 1619 1064 :crte
1642 1035 1742 1072 Dion]-

954 1078 1038 1106 siana:
1054 1078 1116 1112 566,
1132 1079 1178 1114 qui
1193 1084 1235 1107 est
1250 1080 1317 1115 cycli
1330 1079 1392 1111 567,
1408 1081 1516 1108 easdem
1532 1080 1741 1111 Nconteniasae

955 1121 1037 1150 ferias
1052 1123 1203 1151 recurrisse
1224 1131 1285 1159 quae
1298 1129 1376 1151 erant
1393 1132 1465 1152 anno
1478 1133 1538 1152 aera:
1551 1127 1596 1159 54,
1609 1127 1675 1162 cycli

955 1167 992 1194 Ex
1016 1175 1071 1202 quo
1092 1168 1127 1196 ita
1150 1169 1249 1204 colligit
1268 1179 1275 1196 :
1291 1169 1323 1196 Et
1341 1169 1398 1197 ideo
1412 1171 1519 1198 circulis
1532 1171 1601 1199 beati
1618 1173 1740 1207 Dionysii

954 1212 1061 1246 apertis,
1081 1213 1104 1239 si
1129 1213 1181 1240 566
1201 1213 1231 1240 ab
1253 1214 1434 1242 incarnatione
1458 1215 1565 1243 Domini
1589 1219 1740 1254 contingent

954 1265 1063 1289 annum,
1080 1265 1123 1284 xlv
1138 1257 1226 1284 lunam
1239 1258 1265 1284 in
1280 1266 1309 1286 eo
1324 1267 1349 1286 ix
1368 1258 1432 1286 Kal.
1445 1260 1510 1295 Apr.
1529 1262 1596 1295 feria
1610 1270 1626 1289 v
1640 1271 1740 1298 repere-

955 1304 1002 1335 ris,
1019 1308 1043 1330 et
1060 1303 1127 1330 diem
1146 1303 1258 1332 l'aatlttc
1274 1305 1440 1333 Dontinictmt
1462 1315 1487 1333 vt
1512 1307 1574 1334 Kal.
1591 1309 1653 1343 Apr.
1676 1310 1740 1337 luna

955 1356 1023 1381 xvtl,
1045 1358 1092 1384 age
1109 1349 1162 1377 Deo
1178 1352 1291 1385 gratias,
1313 1352 1374 1387 quia
1389 1352 1462 1387 quod
1486 1354 1620 1388 qua'rebas
1633 1376 1640 1389 ,
1660 1357 1740 1383 sicuti

955 1395 1010 1429 ipse
1025 1396 1156 1430 promisit,
1173 1397 1321 1424 teinuanire
1343 1399 1442 1425 docuit.
1460 1399 1526 1432 Quis
1547 1400 1607 1428 lucc
1630 1409 1645 1428 ιι
1667 1401 1739 1430 Beda

956 1447 1003 1475 per
1018 1441 1133 1468 ironiam
1149 1442 1220 1469 dicta
1230 1444 1398 1478 suspicetur-'2
1414 1443 1491 1478 Quod
1505 1445 1672 1475 Bridcl‘crtus
1683 1447 1740 1475 Ra-

956 1485 1098 1513 mcsicnsis
1114 1487 1141 1513 in
1156 1487 1267 1515 scholiis
1281 1488 1429 1517 adnotavit.
1452 1490 1566 1525 Ironice,
1585 1492 1682 1527 inquit,
1698 1495 1741 1520 di—

956 1531 991 1558 cit
1006 1531 1064 1563 hoc,
1084 1532 1146 1559 dum
1169 1533 1240 1560 nullo
1262 1535 1338 1561 modo
1354 1535 1494 1563 inuenitur.
1516 1537 1569 1564 Sed
1582 1538 1644 1566 lucc
1662 1540 1741 1567 scho-

950 1577 1045 1605 ‘liastes
1069 1578 1126 1612 ipse
1148 1579 1269 1607 ridicule.
1296 1572 1388 1615 Neque
1408 1571 1491 1609 enim.
1501 1583 1605 1610 ridendi
1628 1592 1739 1612 causam

952 1622 1035 1649 ullam
1052 1623 1146 1651 habuit
1161 1624 1244 1656 Beda,
1260 1633 1321 1652 cum
1339 1627 1389 1654 ista
1405 1628 1536 1655 scriberet
1554 1639 1560 1656 :
1579 1630 1644 1664 quin
1662 1636 1691 1658 ut
1706 1639 1738 1658 ex

953 1673 1008 1696 toto
1019 1669 1065 1696 illo
1076 1670 1163 1704 capite
1176 1670 1269 1705 liquet,
1286 1671 1348 1706 quid
1366 1673 1478 1700 sentiret
1493 1673 1551 1708 ipse
1568 1675 1739 1710 plaueapcr-

953 1717 1032 1748 teque
1055 1714 1225 1750 signiﬁcavit.
1251 1716 1332 1750 Atqui
1349 1716 1483 1751 ejusmodi
1496 1718 1540 1746 illa
1558 1724 1632 1752 sunt,
1649 1725 1678 1747 ut
1693 1729 1740 1755 pa-

952 1759 1069 1787 ironiam
1091 1768 1151 1788 esse
1175 1760 1245 1788 dicta
1261 1761 1406 1796 plurimum
1422 1763 1499 1791 Beda:
1511 1764 1595 1798 ipsius
1611 1767 1740 1795 inter-Ine-

951 1802 997 1829 rit.
1013 1802 1085 1830 Sunt
1110 1803 1182 1830 enim
1207 1804 1414 1834 absurdissima.
1429 1807 1533 1842 Quippe
1548 1816 1621 1837 anno
1636 1809 1737 1839 Christi

951 1848 996 1880 5.5,
1011 1848 1087 1883 cyclo
1099 1849 1164 1876 solis
1180 1858 1224 1881 xv,
1242 1849 1312 1877 hunc
1329 1859 1382 1884 xvi,
1396 1852 1484 1880 littera
1497 1854 1572 1881 Dom.
1582 1854 1613 1888 C,
1631 1857 1738 1883 novilu-

953 1893 1027 1920 nium
1042 1893 1178 1922 Nicetium
1203 1895 1306 1931 (quod,
1325 1901 1354 1924 ut
1367 1905 1437 1933 ssc-pe
1454 1900 1558 1933 monui,
1576 1901 1641 1928 olim
1657 1902 1739 1930 etiam

953 1939 986 1965 ad
1000 1939 1101 1967 Christi
1119 1941 1247 1968 saeculum
1261 1945 1522 1979 accoutmodabaut)
1538 1947 1652 1982 contigit
1671 1947 1740 1975 Mar-

954 1985 983 2012 tii
997 1993 1062 2020 nn;
1082 1986 1149 2014 luna
1173 1987 1384 2023 decimaquarta,
1407 1998 1444 2017 xu
1465 1991 1527 2019 Kal.
1549 1992 1659 2028 Aprilis,
1683 1995 1740 2022 sive

953 2030 1041 2058 Martii
1058 2040 1103 2059 χει
1115 2041 1122 2066 ;
1135 2032 1242 2061 Pascha
1256 2043 1271 2060 ν
1285 2034 1348 2061 Kal.
1367 2035 1453 2071 April.
1469 2037 1526 2064 sive
1539 2038 1628 2066 Martii
1643 2048 1739 2074 xxvm,

954 2083 983 2105 ut
999 2086 1031 2105 ex
1049 2078 1168 2115 Dionysii
1185 2088 1217 2108 ac
1228 2079 1309 2108 Bedae
1328 2082 1411 2117 cyclis
1437 2089 1558 2118 apparet.
1575 2084 1656 2112 li-lctn
1674 2087 1740 2114 cha-

954 2127 1072 2151 racteres
1084 2133 1155 2151 anno
1172 2125 1223 2152 566
1234 2132 1396 2161 congruunL
1412 2127 1469 2155 Non
1487 2128 1569 2164 igitur
1583 2130 1662 2158 anuis
1680 2131 1740 2159 istis

954 2168 1016 2195 ltitia
1034 2177 1078 2196 xw
1093 2170 1187 2197 incidit
1199 2171 1225 2197 in
1240 2180 1264 2198 Ix
1281 2171 1340 2198 Kal.
1358 2173 1423 2207 Apr.
1439 2172 1505 2201 feria
1520 2182 1546 2207 v,
1562 2174 1664 2203 PaStha
1674 2184 1740 2205 vero

955 2214 982 2241 in
999 2223 1024 2242 vt
1039 2215 1111 2247 Kal.,
1126 2217 1197 2251 quod
1212 2221 1244 2244 ut
1263 2218 1380 2251 eveniat,
1396 2218 1488 2254 cyclus
1498 2227 1559 2247 esse
1575 2220 1654 2248 debet
1668 2222 1741 2250 luna

955 2269 1013 2291 xm.
1028 2262 1093 2289 solis
1109 2270 1164 2293 χχι.
1182 2263 1234 2290 hoc
1249 2267 1291 2290 est
1301 2263 1462 2292 Christiana:
1474 2273 1533 2293 εει-ιιι
1545 2274 1592 2293 xu.
1602 2266 1740 2299 Quamob-

956 2315 1010 2334 rem
1026 2312 1056 2335 ut
1067 2316 1128 2335 vera
1145 2309 1209 2340 sint,
1227 2317 1288 2344 quae
1302 2318 1316 2337 a
1331 2310 1402 2338 Beda
1419 2311 1579 2345 traduntur,
1594 2321 1646 2340 non
1658 2321 1740 2342 xxxiv

954 2354 1040 2380 relatis
1056 2361 1138 2385 anno.
1153 2355 1199 2382 sed
1221 2363 1259 2382 xu
1276 2360 1414 2383 mortuum
1429 2364 1490 2385 esse
1506 2358 1643 2385 Christum
1660 2367 1741 2393 opor-

956 2402 1004 2425 tet.
1024 2398 1075 2426 Sed
1091 2403 1230 2435 utcunque
1245 2401 1353 2436 ascripti
1376 2409 1391 2429 a
1413 2401 1483 2430 Beda
1499 2403 1584 2431 Martii
1607 2405 1666 2432 dies
1691 2406 1741 2433 ha-

956 2444 1034 2472 beant
1050 2453 1110 2472 scse
1128 2455 1134 2472 :
1151 2445 1173 2472 si
1186 2454 1261 2474 anno
1282 2447 1329 2475 illo
1344 2456 1426 2475 xxxiv
1440 2457 1536 2484 passus
1545 2454 1590 2478 est
1603 2450 1739 2486 Christus,

956 2498 1008 2517 non
1032 2496 1120 2525 potest
1144 2491 1206 2518 luna
1231 2501 1263 2519 xv
1286 2493 1311 2520 id
1332 2495 1473 2523 accidisse.
1490 2495 1557 2523 Nam
1572 2496 1742 2532 Niczcnaxlv.

956 2543 1016 2570 quas
1030 2536 1130 2564 Christi
1151 2541 1272 2572 tempore
1285 2546 1333 2565 xtn
1347 2544 1416 2572 erat,
1431 2541 1557 2569 convenit
1578 2542 1664 2570 Martii
1682 2551 1740 2577 xxi,

955 2581 1022 2609 feria
1045 2590 1062 2609 ι.
1088 2581 1165 2610 Unde
1186 2583 1251 2611 feria
1274 2585 1391 2612 secunda
1415 2593 1512 2621 passus
1531 2588 1586 2615 erit
1608 2588 1740 2617 Dominus

955 2627 1043 2655 Martii
1059 2636 1126 2656 xxu.

991 2672 1048 2701 Non
1060 2674 1190 2702 minorem
1203 2675 1341 2711 cyclorum
1357 2685 1546 2713 annorumque
1556 2678 1740 2713 perturbatio-

956 2727 1015 2747 nem
1043 2721 1162 2755 compcri
1185 2722 1256 2755 apud
1276 2721 1425 2751 Victorium
1450 2724 1626 2760 Aquitanum.
1654 2724 1739 2760 Cujus

955 2765 1028 2793 Fasti
1044 2771 1107 2793 sunt
1123 2775 1205 2801 penes
1224 2767 1256 2795 li.
1275 2768 1306 2796 P.
1330 2769 1504 2796 Sirmondmn
1521 2777 1581 2796 cum
1601 2769 1741 2798 Praefatio-

954 2820 999 2844 ne,
1017 2821 1049 2840 ex
1071 2821 1125 2848 qua
1147 2814 1276 2841 nonnulla
1293 2815 1367 2847 citat,
1386 2814 1537 2849 rcl‘ellitqno
1556 2815 1625 2843 Beda
1640 2817 1686 2844 lib.
1703 2817 1741 2846 De

957 2863 1034 2894 temp.
1053 2864 1116 2894 rat.,
1134 2868 1157 2887 c.
1172 2859 1215 2886 49.
1231 2859 1259 2887 lu
1283 2860 1326 2887 illa
1348 2868 1413 2895 ergo
1434 2860 1592 2889 l’rml‘ationc
1605 2861 1741 2892 Victorius
