1925 3043
171 153 225 181 973

732 152 901 181 AI‘PENDIX
924 151 1240 183 DISSERTATIONUM.

1737 158 1789 187 954

173 211 221 245 (ita
235 211 306 239 enim
322 212 348 240 in
363 213 546 240 vetustissimo
562 213 606 240 illo
623 213 716 241 codice
734 215 900 246 nominatur,
915 218 955 240 at-
969 216 992 244 Α
1005 213 1146 243 Passionis
1162 216 1300 249 habeatur,
1314 217 1387 252 quod
1402 217 1519 246 fortasse
1532 218 1621 246 verius
1631 223 1683 246 cst.
1697 218 1792 252 Quan—

172 265 226 293 que
239 258 320 285 etiam
339 258 446 290 Victor,
464 267 516 286 non
537 258 709 295 Vit-torulus)
726 261 758 287 de
780 267 851 287 anno
864 259 956 287 Domi-

173 304 240 331 nica:
255 303 393 331 Passionis
407 313 500 338 agens,
526 305 638 332 Passum
655 311 758 338 autent,
779 306 877 340 inquit,
902 305 955 332 Do-

173 350 272 376 minum
290 354 406 376 nostrum
423 349 513 376 .lesum
528 350 666 377 Christum
685 352 799 386 peractis
814 350 883 378 5228
906 359 954 377 an-

173 394 212 420 ni:
244 394 273 422 ab
301 398 359 421 ortu
379 395 469 420 mundi
495 396 584 422 eadem
610 395 796 422 Cltronicorum
830 396 955 422 relatione

173 442 333 464 ntanstralur
360 439 370 473 (
384 439 417 466 de
447 438 566 473 Eusebii,
595 440 752 476 ’ψει-ομνιιί
779 445 806 468 ct
830 440 953 475 Prosperi

171 483 314 510 Chronicis
336 484 485 519 loquitur).
503 486 577 518 Quod
592 491 691 521 gestum
709 487 848 513 inchoante
868 494 953 514 xxvttt

172 535 240 554 anno
252 537 303 555 non
314 533 397 563 potest
408 530 535 558 dubitari.
552 532 686 567 Siquidem
698 540 744 559 rut
757 532 873 560 Kalend.
886 533 950 567 Apr.

169 575 254 608 primo
279 582 366 600 mense
385 574 448 602 luna
468 583 511 603 xw
525 585 625 611 vespere
647 577 818 611 pm'cedente,
835 577 902 604 sicut
920 577 952 604 ab

170 620 246 646 initio
263 624 389 646 creaturae
409 626 505 655 quarta
526 622 598 656 facta
615 627 668 654 est,
688 623 794 656 cepisse
807 622 952 650 doceatur:

168 666 352 700 adjunetisqne
376 665 495 693 bissextis
519 667 554 693 ad
575 676 703 695 summum
721 668 790 696 5228
812 676 951 702 annorum,

168 714 283 748 sequenti
296 713 322 746 8,
338 720 371 740 xx
386 720 465 745 anno,
481 722 496 740 v
515 715 582 749 [cria
598 715 670 741 docet
687 723 713 742 se
728 715 870 741 tradilione
884 722 950 749 prte-

167 765 280 787 rentum.
297 760 388 788 Primo
403 769 461 788 vero
480 761 638 795 Azymurum
655 761 697 787 die
717 761 843 788 Dominus
865 765 952 788 noster

166 807 243 834 Jeans
256 807 378 835 Christus
396 815 498 834 cantans
520 815 577 833 cum
592 807 731 842 discipulis
744 808 799 835 suis
814 812 951 842 postquam

167 854 208 880 sui
230 854 347 888 corporis
375 859 399 881 et
419 853 555 888 sanguinis
578 858 743 880 sacramenta
763 853 899 888 patefecit,
916 853 950 879 ad

1005 267 1087 294 quam
1113 260 1146 288 de
1167 260 1213 288 illo
1235 261 1313 289 Beda!
1331 262 1396 290 ‘vloeo
1420 263 1592 298 cogitandum
1606 264 1721 298 amplius
1736 269 1789 292 est.

1005 304 1082 337 Quod
1097 305 1169 332 enim
1188 306 1276 341 ipsum
1290 315 1305 334 a
1321 306 1407 335 Natali
1432 316 1532 336 annum
1555 309 1690 343 auspicari
1711 310 1792 336 voln~

1005 358 1082 383 mus;
1101 351 1126 378 id
1139 352 1222 386 quod,
1238 352 1290 379 nisi
1315 353 1444 381 mendosa
1466 354 1548 382 verba
1569 360 1645 387 sunt,
1663 362 1791 382 necessa-

1004 395 1075 422 rium
1091 396 1205 429 videtur,
1222 404 1285 423 cum
1299 397 1464 434 Dionysiana
1482 399 1583 432 epocha
1609 399 1700 426 minus
1720 407 1791 433 qua-

1004 439 1080 469 drat.
1094 447 1152 474 quae
1173 447 1186 466 a
1211 440 1306 468 Martio
1316 448 1412 468 mense
1424 442 1493 469 inire
1504 447 1692 469 consueverat.
1706 443 1790 477 Διαιιή

1005 484 1051 511 701
1071 492 1159 512 annus
1174 485 1200 512 in
1212 485 1300 513 Natali
1315 486 1489 514 indictioncm
1500 487 1583 514 habet
1596 494 1639 514 xv.
1652 487 1789 520 Quocirca

1003 529 1044 555 vel
1066 529 1228 558 indict-ioncs
1250 530 1378 558 Romana:
1399 531 1455 566 jam
1477 536 1534 559 tum
1555 539 1571 559 a
1593 531 1724 559 Januario
1745 532 1790 559 in-

1003 574 1107 602 choatae
1116 580 1192 607 sunt,
1205 580 1233 602 et.
1245 575 1272 602 in
1285 577 1412 604 animum
1422 577 1578 605 Decembris
1590 578 1659 605 diem
1675 578 1788 611 desitae;

1002 621 1044 650 vel
1060 629 1110 657 pro
1125 622 1172 649 701
1190 622 1260 657 apud
1276 622 1375 650 Bedam
1397 623 1449 650 700
1473 623 1614 659 legendum
1625 643 1634 657 ,
1655 624 1790 658 quemd-

1003 667 1111 695 modum
1132 667 1230 703 legisse
1245 668 1406 696 scholiastes
1424 669 1545 704 \idetur;
1559 669 1602 697 vel
1614 669 1731 704 denique
1747 670 1790 696 in-

1001 713 1085 741 dictio
1097 721 1130 740 xv
1143 720 1193 748 pro
1205 721 1250 740 xiv
1261 714 1462 741 substituenda.
1479 714 1557 747 Quod
1572 714 1594 741 si
1611 713 1663 741 700
1683 722 1787 741 annum

1000 759 1072 786 Beda
1089 759 1209 794 scripsit,
1225 764 1283 786 tum
1301 760 1394 794 utique
1405 761 1440 787 55
1460 767 1533 787 anno
1546 760 1580 787 ab
1593 760 1788 787 incarnatione

1002 812 1099 840 passus
1121 805 1172 832 crit
1191 805 1332 838 Dominus,
1347 806 1433 833 aetatis
1452 813 1527 833 xxxn
1550 806 1668 833 ineunte.
1686 806 1789 833 Paulus

1002 850 1211 885 Forosempron.
1237 851 1326 879 tib.“
1340 853 1473 885 Paulina,
1486 852 1534 879 701
1559 852 1666 887 quidem
1683 860 1787 879 annum

166 903 279 925 montem
303 899 399 926 Oliveti
409 919 417 931 ,
433 887 500 926 sicut
526 898 669 934 Evangelia
694 903 786 925 sancta
810 887 949 930 testantur,
966 887 987 915 Β
999 897 1053 924 hoc
1074 897 1103 924 in
1126 897 1203 924 Beda:
1216 897 1277 924 loco
1290 898 1397 932 posuit;
1415 898 1461 924 sed
1478 905 1493 924 a
1510 897 1641 925 Passione
1657 897 1719 930 669,
1733 906 1789 925 non

166 953 327 979 progressus,
343 945 428 980 ibique
440 945 559 971 detentus
576 949 613 971 est
629 953 644 970 a
661 943 764 971 Judaei:
775 944 893 971 tradente
909 944 951 971 di-

165 990 278 1024 scipulo.
291 990 416 1025 Deinceps
433 998 458 1017 vt
472 990 538 1025 feria
553 990 738 1025 subsequente,
750 990 778 1016 id
788 995 824 1016 est
836 997 871 1016 vn
885 989 949 1017 Kal.

165 1038 229 1071 Apr.
246 1037 389 1072 crucifixus
406 1043 445 1064 est
469 1043 493 1064 et
509 1037 635 1072 sepultus.
654 1037 740 1064 Tertia
757 1036 808 1068 die,
822 1037 870 1062 hoc
884 1040 921 1063 est
934 1043 950 1062 v

165 1081 230 1110 Kal.
248 1081 311 1117 Apr.
330 1083 465 1109 Dominico
489 1083 605 1109 surrexit
632 1090 647 1108 a
668 1082 789 1108 mortuis.
815 1080 950 1109 Hactenus

166 1126 332 1155 Victorinus.
351 1128 402 1161 Qui
425 1135 535 1162 passum
563 1131 701 1155 asseverat
716 1126 855 1154 Christum
878 1125 950 1153 Mar-

165 1174 194 1200 tii
211 1182 285 1206 xxvt,
303 1173 369 1202 feria
380 1182 416 1207 vr,
432 1173 615 1202 resnrrexisse
625 1181 689 1201 vero
701 1173 788 1200 Martii
803 1180 897 1200 xxvnt.
910 1172 950 1199 Ita

165 1218 340 1246 Dominicalis
351 1219 440 1246 littera
455 1218 577 1251 iucritC,
592 1218 637 1253 qui
652 1218 794 1246 character
808 1225 879 1244 anno
890 1223 950 1244 term

164 1265 337 1301 Dionysiana:
350 1273 431 1293 xxxiv
444 1265 579 1301 congruit,
595 1265 670 1300 cyclo
684 1265 749 1292 solis
767 1273 808 1291 xv.
819 1263 871 1291 Sed
888 1271 949 1290 cum

164 1311 237 1338 dicat
259 1312 351 1339 lunam
369 1311 456 1338 Martii
474 1320 535 1345 xxv,
553 1319 608 1347 quo
629 1311 672 1339 die
696 1311 803 1346 epulum
819 1309 950 1337 Paschale

165 1356 320 1389 celebravit,
337 1356 419 1384 fuisse
433 1357 525 1384 lunam
542 1365 605 1389 xiv;
623 1356 674 1384 hoc
690 1355 797 1382 nonnisi
814 1355 890 1391 cyclo
901 1355 950 1382 Ni-

165 1409 240 1429 czeno
255 1402 373 1429 secundo
395 1402 532 1435 convenit,
547 1402 588 1429 νει
603 1410 662 1434 χιιι,
681 1401 703 1429 si
718 1401 850 1429 decimam
865 1409 949 1435 qnar-

165 1452 218 1474 tam
233 1447 376 1483 appellavit
389 1448 521 1476 decimam
544 1448 677 1482 quintam.
695 1446 794 1482 Cyclus
811 1454 858 1473 xm
873 1454 948 1473 com-

165 1493 231 1527 pclit
252 1500 324 1519 anno
348 1492 512 1528 Dionysiano
527 1493 571 1520 51.
587 1492 678 1525 Quare
699 1493 725 1519 in
742 1499 813 1519 anno
828 1492 895 1527 eycli
912 1492 950 1518 lu-

163 1537 238 1564 natis
250 1545 311 1564 cum
326 1537 488 1572 Epiphanio,
504 1545 535 1564 ac
550 1537 685 1564 veteribus
700 1536 849 1567 consentit;
862 1536 889 1562 in
905 1543 949 1562 so-
963 1554 984 1583 α

163 1582 214 1609 lari
228 1583 303 1618 cyclo
319 1591 380 1610 cum
393 1582 463 1609 Beda
478 1589 510 1610 ac
525 1582 646 1617 reliquis.
671 1581 700 1608 In
713 1581 841 1617 expansis
852 1580 949 1608 Fasto-

164 1637 222 1656 rum
238 1629 316 1657 annis
332 1626 532 1664 perturbatiora
548 1628 639 1656 omnia
663 1632 737 1656 sunt.
762 1628 818 1655 Illic
840 1627 948 1655 crucili-

164 1683 227 1702 xum
245 1683 305 1703 esse
313 1674 457 1702 Dominum
473 1674 511 1701 ait
526 1681 597 1702 coss.
613 1673 720 1701 duobus
735 1673 872 1706 Geminis;
884 1673 947 1708 qui-

164 1721 211 1748 Inus
237 1726 425 1748 successerunt
447 1719 536 1748 Rufus
560 1724 587 1747 et
613 1718 771 1751 Rubellius,
792 1726 863 1746 anno
887 1723 948 1753 post

164 1766 284 1794 Natalem
307 1767 352 1800 52,
366 1774 421 1802 quo
443 1774 515 1794 anno
535 1765 639 1793 Pascha
667 1765 760 1793 incidit
774 1773 801 1792 ιιι
829 1763 868 1791 1d.
881 1765 946 1799 Apr.

165 1814 227 1840 inna
242 1821 285 1840 xx.
298 1812 355 1846 Qua
368 1813 470 1840 ratione
485 1814 578 1848 cyclus
595 1811 647 1839 erit
658 1811 730 1838 lunae
741 1819 759 1843 ι,
774 1811 826 1837 litt.
839 1809 946 1838 Domin.

164 1859 195 1890 (ἶ,
212 1867 272 1893 qnzc
285 1859 378 1886 eadem
390 1863 416 1885 ct
430 1866 501 1886 anno
512 1858 546 1885 54
564 1857 729 1893 Dionysiano
742 1857 875 1892 congruit.
895 1856 946 1890 Sed

164 1904 231 1939 ομ·ιί
249 1904 503 1939 dcccmuovcnnalis
520 1902 670 1931 fmdissima
688 1903 845 1938 deprava-io
860 1907 910 1930 cst.

198 1950 258 1977 Jam
272 1950 343 1984 quod
362 1950 395 1976 ad
414 1949 490 1977 Beda:
509 1949 598 1976 locum
617 1953 728 1984 spectat.
744 1949 770 1975 in
785 1956 839 1984 quo
855 1949 949 1976 scribit

164 2003 236 2022 anno
258 1994 422 2030 Dionysiano
450 1993 498 2021 701
524 1994 681 2022 adnotatum
705 1993 787 2021 fuisse
813 2001 913 2020 annum
932 2000 947 2020 a

165 2039 293 2067 l‘assione
310 2039 412 2067 Domini
428 2038 490 2072 668,
504 2039 651 2066 indictione
674 2047 733 2072 xw;
757 2039 783 2066 in
801 2039 946 2066 Annalibus

163 2086 335 2112 librariorum
350 2086 427 2120 culpa
443 2085 489 2112 701
514 2093 562 2120 pro
574 2084 626 2112 70?.
640 2085 780 2120 irrepsisse
805 2085 924 2113 creditur
938 2095 945 2113 :

163 2131 233 2165 quod
257 2131 374 2158 maxime
398 2131 491 2158 miror.
513 2130 581 2158 Nam
597 2130 648 2158 702
662 2138 734 2157 anno
749 2138 802 2157 non
818 2139 861 2157 xlv
877 2130 948 2158 indi-

162 2177 227 2208 ctin,
250 2177 295 2204 sed
322 2185 355 2204 xv
381 2178 517 2212 competit,
538 2184 598 2212 quae
621 2176 656 2204 ab
679 2177 851 2204 antecedente
872 2177 946 2212 Sept.

1000 941 1062 970 668.
1078 942 1118 969 Ex
1142 949 1198 977 quo
1221 942 1349 978 idipsum,
1366 943 1438 978 quod
1460 943 1541 970 modo
1558 943 1787 979 signiﬁcavimus,

1001 989 1112 1024 colligit,
1125 988 1264 1016 Christum
1282 996 1314 1016 ex
1331 988 1436 1016 illorum
1450 990 1582 1017 sententia
1597 997 1710 1024 passum
1722 997 1788 1017 esse

1000 1034 1087 1061 aetatis
1102 1042 1174 1062 anno
1186 1042 1261 1068 xxxi,
1273 1043 1334 1062 cum
1348 1035 1435 1063 tribus
1445 1036 1598 1063 mensibus.
1613 1035 1718 1062 Etenim
1736 1044 1787 1062 an-

1001 1079 1037 1109 ni.
1052 1079 1151 1114 inquit,
1175 1088 1191 1106 a
1215 1080 1352 1112 Passione,
1376 1086 1400 1108 et
1422 1080 1609 1109 Inearnatione
1632 1081 1721 1108 eodem
1744 1082 1788 1108 die

1000 1124 1173 1156 inchomttnr;
1191 1125 1239 1151 ltoc
1254 1130 1292 1152 est
1311 1126 1345 1152 ab
1361 1134 1407 1153 vm
1423 1125 1485 1153 Kal.
1503 1128 1569 1160 Apr.
1592 1126 1661 1162 Ergo
1684 1135 1788 1154 necesse

1000 1174 1038 1196 est
1047 1170 1189 1196 secundum
1197 1170 1297 1198 Bedam
1308 1175 1390 1198 totum
1403 1172 1479 1198 illum
1493 1180 1602 1205 armum,
1610 1173 1657 1208 qui
1667 1178 1726 1199 erat
1734 1174 1784 1201 701

1001 1214 1033 1241 ab
1053 1214 1250 1248 lncarnatione,
1267 1225 1322 1244 esse
1334 1226 1351 1244 α
1366 1217 1493 1244 Passione
1512 1217 1573 1246 669.
1595 1218 1708 1245 Detrahe
1728 1219 1786 1254 jam

1000 1269 1082 1288 annos
1097 1262 1148 1289 669
1163 1270 1180 1288 ιι
1201 1262 1264 1295 701,
1284 1263 1419 1290 restabant
1435 1265 1497 1290 anni
1522 1272 1580 1291 xxu
1607 1264 1639 1292 ab
1656 1264 1786 1292 incarna-

1001 1308 1071 1335 tione
1086 1308 1119 1334 ad
1130 1308 1283 1336 Panionem
1299 1309 1419 1337 deductis
1434 1311 1565 1338 mensibus
1575 1319 1676 1342 mum.
1691 1320 1786 1346 passus

999 1359 1037 1381 ext
1052 1354 1173 1382 Christus
1191 1363 1260 1382 anno
1272 1355 1301 1382 51
1318 1364 1378 1383 cum
1392 1357 1476 1384 tribus
1493 1357 1635 1384 mensibus.
1654 1356 1717 1384 [hac
1731 1358 1785 1385 ille.

1000 1399 1100 1428 Verum
1113 1406 1245 1437 repugnat
1259 1402 1381 1434 indictio,
1400 1403 1453 1429 nisi
1475 1403 1554 1430 aliter
1570 1403 1646 1431 locus
1658 1403 1786 1431 emunde-

1000 1451 1053 1474 tur.
1071 1445 1108 1473 Ex
1132 1447 1166 1474 iis
1189 1447 1316 1475 omnibus
1340 1448 1507 1476 validissime
1527 1448 1604 1476 Beda
1621 1449 1664 1476 illa
1682 1450 1787 1476 sanctia

999 1491 1142 1525 refellitur,
1156 1500 1209 1528 qua
1224 1500 1257 1521 ex
1270 1492 1397 1521 Ecclesiae
1411 1494 1462 1521 [ide
1473 1493 1611 1522 Christum
1622 1498 1700 1529 putat
1712 1501 1786 1521 mor-

1000 1541 1074 1564 tuum
1091 1544 1162 1564 anno
1177 1538 1221 1570 54,
1238 1539 1394 1573 vixisseque
1406 1546 1492 1567 annos
1511 1547 1606 1572 xxxm,
1623 1547 1731 1567 menses
1745 1549 1785 1567 ιιι.

1001 1582 1088 1616 Quam
1103 1583 1212 1618 quidem
1230 1585 1383 1619 opinionem
1401 1586 1527 1612 neminem
1550 1593 1587 1618 se,
1602 1587 1647 1621 qni
1669 1587 1787 1616 quadrn-

1001 1633 1050 1662 ret,
1067 1630 1192 1664 reperisse
1210 1629 1313 1658 Paulus
1327 1630 1505 1666 Middclburg.
1520 1630 1634 1658 aliirmat
1648 1641 1655 1658 :
1675 1632 1739 1667 quin
1759 1637 1787 1659 et

1001 1674 1100 1702 Bedam
1116 1682 1131 1702 a
1143 1674 1234 1710 seipso
1248 1675 1403 1707 dissentire,
1417 1677 1462 1711 qui
1480 1677 1505 1703 in
1516 1676 1656 1708 Chronico,
1668 1678 1725 1704 sive
1738 1679 1784 1704 lib.

1000 1719 1039 1746 De
1061 1727 1106 1747 aea:
1126 1721 1389 1756 atatilm,Augusto
1403 1729 1489 1748 annos
1504 1729 1559 1753 ιιι,
1571 1726 1601 1749 et
1616 1729 1662 1749 sex
1676 1730 1786 1750 menses

1001 1764 1210 1799 assignatztum
1236 1766 1374 1793 Christum
1398 1774 1470 1793 anno
1492 1767 1563 1793 illius
1585 1775 1638 1794 xl."
1662 1768 1689 1794 in
1715 1768 1787 1795 hunc

1001 1810 1131 1836 mundum
1145 1810 1286 1838 advenisse
1298 1811 1409 1843 scribit,
1422 1819 1493 1838 anno
1507 1812 1582 1840 urbis
1593 1812 1659 1844 752,
1678 1812 1784 1848 Οἱςιιιιι.

1000 1854 1051 1882 195
1073 1862 1144 1882 anno
1161 1855 1256 1888 tertio,
1272 1863 1382 1891 passum
1407 1865 1472 1884 vero
1497 1857 1597 1884 Tiberii
1619 1866 1694 1885 xvin.
1711 1859 1787 1887 Unde.

1000 1909 1169 1937 consequens
1181 1906 1222 1929 cst
1232 1902 1332 1930 vixisse
1347 1903 1397 1929 sub
1410 1903 1533 1937 Angusto
1543 1911 1630 1931 armos
1644 1912 1697 1936 xiv,
1712 1913 1784 1931 men-

1000 1955 1046 1975 ses
1062 1955 1107 1981 tx;
1133 1947 1183 1974 sub
1210 1946 1319 1974 Tiberio
1337 1955 1424 1975 annos
1439 1956 1506 1980 xvu,
1530 1956 1637 1976 menses
1651 1957 1686 1976 vt.
1704 1949 1781 1976 Colli-

1001 1998 1101 2029 gnntur
1122 1993 1186 2020 anni
1201 2001 1287 2025 xxxn,
1302 2001 1409 2021 menses
1433 2002 1462 2021 ιιι
1487 1994 1521 2021 ab
1547 1994 1754 2026 incarnatione;
1770 2002 1784 2021 a

1000 2038 1144 2066 Nativitate
1164 2039 1228 2066 anni
1244 2046 1318 2070 xxxt,
1335 2046 1442 2065 menses
1462 2047 1501 2065 ιιι.
1519 2038 1653 2072 Quocirca
1682 2044 1785 2066 veteres

1000 2085 1241 2120 Middclburgensis
1253 2085 1390 2112 existimat
1400 2085 1508 2112 Christo
1522 2085 1548 2111 in
1561 2092 1643 2112 carne
1658 2085 1786 2112 tribuisse

1001 2139 1086 2159 annos
1102 2139 1187 2158 xxxm
1207 2131 1325 2157 nondum
1345 2130 1500 2162 absolutos;
1519 2131 1563 2157 sed
1579 2137 1630 2156 non
1649 2132 1683 2156 ad
1707 2130 1786 2158 Betti?

1001 2185 1118 2206 sensum,
1128 2175 1226 2209 quiltos
1242 2184 1325 2202 annos
1340 2180 1415 2203 extra
1430 2180 1533 2202 uterum
1548 2184 1563 2202 ιι
1577 2175 1671 2202 Natali
1682 2184 1786 2211 ίυιιιριι-

163 2224 254 2258 empit.
270 2221 347 2250 Unde
367 2224 451 2250 multo
468 2227 507 2250 cst
523 2222 698 2250 verisimilius
717 2222 837 2249 Natalem
860 2222 946 2251 illum.
963 2229 988 2260 ι)
1002 2227 1041 2249 tat
1056 2230 1065 2249 :
1084 2222 1130 2249 sed
1143 2222 1190 2253 ita,
1203 2226 1232 2248 nt
1247 2221 1281 2248 ab
1292 2221 1480 2248 incarnatione
1493 2221 1550 2255 ipsa
1567 2226 1758 2248 numerentur.

163 2276 217 2302 quo
234 2268 260 2294 in
277 2267 362 2295 cereis
375 2268 425 2295 ista
445 2268 566 2303 legerunt
582 2267 721 2299 monachi,
738 2266 823 2294 fuisse
837 2274 888 2294 xxv
899 2266 947 2294 Dc-

162 2312 279 2340 ccmbris
290 2313 353 2340 attni
371 2311 525 2348 Dionysiani
539 2312 601 2344 700,
616 2319 631 2338 a
643 2320 698 2348 quo
712 2313 755 2340 dic
765 2311 866 2339 Christi
882 2311 945 2338 anni

164 2358 301 2385 inuncrari
324 2358 461 2393 quondam
485 2359 619 2386 solebant.
638 2359 691 2386 Sed
715 2359 766 2385 hoc
791 2357 946 2394 pactoanni

161 2404 301 2432 Passionis
316 2404 350 2432 ab
364 2405 537 2432 antecedente
553 2404 651 2437 Natali,
669 2406 720 2432 hoc
736 2409 778 2432 cst
793 2405 878 2431 tribus
892 2403 946 2431 fere

161 2455 225 2477 ante
249 2450 320 2477 diem
346 2451 433 2486 ipsum
458 2451 597 2478 Passionis
628 2452 778 2487 mensibus.
803 2450 945 2478 inchoandi

162 2500 223 2523 sunt
236 2504 244 2529 ;
258 2503 320 2523 nam
337 2496 360 2523 si
373 2504 388 2523 ε
401 2495 451 2523 700
475 2497 607 2524 absolutis
632 2497 742 2532 triginta
763 2501 817 2524 trcs
844 2496 946 2524 solidos

162 2542 291 2573 deducas,
305 2541 444 2569 restabunt
457 2542 508 2570 667
523 2543 649 2570 absoluti.
664 2542 724 2570 Ideo
738 2543 784 2570 701
804 2542 891 2569 iniens
906 2546 947 2569 est.

162 2587 214 2615 668
229 2588 340 2622 pv-rinde
363 2588 462 2622 iniens,
483 2589 527 2622 qui
556 2597 570 2616 a
597 2587 684 2615 Natali
707 2587 946 2623 septingentesimo

163 2634 327 2670 Dionysiano
355 2634 449 2661 indict.
470 2642 513 2660 xiv
537 2634 639 2669 incipit.
656 2634 732 2666 Quod
754 2634 775 2661 si
800 2633 858 2668 ipso
881 2633 946 2660 anni

163 2680 210 2707 701
229 2680 316 2707 Natali
333 2680 424 2712 inirc't,
447 2684 520 2707 esset
536 2687 590 2706 non
603 2687 646 2706 xtv
658 2679 780 2712 indictio,
793 2680 839 2706 scd
852 2686 896 2705 xv.
909 2678 946 2706 Ac

161 2727 218 2754 tleri
234 2728 342 2762 quidem
357 2732 453 2762 pmcst,
472 2730 500 2753 ut
515 2725 636 2752 Romana
651 2724 770 2753 Ecclesia
781 2724 946 2759 temporibus

161 2773 215 2801 illis
225 2774 360 2801 Christum
377 2773 464 2800 anatis
477 2779 549 2799 anno
563 2779 646 2798 xxxm
664 2779 772 2806 passum
795 2778 856 2798 esse
879 2778 946 2798 cen-

162 2819 256 2846 sncrit.
272 2819 310 2846 Ita
328 2826 445 2853 namque
459 2817 713 2852 septingentesimus
733 2817 826 2843 exiens
847 2816 946 2843 incidet

161 2862 191 2890 in
208 2871 307 2892 annum
323 2865 460 2892 Passionis
471 2864 538 2897 668;
550 2864 572 2892 si
585 2863 712 2890 nimirum
729 2870 826 2895 xxxut,
842 2862 946 2897 primus

1031 2268 1099 2295 Nam
1124 2268 1194 2302 quod
1213 2267 1340 2295 Ecclesia:
1362 2267 1524 2294 auctoritate
1545 2267 1591 2302 qui
1617 2274 1680 2295 cum
1704 2267 1784 2296 Beda:

996 2314 1158 2341 sententiam
1177 2313 1249 2340 illam
1266 2317 1392 2340 astruunt
1406 2313 1453 2340 niti
1474 2320 1502 2340 se
1517 2313 1687 2347 proﬁtentur,
1705 2314 1783 2341 velim

996 2359 1104 2386 com-iiii
1125 2359 1240 2394 alicujus
1253 2359 1402 2390 dccrelum,
1419 2359 1472 2386 hoc
1490 2364 1531 2386 est
1546 2366 1720 2386 communem
1734 2359 1784 2387 Ec-

997 2405 1085 2432 clesiae
1099 2412 1204 2435 vocem,
1227 2409 1274 2431 aut
1291 2405 1467 2439 antiqutu‘um
1489 2409 1564 2431 certe
1582 2403 1692 2431 Patrum
1716 2411 1783 2432 con-

997 2455 1113 2478 stantem
1140 2451 1166 2477 in
1194 2451 1238 2477 illa
1271 2450 1370 2477 tuenda
1398 2450 1605 2477 consensionem
1634 2450 1782 2484 proferant,

996 2497 1069 2533 quod
1083 2505 1222 2532 nunquam
1238 2496 1350 2524 omnino
1369 2497 1518 2532 perficient.
1545 2495 1600 2523 Nec
1613 2497 1686 2523 enim
1708 2497 1784 2531 igno-

997 2551 1058 2571 rarc
1075 2551 1232 2578 possmnus,
1250 2547 1419 2577 quantopere
1435 2551 1450 2569 a
1471 2550 1500 2569 se
1519 2542 1635 2569 invicem
1653 2541 1704 2568 PP.
1723 2550 1783 2568 om-

997 2594 1045 2614 nes
1058 2593 1120 2613 cum
1139 2586 1165 2612 in
1184 2594 1257 2613 anno
1272 2585 1421 2618 Passionis,
1443 2591 1499 2612 tum
1523 2587 1551 2612 in
1567 2586 1612 2612 die
1628 2586 1688 2620 ipso
1700 2586 1782 2613 dissi-

996 2632 1087 2660 deant.
1104 2631 1221 2659 Irenzcus
1246 2632 1429 2665 apostolorum
1453 2633 1647 2666 propemodum
1670 2632 1783 2666 aequalis

997 2678 1067 2705 inter
1089 2677 1329 2712 quadragesimum
1349 2681 1376 2704 et
1398 2676 1656 2711 quinquagesimum
1680 2683 1781 2703 annum

996 2724 1082 2751 aetatis
1100 2731 1156 2751 sua:
1170 2730 1280 2758 passum
1295 2730 1356 2750 esse
1370 2722 1542 2750 Salvatorcm
1563 2722 1662 2750 asserit
1676 2729 1684 2748 :
1702 2721 1782 2757 idque

996 2779 1026 2798 se
1041 2774 1068 2798 et
1081 2778 1114 2797 ex
1135 2768 1290 2804 Evangelio,
1304 2773 1332 2795 et
1346 2768 1458 2796 Joannis
1475 2768 1647 2803 evangelista:
1663 2768 1782 2802 discipu-

996 2815 1041 2847 lis,
1059 2814 1129 2850 quod
1150 2821 1165 2841 a
1182 2813 1311 2849 Magistro
1337 2817 1508 2848 acceperant,
1529 2813 1659 2840 didicisse
1682 2813 1781 2840 contir-

997 2865 1062 2888 mat.
1081 2859 1271 2893 Quemlrentci
1296 2859 1387 2886 locum
1414 2866 1468 2886 non
1495 2864 1568 2887 recte
1585 2859 1612 2886 in
1637 2859 1780 2887 Annalibus
