1925 3043
122 194 175 220 915

580 200 623 228 DE
644 203 736 231 ANNO
755 203 798 231 ΕΤ
819 204 873 232 DIE
895 205 1068 234 ΒΟΜΙΝΙΟᾸΞ
1088 207 1276 237 PASSlONIS.

1689 215 1741 242 946

123 251 291 300 intellectum
319 256 408 285 video.
436 258 538 293 Negant
563 261 634 288 enim
663 264 771 296 penitus
798 266 849 293 hoc
874 267 908 293 ab
921 269 945 297 Α
962 272 1044 300 trum,
1061 269 1116 296 imo
1137 269 1221 297 totius
1237 270 1362 298 Ecclesia:
1384 271 1454 299 hanc
1468 279 1527 299 esse
1548 272 1647 299 fidem:
1663 273 1741 300 Chri-

123 295 225 326 lrenteo
239 307 301 328 esse
319 302 462 337 scriptum,
481 305 608 333 nimirum
622 307 709 336 aliena
723 317 803 338 manu
819 311 906 338 inser-

122 345 180 369 tum
197 343 289 391 videri.
304 346 388 382 Cujus
401 349 563 385 conjectura:
579 359 690 380 causam
711 354 781 382 hanc
798 357 904 391 potissi-

122 394 198 435 lmln'i
218 389 343 425 aferunt,
359 395 430 428 quod
445 396 539 424 eodem
559 398 646 432 capite
664 400 746 435 paulo
767 389 828 429 ante
839 410 906 430 con-

121 434 236 462 trarium
256 437 413 472 proﬁtetur;
427 440 592 476 baptizatum
607 434 671 474 esse
681 447 832 480 Christum,
843 456 905 475 cum

93 498 100 504 .
122 482 317 524 propemodum
334 492 386 512 xxx
406 492 477 514 esset
497 496 642 524 annorum,
663 500 694 520 ac
709 493 822 520 subinde
854 494 905 521 tria

123 521 255 572 Paschata
278 529 423 562 peregisse,
449 539 563 565 quorum
585 535 612 562 in
634 521 717 564 tertio
741 538 776 566 sit
799 546 903 572 passus.

122 568 185 596 Ideo
212 573 286 606 quod
316 574 489 612 subjungitur
513 586 616 608 meram
644 568 823 618 imposturain
845 592 906 612 esse

121 621 208 651 putat.

157 662 215 690 Sed
225 663 276 692 hac
293 665 448 700 conjectura
462 669 529 697 nihil
547 670 581 699 ali
594 670 686 701 lrenzei
702 679 790 702 mente
802 678 828 702 et
843 682 906 702 sen-

120 709 204 754 tentia
219 709 282 746 ﬁngi
304 716 393 746 potest
407 713 533 743 alienius.
556 716 672 745 Tantum
687 719 758 746 enim
775 720 861 754 abest,
876 725 906 748 ut

120 753 286 800 hiecrlreniei
301 758 409 792 propria
434 767 487 787 non
503 761 568 793 sint.
590 767 619 790 ut
639 764 717 792 aliter
729 773 810 800 quam
828 766 850 794 si
867 767 904 793 ita

119 799 246 846 sentiret,
262 809 299 846 ac
324 804 464 837 scriberet,
488 806 560 834 illius
588 799 904 846 proeedererdisputatio

119 844 195 872 nullo
205 845 287 873 modo
300 848 426 882 potuerit.
442 849 503 885 Agit
517 851 542 878 in
561 852 606 880 illo
621 853 680 881 loco
690 844 906 884 contrarCnosti-

118 896 167 916 eos
181 890 318 919 trieenarii
340 894 458 926 numeri,
478 903 511 923 ac
527 895 687 927 Pleromatis
707 902 903 936 patronos,un

118 934 154 962 30
168 943 242 964 anno
260 936 372 966 ineunte
388 939 553 975 baptizatum
573 934 721 979 Christum,
734 946 828 974 eodem
841 934 904 975 vero

117 988 201 1014 anno,
226 991 319 1012 mense
343 992 380 1012 xu
402 993 513 1021 passum
535 996 595 1017 esse
611 990 745 1018 dicebant.
768 990 841 1025 Quos
867 1000 901 1020 ex

116 1024 233 1071 doannis
259 1028 404 1065 Evangelia
430 1032 548 1061 refellit:
576 1034 603 1062 in
626 1043 681 1071 quo
705 1037 755 1064 tria
778 1024 904 1066 distincte

117 1070 250 1100 Pascliata
265 1080 452 1104 numerantur.
475 1077 534 1106 Non
550 1070 641 1115 igitur,
651 1089 704 1109 uno
717 1089 789 1110 anno
806 1083 904 1118 praedi-

115 1119 224 1145 catione
241 1119 349 1148 functus
366 1126 417 1149 est.
439 1121 531 1158 Neque
547 1132 611 1152 vero
627 1127 678 1153 tria
700 1127 751 1155 ista
771 1127 902 1156 Paschaia

115 1162 156 1189 sic
171 1163 261 1191 attulit
275 1163 402 1199 lrenaaus,
419 1171 448 1195 ut
466 1176 519 1196 non
536 1170 613 1204 plura
627 1171 766 1202 Christum
786 1173 903 1202 obirissc

115 1209 255 1243 crederet;
282 1212 328 1239 sed
354 1214 425 1248 quod
442 1215 515 1249 apud
536 1215 666 1245 Joannem
695 1218 795 1253 liquida
816 1219 862 1247 illa
876 1225 903 1248 et

117 1261 247 1289 expressa
268 1257 404 1293 leguntur,
419 1269 452 1288 ex
476 1262 510 1290 iis
526 1263 620 1290 saltem
641 1264 674 1291 ad
691 1265 799 1292 tertium
817 1273 902 1301 usque

115 1307 218 1328 annum
244 1303 417 1338 praedicasse,
444 1314 498 1334 non
522 1312 626 1336 tantum
651 1317 717 1341 uno,
738 1310 903 1339 validissime

115 1346 287 1375 demonstrat
301 1358 308 1376 :
325 1357 386 1377 eum
408 1351 515 1380 interim
544 1359 634 1382 tamen
651 1354 709 1389 ipse
726 1355 804 1391 longe
826 1357 902 1391 plura

116 1397 178 1425 p0st
192 1393 357 1428 baptismum
372 1398 534 1431 praeteriisse
549 1399 622 1427 velit.
637 1399 713 1434 Quod
739 1401 806 1429 adeo
820 1402 903 1429 ratio-

115 1444 163 1464 nes
179 1438 232 1466 illa:
246 1439 345 1474 quibus
362 1447 456 1469 contra
481 1442 627 1472 Gnosticos
646 1445 742 1479 utitur,
761 1446 902 1475 manifeste

114 1483 241 1517 probant.
255 1484 393 1514 Christum
409 1487 482 1515 enim
498 1496 529 1517 ea
541 1494 619 1517 aetate
630 1490 764 1523 docuisse,
779 1500 832 1527 qua
846 1491 902 1519 Ma-

116 1527 201 1561 gister
215 1529 342 1564 appellari
365 1532 461 1560 merito
476 1537 576 1568 posset,
595 1535 645 1562 hoc
661 1540 702 1563 est
722 1536 841 1570 perfecta
875 1541 903 1564 et

957 319 1027 342 stum
1041 316 1127 343 aetatis
1138 324 1239 343 annum
1252 321 1377 351 quartum
1392 321 1419 344 et
1431 318 1597 346 tricesimum
1606 319 1742 354 attigisse.

957 359 1029 386 Cedo
1043 359 1084 387 vel
1099 367 1182 386 unum
1196 368 1228 387 ex
1243 361 1317 387 omni
1340 361 1509 395 antiquitatis
1529 363 1670 395 memoria,
1691 363 1739 398 qui

958 409 1005 430 aut
1018 403 1054 430 ita
1069 404 1196 436 senserit,
1213 407 1270 436 aut,
1291 404 1314 431 si
1330 404 1355 431 id
1368 404 1449 432 verbo
1464 409 1545 432 tenus
1560 405 1685 439 injecisse
1700 405 1739 432 vi-

957 455 1005 477 sus
1019 453 1071 481 est,
1089 457 1142 476 non
1166 457 1227 476 cum
1243 457 1354 481 annum,
1375 457 1428 484 quo
1447 450 1474 477 in
1490 450 1586 477 matris
1603 455 1679 477 utero
1693 457 1740 484 ge-

956 499 1042 521 siaius
1069 498 1119 527 cst,
1144 494 1215 521 inter
1237 502 1322 522 annos
1349 494 1409 523 illos
1432 490 1591 523 numerarit.
1621 494 1738 522 Tantum

956 539 1038 574 igitur
1054 540 1140 572 abest,
1157 544 1186 567 ut
1202 540 1261 568 hate
1280 541 1433 569 communis
1455 542 1490 568 sit
1508 539 1543 568 de
1557 548 1636 568 xxxiv
1650 541 1746 568 anatis

955 593 1027 612 anno
1046 585 1149 620 opinio,
1173 590 1203 612 ut
1225 585 1375 620 antiquitati
1391 587 1465 613 omni
1483 594 1594 622 prorsus
1617 587 1739 615 inaudita-

955 629 1049 661 iuerit,
1062 629 1160 664 vixque
1175 629 1268 664 paucis
1281 630 1380 658 abhinc
1396 631 1513 664 saxulis,
1536 638 1570 658 eo
1592 631 1652 666 ipso
1674 631 1738 668 qui-

954 675 1027 706 dem,
1047 683 1102 710 quo
1117 675 1196 711 vulgo
1211 676 1335 710 traditur,
1353 683 1446 710 sensu,
1462 681 1490 704 et
1504 676 1737 712 interpretatione,

955 719 1077 747 obtinere
1093 720 1215 754 cmperit.

956 774 1122 810 Expendimr
1138 776 1355 812 elironqlogoritm
1378 777 1549 811 quorumdam
1565 777 1664 811 opinio.
1692 777 1737 812 qui

975 819 1030 838 xxii
1049 819 1132 837 annos
1146 819 1207 838 certe
1223 811 1392 846 Dionysium
1404 812 1491 839 deesse
1507 813 1634 846 suspicati
1649 818 1721 840 sunt.

992 854 1227 888 Quemadmodum
1241 856 1268 883 in
1286 864 1358 884 anno
1372 856 1527 889 Passionis,
1549 858 1589 885 sic
1604 859 1630 885 in
1645 859 1689 886 die
1705 866 1738 886 ao

957 906 1050 928 mense
1065 900 1188 935 quaedam
1208 901 1281 928 velut
1303 906 1376 929 certa
1399 903 1543 930 communi
1559 903 1611 930 ﬁde
1634 904 1738 931 consti-

920 937 941 964 Β
957 949 1014 973 tuta
1029 950 1101 976 sunt,
1114 946 1160 973 sed
1178 945 1244 973 illud
1258 946 1285 973 in
1302 947 1397 981 primis
1410 956 1416 974 :
1428 947 1566 975 Christum
1580 948 1642 975 luna
1661 957 1694 975 xv
1710 949 1736 976 in

957 990 1020 1025 ipso
1034 989 1176 1023 Paschate,
1192 991 1247 1018 sive
1262 991 1350 1026 primo
1362 992 1405 1020 die
1421 993 1584 1028 Azymorum
1598 1001 1658 1021 esse
1672 1001 1737 1029 pas-

955 1043 1034 1070 sum;
1050 1040 1078 1064 et
1089 1036 1198 1072 quidem
1214 1036 1311 1064 Martio
1323 1045 1426 1066 mense.
1443 1038 1508 1071 Qua:
1522 1039 1576 1067 duo
1588 1046 1650 1066 cmn
1668 1040 1738 1067 inul-

956 1086 1044 1110 torum
1055 1081 1155 1110 animis
1170 1082 1344 1116 insedissent,
1357 1083 1430 1118 quod
1446 1088 1662 1112 consentaneum
1678 1090 1738 1113 erat

955 1126 1064 1158 accidit,
1082 1131 1112 1155 ut
1134 1126 1167 1154 de
1187 1125 1327 1155 Passionis
1345 1132 1466 1161 tempore
1488 1129 1592 1156 inlinita
1614 1130 1736 1164 quaedam

954 1173 1112 1207 opinionum
1123 1172 1236 1200 divortia
1249 1177 1434 1200 nascerentur.
1450 1173 1522 1201 luter
1536 1182 1605 1209 quas
1626 1175 1659 1202 ad
1678 1179 1737 1202 stu-

954 1225 1047 1253 porem
1063 1225 1148 1253 usque
1163 1218 1277 1246 ridicula
1292 1223 1333 1246 est
1355 1217 1411 1250 illa,
1427 1227 1509 1254 quam
1530 1227 1563 1247 ex
1582 1219 1736 1255 Sigcberto,

953 1262 1074 1290 Mariano
1101 1269 1133 1290 ac
1152 1262 1256 1290 caeteris
1277 1268 1356 1289 antea
1374 1263 1526 1290 retulimus.
1547 1264 1652 1296 Quibus
1671 1271 1734 1292 cum

953 1307 1190 1343 persuasissimum
1205 1306 1284 1340 foret,
1303 1307 1441 1335 Christum
1455 1307 1543 1335 Martii
1556 1316 1609 1335 xxv
1623 1316 1734 1344 passum

952 1360 1013 1381 esse
1028 1352 1094 1381 feria
1109 1361 1145 1385 \‘I,
1159 1353 1211 1380 hoc
1223 1357 1264 1381 est
1272 1361 1316 1380 vui
1327 1353 1385 1381 Kal.
1400 1353 1660 1389 Apr.,resurrcxisse
1670 1362 1735 1382 vero

952 1397 1049 1426 ViKaI.
1066 1398 1129 1433 Ap.,
1147 1398 1233 1426 Martii
1250 1407 1332 1431 xxvu,
1349 1407 1411 1426 cum
1423 1399 1449 1426 in
1465 1399 1630 1435 Dionysiauo
1646 1400 1733 1436 cvelo,

952 1451 1061 1480 aeraque
1077 1444 1214 1472 communi
1225 1449 1325 1472 certam
1337 1444 1439 1472 nullam
1454 1445 1585 1472 rationem
1598 1445 1735 1472 extricare

953 1494 1119 1524 possent,,eo
1134 1489 1240 1517 tandem
1260 1489 1416 1517 diliicultatc
1435 1489 1498 1525 ipsa.
1513 1490 1671 1525 quaestionis
1691 1497 1735 1517 re-

952 1533 1023 1561 dacti
1040 1538 1114 1566 sunt,
1128 1538 1156 1561 ut
1169 1541 1241 1560 anno
1258 1541 1318 1561 tera:
1330 1533 1493 1561 Christianas
1511 1534 1543 1561 l2
1555 1542 1668 1570 passum
1682 1534 1736 1561 Do-

118 1573 202 1606 virill,
217 1575 330 1608 statuit;
349 1584 430 1611 quam
443 1586 457 1606 a
474 1587 507 1606 xi.
524 1579 557 1607 ad
574 1588 589 1606 ι.
604 1588 689 1608 annos
699 1582 817 1609 extendit
830 1590 901 1617 :quo
914 1598 937 1627 α
955 1580 1057 1607 minum
1085 1584 1289 1612 asseverantes,
1318 1579 1352 1607 ab
1384 1579 1572 1608 incarnatione
1596 1579 1734 1608 tricesimo

118 1617 263 1647 intervallo
277 1622 448 1655 praedicasse,
464 1631 496 1652 ac
516 1624 625 1652 demum
643 1633 753 1660 passum
769 1635 830 1655 esse
847 1628 899 1654 Do-

115 1664 221 1691 minum
247 1666 400 1701 existimat;
425 1669 508 1704 idque
524 1671 648 1706 sequenti
677 1672 766 1707 capite
793 1672 902 1701 Judaeo-

115 1717 175 1736 rum
193 1717 225 1738 ex
249 1711 302 1739 illis
316 1713 405 1741 verbis
428 1716 569 1743 ostendit:
595 1716 795 1754 Quinquaginta
818 1728 901 1747 annos

115 1756 232 1782 umidum
249 1757 338 1785 habes.
349 1758 531 1792 Quamobrem
545 1762 608 1790 licet
623 1771 695 1791 anno
710 1772 764 1792 xxx
781 1765 900 1800 ineunte,

115 1799 285 1834 baptizatum
310 1811 324 1830 a
343 1803 447 1832 Joanne
469 1805 610 1834 Christum
643 1815 675 1835 ex
693 1807 764 1836 Luca
781 1810 900 1845 colligat,

116 1852 171 1876 non
187 1850 278 1874 tamen
304 1848 396 1876 statim
420 1850 454 1877 ad
476 1850 627 1879 docendum
652 1854 800 1882 accessisse
821 1855 902 1882 sentit

115 1888 244 1934 li‘enaius.
272 1892 378 1929 Alioqui
403 1901 530 1923 constare
557 1896 616 1932 ipse
644 1898 694 1925 sibi
725 1906 779 1926 non
804 1905 900 1934 potest.

116 1933 300 1965 Tertullianus
321 1939 444 1968 adversus
458 1940 566 1971 Juda’os
583 1948 643 1977 cap.
661 1942 677 1969 8
696 1933 836 1972 Christum
850 1944 899 1972 de-

115 1980 286 2016 ciinoquinto
307 1982 406 2011 Tiberii
428 1991 500 2012 anno
515 1993 625 2020 passum
642 1987 797 2021 arbitratur,
814 1997 902 2024 quan-

115 2034 198 2062 quam
221 2026 401 2065 Hicronymus
417 2030 450 2057 ad
467 2039 526 2065 cap.
556 2040 583 2059 ix
605 2031 723 2061 Danielis
742 2042 828 2062 xxxiii
850 2043 902 2062 an-

115 2080 176 2105 nos,
195 2081 248 2100 non
267 2082 321 2101 xxx
336 2083 369 2102 ex
391 2074 549 2104 Tertulliani
563 2079 696 2105 sententia
721 2078 831 2107 Christo
852 2080 901 2107 tri-

115 2117 184 2145 buit.
200 2117 334 2148 Eusebius
349 2120 376 2147 in
392 2120 521 2148 Chronico
536 2129 598 2149 cum
618 2121 739 2150 Natalem
760 2123 859 2151 Christi
874 2124 900 2151 in

115 2170 217 2190 annum
241 2163 356 2199 Augusti
372 2172 437 2198 xui,
462 2165 496 2192 ab
520 2165 675 2194 Abrahamo
695 2167 766 2196 2015
787 2168 900 2203 rcjiciat,

115 2207 270 2241 passionem
288 2216 352 2236 vero
365 2209 392 2236 in
406 2217 470 2237 xviii
481 2209 593 2243 Tiberii.
607 2211 640 2238 ab
653 2212 808 2240 Abrahamo
819 2213 900 2244 2047,

953 1629 1061 1659 quarto,
1082 1632 1137 1657 xxi,
1153 1624 1210 1652 sive
1232 1625 1321 1660 potius
1343 1631 1398 1651 xxu
1416 1625 1496 1652 annis
1515 1625 1656 1653 aberrasse
1673 1625 1735 1652 Dio-

952 1669 1060 1705 nysium
1073 1669 1226 1702 crederent,
1243 1673 1272 1696 ut
1283 1669 1329 1703 qui
1342 1668 1532 1696 duodecimum
1541 1677 1642 1697 annum
1657 1670 1734 1697 illum

952 1713 1124 1741 c0nstituerit
1141 1721 1221 1748 quem
1244 1720 1327 1740 xxxiv
1351 1721 1494 1741 numerare
1514 1714 1662 1743 debuisset.
1689 1714 1734 1742 Et-

952 1760 1025 1787 enim
1041 1759 1086 1786 uni
1100 1767 1171 1786 anno
1192 1759 1354 1787 duodecimo
1369 1759 1506 1794 quadrent
1519 1760 1574 1792 illa,
1589 1767 1650 1795 qua:
1665 1759 1735 1787 dlxi-

953 1812 1032 1837 nius;
1055 1804 1093 1832 uti
1114 1804 1180 1832 feria
1200 1812 1226 1831 γι
1250 1804 1277 1831 in
1297 1812 1348 1831 xxv
1369 1804 1458 1831 Martii
1479 1806 1633 1838 conveniat,
1656 1806 1734 1841 cyclo

952 1850 1018 1878 solis
1036 1858 1092 1883 xxi,
1109 1850 1199 1878 littera
1218 1850 1272 1883 CB,
1290 1850 1361 1878 lunae
1381 1858 1440 1877 xui.
1458 1848 1526 1878 Vide
1546 1859 1606 1886 quae
1626 1859 1659 1879 cx
1678 1851 1734 1879 Ma-

952 1896 1030 1924 riano
1054 1904 1086 1924 ac
1103 1895 1244 1931 Sigeherto
1258 1895 1284 1923 in
1301 1896 1444 1931 superiOre
1459 1895 1579 1923 Diatriba
1603 1897 1734 1932 produxi-

952 1949 1023 1969 mus.
1040 1941 1169 1969 Eamdem
1186 1941 1259 1969 illam
1275 1939 1458 1977 conjecturam
1476 1945 1504 1969 et
1531 1942 1686 1977 opinionem
1701 1942 1735 1969 dc

953 1995 1008 2015 xxii
1024 1995 1157 2016 annorum
1177 1988 1238 2016 labe
1252 1988 1382 2015 divinitus
1399 1987 1449 2015 sibi
1463 1986 1623 2022 patefactam
1633 1986 1735 2014 Paulus

954 2033 1240 2069 Forosemproniensis
1257 2038 1350 2061 narrat
1374 2032 1420 2060 lib.
1437 2041 1452 2060 x
1470 2032 1554 2068 partis
1573 2040 1593 2059 ii
1609 2034 1731 2062 Paulina:

952 2086 1016 2106 suas.
1041 2079 1109 2106 Cum
1131 2080 1203 2106 enim
1224 2079 1335 2106 minime
1357 2078 1504 2110 dubitaret,
1526 2077 1590 2112 quin
1608 2077 1734 2104 Christus

952 2123 1040 2150 Martii
1055 2131 1120 2157 xxv,
1140 2123 1208 2150 feria
1223 2131 1249 2149 Vl
1265 2130 1374 2150 crucem
1388 2123 1561 2157 pertulisset,
1577 2129 1664 2155 neque
1674 2129 1733 2148 cer-

952 2172 1009 2196 tum
1026 2175 1126 2195 annutn
1142 2168 1208 2195 satis
1225 2168 1383 2203 explicaret,
1402 2172 1462 2202 post
1487 2167 1594 2202 longam
1612 2166 1733 2201 vigiliam

952 2212 1075 2240 adfuisse
1087 2212 1137 2240 sibi
1155 2211 1268 2239 Paulum
1288 2212 1441 2247 apostolum
1457 2216 1558 2242 narrat,
1573 2216 1599 2239 et
1616 2211 1734 2238 chrono-

115 2260 202 2281 aimos
226 2257 287 2288 post
313 2253 435 2282 Natalem
461 2263 523 2283 xxxi
550 2263 612 2283 cum
630 2258 770 2286 mensibus
797 2259 902 2294 aliquot
918 2261 939 2290 ι)
954 2258 1077 2293 logorum
1090 2258 1213 2284 omnium
1223 2264 1343 2285 errorem
1358 2257 1565 2291 imlirassc;qui
1579 2264 1634 2283 xxii
1647 2263 1733 2284 annos

115 2299 218 2326 vixisse
242 2299 353 2333 statuit;
381 2301 513 2336 siquidem
539 2301 661 2330 Natalem
689 2304 776 2339 ipsum
797 2305 823 2332 iu
849 2305 901 2333 De-

115 2344 252 2372 cembrem
267 2345 405 2381 conferat;
430 2347 471 2374 sin
489 2355 522 2375 ex
549 2347 749 2384 Egyptiorum,
769 2359 838 2385 quos
857 2359 901 2379 se-

114 2391 208 2425 quitur
224 2390 401 2426 Epiphanius,
417 2393 537 2426 decreto,
554 2393 676 2422 Januarii
692 2403 716 2422 Vl
738 2395 810 2423 diem
825 2396 902 2423 Chri-

114 2437 149 2463 sti
170 2435 318 2464 Natiritati'
335 2439 475 2473 priellniat,
492 2447 547 2467 uno
569 2441 696 2476 amplius,
723 2442 749 2469 id
766 2445 808 2470 est
828 2450 901 2470 xxxii

115 2488 203 2508 annos
218 2489 278 2508 cum
292 2483 431 2511 mensibus
445 2483 532 2511 tribus
552 2485 639 2513 eidem
662 2491 723 2521 post
745 2490 835 2514 ortum
851 2487 902 2514 im-

115 2526 230 2559 pniabit.
248 2527 368 2563 Longum
390 2533 432 2557 est
448 2537 608 2559 enumerare
625 2536 748 2564 czctcros,
766 2533 811 2568 qui
826 2541 900 2565 xxxi.

114 2575 161 2598 aut
175 2579 264 2605 xxxii,
278 2577 324 2600 aut
347 2574 379 2602 ad
403 2582 540 2603 summutn
565 2584 658 2604 xxxui
682 2582 819 2614 arrogant.
850 2577 902 2612 Qui

115 2623 208 2645 autem
239 2619 349 2655 triginta
377 2625 494 2655 quatuor
520 2622 683 2657 assignaret,
713 2627 776 2650 ante
804 2622 901 2650 Bedam

116 2662 203 2691 fuisse
218 2669 283 2699 puto
300 2666 447 2694 neminem.
475 2665 527 2699 Qui
553 2675 586 2695 ne
611 2667 669 2702 ipse
686 2668 794 2703 quidem
820 2676 902 2695 xxxiv

115 2709 217 2737 vixisse
230 2710 341 2743 statuit;
359 2711 406 2738 sed
422 2720 496 2739 xxxu
508 2712 639 2740 duntaxat
650 2721 711 2740 cum
728 2713 816 2741 tribus
828 2721 903 2740 men—

114 2752 209 2786 sibus;
228 2761 290 2782 nam
303 2762 335 2782 ex
351 2756 402 2783 isto
418 2763 532 2784 numero
548 2757 652 2791 primus
670 2757 714 2784 illc
732 2757 793 2785 vita:
816 2758 903 2785 artati-

114 2805 168 2834 que
181 2798 366 2828 deirahendus
381 2807 432 2834 est,
448 2810 503 2837 quo
518 2802 546 2829 in
563 2801 682 2838 Virginis
697 2808 775 2831 utero
793 2803 853 2836 fuit,
874 2810 904 2832 ut

117 2844 216 2877 saepius
240 2845 443 2874 admonuimus.
465 2847 526 2880 Quo
553 2848 637 2883 magis
654 2848 782 2875 admirari
809 2849 902 2884 soleo,

123 2891 294 2924 pci'tuasisse
325 2892 376 2920 sibi
414 2893 560 2921 nonnullos
581 2893 823 2922 vetustissimorum
852 2894 903 2922 Pa-

953 2303 1145 2338 praeteriisscnt
1162 2313 1168 2330 :
1185 2303 1252 2330 adeo
1270 2307 1299 2330 ut
1313 2303 1357 2338 qui
1373 2303 1405 2329 12
1417 2303 1443 2329 in
1454 2311 1507 2329 :era
1523 2303 1660 2330 communi
1672 2310 1733 2329 cen-

953 2352 1039 2380 setur,
1055 2348 1077 2375 is
1098 2348 1131 2375 si
1149 2347 1241 2380 haberi
1263 2348 1397 2375 debuerit.
1419 2347 1490 2374 Idem
1511 2352 1600 2374 tamen
1622 2356 1675 2374 non
1700 2355 1734 2373 xv

954 2393 1033 2426 luna,
1057 2393 1103 2420 sed
1129 2400 1174 2420 xiv
1200 2400 1309 2427 passum
1333 2399 1394 2419 esse
1414 2391 1550 2419 Christum
1571 2391 1733 2422 existimat;

955 2441 1094 2472 propterea
1120 2437 1192 2472 quod
1212 2435 1388 2471 plenilunium
1415 2444 1476 2463 xxVI
1500 2435 1588 2462 Martii
1622 2436 1734 2469 contig't

953 2482 1019 2510 feria
1041 2490 1091 2514 vii,
1102 2490 1157 2518 quo
1171 2482 1215 2509 die
1233 2481 1320 2509 Judaei
1338 2481 1442 2509 Pascha
1457 2481 1639 2509 celebrabant.
1653 2480 1731 2508 Unde

953 2527 1066 2562 colligas
1088 2535 1120 2555 cx
1144 2527 1236 2560 Bcdm,
1258 2526 1401 2562 Sigeberti,
1421 2526 1546 2559 Mariani,
1566 2527 1734 2561 aliorumque

953 2573 1088 2602 sententia
1108 2580 1281 2608 consequens
1298 2580 1370 2604 esse,
1386 2572 1524 2600 Christum
1540 2579 1593 2598 non
1610 2580 1642 2598 xv
1660 2571 1734 2602 luna,

954 2618 1001 2647 scd
1014 2626 1058 2645 xiv
1075 2618 1101 2645 in
1125 2624 1235 2645 crucem
1260 2617 1396 2645 sublatum
1417 2617 1511 2645 fuisse.
1531 2617 1650 2644 Tametsi
1667 2617 1736 2644 bare

953 2666 992 2694 illi
1009 2674 1042 2693 xv
1053 2665 1147 2692 lunam
1165 2665 1288 2692 arbitrati
1302 2669 1375 2697 sunt,
1394 2665 1521 2700 quoniam
1537 2664 1673 2691 Nicamum
1689 2671 1735 2699 cy-

953 2712 1026 2740 clum
1047 2712 1080 2739 ad
1102 2711 1202 2739 Christi
1224 2711 1420 2746 Passionisque
1441 2716 1580 2745 tempora,
1602 2710 1661 2736 sine
1682 2709 1733 2735 ulla

955 2757 1143 2794 προηγήσεως,
1159 2765 1240 2792 quam
1253 2756 1424 2792 ignorabant,
1440 2756 1594 2790 suspicione
1614 2759 1732 2782 transtu-

953 2804 1056 2831 lerunt.
1073 2803 1175 2830 Paulus
1199 2810 1273 2836 vero,
1298 2807 1328 2829 ut
1351 2807 1409 2829 erat
1430 2800 1606 2828 astronomiae
1623 2800 1736 2834 peritus,

955 2849 1058 2877 medios
1078 2850 1148 2876 luna:
1170 2854 1258 2876 motus
1279 2853 1306 2875 et
1336 2848 1440 2875 tabulas
1453 2847 1479 2873 in
1498 2846 1639 2873 consilium
1657 2845 1733 2873 adhiA

957 2896 1024 2924 buit.
1040 2895 1172 2924 Caeterum
1190 2895 1262 2923 illam
1278 2894 1364 2929 ipsum
1378 2900 1512 2920 annorum
1527 2891 1642 2920 duorum
1652 2899 1682 2920 ac
1702 2892 1741 2920 νὶ-
