1925 3043
168 170 218 201 N7

724 167 895 195 API'ENDIX
914 166 1229 197 DlSSERT.\TlONUM.

1731 164 1790 192 (HS

170 226 235 261 ginti
250 226 338 253 labem
357 226 419 253 inde
436 225 580 253 conﬂatam
596 225 754 258 existimat;
771 227 842 261 quod
865 228 947 255 trium
964 231 984 259 Α
1000 229 1100 256 Clu-isti
1115 236 1176 256 atra:
1193 234 1247 255 uno
1262 225 1394 253 duntaxat
1409 232 1481 252 anno
1495 231 1588 251 revera
1603 223 1728 255 dissidet,
1749 231 1787 249 ex

171 271 329 306 pontilicum
342 271 416 302 anni,
433 270 501 298 Cleti
512 291 519 303 ,
538 270 619 298 Marci
641 278 668 298 et
685 270 802 299 Marcelli
821 272 854 299 ab
871 272 954 299 lCusc-

171 317 216 344 hi0
231 316 408 352 prmtermissi
426 321 500 348 sunt,
514 317 560 351 qui
574 324 662 344 annos
676 324 731 343 xxn
747 315 874 344 Ecclesiae
885 325 954 352 prac-

171 362 290 390 fuerunt.
311 361 376 395 Quae
400 370 462 389 cum
487 363 577 390 omnia
595 361 695 390 Paulus
714 367 839 390 accurate
860 363 907 390 illo
927 363 953 389 in

171 406 240 435 libro
255 408 439 440 disseruisset,
455 415 486 435 ac
502 407 632 435 divinitus
649 408 676 435 id
691 415 721 435 se
732 409 870 443 accepisse
889 416 955 435 con-

173 453 309 480 ﬁrmasset
321 472 328 484 ,
347 452 376 479 in
387 452 563 487 sequentibus
575 456 664 479 tamen
682 451 770 485 libris,
784 453 955 487 maximeque

173 503 234 529 xm,
253 503 364 524 causam
380 496 509 531 prodidit,
534 499 561 523 et
575 500 728 530 contempta
743 495 818 523 Pauli
840 495 955 531 apostoli

172 548 205 568 ac
219 541 317 568 divina:
326 541 534 576 signiﬁcationis
552 541 723 574 auctoritate,
741 542 774 568 ad
795 549 874 569 suum
889 541 955 568 illud

172 585 372 622 προχρσνισμοῦ
395 586 545 616 biennium,
560 586 632 620 quod
653 593 668 613 a
688 586 767 613 nobis
788 594 870 621 supra
888 586 956 613 vali-

171 630 284 658 dissitue
300 629 446 657 refutatum
464 634 516 662 est,
536 631 696 664 revertitur;
710 639 741 658 ac
756 631 862 659 duobus
876 631 956 658 annis

174 675 332 710 Dionysium
351 683 444 702 verum
459 675 559 702 Christi
574 675 694 703 Natalem
710 676 889 703 antevertisse
908 676 957 703 de-

173 719 242 747 ﬁnit.
262 719 395 752 Quocirca
421 720 671 754 imprudentissimo
691 728 756 748 sane
776 721 957 749 Casaubonus

173 763 292 791 Exercit.
318 765 361 798 l6,
380 765 413 792 ad
434 765 466 791 Α.
490 765 535 797 34,
554 773 630 794 nutu.
652 766 696 797 54,
720 765 863 793 Paulinum
886 766 956 793 istud

174 813 359 837 commntum
377 809 508 837 adversus
522 810 660 845 obliquant
679 810 786 838 Barouii
802 810 958 846 castigatio-

175 862 239 882 nem
252 858 357 888 tuetur;
371 862 432 882 cum
448 860 544 890 praeter
564 856 644 882 otiosi
663 856 782 883 hominis
815 860 842 883 et
862 856 956 889 aegroti

174 899 275 927 veteris
288 901 422 928 somnium
437 905 518 936 atque
532 900 675 928 ἀλλόκοτον
694 901 845 935 φαντασίαν
861 902 957 929 habeat
974 895 993 922 Β

180 945 260 973 nihil.
277 945 344 973 Nam
360 951 389 974 ut
404 947 527 974 omittam
543 947 578 974 ab
589 947 713 982 ipsemet,
727 947 772 982 qui
796 947 821 974 id
845 947 897 974 sibi
914 955 956 974 rc-

178 991 295 1019 velatum
317 999 379 1020 esse
402 992 522 1024 dixerat,
546 992 627 1019 tacite
648 992 804 1019 damnatum
826 992 891 1020 ill‘uJ
923 999 954 1020 ac

175 1037 324 1072 reiectant,
346 1045 427 1072 quam
449 1038 565 1066 absurda
591 1039 642 1065 ista
664 1037 754 1065 fabula
766 1038 810 1070 sit,
835 1038 908 1065 hunc
930 1039 957 1065 in

176 1082 287 1109 modum
309 1082 491 1109 demonstrari
512 1087 610 1117 potest.
632 1081 660 1109 Si
683 1090 738 1109 xxii
762 1090 897 1110 annorum
918 1082 957 1108 vi-

176 1127 243 1154 tium
262 1127 289 1154 in
310 1134 391 1157 teram
410 1128 535 1162 irrepsit;
559 1128 595 1155 ita
620 1133 649 1155 ut
671 1129 718 1163 qui
740 1136 783 1155 xu.
800 1129 910 1161 dicitur,
935 1129 959 1156 is

175 1178 257 1199 xxxiv
272 1173 457 1200 numerandus
479 1173 569 1204 fuerit,
590 1180 642 1200 non
664 1174 743 1200 aliter
760 1173 892 1201 accidisse
907 1174 958 1200 hoc

176 1223 274 1252 potest,
296 1226 377 1253 quam
399 1224 429 1245 ut
451 1219 558 1253 aliquot
571 1219 634 1245 auni
658 1219 690 1246 de
709 1227 822 1246 numero
838 1227 870 1246 ac
886 1219 959 1246 serie

177 1264 235 1299 ipsa
251 1264 365 1292 detracti
383 1265 457 1297 sint;
477 1269 524 1291 aut
541 1269 614 1292 certe
627 1263 749 1292 Natalem
773 1264 875 1291 Christi
899 1263 960 1292 Dio-

177 1310 273 1345 nysius
293 1318 349 1337 xxu
364 1310 444 1338 annis
469 1310 537 1338 infra
554 1310 702 1345 legitimum
727 1314 832 1345 tempus
850 1309 960 1337 submo-

177 1356 246 1382 verit
263 1364 269 1382 :
290 1359 383 1390 utputa
403 1363 465 1382 cum
481 1356 676 1383 incarnationis
710 1359 738 1382 ct
753 1355 857 1384 Natalis
873 1363 961 1383 annus

176 1407 210 1427 ex
224 1407 274 1426 usu
287 1399 406 1435 Dionysii
423 1400 458 1428 sit
468 1399 593 1428 Julianus
607 1400 653 1434 46,
674 1401 797 1428 debuerit
807 1408 868 1428 esse
878 1409 940 1428 xxiv
953 1410 959 1428 :

178 1446 279 1480 quibus
294 1445 317 1473 si
333 1453 417 1472 xxxiv
433 1446 527 1478 addas,
542 1445 668 1473 J‘ulianus
684 1446 817 1481 septitnus
832 1451 859 1473 et
882 1446 964 1481 quin-

178 1491 352 1527 qmgesimus
367 1492 494 1525 exsistet,
515 1493 560 1526 qui
579 1496 620 1519 est
643 1499 703 1519 atra:
729 1491 899 1527 Dionysiana:
918 1492 961 1524 l2,

178 1545 234 1573 quo
246 1545 360 1573 passum
376 1545 437 1565 esse
448 1537 586 1565 Christum
603 1537 641 1564 illi
657 1545 753 1565 omnes
767 1537 872 1572 opinati
888 1542 961 1564 sunt.

178 1583 214 1611 At
228 1590 292 1610 vero
305 1587 451 1617 utrumque
468 1582 532 1610 iliud
549 1582 744 1618 perabsurdum
774 1590 805 1609 ac
822 1583 900 1617 longe
913 1582 962 1609 l'al-

179 1629 319 1656 sissimum
336 1632 388 1656 est.
402 1628 472 1656 Sunt
487 1627 558 1655 enim
572 1628 718 1656 certissimi
732 1633 884 1663 temporum
896 1629 962 1656 cha-

180 1679 314 1707 racteres;
334 1680 398 1701 sunt
422 1673 565 1701 Fastorum
587 1673 659 1706 libri,
679 1674 780 1709 quibus
805 1674 964 1702 consulatus

180 1720 279 1755 singuli
309 1720 452 1756 diligenter
476 1721 666 1753 adnotantur;
693 1724 757 1748 sunt
781 1719 964 1747 Romanorum

180 1766 378 1800 imperatorum
390 1766 466 1798 anni,
477 1770 559 1801 atque
577 1765 697 1793 historiae
714 1773 821 1793 summa
836 1766 887 1793 ﬁde
900 1773 966 1793 con—

181 1811 298 1846 scriptae,
311 1811 338 1839 in
351 1812 449 1846 quibus
459 1812 549 1839 hiatus
568 1811 634 1838 tanti
650 1818 682 1838 ne
699 1811 887 1838 tenuissimum
905 1810 966 1846 qui-

181 1857 244 1885 dem
264 1857 410 1891 vrstigium
435 1862 556 1892 apparet.
577 1857 689 1884 Constat
710 1864 783 1883 anno
808 1864 868 1883 terte
889 1856 967 1884 Chri-

182 1903 278 1929 stianae
303 1903 333 1929 Η
349 1907 487 1929 mortuum
505 1903 673 1938 Augustum;
690 1902 764 1937 quod
781 1902 966 1930 memorabilis

183 1947 227 1974 illa
243 1947 313 1974 lunae
327 1947 437 1982 eclipsis
451 1948 578 1975 ostendit.
599 1947 757 1982 Sequuntur
775 1952 803 1975 et
822 1947 882 1974 alim
896 1947 965 1980 dum,

183 2001 299 2027 quarutn
313 2000 366 2020 una
382 2001 453 2020 anno
465 1992 566 2020 Christi
581 1993 626 2024 ιδ,
644 1992 680 2019 M.
699 1992 803 2020 Vinicio
817 1997 843 2020 et
860 1993 968 2020 Statilio

183 2038 303 2065 Corvino
319 2046 391 2065 coss.
407 2037 466 2065 Kal.
480 2039 550 2074 Aug.
566 2038 783 2073 contigit;quam
798 2043 824 2065 et
838 2038 968 2066 Claudius

187 2085 278 2112 Ctesar
295 2084 384 2112 edicto
399 2084 582 2117 deuuutiarat,
595 2092 668 2111 anno
681 2084 787 2119 imperii
799 2084 841 2111 sui
859 2084 967 2119 quinto.

185 2137 214 2160 ut
232 2137 328 2160 auctor
342 2137 382 2160 est
402 2132 465 2166 Dio;
482 2132 565 2160 altera
580 2133 710 2168 Vipsania
724 2137 752 2160 et
770 2133 882 2160 Fonteio
895 2141 967 2160 coss.

185 2178 243 2205 Kal.
261 2178 344 2206 Maias
359 2178 467 2211 accidit,
491 2183 519 2205 ut
534 2183 648 2206 testatur
661 2178 764 2206 Plinius
775 2179 822 2206 lib.
837 2187 866 2210 ll,
883 2186 907 2206 c.
923 2179 966 2205 72.

1004 272 1117 299 Mari-ani
1133 279 1197 299 vero
1213 271 1337 298 instituto
1349 277 1410 297 cum
1424 269 1519 296 eadem
1538 269 1583 295 illa
1603 268 1788 295 connectitur.

1003 315 1113 344 Falsum
1129 320 1173 343 est
1187 315 1278 350 itaque
1296 322 1351 341 xxu
1372 322 1458 341 annos
1480 314 1506 340 iu
1528 312 1694 348 Dionysiano
1709 312 1791 347 cyclo

1004 361 1170 394 desiderari,
1192 369 1253 388 cum
1276 364 1373 395 prteter
1392 367 1434 392 ea,
1468 367 1528 394 qua:
1549 359 1684 390 diximus,
1701 357 1790 384 multa

1004 407 1056 434 alia
1070 407 1133 438 siut,
1155 413 1215 440 qua:
1235 413 1267 433 ex
1290 405 1445 440 evangelica
1470 404 1582 432 historia
1601 411 1662 430 cum
1680 402 1792 430 Domini

1004 457 1065 479 ortu
1077 452 1224 487 implicata,
1238 456 1264 478 et
1278 451 1421 485 conjuncta
1435 455 1540 478 constat
1552 457 1612 477 esse
1626 449 1718 475 :velut
1728 448 1792 474 Au-

1005 497 1225 533 gusti,llerodis,
1240 496 1318 524 Pilati
1334 496 1488 530 Tiberiique
1504 499 1639 530 tempora;
1653 502 1714 529 quae
1726 501 1792 521 om—

1006 545 1055 571 nia.
1070 544 1206 571 cohaerere
1225 546 1373 578 nequeunt,
1390 541 1412 568 si
1427 546 1480 568 tam
1497 541 1623 567 immanis
1633 540 1725 567 hiatus
1738 540 1792 566 ad-

1007 589 1107 616 missus
1122 588 1212 619 fuerit.
1224 593 1305 622 atque
1319 587 1345 613 in
1360 585 1497 613 anteriora
1515 593 1571 612 xxu
1587 586 1665 612 annis
1677 591 1794 619 promo-

1008 634 1094 660 venda
1119 632 1227 660 Christi.
1246 631 1375 659 nativitas
1391 631 1530 663 videatur;
1551 638 1614 657 nam
1633 635 1662 657 ut
1685 629 1712 656 in
1734 636 1792 656 mra

1007 677 1162 704 Christiana
1178 676 1256 708 nihil,
1267 676 1294 703 in
1309 675 1448 711 cycloruut
1461 682 1525 702 vero
1537 674 1670 708 dispositu
1680 678 1793 700 mutan—

1009 723 1072 749 dum
1091 721 1192 756 aliquid
1209 721 1432 752 isticeusueriut,
1448 720 1515 747 nihil
1532 720 1564 747 ad
1581 728 1637 747 rem
1650 720 1769 754 pertinet
1783 728 1793 746 :

1009 771 1121 794 manent
1132 767 1203 793 enim
1215 766 1414 793 noviluniorum
1427 765 1476 792 rati
1488 773 1520 792 ac
1533 765 1672 793 coastituti
1689 765 1795 792 nihilo-

1009 812 1099 838 minus
1118 810 1187 843 dies,
1205 817 1381 845 quoscunque
1402 810 1507 837 tandem
1532 809 1622 845 cyclos
1636 817 1796 837 accommo.

1009 857 1092 884 tiaris.
1110 855 1146 883 Ut
1166 863 1248 888 anno,
1266 855 1339 882 verbi
1364 863 1457 886 causa,
1474 855 1575 882 Christi
1599 863 1647 887 xu,
1663 855 1721 882 sive
1745 863 1794 890 cy-

1008 902 1078 929 cl‘um
1094 902 1165 928 luna:
1176 909 1236 933 xut,
1253 901 1319 928 solis
1332 909 1375 928 xxt
1389 901 1518 935 applices,
1531 900 1588 928 sive
1600 900 1681 926 alium
1694 907 1796 934 quem-

1008 948 1082 980 libet,
1099 947 1244 975 neomenia
1261 946 1350 974 Martii
1375 955 1423 979 xu,
1442 947 1619 981 plenilunium
1636 954 1698 973 xxvi
1717 953 1796 972 com-

1008 993 1134 1020 mittitur.
1160 991 1239 1019 Αιιιιο
1269 1000 1333 1019 vero
1359 992 1394 1019 55
1424 992 1596 1018 uuviluoium
1617 999 1663 1018 xix
1688 991 1728 1018 vel
1757 997 1794 1017 xx

1009 1038 1113 1071 Martii;
1135 1037 1311 1073 plenilunium
1325 1037 1411 1072 April.
1424 1046 1454 1070 ιι,
1477 1037 1518 1064 vel
1540 1044 1581 1064 ιιι.
1602 1037 1677 1064 Unde
1706 1044 1796 1071 quan-

1010 1084 1137 1111 tumlibet
1157 1083 1294 1118 cyclorum
1312 1083 1434 1110 ordinem
1452 1087 1634 1116 commutent,
1649 1090 1795 1117 nunquam

1010 1135 1098 1157 tamen
1112 1129 1262 1164 perﬁcient,
1275 1133 1304 1156 ut
1322 1136 1400 1156 anuo-
1412 1129 1457 1156 illo
1470 1148 1477 1161 ,
1493 1136 1574 1164 quem
1590 1128 1713 1156 Passioni
1742 1128 1797 1155 Do-

1011 1175 1118 1203 minicte
1132 1174 1283 1209 praeﬁgunt,
1306 1175 1367 1201 luua
1386 1182 1419 1201 xv
1446 1175 1473 1202 in
1493 1174 1581 1202 Martii
1602 1183 1654 1201 xxv
1676 1174 1795 1208 incidat,

1011 1219 1105 1248 feriam
1125 1228 1161 1246 vr.
1181 1219 1292 1247 Accedit
1310 1220 1379 1254 quod
1397 1220 1447 1247 etsi
1469 1220 1652 1248 concedamus
1667 1220 1721 1247 illis
1736 1228 1796 1248 om-

1012 1267 1067 1298 nia,
1086 1267 1138 1293 hoc
1160 1266 1248 1301 ipsum
1266 1269 1366 1298 tamen,
1383 1266 1454 1301 quod
1475 1267 1593 1293 maxime
1613 1266 1737 1300 cupiunt,
1753 1266 1796 1292 ni-

1012 1312 1067 1339 liilu
1092 1311 1178 1347 magis
1196 1312 1439 1346 assequentut',.uti
1463 1311 1526 1338 luna
1552 1319 1586 1338 xv
1607 1310 1735 1338 Christus
1759 1311 1796 1338 sit

1013 1365 1119 1392 passus.
1137 1358 1241 1393 Quippe
1266 1365 1338 1385 anno
1359 1356 1521 1384 Christiana:
1545 1364 1606 1383 atras
1624 1356 1671 1389 l2,
1686 1355 1794 1383 uovilu-

1014 1401 1089 1429 nium
1110 1403 1181 1435 apud
1202 1402 1321 1434 Judzeos,
1345 1406 1373 1429 et
1391 1402 1418 1428 in
1442 1401 1686 1436 Hierosolymitano
1712 1399 1796 1427 tueri-

1013 1446 1093 1474 diano
1107 1448 1194 1475 Martii
1213 1456 1248 1476 xtt
1274 1448 1410 1483 congruit,
1425 1447 1491 1474 feria
1509 1455 1556 1474 vn.
1576 1445 1676 1474 Passus
1688 1449 1730 1473 est
1745 1453 1795 1472 au<

1015 1497 1067 1519 lem
1089 1492 1215 1521 Christus
1240 1493 1306 1521 feria
1331 1501 1368 1520 vt.
1393 1493 1476 1528 Igitur
1500 1492 1562 1520 luna
1584 1501 1639 1525 xiv,
1661 1497 1687 1519 et
1707 1491 1795 1518 Martii

1015 1547 1077 1571 xxv,
1092 1547 1144 1566 non
1159 1539 1223 1567 luna
1236 1547 1270 1567 xv
1285 1547 1372 1574 neque
1385 1539 1542 1574 pleuilunio.
1558 1538 1616 1572 Qua
1637 1539 1664 1565 in
1682 1545 1711 1565 re
1726 1537 1796 1565 Beda

1014 1585 1187 1620 castigandus
1199 1589 1251 1619 est,
1272 1591 1303 1613 ut
1322 1585 1466 1621 aliquoties
1483 1585 1550 1618 dixi,
1564 1585 1610 1620 qui
1627 1585 1673 1612 lib.
1689 1584 1727 1611 De
1743 1588 1795 1612 rat.

1015 1635 1094 1665 temp.
1108 1639 1167 1667 cap.
1180 1631 1215 1659 45
1228 1639 1340 1667 passum
1351 1639 1412 1659 esse
1427 1631 1566 1658 Christum
1579 1630 1662 1658 refert
1675 1638 1721 1657 vui
1737 1629 1795 1656 Kal.

1014 1676 1159 1712 Apr.,,luna
1175 1685 1218 1710 xv,
1234 1684 1311 1704 anno
1322 1684 1383 1704 terte
1396 1676 1568 1712 Dionysiante
1580 1675 1624 1703 54.
1637 1675 1692 1703 Nec
1706 1676 1797 1703 minus

1015 1721 1173 1749 hallucinati
1193 1727 1267 1755 sunt,
1292 1722 1339 1757 qui
1362 1721 1455 1749 eodem
1479 1729 1562 1753 anno,
1586 1721 1650 1748 luna
1673 1728 1797 1753 xv,nono

1016 1766 1075 1794 Kal.
1097 1768 1164 1803 Apr.
1195 1775 1305 1803 passum
1329 1767 1473 1800 alﬁrmaut,
1491 1767 1602 1794 concilii.
1622 1766 1797 1794 Caesariensis

1016 1813 1085 1846 ﬁde;
1102 1813 1134 1841 de
1150 1821 1204 1848 quo
1226 1813 1306 1848 paulo
1321 1818 1379 1848 post
1403 1817 1516 1848 agetur:
1532 1821 1594 1840 nam
1610 1813 1721 1841 omnino
1744 1813 1797 1848 ple-

1018 1859 1149 1886 nilunium
1168 1867 1241 1886 anno
1259 1859 1360 1886 Christi
1375 1860 1421 1892 54,
1440 1859 1544 1886 decimo
1558 1859 1621 1886 Kal.
1633 1850 1765 1894 contigit.

1053 1905 1221 1940 Quapropter
1235 1905 1289 1932 duo
1311 1910 1384 1938 sunt,
1403 1912 1463 1940 quia!
1481 1904 1575 1932 medize
1585 1905 1671 1932 artatis
1682 1905 1798 1931 chrono-

1018 1949 1086 1985 logis
1107 1958 1214 1977 crucem
1239 1950 1266 1977 in
1290 1950 1333 1977 illa
1354 1950 1504 1985 quaestione
1527 1950 1663 1977 ﬁxerunt:
1679 1950 1798 1984 primum

1018 1995 1094 2029 quod
1111 2002 1163 2022 non
1181 1995 1339 2022 dubitarent
1355 1994 1463 2022 Judaeos
1479 1994 1587 2022 Pascha
1597 1994 1661 2021 luna
1680 2002 1713 2020 xv
1729 1993 1798 2021 cele-

1019 2041 1109 2074 brave,
1125 2048 1157 2068 ac
1175 2040 1285 2068 lunares
1299 2045 1399 2072 motus,
1413 2044 1440 2067 et
1454 2039 1561 2075 quidem
1577 2039 1798 2067 accuratissimus

1018 2087 1194 2120 observasse;
1213 2087 1337 2119 alterunt,
1353 2085 1426 2121 quod
1442 2086 1468 2113 id
1484 2085 1580 2112 Martio
1602 2093 1696 2113 mense
1725 2086 1798 2120 ejus-

1019 2139 1072 2166 que
1090 2132 1134 2159 die
1152 2139 1204 2158 xxv
1218 2131 1349 2159 accidisse
1366 2131 1473 2164 vellent,
1490 2130 1556 2157 feria
1583 2138 1619 2158 νι.
1638 2130 1690 2158 Sed
1706 2138 1798 2158 recen-

1020 2178 1116 2211 tiores,
1128 2176 1264 2211 iidemque
1276 2177 1310 2204 ab
1321 2176 1448 2203 erunibus
1463 2176 1647 2203 ducti-illarum
1667 2175 1797 2208 omnium,

184 2223 222 2250 Ea
245 2224 371 2251 convenit
395 2232 467 2251 anno
489 2224 593 2258 vulgari
618 2223 662 2257 59,
683 2218 783 2258 Aprilis
806 2233 870 2255 xxx.
895 2232 967 2252 anno
983 2226 1005 2253 D
1021 2223 1171 2259 prmsertim
1196 2223 1469 2256 mathematicarum,
1494 2222 1627 2257 pratsidiis
1651 2221 1799 2256 paratiotes

185 2270 281 2304 quinto
296 2268 411 2297 Neronis
427 2269 545 2296 labente.
559 2269 662 2301 Quibus
675 2268 697 2296 si
711 2269 827 2304 eclipses
841 2270 907 2297 alias
918 2269 968 2297 ad-

185 2314 297 2348 dideris,
312 2322 372 2349 qum
385 2314 483 2349 partim
497 2317 569 2344 ante,
588 2312 686 2347 partim
702 2318 763 2347 post
773 2313 874 2339 Christi
887 2312 969 2340 Nata-

186 2361 240 2388 lem
259 2360 427 2390 acciderunt,
449 2367 511 2387 cum
527 2358 615 2393 iisque
632 2357 821 2385 Romanorum
835 2365 906 2386 coss.
925 2365 969 2386 se-

188 2404 253 2431 riem
271 2411 423 2439 compares,
440 2411 474 2430 ne
485 2411 567 2430 unum
582 2403 690 2437 quidem
703 2410 804 2430 annum
819 2403 913 2430 deesse
927 2402 969 2429 in-

188 2449 304 2484 telliges,
323 2450 423 2476 nedum
436 2455 464 2476 ιιι
479 2456 536 2476 xxtt
548 2448 626 2475 solidi
642 2448 810 2483 prattermitti
822 2448 968 2482 potuerint.

188 2495 226 2522 Ac
253 2494 406 2529 Sigeberti,
428 2493 559 2527 Mariani,
584 2494 807 2528 reliquorunupte
833 2492 858 2520 id
884 2501 970 2528 genus

186 2540 414 2575 chronologorum
441 2545 557 2567 mentem
582 2546 612 2566 ac
633 2539 777 2566 consilium
803 2545 900 2573 capere
924 2546 971 2565 tte-

187 2594 258 2622 quco
281 2595 288 2614 :
314 2586 359 2621 qui
380 2594 441 2613 cum
474 2584 666 2620 Dionysianam
689 2592 771 2611 teram
802 2588 876 2611 tanto
906 2583 971 2612 vitio

188 2633 316 2660 ite-latam
333 2631 434 2667 passim
451 2631 586 2662 occinaut,
604 2630 637 2656 ab
649 2629 742 2656 eadem
757 2634 845 2656 tamen
858 2637 910 2655 non
929 2637 972 2657 re-

188 2678 298 2705 cedunt.
317 2677 408 2711 Itaque
423 2675 560 2702 Marianas
578 2681 648 2701 anno
671 2673 752 2701 Urbis
773 2673 890 2701 condita;
908 2674 970 2707 759.,

189 2722 301 2759 Augusti
327 2730 380 2754 xu,
407 2721 514 2757 Olymp.
533 2720 583 2747 l9i
601 2726 673 2746 anno
696 2719 775 2746 tertio
795 2724 887 2746 natuzn
912 2727 972 2747 esse

189 2769 358 2796 Salvatorem
382 2767 493 2798 scribit,
513 2765 607 2792 indict.
635 2772 670 2791 tv.
698 2763 749 2792 Ubi
774 2765 837 2792 licet
859 2765 972 2792 indictio

190 2821 330 2848 perperam
344 2813 460 2848 ascripta
474 2813 520 2843 sit,
534 2819 593 2847 quae
607 2810 684 2838 tertio
702 2810 751 2838 194
766 2809 872 2846 Olymp.
888 2818 971 2842 anno,

189 2864 219 2885 et
236 2859 315 2887 Urbis
330 2860 393 2894 752,
413 2858 491 2886 tertia
514 2865 575 2885 esse
592 2857 701 2890 debuit;
724 2861 812 2884 tamen
834 2865 849 2886 a
866 2856 970 2893 vulgari

1020 2269 1189 2304 chronologi,
1205 2276 1265 2295 cum
1278 2268 1335 2295 haec
1350 2275 1445 2303 parum
1462 2275 1523 2295 esse
1532 2273 1715 2295 consentanea
1729 2266 1799 2294 vide-

1020 2318 1091 2346 rent,
1110 2313 1186 2348 prius
1199 2313 1264 2340 illud
1277 2313 1386 2347 quidem
1398 2313 1532 2340 deluuari
1550 2317 1623 2339 motu
1641 2317 1798 2345 tenuerunt;

1020 2358 1156 2393 posterius
1171 2365 1235 2385 vero
1251 2357 1286 2385 de
1306 2364 1398 2384 mense
1416 2365 1448 2384 ac
1465 2357 1507 2384 die
1528 2355 1699 2392 nequaquam
1717 2357 1799 2384 secuti

1021 2408 1093 2431 sunt.
1112 2403 1150 2430 Ex
1166 2411 1220 2438 quo
1233 2402 1333 2430 factum
1346 2407 1397 2434 est,
1413 2407 1442 2429 ut
1457 2402 1484 2429 iu
1505 2410 1576 2429 anno
1599 2401 1739 2430 PaSsionis
1761 2403 1800 2429 iu-

1021 2447 1146 2482 dagando
1162 2447 1302 2482 pleniluuii
1315 2454 1376 2475 cum
1394 2455 1420 2473 vt
1434 2446 1501 2474 feria
1518 2446 1705 2474 convenientis
1722 2447 1799 2473 ratio-

1022 2501 1082 2520 nem
1106 2492 1256 2520 habendam
1275 2500 1334 2520 esse
1356 2484 1490 2519 duxerint.
1513 2492 1613 2519 Paulus
1636 2500 1699 2519 vero
1719 2491 1799 2519 Foro-

1022 2545 1158 2571 sempron.
1181 2537 1226 2563 lib.
1243 2545 1280 2563 vn
1302 2537 1386 2571 partis
1403 2544 1570 2568 u,anuorum
1591 2545 1642 2570 xu,
1658 2537 1710 2564 hoc
1731 2543 1770 2565 est
1784 2545 1798 2565 a

1022 2581 1056 2609 50
1070 2582 1171 2609 Christi
1196 2583 1229 2608 ad
1251 2582 1296 2614 40,
1315 2583 1454 2609 noviluuia
1479 2582 1683 2617 pleuiluniaque
1704 2577 1807 2618 propo-i

1023 2629 1089 2662 suit,
1106 2633 1161 2655 tam
1187 2627 1284 2659 media.
1304 2636 1385 2663 quant
1408 2635 1482 2656 vera.
1500 2627 1537 2655 Ex
1553 2629 1652 2663 quibus
1670 2637 1716 2657 sex
1734 2630 1799 2657 dun-

1023 2678 1097 2701 taxat
1112 2674 1156 2701 hic
1171 2674 1350 2705 ascribcmus,
1374 2678 1404 2700 ut
1421 2674 1580 2708 quaestionis
1598 2675 1799 2702 controversia-

1023 2728 1075 2756 que
1101 2725 1188 2748 status
1213 2720 1344 2747 lectorutu
1371 2721 1458 2747 oculis
1479 2720 1656 2755 subjiciatur;
1677 2721 1712 2748 ab
1733 2729 1798 2750 anno

1022 2774 1082 2794 tera:
1097 2766 1127 2793 51
1153 2765 1186 2793 ad
1209 2766 1258 2799 56;
1283 2765 1355 2801 quod
1379 2766 1405 2793 in
1435 2766 1533 2794 borum
1557 2774 1693 2795 annorum
1714 2767 1797 2804 aliquo

1023 2811 1122 2839 Christi
1141 2810 1231 2846 passio
1246 2811 1404 2839 collocanda
1419 2811 1468 2839 sit.
