1925 3043
53 190 109 220 957~

527 196 570 222 DE
591 195 685 224 ANNO
707 195 756 224 ET’
771 197 826 225 DIE
847 197 1026 229 DOMl’NlC/E
1046 202 1233 233 PASSIONIS.

1631 213 1685 241 958

52 249 176 302 pctuliels
192 249 279 277 instar
294 251 417 302 adjuugit
436 262 442 279 :
461 253 531 281 unde
547 255 600 282 562
614 256 711 284 diebus
729 262 840 284 eonsta-
855 261 878 289 Α
893 259 949 287 bris
965 263 1143 290 constituant.
1168 264 1249 292 Vides
1267 273 1348 300 quam
1366 268 1492 302 perplexe
1511 268 1536 295 in
1562 269 1613 296 hac
1636 271 1685 296 do-

53 294 117 327 bat;
141 295 264 323 lunarem
288 296 416 330 alterum,
435 307 450 325 a
466 307 521 334 quo
534 301 608 327 velut
623 305 728 328 stamen
745 310 758 328 a
774 303 840 329 sub-

52 341 164 373 temine,
182 341 218 369 ita
237 343 377 377 popularis
392 350 482 371 anuus
496 345 662 380 implicatur,
682 355 714 374 ac
730 355 840 382 percur-

53 386 134 413 ritur.
151 385 305 422 Utrumque
329 394 418 417 certos
431 390 457 417 in
469 386 552 419 orbes
567 400 598 419 ac
613 393 739 426 periodos
756 394 843 421 inclu-

52 431 110 464 dit,
135 433 255 468 primum
285 436 471 464 tetraeterides
505 441 532 464 et
557 439 757 472 octaeterides;
785 444 842 467 tum

53 478 186 512 majores,
206 483 300 514 utpote
319 488 382 514 au,
407 489 438 509 ac
457 489 539 510 Lxxvt
560 491 714 518 annorum;
731 485 777 512 sed
794 493 844 520 ρον

53 528 156 551 strema
174 525 231 552 haec
250 526 380 554 omnium
394 527 420 554 in
437 535 509 555 anno
523 530 647 564 populari
663 531 844 558 usitatissima

54 568 125 602 fuit;
141 578 224 604 quam
251 579 312 598 cum
326 572 407 600 tacite
428 581 476 608 per
499 576 687 603 tetraeterides
713 584 777 604 suas
794 577 845 604 ob-

54 620 199 642 servarent
218 615 375 644 Gmcorum
398 619 601 653 antiquissimi,
627 620 756 655 Calippus
784 629 844 649 eam

53 659 139 687 certis
171 660 271 688 ﬁnibus
294 669 486 698 annorumque
511 665 650 692 curriculo
670 666 787 698 deliniil,
819 672 846 694 et

55 705 199 739 periodum
226 707 300 734 illam
322 708 441 736 instituit
462 717 598 737 annorum
626 719 719 744 Lxxvt,
748 713 775 740 iu
791 721 845 748 qua

57 750 249 778 tetracteridcs
264 757 329 779 sunt
341 760 399 785 xtx,
418 753 532 789 singulae
553 755 659 783 dierum
677 757 760 790 lM'T;
776 766 846 792 quo-

60 805 127 824 rum-
138 797 270 825 ordinarii
285 803 349 826 sunt
364 800 443 833 1440,
456 803 619 836 appendices
631 803 656 829 77.
671 803 698 830 In
714 804 758 837 iis,
776 812 849 832 men—

55 843 94 870 sis
106 843 238 870 duntaxat
255 845 358 878 primus
375 845 479 874 lunaris
501 852 552 879 cst,
571 849 660 876 caeteri
684 858 753 877 cuur
766 850 844 877 trice-

56 890 129 916 narii
145 891 200 917 sint
212 898 319 923 omnes,
342 899 356 918 a
382 892 469 920 lunari
492 895 575 921 modo
600 896 729 930 paulatim
755 897 849 924 absce-

56 936 137 963 dunt.
159 935 198 963 Ex
214 938 434 966 telraeteridibus
446 947 477 966 ac
493 940 613 974 periodis
626 943 847 976 antiquissimam

57 982 124 1009 l'acit
145 982 351 1018 Olympiacam;
366 984 398 1010 ad
415 985 494 1019 cujus
510 987 663 1021 exemplum
688 993 849 1023 propagata:

59 1027 150 1055 credit
178 1028 307 1062 reliquas.
328 1028 453 1063 Ejusdem
473 1031 579 1058 initium
604 1031 668 1060 Julii
685 1041 711 1060 Ix
729 1033 846 1067 definit,

57 1081 92 1101 eo
107 1077 181 1109 quod
194 1074 344 1110 Olympiaci
360 1083 461 1111 agones
480 1082 541 1111 post
556 1078 678 1105 aestivum
699 1079 847 1106 solstitium

57 1119 211 1154 pleuiluuio
228 1121 447 1151 celebrabantur.
461 1122 613 1150 Solstitium
629 1128 719 1150 autem
733 1132 786 1151 non
804 1132 849 1151 ac-

57 1170 198 1199 curatum,
223 1174 311 1201 neque
334 1167 468 1201 tropicum
495 1168 631 1204 intelligit,
660 1169 707 1196 sed
725 1175 848 1196 octavam

59 1212 200 1247 signorum
227 1217 341 1247 partem.
365 1212 498 1246 Quocirca
523 1222 587 1241 cum
613 1223 646 1242 eo
676 1223 760 1246 anno,
793 1223 848 1250 quo

58 1258 140 1292 primi
165 1266 266 1293 agones
290 1259 324 1285 ab
348 1258 434 1293 lphito
454 1259 597 1287 instaurati
626 1265 699 1292 sunt,
732 1261 784 1287 hoc
808 1264 850 1287 est

59 1309 116 1336 per.
133 1301 186 1329 Jul.
211 1302 291 1332 5958.
311 1301 454 1336 Tekupba,
479 1303 536 1330 sive
558 1305 672 1330 secundi
686 1304 849 1338 quadranlis

63 1348 136 1379 linis,
159 1353 184 1375 ct
201 1353 299 1375 octava
323 1356 386 1382 pars
401 1348 499 1375 Cancri
515 1348 661 1381 πλατυκῶς
680 1350 705 1376 in
724 1357 770 1376 vnl
785 1349 848 1376 Julii

59 1393 131 1420 dion.
158 1393 322 1424 incurreret,
341 1395 402 1421 ideo
417 1403 442 1421 Iv
461 1394 524 1421 Julii
546 1396 650 1430 primus
666 1395 766 1423 solaris
786 1397 850 1423 anni

60 1439 130 1470 dies,
145 1446 177 1466 ac
198 1439 359 1474 quadrantis
375 1439 483 1467 initium
501 1441 629 1475 deinceps
647 1441 707 1470 l‘uit.
726 1441 752 1468 in
769 1450 850 1476 quem

60 1486 143 1512 etiam
166 1486 338 1513 novilunium
363 1486 538 1513 commodum
566 1487 670 1514 incidit.
692 1487 730 1514 lta
745 1487 850 1522 primus

62 1530 243 1558 tetraeteridis
266 1531 368 1558 mensis
391 1531 496 1559 lunaris
525 1532 642 1564 exstitit,
664 1533 735 1567 quod
757 1541 851 1568 perpe-

893 306 979 333 clriua
990 315 1112 336 versetur
1127 310 1261 345 Scaliger;
1275 316 1357 346 utque
1372 313 1398 339 iu
1410 314 1504 341 eodem
1518 322 1610 349 oprrc,
1625 323 1686 350 quae

894 352 974 387 paulo
990 358 1052 381 ante
1074 355 1234 388 deﬁnierat,
1256 358 1403 384 contrariis
1424 358 1543 386 decretis
1566 360 1684 394 refellat;

895 405 956 424 nam
972 399 1051 426 modo
1067 401 1225 428 neomenias
1246 402 1386 436 atquabilis
1407 409 1432 430 et
1464 404 1604 438 popularis
1620 406 1686 432 anui

895 448 1013 471 veterem
1035 445 1062 472 in
1088 446 1170 473 situm
1194 447 1364 480 conciliatas,
1385 448 1435 475 hoc
1449 454 1490 476 est
1506 457 1520 475 a
1535 457 1550 476 Χ
1571 449 1634 476 Julii
1651 451 1685 477 ad

897 495 936 520 ix,
955 493 988 515 et‘
1004 489 1038 515 ab
1063 497 1111 516 vui
1137 490 1169 516 ad
1186 498 1223 517 vn
1240 490 1300 518 Oct.
1320 491 1460 519 traductas
1476 493 1589 525 asserit;
1604 493 1686 520 modo

897 533 992 561 iisdem
1013 534 1041 561 in
1059 535 1157 562 diebus
1171 536 1280 565 retinet.
1300 544 1331 564 ac
1345 545 1437 564 secum
1455 537 1626 565 disconvenit
1641 547 1686 566 or~

896 579 960 606 dine
983 583 1051 607 toto.
1076 580 1154 613 Quod
1173 581 1282 616 quidem
1307 586 1363 609 toto
1389 583 1442 609 hoc
1462 583 1490 609 in
1507 590 1599 617 opere,
1615 588 1644 610 et
1659 584 1685 610 in

897 624 969 660 1mg.
993 633 1086 652 canon.
1103 626 1224 654 solemne
1247 627 1350 654 homini
1377 635 1409 655 ac
1443 632 1606 662 perpetuum
1623 633 1684 656 est:

898 672 980 707 idque
995 673 1164 707 propediem,
1178 673 1200 701 si
1219 673 1351 702 Dominus
1366 674 1482 705 dederit,
1509 682 1560 701 suo
1576 683 1607 701 ac
1620 683 1685 710 pro-

898 716 958 752 prio
986 716 1055 744 libro
1085 717 1348 747 demonstrabimus.
1368 725 1449 752 quem
1472 718 1633 753 jamdudum
1658 719 1686 746 in

898 763 1026 790 manibus
1050 763 1192 790 habemus.
1214 764 1303 798 A1que
1327 764 1388 797 hic,
1409 764 1447 791 uti
1471 772 1562 799 spem,
1592 765 1686 792 lectori

899 809 978 836 lldem
994 808 1085 841 faciet,
1097 817 1158 843 qua:
1169 809 1201 836 de
1215 809 1504 845 doctrina-temporum
1521 819 1535 838 ιι
1549 811 1689 846 Sealigero

900 854 1064 889 excogitata,
1079 858 1206 888 tantoque
1218 855 1334 886 ambitu,
1348 863 1381 881 ac
1398 862 1496 890 pompa
1508 863 1569 882 cum
1583 857 1616 882 ab
1629 857 1688 890 ipso

901 901 1101 933 commendata,
1126 904 1182 927 tum
1206 900 1345 928 faut‘orlfm
1366 907 1393 929 et
1412 902 1609 929 adluiratorum
1628 903 1689 937 ejus

899 946 997 981 plausu
1020 950 1138 980 excepta
1153 953 1227 977 sunt,
1252 954 1283 973 ca
1306 947 1384 980 falsa,
1418 947 1518 982 inepta,
1535 948 1685 982 ἀλογίστως

899 996 926 1019 et
940 991 1140 1024 ἀναποδείκτως
1154 992 1239 1020 (-ll'usa
1260 1001 1331 1024 esse,
1347 1001 1433 1028 neque
1450 994 1598 1029 quidquam
1616 1003 1686 1029 pra:-

903 1042 944 1064 ter
967 1038 1088 1072 speciem
1116 1042 1142 1065 ct
1164 1039 1375 1066 ostentationem
1394 1040 1505 1067 habere.
1523 1042 1699 1075 Argumenta.

899 1082 935 1109 sit
949 1082 1039 1110 Attica
1055 1083 1100 1109 illa
1116 1082 1254 1117 periodus,
1271 1091 1353 1118 quam
1372 1085 1440 1111 aleo
1455 1085 1573 1120 gloriose
1595 1089 1628 1112 eti
1643 1085 1689 1112 in-

900 1126 1020 1154 solenter
1034 1127 1155 1154 venditat
1177 1127 1278 1161 :cujus
1294 1135 1343 1155 nos
1363 1127 1494 1162 ineptiam
1524 1135 1551 1156 et
1571 1129 1690 1165 παραλο-

899 1170 1000 1206 γισμόν
1015 1172 1168 1199 dcteximns
1184 1172 1210 1198 in
1226 1171 1305 1200 Nolis
1319 1173 1351 1200 ad
1367 1172 1560 1200 Tbemistinm.
1577 1174 1696 1208 Reliqua.

900 1215 976 1249 operi
1002 1215 1039 1241 illi
1062 1215 1284 1249 reservamus,.in
1305 1223 1360 1250 quo
1383 1221 1410 1243 et
1433 1217 1466 1244 de
1485 1217 1601 1245 Judaieo
1617 1226 1699 1245 anno

900 1261 1025 1296 pluribus
1041 1261 1236 1296 disputabitur,
1252 1267 1279 1290 et
1294 1263 1339 1290 illa
1353 1263 1438 1290 Graeci
1453 1264 1517 1290 anui
1539 1264 1625 1291 l‘orma
1656 1274 1688 1293 ac

901 1306 1004 1340 periodi
1022 1305 1187 1340 Olympiaca:
1200 1305 1350 1340 descriptio
1368 1307 1514 1334 refelletur.
1532 1308 1612 1343 Atqui
1629 1308 1701 1335 ﬁcto-

902 1352 947 1379 ilio
968 1352 1111 1386 utriusque
1134 1356 1263 1379 contextu
1297 1353 1371 1380 velut
1397 1353 1576 1381 l‘utid'amento
1600 1355 1700 1383 omnis-

903 1398 934 1425 de
961 1402 1051 1425 vetere
1075 1405 1148 1425 anno
1163 1397 1279 1425 Iudaico
1303 1398 1427 1426 doctrina
1453 1400 1600 1427 stabililur.
1621 1400 1699 1434 Non,

903 1443 1027 1478 inquam,
1043 1442 1155 1470 aliunde
1174 1442 1315 1479 Scaligero
1331 1449 1448 1478 constat,
1464 1444 1573 1473 J'udaeos
1589 1447 1698 1481 aliquot

903 1493 966 1517 ante
981 1489 1121 1516 Christum
1139 1490 1248 1517 steculis
1268 1490 1400 1524 epocbam
1416 1492 1480 1518 anni
1496 1492 1550 1524 sui,
1573 1493 1630 1520 sive
1641 1492 1692 1519 Te-

903 1535 1022 1570 kupham
1046 1533 1157 1562 Octobr.
1174 1543 1209 1562 vn
1227 1535 1341 1562 deliram
1360 1537 1500 1568 habuisse,
1522 1546 1603 1573 quam
1620 1540 1694 1574 quod

61 1581 107 1603 tuo
122 1580 261 1603 servatum
282 1581 333 1603 est.
364 1575 441 1603 Unde
458 1580 485 1603 et
504 1582 619 1611 quartus
636 1577 748 1610 mensis,
770 1586 849 1613 quem
864 1591 886 1621 α
903 1589 934 1608 ex
956 1581 1059 1615 periodi
1073 1580 1173 1608 Graeca:
1194 1581 1335 1616 popularis
1363 1590 1395 1610 ac
1411 1583 1592 1611 Macedonicae
1609 1585 1694 1612 ratio—

61 1622 134 1658 apud
150 1622 332 1650 Athenienses
353 1622 569 1658 Pyanepsionem
587 1623 671 1651 fuisse
686 1624 783 1657 credit,
800 1631 852 1651 cos-

61 1668 100 1702 pit
117 1667 246 1695 Octobris
263 1675 311 1700 vn,
329 1673 390 1702 post
407 1668 591 1695 novilunium.
617 1668 706 1703 Atque
724 1668 750 1695 in
780 1668 853 1696 lmne

61 1713 174 1740 modum
187 1713 283 1748 reliqui
295 1720 414 1745 menses,
429 1717 456 1740 et
466 1713 529 1740 anni
540 1713 696 1741 necessario
710 1717 850 1746 contextu,

61 1759 135 1786 velut
158 1763 254 1786 catena
278 1758 396 1793 quadam
419 1758 582 1793 Cbrysippei
610 1757 657 1785 lati
673 1758 791 1785 devincti
810 1766 853 1785 se-

64 1808 199 1838 quuntur,
215 1803 289 1838 quod
308 1804 334 1830 in
356 1803 444 1838 primo
463 1802 499 1829 De
516 1803 618 1829 emend.
641 1802 752 1830 uberius
768 1810 852 1837 expo-

61 1849 147 1876 nitur.
165 1848 265 1875 Eadem
278 1848 348 1875 serie
360 1848 501 1875 constabat
515 1848 604 1874 Attica
619 1852 646 1875 et
677 1847 852 1875 Macedonica

61 1895 204 1931 perio'lus.
219 1893 287 1921 Nam
307 1894 390 1928 hujus
415 1893 653 1930 Ύπερϐερεταῖος,
671 1893 743 1921 illitis
773 1893 853 1920 Ἐκα-

61 1939 202 1975 τομὸαιώυ
217 1947 231 1966 a
248 1939 371 1966 solstitio-
390 1939 485 1965 iuibat.
505 1937 564 1965 Jam
590 1946 655 1965 vero
676 1946 748 1965 anno
773 1937 852 1973 lphiti

62 1986 127 2020 565,
152 1985 256 2020 periodi
274 1984 388 2012 Julianze
409 1984 489 2016 4402,
515 1984 618 2019 periodi
643 1984 790 2020 Olympica:
820 1991 853 2012 ac

62 2031 244 2059 Macedonicae
267 2037 350 2062 nono,
369 2030 511 2057 nemnenia
534 2029 614 2064 primi
638 2030 740 2057 mensis
756 2029 854 2057 accidit

61 2076 127 2105 Julii
140 2085 166 2104 ιι.
177 2076 293 2103 Proinde
308 2081 423 2111 quartus
438 2076 542 2103 mensis
554 2075 636 2110 erepit
650 2074 777 2103 Octobris
792 2084 852 2103 vui.

62 2122 114 2150 Sed
131 2131 194 2150 cum
211 2122 359 2149 neomeuiae
377 2121 485 2148 lunares
497 2121 524 2148 in
540 2129 565 2148 ix
579 2120 644 2148 Julii
655 2126 682 2148 et
705 2129 742 2148 vn
757 2120 851 2148 Octob.

63 2168 236 2199 incidissent,
251 2176 312 2202 quae
327 2173 368 2195 est
382 2167 528 2202 Olympica:
539 2166 852 2202 periodivetus'epocha,

63 2223 94 2242 ex
116 2214 220 2249 Calippi
247 2214 407 2249 pratscripto
432 2213 574 2248 periodum
604 2217 789 2245 retexuerunt,
805 2220 854 2240 no-

904 1627 977 1654 cinio
1002 1631 1118 1662 quartus
1133 1627 1235 1654 mensis
1251 1628 1391 1662 popularis
1407 1628 1432 1655 in
1451 1629 1526 1656 illum
1541 1630 1610 1657 diem
1626 1631 1693 1658 inci-

904 1672 981 1699 deret
1003 1680 1036 1699 eo
1053 1680 1138 1702 anno,
1160 1680 1215 1707 quo
1230 1673 1480 1708 Syromacedonica
1503 1675 1632 1709 periodus
1651 1680 1694 1704 est

903 1717 1037 1744 instituta.
1056 1716 1107 1744 Sed
1124 1725 1186 1744 cum
1211 1717 1296 1744 multa
1312 1718 1367 1745 sint
1383 1717 1409 1745 in
1425 1717 1480 1746 tota
1500 1719 1550 1747 hac
1564 1719 1693 1756 Scaliger:

903 1763 1034 1798 opinione
1051 1762 1228 1795 confutanda,
1242 1771 1329 1799 eaque
1341 1772 1384 1792 res
1399 1764 1549 1800 longiorem
1577 1774 1609 1793 ac
1624 1775 1694 1801 pne.

904 1809 1011 1844 eipuam
1037 1808 1251 1844 disputationem
1277 1809 1379 1843 exigat,
1406 1814 1442 1842 et,
1469 1814 1499 1838 ut
1524 1811 1590 1843 dixi,
1617 1812 1693 1839 brevi

903 1857 1084 1882 consecutura
1102 1853 1137 1882 sit
1151 1863 1157 1886 ;
1175 1862 1235 1887 nos,
1252 1855 1325 1889 quod
1341 1855 1367 1881 in
1380 1855 1449 1882 libro
1463 1855 1508 1883 illo
1522 1856 1694 1884 demonstra-

903 1900 988 1933 bitur,
1006 1899 1103 1928 falsam
1117 1907 1179 1927 esse
1194 1901 1258 1927 anni
1272 1900 1345 1928 illius
1362 1900 1448 1928 Graeci
1473 1909 1505 1929 ac
1526 1900 1694 1929 Macedonici

903 1949 1070 1972 structuram
1085 1944 1285 1979 pertendimus.
1301 1944 1436 1979 Negamus
1449 1950 1587 1978 coristare,
1603 1953 1694 1973 utrum

904 1999 977 2019 anno
995 1992 1041 2019 illo
1068 1999 1125 2026 per.
1144 1991 1204 2018 Jul.
1228 1984 1478 2026 “Om-popularis
1503 1997 1527 2019 et
1553 1992 1694 2028 aequabilis

904 2035 1154 2070 Syromacedonum
1168 2035 1271 2062 mensis
1292 2035 1317 2062 in
1337 2043 1386 2067 vn,
1403 2040 1451 2062 aut
1463 2044 1511 2062 VIII
1528 2034 1589 2063 Oct.
1605 2037 1695 2064 incur-

905 2082 982 2108 rerit.
1009 2080 1145 2116 Negamus
1169 2086 1298 2115 prmterea
1325 2080 1434 2108 Judaeos
1456 2081 1593 2108 cardinem
1618 2081 1695 2107 illum

905 2125 969 2152 anni
988 2125 1086 2152 solaris
1110 2125 1267 2160 agnovisse,
1285 2129 1330 2151 aut
1347 2124 1373 2151 in
1390 2132 1422 2151 eo
1437 2124 1587 2151 collocasse
1605 2123 1694 2151 'l‘cku-

905 2171 996 2205 pham.
1014 2170 1147 2204 Negamus
1159 2178 1260 2197 amuun
1277 2170 1347 2204 apud
1361 2169 1471 2197 Grzecos
1498 2174 1546 2196 aut
1565 2169 1693 2205 Syroma-

907 2215 1026 2241 cedonas
1051 2214 1209 2249 popularem
1235 2213 1370 2248 ejusmodi
1398 2212 1500 2246 fuisse,
1526 2213 1633 2247 qualem
1660 2220 1695 2240 ex

64 2267 181 2294 vamque
195 2259 378 2287 condiderunt
395 2258 429 2285 ab
440 2266 512 2285 anno
523 2258 569 2285 illo
580 2258 683 2293 periodi
695 2257 748 2284 Jul.
763 2257 847 2290 4402,
870 2265 893 2294 ι)
907 2259 1013 2287 olliciua
1040 2267 1089 2286 sua
1111 2259 1238 2294 procudit
1263 2259 1394 2294 Scaliger.
1414 2258 1488 2285 intro
1512 2259 1609 2294 magis,
1625 2262 1652 2285 et
1667 2258 1694 2286 in

66 2306 146 2340 cujus
168 2305 300 2340 epocbam
319 2312 355 2332 vn
376 2303 501 2331 Octobris
525 2303 569 2331 die
584 2303 748 2331 dellxerunt.
765 2303 855 2336 Quare

64 2350 226 2378 Macedones
243 2350 437 2386 llypcrbcremi
461 2354 515 2376 tam
534 2349 689 2384 popularis,
709 2356 791 2384 quam
811 2349 854 2375 lu-

64 2397 140 2424 naris
166 2396 337 2424 neomcniam
360 2403 397 2422 vn
424 2395 550 2423 Octobris
588 2395 761 2423 incltoarunt.
792 2395 855 2422 Idea

66 2443 164 2471 solaris
185 2443 249 2469 anni
274 2441 505 2477 Syromacedonici
528 2442 589 2476 ﬁnis
612 2442 640 2468 in
666 2441 791 2469 Octobris
829 2449 855 2469 vr

63 2490 174 2521 incidit;
196 2497 337 2524 eorumtu
360 2497 444 2515 almus
471 2488 608 2523 popularis
638 2495 771 2522 nunquam
809 2487 856 2514 hos

65 2535 129 2570 ﬁnes
152 2534 337 2560 anteverlebal.
355 2533 416 2560 llzec
436 2533 555 2568 Scaliger
573 2533 632 2568 (lib.
646 2542 664 2560 ιι
684 2532 722 2560 De
738 2533 854 2562 cmend.,

65 2589 90 2616 p.
108 2581 154 2616 9i)
176 2580 244 2615 :qui
267 2580 408 2614 antiquum
434 2579 498 2605 illud
515 2575 600 2606 suum
611 2579 737 2606 obtinens
762 2578 807 2605 lib.
824 2586 850 2612 ν,

66 2628 118 2654 hoc
136 2627 224 2661 ipsum
244 2626 339 2653 evertit
357 2626 394 2660 (p.
418 2626 493 2660 559).
514 2624 613 2652 Scribit
631 2624 703 2650 enim
727 2624 854 2650 ultimum

69 2671 168 2700 solaris
183 2671 247 2697 anni
264 2669 501 2706 Syromacedouici
524 2669 595 2696 diem
614 2669 698 2696 fuisse
719 2668 848 2696 Octobris

66 2724 114 2748 vu,
131 2724 164 2743 co
177 2715 248 2750 quod
265 2714 488 2750 liyperberetmus
503 2713 694 2743 Macedonicus
708 2713 734 2740 in
747 2721 764 2739 ι
782 2711 847 2739 Julii

67 2762 218 2791 incidisset.
245 2760 338 2796 Itaque
371 2761 489 2795 primum
525 2761 696 2787 novitunium
727 2759 854 2787 Octobris

69 2816 115 2836 vut
130 2807 269 2842 congruit.
286 2807 338 2833 Sed
350 2807 474 2841 imperite
491 2805 580 2833 facere
592 2805 711 2838 Judacos,
723 2805 768 2839 qui
783 2812 855 2832 anno

70 2852 113 2880 illo
137 2861 152 2881 a
170 2851 365 2880 Macedonibus
386 2856 497 2886 accepto
518 2851 637 2886 prinmm
664 2851 854 2883 novilunium,

67 2907 145 2936 atque
167 2897 232 2927 anni
249 2897 292 2925 sui
307 2897 448 2933 mquabilis
462 2897 568 2924 initium
584 2897 644 2933 ipso
657 2897 700 2925 die
714 2905 761 2924 \‘lll
778 2896 858 2925 Octo-

907 2313 996 2333 arcem
1015 2305 1101 2340 ipsam
1117 2305 1279 2340 qu:estionis
1295 2305 1396 2331 involo.
1414 2304 1487 2340 Nego
1501 2308 1605 2332 certum
1622 2312 1696 2337 esse,

907 2357 972 2376 num
986 2349 1069 2377 Judaei
1085 2349 1223 2384 Calippica
1247 2349 1294 2375 illa
1309 2349 1410 2380 lunari,
1429 2349 1471 2375 vel
1494 2348 1694 2384 Syromacedo-

906 2395 969 2422 nica
985 2394 1072 2422 forma
1087 2402 1206 2429 unquam
1223 2393 1264 2421 usi
1280 2393 1393 2420 iuerint.
1409 2393 1470 2426 Quo
1485 2392 1648 2420 labelactato
1663 2400 1697 2421 ac

906 2442 1051 2474 convulso,
1073 2446 1180 2471 caetera.
1200 2448 1261 2475 qum
1284 2440 1349 2467 huic
1372 2440 1540 2472 innituntur,
1567 2444 1696 2468 corruant

906 2493 1017 2512 neCcsse
1032 2491 1084 2512 est.
1100 2483 1205 2511 Etenim
1224 2484 1358 2511 undenam
1376 2483 1516 2517 Scaligero
1527 2487 1695 2517 compertum

906 2534 948 2557 cst
964 2529 1074 2557 Judwos
1099 2530 1222 2556 lunarem
1248 2528 1353 2564 Calippi
1378 2528 1518 2563 periodum
1540 2528 1566 2555 in
1588 2528 1694 2555 civilem

907 2583 986 2602 usum
1007 2575 1156 2603 ascivissc?
1180 2575 1388 2610 Opinor,unum
1411 2574 1476 2602 illud
1504 2578 1694 2610 argumentum

905 2627 957 2655 est,
971 2622 1043 2656 quod
1059 2622 1139 2650 annis
1151 2621 1307 2650 Grmcorum
1321 2626 1375 2649 tam
1387 2621 1604 2650 Machabreorum
1620 2620 1694 2652 libri,

907 2676 986 2703 quam
997 2668 1130 2704 Josvphus
1139 2676 1170 2696 ac
1179 2667 1274 2703 reliqui
1288 2667 1464 2696 Judaicarum
1478 2675 1567 2695 rerum
1580 2667 1699 2702 scripto-

907 2721 950 2741 res
971 2713 1013 2740 usi
1037 2713 1093 2741 sint
1123 2712 1158 2741 At
1183 2714 1245 2747 quis
1269 2722 1302 2741 ex
1327 2722 1360 2742 eo
1382 2714 1540 2741 necessario
1575 2712 1694 2747 colligat,

907 2759 970 2786 anni
984 2758 1194 2793 dispositionem
1210 2759 1296 2794 ipsam
1313 2759 1423 2787 Judmos
1440 2759 1606 2794 usurpasse?
1619 2756 1695 2785 Licet

906 2806 978 2832 enim
994 2812 1089 2836 terant,
1109 2805 1166 2832 sive
1180 2806 1311 2841 cpocbam
1327 2806 1425 2841 ipsam,
1441 2813 1473 2832 ac
1487 2804 1607 2836 titulum,
1624 2803 1695 2831 unda

907 2851 992 2878 Graeci
1015 2859 1148 2878 annorum
1165 2859 1276 2879 suorum
1293 2852 1440 2886 primordia
1457 2850 1622 2885 repetebant,
1637 2849 1692 2876 ad-

909 2897 1045 2925 hibuerim
1064 2896 1165 2931 Judtei,
1187 2906 1249 2926 cum
1273 2897 1428 2926 Graecorum
1454 2904 1498 2924 res
1517 2900 1628 2931 gestas,
1650 2896 1695 2924 vel
