1925 3043
212 192 264 221 9339

757 185 925 214 Al’I-‘l-LNDLX
947 185 1194 214 DlSSEllTA'I'lO'N
1200 186 1219 213 U
1225 186 1248 212 .\l

1785 192 1850 219 [³60

215 255 328 278 suorum
345 255 406 275 cum
425 246 527 275 Gimcis
546 245 699 281 iuiplicalas
719 245 930 279 perscriberent,
955 245 995 271 ni-
1015 248 1036 274 Α
1052 243 1162 270 Julia-os
1179 244 1290 279 periodo
1306 244 1430 279 quadam,
1447 253 1580 273 annorum
1598 254 1651 280 nr,
1664 247 1720 275 sive
1733 256 1851 280 ιιχιιν

214 296 270 323 hilo
296 299 386 322 tamen
406 293 508 322 certius
525 292 615 327 colligi
639 297 738 327 potest,
766 292 874 319 illorum
897 299 997 319 annum

213 342 302 375 ipsum
320 339 454 374 recepisse
469 339 543 365 domi
565 338 687 370 Judmos,
703 346 785 372 quam
807 338 859 365 hoc
878 343 1000 373 tempore

215 387 285 422 apud
302 386 384 414 Italos
411 390 459 413 aut
471 385 564 413 Gallos
581 385 692 412 lunares
706 385 826 412 Arabum
843 393 931 412 annos
951 385 999 412 ob-

215 423 329 463 servari,
349 431 420 465 quod
444 431 553 458 illorum
577 430 694 464 scriptor
708 430 884 464 aliquisu'um
899 428 999 456 Turca-

216 485 275 504 rum
291 477 420 504 historias
440 476 582 507 scriberet,
604 483 651 509 per
674 474 779 510 llegirre
795 482 882 501 annos
901 482 998 502 nurne-

213 531 275 550 rare
288 528 394 556 tempus
409 521 567 549 instituerit.
591 520 662 548 Fieri
678 521 769 555 itaque
785 525 883 554 potest,
897 525 925 546 ut
940 519 998 547 Ma-

212 568 387 598 chabaeorum
403 572 498 594 auctor
511 566 614 594 Graecis
627 567 653 593 in
670 567 751 593 rebus
760 565 881 593 Graecam
895 570 999 600 tempo-

213 621 274 640 rum
291 614 423 641 rationcm
442 612 624 647 usurpaverit,
647 620 663 639 a
685 612 771 646 patria
795 612 999 649 domesticaqpc

213 660 364 692 diversam;
383 663 430 685 aut
445 665 528 690 certe,
546 663 575 686 ut
597 657 768 693 popularium
791 665 926 685 annorum
951 666 999 684 nu-

213 713 318 732 merum
331 713 347 732 a
365 704 522 732 Graecorum
537 711 590 731 tera
610 704 763 736 deduxerit,
781 704 936 738 solumque,
959 703 998 730 uti

214 750 316 776 diuturni
339 753 391 780 est,
410 748 518 775 titulum
542 748 700 775 Graecorum
719 747 753 774 ad
767 755 832 775 suos
849 756 937 775 annos
953 755 999 775 ac-

213 794 438 821 commodaret-il.
462 793 529 827 Quis
551 797 580 820 ut
602 793 675 820 aliud
690 793 814 820 dicamus
837 800 933 828 cogere
948 801 999 820 nos

215 837 357 872 scriptoris
386 837 468 864 ullius
493 836 655 864 auctoritate
674 833 778 871 potest?
802 835 926 871 Magnam
947 836 998 864 ho-

215 883 297 911 minis
312 883 503 911 cmilidenliam
535 883 575 910 vel
595 883 767 910 oscitantiam
781 887 887 917 oportet
902 882 997 916 fuisse,

215 931 260 965 qui
278 929 424 957 levissimis
442 929 610 964 argumentis
633 929 769 960 inductus,
784 929 918 956 atlirmare
944 933 1002 956 lam-

214 975 340 1005 ohscuris
355 974 388 1001 de
401 974 482 1002 rebus
497 974 558 1001 sine
571 974 744 1001 haesitatione
758 973 811 1002 ulla
829 973 955 1008 potuerit.

217 1046 275 1079 Quo
291 1047 394 1073 deruunt
407 1055 475 1073 mmo
487 1047 528 1074 mi
546 1047 599 1073 sint
615 1045 705 1073 Jridwi
718 1067 725 1080 ,
743 1047 787 1073 ubi
801 1051 825 1073 rt
843 1047 1000 1074 obscurissi-

286 1090 343 1109 mus
357 1090 390 1109 επ
405 1081 554 1117 Epiphanio
569 1081 675 1108 illorum
685 1082 773 1116 cycltu
783 1083 933 1117 exponitur.

250 1150 357 1177 Atenim
372 1149 460 1176 lunari
478 1157 550 1177 anno
570 1148 678 1177 Judzeos
697 1157 762 1177 usos
780 1157 841 1177 esse
861 1157 1001 1184 propemo-

215 1195 281 1223 dum
311 1196 440 1223 mortales
461 1203 557 1222 onmcs
583 1195 751 1223 existimant.
775 1194 895 1230 Ecquam
920 1196 1001 1230 igitur

215 1240 331 1268 formam
347 1241 437 1276 potius
453 1247 534 1274 quatit
552 1239 720 1274 Calippieam
735 1240 851 1274 amplexi
868 1240 953 1267 sunt?
971 1240 1000 1268 Si

216 1285 424 1321 llipparcheam.
443 1291 480 1318 et,
498 1293 580 1320 quam
593 1285 828 1313 accuratissimam
844 1291 921 1321 putat
935 1285 1001 1314 Sca-

216 1331 292 1367 liger,
299 1333 476 1359 recentiorem
491 1332 632 1360 Iudaicam
647 1332 741 1359 dixero
751 1351 758 1363 ,
773 1331 862 1358 dicam
885 1332 957 1366 quod
973 1332 1000 1359 in

218 1377 289 1412 1mg.
306 1385 365 1404 tan.
382 1377 452 1404 idem
473 1377 517 1404 ille
536 1377 646 1404 disertis
661 1377 753 1405 verbis
779 1382 918 1404 asseverat
932 1377 999 1413 (lib.

216 1427 255 1447 Ill.
269 1419 346 1456 Isag.
362 1429 433 1453 cum,
446 1421 555 1455 p.215).
570 1419 598 1447 In
609 1429 663 1456 quo
676 1428 773 1456 magno
783 1429 811 1448 se
821 1421 936 1449 lmlibrio
946 1425 1002 1448 tra-

217 1467 302 1499 ducit,
318 1467 382 1494 dum
407 1475 455 1494 sua
473 1467 564 1495 omnia
591 1467 697 1495 decreta
729 1467 874 1497 etroracula
894 1467 1002 1495 convel-

217 1513 258 1544 lit,
276 1516 304 1539 et
324 1520 385 1548 quae
412 1517 486 1540 tanto
507 1521 569 1540 cum
586 1519 684 1541 conatu
708 1513 741 1541 de
755 1513 855 1542 Christi
869 1514 1001 1542 Passioue

1049 290 1152 324 potius.

1087 335 1139 368 Qui
1159 335 1268 370 quidem
1303 334 1447 370 Epiphanii
1477 336 1555 364 locus
1580 337 1726 371 pini-imum
1756 337 1851 366 debet

1048 380 1233 407 eruditissimo
1247 379 1361 414 Keplcro
1373 401 1380 411 .
1401 381 1449 415 qui
1472 381 1499 407 in
1515 380 1621 417 Edogil
1645 382 1852 418 chronologicio

1049 425 1265 453 luculentissima
1283 426 1469 460 disputatione
1497 426 1522 453 id
1547 427 1683 462 praestitit,
1700 433 1730 454 ut
1743 435 1778 455 ex
1799 428 1850 456 his

1049 473 1167 501 salebris
1180 480 1333 508 einergcre,
1342 480 1374 500 ac
1386 473 1472 501 lucem
1485 472 1603 508 aliquam
1618 473 1660 500 his
1675 473 1705 499 in:
1717 474 1848 501 tenebris

1049 518 1149 546 intueri
1168 526 1323 553 possemus.
1347 518 1438 550 Mque
1454 519 1526 545 etaim
1540 523 1583 547 est
1595 519 1671 546 ullus
1682 519 1753 554 apud
1770 518 1847 553 Epi-

1049 566 1178 601 pltanium
1194 565 1335 593 obscurior
1346 573 1379 592 ac
1393 564 1526 592 diliicilior
1541 563 1673 592 locus.Ac
1685 572 1737 597 me,
1748 565 1848 599 prius—

1048 620 1130 646 quam
1145 611 1254 645 Kepleri
1279 609 1483 638 Cmumeutaria
1509 613 1606 636 nactus
1629 616 1731 640 essem,
1753 609 1844 636 vehe-

1049 662 1154 684 menter
1169 660 1301 688 torserat;
1313 659 1340 682 et
1351 654 1473 682 nonnihil
1486 659 1573 681 tamen
1588 661 1662 682 cram
1674 659 1843 687 assecutus;

1049 702 1121 738 quod
1138 702 1210 729 illius
1234 709 1286 736 ope
1313 701 1489 736 postmodum
1501 699 1646 733 expoliisse
1665 707 1707 726 me
1731 698 1844 730 fateor,

1049 755 1082 775 ac
1098 748 1222 782 quaedam
1240 746 1320 774 etiam
1337 746 1418 780 paulo
1431 753 1463 772 ac
1476 745 1521 772 ille
1536 744 1601 772 fecit
1612 744 1691 771 aliter
1703 744 1846 778 explicas-

1050 801 1089 822 sc.
1103 792 1180 820 Licet
1194 796 1284 820 autem
1302 799 1336 818 nc
1346 792 1405 826 ipse
1419 791 1529 826 quidem
1544 790 1595 818 sibi
1612 788 1744 824 Keplerus
1757 789 1843 816 satis-

1050 837 1142 868 faciat.
1160 844 1248 871 nnque
1263 843 1314 871 ego
1329 835 1458 863 extricari
1470 842 1549 870 posse
1570 834 1704 861 conﬁdam
1718 833 1816 861 omnia
1833 842 1842 866 ;

1049 881 1124 918 quod
1137 890 1218 909 nemo
1232 886 1327 916 praeter
1341 880 1522 915 Epiphanium
1550 879 1618 915 cycfi
1635 879 1715 906 istius
1737 879 1843 906 memi-

1050 928 1133 960 nerit,
1145 932 1172 955 et
1187 927 1268 954 verba
1281 927 1339 961 ipsa
1355 926 1486 953 mendosa
1500 926 1565 957 sint,
1577 933 1725 960 proponam
1735 930 1843 956 tamen,

1049 973 1139 1008 quoad
1169 972 1331 1000 brevissime
1360 971 1573 1006 planissimeque
1596 975 1700 1005 potero,
1718 978 1780 1004 qum
1794 974 1842 996 aut

1048 1026 1113 1046 vera
1128 1026 1189 1046 esse
1201 1017 1304 1052 judico,
1322 1021 1371 1044 aut
1390 1021 1464 1044 certe
1481 1016 1552 1044 viris
1563 1016 1701 1051 propiora.

1084 1063 1123 1092 Ae
1136 1063 1254 1098 primum
1268 1062 1482 1090 obscurissimas
1496 1059 1541 1088 ille
1568 1061 1725 1089 Judzeorum
1743 1061 1842 1094 cyclus

1049 1109 1227 1146 exponendo:
1237 1109 1344 1136 videtur
1358 1117 1365 1136 :
1380 1115 1434 1143 quo
1446 1109 1556 1142 cognito
1568 1115 1628 1142 qua:
1641 1107 1678 1134 sit
1693 1106 1841 1140 Epipbuuii

1049 1155 1083 1182 de
1097 1154 1227 1182 Passione
1242 1152 1346 1180 Christi
1358 1152 1493 1180 sententia
1507 1150 1616 1179 facilius
1628 1158 1820 1185 assequemur.

1084 1199 1279 1234 .ludaicicycli,
1302 1205 1357 1233 quo
1372 1197 1474 1225 Christi
1500 1196 1608 1225 Domini
1634 1202 1757 1231 tempore
1774 1203 1849 1224 usos

1050 1253 1110 1274 esse
1123 1249 1199 1280 putat
1216 1244 1395 1279 Epiphanius,
1409 1243 1561 1277 explicandi
1597 1242 1660 1270 linis
1685 1245 1718 1269 ac
1737 1249 1841 1276 seopus

1050 1295 1106 1322 est;
1123 1296 1152 1318 ut
1166 1294 1294 1325 appareat
1307 1288 1416 1316 Iudaeos
1429 1296 1502 1316 anno
1513 1288 1572 1323 ipso
1587 1287 1728 1315 Passionis
1744 1288 1841 1319 biduo.

1051 1336 1092 1362 vel
1107 1336 1189 1363 etiam
1203 1335 1294 1362 triduo
1311 1342 1326 1361 a
1340 1334 1412 1361 luna:
1430 1333 1581 1361 ratiociniis
1607 1334 1763 1361 aberrasse.
1785 1333 1841 1368 Cy-

1052 1382 1124 1409 clum
1141 1388 1223 1416 porro
1239 1381 1275 1407 ita
1290 1380 1346 1408 fere
1361 1380 1504 1407 describit.
1518 1379 1628 1406 Iudaeos
1641 1381 1740 1406 asserit
1758 1379 1843 1406 luna-

1052 1435 1108 1455 rem
1125 1426 1419 1454 attuumconstituisse
1441 1426 1546 1453 dierum
1570 1425 1639 1458 554.,
1663 1425 1840 1457 horarums;

1052 1481 1112 1508 qua:
1125 1472 1235 1508 quidem
1264 1472 1339 1499 horai.
1363 1472 1451 1499 tribus
1482 1471 1562 1499 annis
1586 1471 1658 1498 diem
1677 1471 1840 1499 coniiciunt.

1052 1518 1092 1547 Ad
1114 1518 1170 1545 haec
1189 1517 1217 1545 in
1246 1518 1327 1545 annis
1353 1525 1397 1547 xlv
1413 1518 1534 1552 quinque
1549 1525 1658 1545 menses
1672 1517 1841 1549 iutercalari,

217 1557 317 1592 sapius
341 1563 494 1586 astrinxerat
505 1579 513 1591 ,
538 1566 607 1585 nova
631 1559 676 1608 illa
702 1559 980 1590 sententiacouvellit
994 1568 1001 1593 ;
1016 1576 1038 1608 ρ
1054 1564 1181 1599 quoniam
1196 1572 1210 1592 e
1224 1564 1290 1591 solis
1305 1571 1399 1596 cursu,
1416 1564 1463 1599 qui
1478 1569 1519 1591 est
1531 1564 1637 1591 dierum
1649 1563 1717 1594 565,
1736 1564 1796 1591 hor.
1812 1563 1841 1596 6.

218 1605 265 1632 sed
284 1610 407 1632 neutram
423 1605 562 1640 periodum
574 1605 644 1639 apud
657 1603 766 1633 Judatos
777 1614 872 1637 usuac
883 1614 1001 1634 consue-

219 1652 312 1678 tudine
329 1656 461 1686 receptam
491 1652 568 1680 facile
592 1653 728 1682 dixerim:
748 1653 871 1681 lunarem
889 1652 1007 1680 cuidem.

218 1702 321 1724 nimum
351 1703 488 1733 utcunque
512 1699 572 1726 illos
595 1699 710 1734 exsequi.
726 1699 845 1727 voluisse
861 1699 996 1733 suspicor.

222 1740 289 1768 Nam
303 1742 329 1769 id
345 1743 439 1770 suadet
453 1743 606 1779 Iosephus;
627 1745 672 1780 qui
690 1744 736 1772 lib.
750 1752 779 1771 ιιι
795 1744 881 1780 0rig.,
890 1751 948 1778 cap.
959 1744 1001 1778 10,

219 1788 252 1814 dc
264 1787 397 1816 Paschate
412 1790 535 1823 loquens.
565 1789 610 1824 Τῷ
621 1790 649 1816 δὲ
666 1790 740 1825 μηνὶ,
755 1790 860 1825 inquit,
876 1789 915 1825 τῷ
932 1789 1002 1816 Ξαν-

219 1833 296 1868 θικῷ,
309 1834 338 1866 ὃς
351 1834 453 1861 Νισσὰν
466 1835 529 1869 παρ’
543 1835 607 1870 ἡμῖν
624 1835 746 1862 καλεῖται
760 1854 767 1867 ,
793 1836 839 1862 καὶ
854 1835 900 1863 τοῦ
924 1834 1001 1866 ἔτους

218 1879 292 1905 ἐστὶν
315 1878 397 1915 ἀρχὴ,
424 1879 703 1916 τεσσαρεσκαιδεκάτη
727 1880 797 1907 κατὰ
827 1880 957 1916 σελήνην,
974 1881 1002 1907 ὲν

219 1923 290 1958 κριῷ
312 1923 358 1950 τοῦ
375 1924 450 1959 ἡλίου
472 1924 651 1956 καθεστῶτος.
675 1924 785 1953 Necnon
809 1930 835 1953 ct
850 1925 939 1958 Philo,
955 1925 1002 1960 qui

220 1968 267 1994 lib.
289 1968 325 1995 De
341 1969 493 1999 vitaJlosis
515 1971 571 1998 hmc
587 1971 684 1998 scribit
699 1979 705 1997 :
721 1971 766 2006 Τῷ
775 1970 808 2007 δὴ
824 1972 889 2007 μηνὶ
903 1971 1009 2007 τούτῳἸ

220 2014 283 2048 περὶ
289 2015 583 2051 τεσσαρεσκαιδεκάτην
595 2017 701 2052 ἡμέραν
714 2017 855 2052 μέλλοντος
866 2016 912 2043 τοῦ
925 2017 1003 2052 σελη-

218 2059 312 2086 νιακοῦ
325 2060 423 2089 κύκλου
435 2061 557 2095 γενεσθαι
569 2061 738 2097 πλησιφαοῦς
748 2082 755 2094 ,
771 2063 867 2097 ἄγεται
889 2063 923 2089 τὰ
937 2064 1003 2090 Δια-

220 2104 350 2141 δατὴρια,
361 2106 518 2142 δημοφανὴς
544 2107 636 2143 ἑορτή.
664 2107 798 2135 Nimirum
825 2107 852 2135 id
870 2108 1002 2135 inanimo

221 2151 275 2178 illis
288 2156 356 2183 erat,
378 2157 406 2178 ut
418 2152 451 2178 ad
469 2152 538 2180 llllltB
565 2157 654 2180 motus
688 2153 799 2187 propius
823 2152 1000 2185 accederent;

220 2198 272 2224 etsi
290 2203 397 2232 propter
414 2197 480 2233 cyeli
511 2198 597 2225 labent
619 2206 651 2225 ac
666 2199 760 2225 vitium
776 2198 911 2225 interdum
923 2199 1003 2225 aber-

1056 1611 1150 1638 lmram
1165 1618 1246 1637 unam
1263 1614 1431 1645 cxpungunt.
1461 1608 1529 1636 Nam
1557 1609 1581 1637 si
1598 1609 1679 1638 horas
1695 1609 1841 1644 adjeceris,

1056 1657 1198 1683 restabuut
1212 1655 1264 1682 365
1279 1656 1338 1683 dies
1354 1655 1430 1691 παρὰ
1456 1656 1530 1690 ὥραν
1546 1655 1620 1691 μίαν.
1639 1653 1716 1682 Unde
1736 1655 1775 1682 illi
1799 1663 1841 1682 se«

1056 1699 1112 1727 xies
1137 1699 1323 1734 multiplicatis
1346 1699 1550 1734 quatimrdecim
1588 1699 1687 1732 annis.
1717 1707 1840 1726 mensem

1055 1753 1139 1772 unum
1164 1744 1349 1779 octuagesimo
1373 1749 1471 1779 quarto
1495 1744 1655 1772 iuterealant
1667 1752 1757 1777 anno;
1773 1745 1839 1772 adeo

1055 1794 1084 1817 ut
1103 1790 1130 1818 in
1145 1794 1232 1817 totum
1246 1797 1309 1816 xxx:
1328 1797 1436 1817 menses
1452 1789 1579 1816 iuanrms
1591 1797 1680 1817 Luxv
1701 1789 1838 1824 impuleri-

1055 1840 1111 1869 tur,
1136 1843 1198 1862 cum
1217 1840 1294 1862 recta.
1313 1835 1382 1863 ratio
1396 1843 1462 1862 χχιιι
1483 1842 1601 1868 menses,
1623 1840 1651 1862 ct
1680 1835 1740 1863 dies
1764 1843 1838 1867 uiv,

1055 1889 1117 1909 cum
1137 1882 1212 1909 horis
1233 1882 1249 1908 5
1267 1882 1398 1916 requirat.
1422 1881 1484 1909 llaec
1510 1881 1693 1916 Epiphanius:
1706 1889 1721 1908 e
1739 1882 1838 1916 quibus

1055 1926 1372 1957 nonnullisememlatis,
1390 1935 1452 1961 qua:
1477 1927 1634 1962 singillatim
1654 1927 1838 1960 excutientur,

1055 1971 1126 1998 hanc
1141 1970 1340 2006 cyclil‘ormam
1358 1970 1491 2005 Keplcrus
1506 1971 1586 1998 eruit.

1092 2016 1194 2051 Duplex
1204 2016 1274 2051 apud
1288 2015 1396 2044 Judaeos
1412 2016 1515 2043 ltluaris
1530 2016 1594 2043 olim
1607 2015 1700 2052 cyclus
1718 2017 1836 2043 exstitit:

1055 2063 1127 2095 alter.
1138 2070 1182 2089 χειν
1198 2069 1330 2088 annorum
1342 2082 1349 2094 ,
1379 2062 1487 2093 minor;
1508 2061 1575 2088 alter
1592 2069 1691 2088 ιηκιν
1705 2070 1712 2088 :
1727 2066 1838 2096 uterque

1055 2107 1243 2142 septenarius;
1259 2106 1339 2142 cujus
1363 2107 1469 2134 numeri
1488 2111 1597 2141 propter
1614 2105 1777 2134 Sabbaticos
1789 2115 1834 2135 an~

1055 2161 1106 2180 nos
1118 2153 1249 2180 rationem
1264 2152 1388 2180 ridentur
1411 2152 1550 2179 habuisse.
1574 2151 1834 2180 Tcssaradecaeleris

1055 2207 1089 2227 ex
1108 2199 1216 2227 illorum
1236 2198 1360 2225 instituto
1388 2199 1512 2234 syzygias
1539 2197 1620 2225 habet
1643 2198 1774 2234 integras,
1791 2198 1834 2225 sed

223 2249 322 2271 rarent.
340 2244 415 2276 Quod
432 2249 459 2272 et
476 2244 697 2271 Christianorum
721 2245 847 2279 exemplo
866 2244 1000 2271 declarari
1021 2244 1125 2278 αἰπὺ-τι
1144 2244 1242 2272 solaris
1255 2244 1318 2270 anni
1333 2244 1444 2271 modum
1459 2244 1595 2271 consistit.
1613 2243 1679 2271 Post
1690 2252 1714 2270 vr
1729 2243 1833 2271 demum

221 2293 319 2329 potest.
336 2289 404 2316 Nam
421 2294 450 2316 ut
467 2289 505 2316 illi
529 2297 590 2317 cum
606 2289 747 2317 Paschalis
768 2290 952 2317 celebritatem
970 2290 1004 2316 ad

222 2336 293 2363 lunae
303 2335 470 2370 ψηφισμούς.
489 2341 620 2370 quantum
638 2335 725 2363 civilis
739 2343 806 2363 usus
821 2335 934 2370 patitur,
947 2335 1005 2362 exi—

221 2388 285 2416 gere
295 2386 467 2413 conarentur,
482 2380 563 2415 idque
576 2381 602 2408 in
612 2380 722 2408 Nic-eno
736 2381 851 2408 concilio
864 2381 1003 2408 decretum

221 2429 304 2457 esset,
319 2425 435 2453 iu.tauta
453 2433 543 2452 rerum
560 2425 807 2454 astrormmicarum
834 2426 894 2452 lucc
910 2433 942 2452 ac
958 2432 1006 2459 pe-

223 2469 294 2500 ritia,
313 2473 402 2496 tamen
413 2469 530 2505 eﬂ‘ugerc
544 2477 598 2497 non
614 2475 771 2505 potuerunt,
782 2471 847 2505 quin
861 2470 1002 2498 collectam

222 2514 450 2549 aliquotsaeculis.
460 2515 546 2543 labem
563 2523 696 2543 annorum
705 2517 742 2542 ad
759 2516 815 2543 haec
828 2521 920 2543 nostra
936 2521 1004 2542 tem-

222 2567 287 2595 pora
299 2565 477 2595 propagarent
488 2567 495 2592 ;
508 2565 537 2587 ut
547 2560 644 2588 asolis
656 2564 730 2589 motu
744 2560 836 2587 decem
850 2565 921 2588 totos
934 2561 1003 2592 dies,

223 2614 237 2634 ει
253 2607 341 2633 lunari
354 2610 475 2641 quatuor-
485 2606 651 2637 aberrarunt.
665 2606 798 2642 Quocirca
819 2607 888 2633 idem
904 2606 1004 2634 .ludreis

223 2651 346 2681 evenisse
365 2659 419 2680 non
438 2651 543 2682 dubito.
565 2655 595 2679 ut
608 2659 703 2679 eorum
734 2651 884 2679 neomcuim
912 2652 1004 2683 biduo,

224 2705 258 2727 ne
269 2697 359 2728 triduo
374 2705 569 2731 nonnunquam
583 2705 598 2725 a
613 2697 719 2725 mediis.
738 2697 810 2726 lunae
831 2698 952 2724 motibus
973 2705 1005 2724 ac

223 2743 387 2776 Verisetiam
401 2742 584 2771 dcllcctcrent.
595 2742 634 2770 De
642 2743 717 2779 cyclo
737 2748 765 2771 ct
780 2751 916 2770 annorum
928 2743 1004 2775 orbe,

223 2788 252 2821 in
266 2795 346 2823 quem
359 2788 700 2821 neomeniasincluserint,
712 2789 763 2816 etsi
777 2789 844 2816 nihil
858 2789 1004 2816 admodum

224 2832 333 2864 ddiuio,
349 2833 495 2862 verisimile
508 2838 597 2861 tamen
612 2834 739 2865 arbitror,
758 2835 831 2869 quod
847 2835 873 2861 in
885 2834 935 2862 hac
949 2834 1003 2862 lue-

225 2878 279 2910 resi
292 2878 595 2920 Epiphaniuscsponit,
615 2888 680 2908 usos
693 2889 752 2908 esse
764 2880 862 2908 Christi
882 2886 1002 2915 tempore

1055 2289 1345 2317 tessaradocaeteridas
1370 2289 1451 2316 ambo
1474 2290 1500 2316 in
1520 2289 1693 2316 concordiam
1716 2289 1779 2316 anni
1796 2295 1832 2316 ut-

1053 2343 1160 2370 cunque
1176 2335 1298 2362 redeuut.
1315 2334 1376 2361 Dixi
1390 2335 1512 2361 lunarem
1535 2341 1636 2361 annum
1657 2334 1763 2361 deliniri
1782 2334 1837 2361 dii"

1054 2379 1106 2407 bus
1119 2379 1181 2411 554,
1195 2379 1254 2406 Ιιοι-.
1271 2379 1296 2406 8.
1319 2379 1384 2412 Quze
1400 2379 1422 2406 si
1438 2384 1538 2414 quater
1555 2384 1582 2406 et
1600 2379 1689 2406 decies
1710 2380 1831 2414 multipli-

1054 2431 1160 2457 cemur,
1175 2426 1233 2453 dies
1247 2425 1366 2452 eﬂiciunt
1380 2425 1459 2457 49.36,
1486 2426 1567 2453 horas
1593 2425 1653 2455 “‘2.
1667 2426 1725 2453 sire
1736 2426 1792 2453 dies
1807 2426 1831 2460 6,

1055 2472 1114 2499 hor.
1130 2471 1173 2504 l6,
1190 2471 1241 2499 hoc
1260 2475 1301 2499 est
1313 2471 1370 2498 dies
1388 2470 1443 2498 fere
1459 2471 1486 2498 5.
1504 2470 1644 2498 Accedunt
1663 2471 1830 2498 intercalares

1054 2524 1162 2544 tnetrses
1173 2517 1311 2551 quinque,
1334 2516 1438 2544 dierqu
1457 2516 1555 2551 singuli
1573 2516 1618 2549 29,
1646 2518 1706 2543 hor.
1736 2516 1778 2543 12.
1803 2516 1830 2543 Hi

1053 2563 1111 2590 dies
1127 2563 1186 2595 M7,
1199 2570 1260 2590 cum
1275 2562 1350 2589 horis
1368 2562 1400 2588 12
1410 2562 1568 2590 coniiciunt.
1588 2561 1628 2589 Ex
1645 2562 1744 2596 quibus
1764 2570 1829 2590 sum-

1055 2617 1098 2636 ma
1125 2609 1257 2636 conﬂatur
1275 2609 1379 2636 dierum
1399 2608 1479 2641 5103,
1507 2608 1567 2636 hor.
1598 2608 1639 2635 l2.
1657 2607 1794 2635 Postremo
1810 2607 1829 2635 si

1057 2655 1107 2682 112
1120 2655 1179 2682 illas
1191 2657 1272 2682 horas
1287 2654 1410 2689 adjicias,
1426 2654 1484 2681 sive
1500 2654 1558 2681 dies
1572 2654 1600 2685 4,
1617 2653 1677 2680 hor.
1701 2653 1748 2683 16,
1765 2653 1833 2680 colli-

1055 2705 1154 2734 guntur
1164 2699 1222 2727 dies
1238 2699 1318 2731 5l08,
1336 2699 1395 2726 hor.
1411 2703 1437 2726 Δ.
1462 2698 1593 2733 Equibus
1608 2699 1641 2726 l5
1657 2697 1774 2726 Julianis
1786 2706 1828 2725 an-

1055 2746 1098 2773 nis
1113 2745 1246 2774 deductis.
1261 2744 1307 2778 qui
1333 2749 1397 2772 sunt
1417 2744 1475 2772 dies
1489 2744 1569 2777 4718,
1589 2745 1648 2771 hor.
1675 2744 1710 2776 6,
1742 2751 1828 2778 super-

1054 2795 1134 2818 erunt
1145 2790 1208 2822 559,
1225 2791 1284 2818 hor.
1299 2791 1343 2822 22,
1356 2791 1414 2818 sive
1430 2790 1483 2818 560
1498 2791 1565 2823 dies,
1584 2797 1637 2817 una
1655 2789 1721 2817 hora
1736 2790 1827 2817 minus.

1055 2835 1133 2868 Quod
1156 2835 1180 2863 si
1209 2836 1323 2870 pnecisc
1347 2835 1406 2863 dies
1421 2835 1447 2862 in
1471 2835 1550 2862 annis
1572 2843 1614 2862 xiv
1631 2834 1827 2865 interealcutur,

1057 2881 1172 2916 primum
1195 2879 1267 2915 quod
1292 2880 1329 2907 ait
1354 2879 1531 2915 Epiphanius,
1546 2879 1625 2907 tertio
1640 2886 1750 2915 quoque
1765 2885 1828 2906 anno
