  <div class='ocr_page' id='page_1' title='image "/cluster/home/n/w/nwhite01/storage/ocr_20150623/42/njp.32101077772588/510.png"; bbox 0 0 1925 3043; ppageno 0'>
   <div class='ocr_carea' id='block_1_1' title="bbox 71 167 119 194">
    <p class='ocr_par' dir='ltr' id='par_1_1' title="bbox 71 167 119 194">
     <span class='ocr_line' id='line_1_1' title="bbox 71 167 119 194; baseline 0 -1"><span class='ocrx_word' id='word_1_1' title='bbox 71 167 119 194; x_wconf 75' lang='grc'>1161</span> 
     </span>
    </p>
   </div>
   <div class='ocr_carea' id='block_1_2' title="bbox 519 160 1220 193">
    <p class='ocr_par' dir='ltr' id='par_1_2' title="bbox 519 160 1220 193">
     <span class='ocr_line' id='line_1_2' title="bbox 519 160 1220 193; baseline -0.003 -2"><span class='ocrx_word' id='word_1_2' title='bbox 519 164 563 192; x_wconf 88' lang='lat' dir='ltr'><strong>DE</strong></span> <span class='ocrx_word' id='word_1_3' title='bbox 582 163 675 193; x_wconf 80' lang='lat' dir='ltr'><strong>ANNO</strong></span> <span class='ocrx_word' id='word_1_4' title='bbox 694 163 737 191; x_wconf 81' lang='lat' dir='ltr'><strong>ET</strong></span> <span class='ocrx_word' id='word_1_5' title='bbox 759 162 813 190; x_wconf 80' lang='lat' dir='ltr'><strong>DIE</strong></span> <span class='ocrx_word' id='word_1_6' title='bbox 833 160 1012 189; x_wconf 52' lang='lat' dir='ltr'><strong>DOMlNlCIE</strong></span> <span class='ocrx_word' id='word_1_7' title='bbox 1034 161 1220 189; x_wconf 69' lang='lat' dir='ltr'><strong>PASSIONIS.</strong></span> 
     </span>
    </p>
   </div>
   <div class='ocr_carea' id='block_1_3' title="bbox 1638 164 1691 192">
    <p class='ocr_par' dir='ltr' id='par_1_3' title="bbox 1638 164 1691 192">
     <span class='ocr_line' id='line_1_3' title="bbox 1638 164 1691 192; baseline -0.038 -1"><span class='ocrx_word' id='word_1_8' title='bbox 1638 164 1691 192; x_wconf 64' lang='lat' dir='ltr'><strong>ore</strong></span> 
     </span>
    </p>
   </div>
   <div class='ocr_carea' id='block_1_4' title="bbox 69 220 1690 258">
    <p class='ocr_par' dir='ltr' id='par_1_4' title="bbox 69 220 1690 258">
     <span class='ocr_line' id='line_1_4' title="bbox 69 220 1690 258; baseline -0.003 -8"><span class='ocrx_word' id='word_1_9' title='bbox 69 224 142 251; x_wconf 84' lang='lat' dir='ltr'><strong>diem</strong></span> <span class='ocrx_word' id='word_1_10' title='bbox 168 223 261 258; x_wconf 81' lang='lat' dir='ltr'><strong>adjici,</strong></span> <span class='ocrx_word' id='word_1_11' title='bbox 278 223 303 250; x_wconf 93' lang='lat' dir='ltr'><strong>id</strong></span> <span class='ocrx_word' id='word_1_12' title='bbox 319 223 353 250; x_wconf 89' lang='lat' dir='ltr'><strong>de</strong></span> <span class='ocrx_word' id='word_1_13' title='bbox 370 222 466 255; x_wconf 82' lang='lat' dir='ltr'><strong>primis</strong></span> <span class='ocrx_word' id='word_1_14' title='bbox 492 231 528 250; x_wconf 82' lang='lat' dir='ltr'><strong>iiii</strong></span> <span class='ocrx_word' id='word_1_15' title='bbox 552 225 631 251; x_wconf 77' lang='lat' dir='ltr'><strong>annis</strong></span> <span class='ocrx_word' id='word_1_16' title='bbox 656 222 858 258; x_wconf 74' lang='lat' dir='ltr'><strong>imeiligendum</strong></span> <span class='ocrx_word' id='word_1_17' title='bbox 873 223 895 251; x_wconf 73' lang='grc' dir='ltr'><strong>Α</strong></span> <span class='ocrx_word' id='word_1_18' title='bbox 911 222 1069 256; x_wconf 71' lang='lat' dir='ltr'><strong>probantur.</strong></span> <span class='ocrx_word' id='word_1_19' title='bbox 1085 222 1205 249; x_wconf 78' lang='lat' dir='ltr'><strong>l‘riniiiin</strong></span> <span class='ocrx_word' id='word_1_20' title='bbox 1220 220 1291 249; x_wconf 77' lang='lat' dir='ltr'><strong>enim</strong></span> <span class='ocrx_word' id='word_1_21' title='bbox 1301 229 1360 249; x_wconf 85' lang='lat' dir='ltr'><strong>cum</strong></span> <span class='ocrx_word' id='word_1_22' title='bbox 1369 221 1538 258; x_wconf 79' lang='lat' dir='ltr'><strong>Epiphanius</strong></span> <span class='ocrx_word' id='word_1_23' title='bbox 1546 222 1627 255; x_wconf 83' lang='lat' dir='ltr'><strong>dicat,</strong></span> <span class='ocrx_word' id='word_1_24' title='bbox 1639 223 1690 250; x_wconf 73' lang='lat' dir='ltr'><strong>du.</strong></span> 
     </span>
    </p>
   </div>
   <div class='ocr_carea' id='block_1_5' title="bbox 68 269 860 304">
    <p class='ocr_par' dir='ltr' id='par_1_5' title="bbox 68 269 860 304">
     <span class='ocr_line' id='line_1_5' title="bbox 68 269 860 304; baseline -0.003 -8"><span class='ocrx_word' id='word_1_25' title='bbox 68 270 122 297; x_wconf 90' lang='lat' dir='ltr'><strong>erit</strong></span> <span class='ocrx_word' id='word_1_26' title='bbox 142 278 148 296; x_wconf 87' lang='lat'>:</span> <span class='ocrx_word' id='word_1_27' title='bbox 167 273 194 296; x_wconf 85' lang='lat' dir='ltr'><strong>at</strong></span> <span class='ocrx_word' id='word_1_28' title='bbox 206 269 312 296; x_wconf 86' lang='lat' dir='ltr'><strong>decimo</strong></span> <span class='ocrx_word' id='word_1_29' title='bbox 337 269 428 302; x_wconf 73' lang='lat' dir='ltr'><strong>tertio,</strong></span> <span class='ocrx_word' id='word_1_30' title='bbox 447 273 474 296; x_wconf 87' lang='lat' dir='ltr'><strong>et</strong></span> <span class='ocrx_word' id='word_1_31' title='bbox 498 275 596 304; x_wconf 85' lang='lat' dir='ltr'><strong>quarto</strong></span> <span class='ocrx_word' id='word_1_32' title='bbox 621 269 701 296; x_wconf 85' lang='lat' dir='ltr'><strong>annis</strong></span> <span class='ocrx_word' id='word_1_33' title='bbox 715 269 773 296; x_wconf 85' lang='lat' dir='ltr'><strong>dies</strong></span> <span class='ocrx_word' id='word_1_34' title='bbox 785 275 860 295; x_wconf 70' lang='lat' dir='ltr'><strong>unus</strong></span> 
     </span>
    </p>
   </div>
   <div class='ocr_carea' id='block_1_6' title="bbox 69 314 857 350">
    <p class='ocr_par' dir='ltr' id='par_1_6' title="bbox 69 314 857 350">
     <span class='ocr_line' id='line_1_6' title="bbox 69 314 857 350; baseline 0 -8"><span class='ocrx_word' id='word_1_35' title='bbox 69 320 226 350; x_wconf 76' lang='lat' dir='ltr'><strong>competet;</strong></span> <span class='ocrx_word' id='word_1_36' title='bbox 245 315 281 342; x_wconf 87' lang='lat' dir='ltr'><strong>ita</strong></span> <span class='ocrx_word' id='word_1_37' title='bbox 296 315 399 342; x_wconf 76' lang='lat' dir='ltr'><strong>utanni</strong></span> <span class='ocrx_word' id='word_1_38' title='bbox 413 323 457 343; x_wconf 68' lang='lat' dir='ltr'><strong>xiv</strong></span> <span class='ocrx_word' id='word_1_39' title='bbox 472 315 533 343; x_wconf 84' lang='lat' dir='ltr'><strong>dies</strong></span> <span class='ocrx_word' id='word_1_40' title='bbox 549 315 674 343; x_wconf 77' lang='lat' dir='ltr'><strong>auferam</strong></span> <span class='ocrx_word' id='word_1_41' title='bbox 692 315 761 342; x_wconf 87' lang='grc'>5108</span> <span class='ocrx_word' id='word_1_42' title='bbox 771 335 779 346; x_wconf 94' lang='grc'><strong>,</strong></span> <span class='ocrx_word' id='word_1_43' title='bbox 797 314 857 342; x_wconf 85' lang='lat' dir='ltr'><strong>hor.</strong></span> 
     </span>
    </p>
   </div>
   <div class='ocr_carea' id='block_1_7' title="bbox 69 359 857 396">
    <p class='ocr_par' dir='ltr' id='par_1_7' title="bbox 69 359 857 396">
     <span class='ocr_line' id='line_1_7' title="bbox 69 359 857 396; baseline -0.001 -9"><span class='ocrx_word' id='word_1_44' title='bbox 69 361 116 394; x_wconf 70' lang='grc'>12,</span> <span class='ocrx_word' id='word_1_45' title='bbox 129 369 146 388; x_wconf 88' lang='lat' dir='ltr'><strong>e</strong></span> <span class='ocrx_word' id='word_1_46' title='bbox 164 361 264 396; x_wconf 83' lang='lat' dir='ltr'><strong>quibus</strong></span> <span class='ocrx_word' id='word_1_47' title='bbox 278 361 377 388; x_wconf 74' lang='lat' dir='ltr'><strong>ablatis</strong></span> <span class='ocrx_word' id='word_1_48' title='bbox 390 362 469 388; x_wconf 87' lang='lat' dir='ltr'><strong>annis</strong></span> <span class='ocrx_word' id='word_1_49' title='bbox 489 369 549 394; x_wconf 81' lang='grc' dir='ltr'>ιιιι,</span> <span class='ocrx_word' id='word_1_50' title='bbox 565 361 705 389; x_wconf 82' lang='lat' dir='ltr'><strong>restabunt</strong></span> <span class='ocrx_word' id='word_1_51' title='bbox 718 359 780 391; x_wconf 77' lang='grc'>560,</span> <span class='ocrx_word' id='word_1_52' title='bbox 797 359 857 386; x_wconf 90' lang='lat' dir='ltr'><strong>hor.</strong></span> 
     </span>
    </p>
   </div>
   <div class='ocr_carea' id='block_1_8' title="bbox 69 405 860 440">
    <p class='ocr_par' dir='ltr' id='par_1_8' title="bbox 69 405 860 440">
     <span class='ocr_line' id='line_1_8' title="bbox 69 405 860 440; baseline -0.001 -8"><span class='ocrx_word' id='word_1_53' title='bbox 69 406 96 432; x_wconf 78' lang='lat'><strong>6.</strong></span> <span class='ocrx_word' id='word_1_54' title='bbox 118 405 218 433; x_wconf 71' lang='lat' dir='ltr'><strong>Verum</strong></span> <span class='ocrx_word' id='word_1_55' title='bbox 231 406 363 440; x_wconf 80' lang='lat' dir='ltr'><strong>quoniam</strong></span> <span class='ocrx_word' id='word_1_56' title='bbox 379 406 475 434; x_wconf 84' lang='lat' dir='ltr'><strong>ultimo</strong></span> <span class='ocrx_word' id='word_1_57' title='bbox 487 406 533 433; x_wconf 91' lang='lat' dir='ltr'><strong>illo</strong></span> <span class='ocrx_word' id='word_1_58' title='bbox 549 414 621 433; x_wconf 83' lang='lat' dir='ltr'><strong>anno</strong></span> <span class='ocrx_word' id='word_1_59' title='bbox 633 405 708 433; x_wconf 66' lang='lat' dir='ltr'><strong>horae</strong></span> <span class='ocrx_word' id='word_1_60' title='bbox 723 405 784 432; x_wconf 70' lang='lat' dir='ltr'><strong>dum</strong></span> <span class='ocrx_word' id='word_1_61' title='bbox 797 405 860 432; x_wconf 85' lang='lat' dir='ltr'><strong>sub-</strong></span> 
     </span>
    </p>
   </div>
   <div class='ocr_carea' id='block_1_9' title="bbox 71 451 859 485">
    <p class='ocr_par' dir='ltr' id='par_1_9' title="bbox 71 451 859 485">
     <span class='ocr_line' id='line_1_9' title="bbox 71 451 859 485; baseline -0.001 -6"><span class='ocrx_word' id='word_1_62' title='bbox 71 452 143 480; x_wconf 91' lang='lat' dir='ltr'><strong>trahi</strong></span> <span class='ocrx_word' id='word_1_63' title='bbox 170 452 278 485; x_wconf 87' lang='lat' dir='ltr'><strong>debent,</strong></span> <span class='ocrx_word' id='word_1_64' title='bbox 310 452 567 480; x_wconf 76' lang='lat' dir='ltr'><strong>tessaradecaeteris</strong></span> <span class='ocrx_word' id='word_1_65' title='bbox 603 452 699 479; x_wconf 87' lang='lat' dir='ltr'><strong>diebus</strong></span> <span class='ocrx_word' id='word_1_66' title='bbox 723 451 859 479; x_wconf 75' lang='lat' dir='ltr'><strong>constabit</strong></span> 
     </span>
    </p>
   </div>
   <div class='ocr_carea' id='block_1_10' title="bbox 70 497 858 534">
    <p class='ocr_par' dir='ltr' id='par_1_10' title="bbox 70 497 858 534">
     <span class='ocr_line' id='line_1_10' title="bbox 70 497 858 534; baseline -0.001 -10"><span class='ocrx_word' id='word_1_67' title='bbox 70 497 154 530; x_wconf 67' lang='lat'><strong>5408,</strong></span> <span class='ocrx_word' id='word_1_68' title='bbox 173 498 233 525; x_wconf 79' lang='lat' dir='ltr'><strong>hor.</strong></span> <span class='ocrx_word' id='word_1_69' title='bbox 256 498 300 531; x_wconf 85' lang='grc'><strong>10,</strong></span> <span class='ocrx_word' id='word_1_70' title='bbox 318 498 353 525; x_wconf 77' lang='lat' dir='ltr'><strong>de</strong></span> <span class='ocrx_word' id='word_1_71' title='bbox 374 498 476 534; x_wconf 85' lang='lat' dir='ltr'><strong>quibus</strong></span> <span class='ocrx_word' id='word_1_72' title='bbox 484 498 601 525; x_wconf 84' lang='lat' dir='ltr'><strong>detracti</strong></span> <span class='ocrx_word' id='word_1_73' title='bbox 615 497 678 524; x_wconf 88' lang='lat' dir='ltr'><strong>anni</strong></span> <span class='ocrx_word' id='word_1_74' title='bbox 703 505 763 529; x_wconf 75' lang='lat' dir='ltr'><strong>xiii,</strong></span> <span class='ocrx_word' id='word_1_75' title='bbox 779 497 858 523; x_wconf 85' lang='lat' dir='ltr'><strong>relin-</strong></span> 
     </span>
    </p>
   </div>
   <div class='ocr_carea' id='block_1_11' title="bbox 69 541 858 578">
    <p class='ocr_par' dir='ltr' id='par_1_11' title="bbox 69 541 858 578">
     <span class='ocr_line' id='line_1_11' title="bbox 69 541 858 578; baseline -0.003 -8"><span class='ocrx_word' id='word_1_76' title='bbox 69 548 160 578; x_wconf 76' lang='lat' dir='ltr'><strong>quunt</strong></span> <span class='ocrx_word' id='word_1_77' title='bbox 179 543 239 571; x_wconf 87' lang='lat' dir='ltr'><strong>dies</strong></span> <span class='ocrx_word' id='word_1_78' title='bbox 250 543 313 576; x_wconf 66' lang='lat'><strong>3‘50,</strong></span> <span class='ocrx_word' id='word_1_79' title='bbox 339 543 400 571; x_wconf 85' lang='lat' dir='ltr'><strong>hor.</strong></span> <span class='ocrx_word' id='word_1_80' title='bbox 413 543 440 570; x_wconf 76' lang='grc'><strong>4.</strong></span> <span class='ocrx_word' id='word_1_81' title='bbox 460 542 519 570; x_wconf 82' lang='lat' dir='ltr'><strong>Jam</strong></span> <span class='ocrx_word' id='word_1_82' title='bbox 542 551 606 570; x_wconf 84' lang='lat' dir='ltr'><strong>vero</strong></span> <span class='ocrx_word' id='word_1_83' title='bbox 627 543 691 569; x_wconf 85' lang='lat' dir='ltr'><strong>anni</strong></span> <span class='ocrx_word' id='word_1_84' title='bbox 708 541 807 569; x_wconf 70' lang='lat' dir='ltr'><strong>Iuliani</strong></span> <span class='ocrx_word' id='word_1_85' title='bbox 825 541 858 568; x_wconf 73' lang='grc'>14</span> 
     </span>
    </p>
   </div>
   <div class='ocr_carea' id='block_1_12' title="bbox 69 588 855 625">
    <p class='ocr_par' dir='ltr' id='par_1_12' title="bbox 69 588 855 625">
     <span class='ocr_line' id='line_1_12' title="bbox 69 588 855 625; baseline 0.001 -10"><span class='ocrx_word' id='word_1_86' title='bbox 69 589 130 616; x_wconf 85' lang='lat' dir='ltr'><strong>dies</strong></span> <span class='ocrx_word' id='word_1_87' title='bbox 145 589 247 616; x_wconf 77' lang='lat' dir='ltr'><strong>habent</strong></span> <span class='ocrx_word' id='word_1_88' title='bbox 260 589 340 621; x_wconf 81' lang='grc'>5115,</span> <span class='ocrx_word' id='word_1_89' title='bbox 353 590 412 617; x_wconf 90' lang='lat' dir='ltr'><strong>hor.</strong></span> <span class='ocrx_word' id='word_1_90' title='bbox 432 589 473 616; x_wconf 75' lang='grc'><strong>12.</strong></span> <span class='ocrx_word' id='word_1_91' title='bbox 487 589 508 616; x_wconf 77' lang='grc' dir='ltr'>Ε</span> <span class='ocrx_word' id='word_1_92' title='bbox 521 590 621 625; x_wconf 80' lang='lat' dir='ltr'><strong>quibus</strong></span> <span class='ocrx_word' id='word_1_93' title='bbox 631 589 759 617; x_wconf 84' lang='lat' dir='ltr'><strong>detractis</strong></span> <span class='ocrx_word' id='word_1_94' title='bbox 774 588 855 621; x_wconf 81' lang='grc'>5108,</span> 
     </span>
    </p>
   </div>
   <div class='ocr_carea' id='block_1_13' title="bbox 70 633 856 669">
    <p class='ocr_par' dir='ltr' id='par_1_13' title="bbox 70 633 856 669">
     <span class='ocr_line' id='line_1_13' title="bbox 70 633 856 669; baseline 0 -9"><span class='ocrx_word' id='word_1_95' title='bbox 70 634 115 666; x_wconf 80' lang='grc'><strong>10,</strong></span> <span class='ocrx_word' id='word_1_96' title='bbox 132 635 232 669; x_wconf 82' lang='lat' dir='ltr'><strong>reliqui</strong></span> <span class='ocrx_word' id='word_1_97' title='bbox 248 639 312 662; x_wconf 82' lang='lat' dir='ltr'><strong>sunt</strong></span> <span class='ocrx_word' id='word_1_98' title='bbox 327 635 385 662; x_wconf 83' lang='lat' dir='ltr'><strong>dies</strong></span> <span class='ocrx_word' id='word_1_99' title='bbox 402 635 428 667; x_wconf 86' lang='grc'><strong>5,</strong></span> <span class='ocrx_word' id='word_1_100' title='bbox 447 635 475 662; x_wconf 70' lang='lat'><strong>2.</strong></span> <span class='ocrx_word' id='word_1_101' title='bbox 492 634 544 662; x_wconf 80' lang='lat' dir='ltr'><strong>Sed</strong></span> <span class='ocrx_word' id='word_1_102' title='bbox 561 634 658 662; x_wconf 88' lang='lat' dir='ltr'><strong>ablatis</strong></span> <span class='ocrx_word' id='word_1_103' title='bbox 671 634 777 661; x_wconf 89' lang='lat' dir='ltr'><strong>duabus</strong></span> <span class='ocrx_word' id='word_1_104' title='bbox 803 633 856 661; x_wconf 89' lang='lat' dir='ltr'><strong>illis</strong></span> 
     </span>
    </p>
   </div>
   <div class='ocr_carea' id='block_1_14' title="bbox 65 679 857 712">
    <p class='ocr_par' dir='ltr' id='par_1_14' title="bbox 65 679 857 712">
     <span class='ocr_line' id='line_1_14' title="bbox 65 679 857 712; baseline 0 -6"><span class='ocrx_word' id='word_1_105' title='bbox 65 679 157 712; x_wconf 68' lang='lat' dir='ltr'><strong>horis,</strong></span> <span class='ocrx_word' id='word_1_106' title='bbox 177 679 324 707; x_wconf 84' lang='lat' dir='ltr'><strong>discrimen</strong></span> <span class='ocrx_word' id='word_1_107' title='bbox 349 680 640 708; x_wconf 73' lang='lat' dir='ltr'><strong>lessaradecacteridos</strong></span> <span class='ocrx_word' id='word_1_108' title='bbox 656 679 760 706; x_wconf 83' lang='lat' dir='ltr'><strong>lunaris</strong></span> <span class='ocrx_word' id='word_1_109' title='bbox 776 684 803 706; x_wconf 90' lang='lat' dir='ltr'><strong>et</strong></span> <span class='ocrx_word' id='word_1_110' title='bbox 814 686 857 707; x_wconf 91' lang='lat' dir='ltr'><strong>so-</strong></span> 
     </span>
    </p>
   </div>
   <div class='ocr_carea' id='block_1_15' title="bbox 69 725 855 760">
    <p class='ocr_par' dir='ltr' id='par_1_15' title="bbox 69 725 855 760">
     <span class='ocr_line' id='line_1_15' title="bbox 69 725 855 760; baseline 0 -8"><span class='ocrx_word' id='word_1_111' title='bbox 69 725 137 752; x_wconf 81' lang='lat' dir='ltr'><strong>laris</strong></span> <span class='ocrx_word' id='word_1_112' title='bbox 150 730 192 753; x_wconf 91' lang='lat' dir='ltr'><strong>est</strong></span> <span class='ocrx_word' id='word_1_113' title='bbox 207 725 311 752; x_wconf 85' lang='lat' dir='ltr'><strong>dierum</strong></span> <span class='ocrx_word' id='word_1_114' title='bbox 321 726 451 760; x_wconf 75' lang='lat' dir='ltr'><strong>quinque,</strong></span> <span class='ocrx_word' id='word_1_115' title='bbox 468 725 514 760; x_wconf 92' lang='lat' dir='ltr'><strong>qui</strong></span> <span class='ocrx_word' id='word_1_116' title='bbox 529 733 544 752; x_wconf 87' lang='lat' dir='ltr'><strong>e</strong></span> <span class='ocrx_word' id='word_1_117' title='bbox 559 725 641 760; x_wconf 72' lang='lat' dir='ltr'><strong>cyclis</strong></span> <span class='ocrx_word' id='word_1_118' title='bbox 661 725 734 752; x_wconf 84' lang='lat' dir='ltr'><strong>senis</strong></span> <span class='ocrx_word' id='word_1_119' title='bbox 749 725 855 752; x_wconf 76' lang='lat' dir='ltr'><strong>collecti</strong></span> 
     </span>
    </p>
   </div>
   <div class='ocr_carea' id='block_1_16' title="bbox 68 771 856 806">
    <p class='ocr_par' dir='ltr' id='par_1_16' title="bbox 68 771 856 806">
     <span class='ocr_line' id='line_1_16' title="bbox 68 771 856 806; baseline 0.001 -8"><span class='ocrx_word' id='word_1_120' title='bbox 68 775 132 805; x_wconf 78' lang='lat' dir='ltr'><strong>post</strong></span> <span class='ocrx_word' id='word_1_121' title='bbox 161 779 261 799; x_wconf 76' lang='lat' dir='ltr'><strong>Lxuiv</strong></span> <span class='ocrx_word' id='word_1_122' title='bbox 281 779 368 799; x_wconf 83' lang='lat' dir='ltr'><strong>annos</strong></span> <span class='ocrx_word' id='word_1_123' title='bbox 387 772 446 799; x_wconf 90' lang='lat' dir='ltr'><strong>dies</strong></span> <span class='ocrx_word' id='word_1_124' title='bbox 474 771 632 806; x_wconf 81' lang='lat' dir='ltr'><strong>relinquunt</strong></span> <span class='ocrx_word' id='word_1_125' title='bbox 654 771 699 804; x_wconf 83' lang='grc'><strong>50,</strong></span> <span class='ocrx_word' id='word_1_126' title='bbox 716 771 762 806; x_wconf 91' lang='lat' dir='ltr'><strong>qui</strong></span> <span class='ocrx_word' id='word_1_127' title='bbox 779 771 856 799; x_wconf 90' lang='lat' dir='ltr'><strong>initio</strong></span> 
     </span>
    </p>
   </div>
   <div class='ocr_carea' id='block_1_17' title="bbox 68 817 855 851">
    <p class='ocr_par' dir='ltr' id='par_1_17' title="bbox 68 817 855 851">
     <span class='ocr_line' id='line_1_17' title="bbox 68 817 855 851; baseline 0.003 -7"><span class='ocrx_word' id='word_1_128' title='bbox 68 817 135 844; x_wconf 77' lang='lat' dir='ltr'><strong>anni</strong></span> <span class='ocrx_word' id='word_1_129' title='bbox 150 817 186 844; x_wconf 76' lang='grc'>85</span> <span class='ocrx_word' id='word_1_130' title='bbox 199 817 403 845; x_wconf 81' lang='lat' dir='ltr'><strong>interealantur.</strong></span> <span class='ocrx_word' id='word_1_131' title='bbox 432 817 522 851; x_wconf 81' lang='lat' dir='ltr'><strong>Quare</strong></span> <span class='ocrx_word' id='word_1_132' title='bbox 535 818 790 846; x_wconf 82' lang='lat' dir='ltr'><strong>tessaradecaeteris</strong></span> <span class='ocrx_word' id='word_1_133' title='bbox 805 818 855 846; x_wconf 84' lang='lat' dir='ltr'><strong>Ju-</strong></span> 
     </span>
    </p>
   </div>
   <div class='ocr_carea' id='block_1_18' title="bbox 69 863 856 897">
    <p class='ocr_par' dir='ltr' id='par_1_18' title="bbox 69 863 856 897">
     <span class='ocr_line' id='line_1_18' title="bbox 69 863 856 897; baseline 0.004 -8"><span class='ocrx_word' id='word_1_134' title='bbox 69 864 143 890; x_wconf 77' lang='lat' dir='ltr'><strong>liana</strong></span> <span class='ocrx_word' id='word_1_135' title='bbox 170 863 267 891; x_wconf 88' lang='lat' dir='ltr'><strong>diebus</strong></span> <span class='ocrx_word' id='word_1_136' title='bbox 290 868 398 892; x_wconf 76' lang='lat' dir='ltr'><strong>constat</strong></span> <span class='ocrx_word' id='word_1_137' title='bbox 419 864 502 897; x_wconf 82' lang='grc'>5115,</span> <span class='ocrx_word' id='word_1_138' title='bbox 530 863 590 891; x_wconf 86' lang='grc' dir='ltr'><strong>1ιοι·.</strong></span> <span class='ocrx_word' id='word_1_139' title='bbox 609 864 653 897; x_wconf 88' lang='grc'><strong>10,</strong></span> <span class='ocrx_word' id='word_1_140' title='bbox 672 865 775 892; x_wconf 86' lang='lat' dir='ltr'><strong>lunaris</strong></span> <span class='ocrx_word' id='word_1_141' title='bbox 792 872 856 892; x_wconf 79' lang='lat' dir='ltr'><strong>vero</strong></span> 
     </span>
    </p>
   </div>
   <div class='ocr_carea' id='block_1_19' title="bbox 69 909 854 946">
    <p class='ocr_par' dir='ltr' id='par_1_19' title="bbox 69 909 854 946">
     <span class='ocr_line' id='line_1_19' title="bbox 69 909 854 946; baseline 0.004 -11"><span class='ocrx_word' id='word_1_142' title='bbox 69 909 156 940; x_wconf 75' lang='lat' dir='ltr'><strong>5I08,</strong></span> <span class='ocrx_word' id='word_1_143' title='bbox 186 909 227 936; x_wconf 91' lang='grc'><strong>10.</strong></span> <span class='ocrx_word' id='word_1_144' title='bbox 257 909 324 943; x_wconf 63' lang='lat' dir='ltr'><strong>Qum</strong></span> <span class='ocrx_word' id='word_1_145' title='bbox 347 910 374 937; x_wconf 93' lang='lat' dir='ltr'><strong>in</strong></span> <span class='ocrx_word' id='word_1_146' title='bbox 404 910 476 938; x_wconf 86' lang='lat' dir='ltr'><strong>civili</strong></span> <span class='ocrx_word' id='word_1_147' title='bbox 504 918 554 938; x_wconf 89' lang='lat' dir='ltr'><strong>usu</strong></span> <span class='ocrx_word' id='word_1_148' title='bbox 587 911 622 938; x_wconf 87' lang='lat' dir='ltr'><strong>ita</strong></span> <span class='ocrx_word' id='word_1_149' title='bbox 639 911 854 946; x_wconf 76' lang='lat' dir='ltr'><strong>disprnsantur:</strong></span> 
     </span>
    </p>
   </div>
   <div class='ocr_carea' id='block_1_20' title="bbox 69 956 858 991">
    <p class='ocr_par' dir='ltr' id='par_1_20' title="bbox 69 956 858 991">
     <span class='ocr_line' id='line_1_20' title="bbox 69 956 858 991; baseline 0.003 -9"><span class='ocrx_word' id='word_1_150' title='bbox 69 956 159 991; x_wconf 85' lang='lat' dir='ltr'><strong>prima</strong></span> <span class='ocrx_word' id='word_1_151' title='bbox 174 956 429 984; x_wconf 78' lang='lat' dir='ltr'><strong>tessaradecaeteris</strong></span> <span class='ocrx_word' id='word_1_152' title='bbox 443 956 502 984; x_wconf 84' lang='lat' dir='ltr'><strong>dies</strong></span> <span class='ocrx_word' id='word_1_153' title='bbox 517 956 598 983; x_wconf 90' lang='lat' dir='ltr'><strong>liabet</strong></span> <span class='ocrx_word' id='word_1_154' title='bbox 618 956 697 989; x_wconf 78' lang='lat'><strong>5109,</strong></span> <span class='ocrx_word' id='word_1_155' title='bbox 716 961 742 983; x_wconf 82' lang='grc' dir='ltr'><strong>ιιι</strong></span> <span class='ocrx_word' id='word_1_156' title='bbox 764 957 798 984; x_wconf 81' lang='lat' dir='ltr'><strong>de</strong></span> <span class='ocrx_word' id='word_1_157' title='bbox 812 964 858 991; x_wconf 81' lang='lat' dir='ltr'><strong>po-</strong></span> 
     </span>
    </p>
   </div>
   <div class='ocr_carea' id='block_1_21' title="bbox 71 999 858 1035">
    <p class='ocr_par' dir='ltr' id='par_1_21' title="bbox 71 999 858 1035">
     <span class='ocr_line' id='line_1_21' title="bbox 71 999 858 1035; baseline 0 -7"><span class='ocrx_word' id='word_1_158' title='bbox 71 1000 180 1028; x_wconf 76' lang='lat' dir='ltr'><strong>steriori</strong></span> <span class='ocrx_word' id='word_1_159' title='bbox 192 1000 399 1035; x_wconf 82' lang='lat' dir='ltr'><strong>quatuordcciin</strong></span> <span class='ocrx_word' id='word_1_160' title='bbox 418 1001 500 1028; x_wconf 87' lang='lat' dir='ltr'><strong>horas</strong></span> <span class='ocrx_word' id='word_1_161' title='bbox 511 999 631 1035; x_wconf 84' lang='lat' dir='ltr'><strong>decerpit</strong></span> <span class='ocrx_word' id='word_1_162' title='bbox 647 1008 655 1034; x_wconf 86' lang='lat'>;</span> <span class='ocrx_word' id='word_1_163' title='bbox 668 1001 788 1028; x_wconf 88' lang='lat' dir='ltr'><strong>secunda</strong></span> <span class='ocrx_word' id='word_1_164' title='bbox 800 1001 858 1028; x_wconf 78' lang='lat' dir='ltr'><strong>dies</strong></span> 
     </span>
    </p>
   </div>
   <div class='ocr_carea' id='block_1_22' title="bbox 71 1045 858 1080">
    <p class='ocr_par' dir='ltr' id='par_1_22' title="bbox 71 1045 858 1080">
     <span class='ocr_line' id='line_1_22' title="bbox 71 1045 858 1080; baseline 0 -8"><span class='ocrx_word' id='word_1_165' title='bbox 71 1045 178 1072; x_wconf 81' lang='lat' dir='ltr'><strong>obtinet</strong></span> <span class='ocrx_word' id='word_1_166' title='bbox 197 1045 277 1077; x_wconf 75' lang='lat'><strong>5108,</strong></span> <span class='ocrx_word' id='word_1_167' title='bbox 294 1045 413 1080; x_wconf 88' lang='lat' dir='ltr'><strong>reliquas</strong></span> <span class='ocrx_word' id='word_1_168' title='bbox 426 1052 490 1072; x_wconf 83' lang='lat' dir='ltr'><strong>vero</strong></span> <span class='ocrx_word' id='word_1_169' title='bbox 521 1045 554 1072; x_wconf 87' lang='grc'>10</span> <span class='ocrx_word' id='word_1_170' title='bbox 581 1045 663 1072; x_wconf 87' lang='lat' dir='ltr'><strong>horas</strong></span> <span class='ocrx_word' id='word_1_171' title='bbox 678 1046 710 1072; x_wconf 89' lang='lat' dir='ltr'><strong>ad</strong></span> <span class='ocrx_word' id='word_1_172' title='bbox 728 1053 858 1080; x_wconf 83' lang='lat' dir='ltr'><strong>compen-</strong></span> 
     </span>
    </p>
   </div>
   <div class='ocr_carea' id='block_1_23' title="bbox 71 1090 856 1126">
    <p class='ocr_par' dir='ltr' id='par_1_23' title="bbox 71 1090 856 1126">
     <span class='ocr_line' id='line_1_23' title="bbox 71 1090 856 1126; baseline 0.001 -8"><span class='ocrx_word' id='word_1_173' title='bbox 71 1091 172 1118; x_wconf 65' lang='lat' dir='ltr'><strong>saiida‘s</strong></span> <span class='ocrx_word' id='word_1_174' title='bbox 201 1091 305 1125; x_wconf 83' lang='lat' dir='ltr'><strong>priores</strong></span> <span class='ocrx_word' id='word_1_175' title='bbox 331 1090 365 1117; x_wconf 77' lang='lat' dir='ltr'><strong>M</strong></span> <span class='ocrx_word' id='word_1_176' title='bbox 379 1095 491 1124; x_wconf 72' lang='lat' dir='ltr'><strong>erogat:</strong></span> <span class='ocrx_word' id='word_1_177' title='bbox 518 1094 622 1118; x_wconf 89' lang='lat' dir='ltr'><strong>restant</strong></span> <span class='ocrx_word' id='word_1_178' title='bbox 641 1091 716 1118; x_wconf 83' lang='lat' dir='ltr'><strong>liora:</strong></span> <span class='ocrx_word' id='word_1_179' title='bbox 741 1091 758 1118; x_wconf 74' lang='grc'>4</span> <span class='ocrx_word' id='word_1_180' title='bbox 772 1099 779 1124; x_wconf 88' lang='grc'>;</span> <span class='ocrx_word' id='word_1_181' title='bbox 794 1099 856 1126; x_wconf 63' lang='lat' dir='ltr'><strong>qua;</strong></span> 
     </span>
    </p>
   </div>
   <div class='ocr_carea' id='block_1_24' title="bbox 71 1136 855 1172">
    <p class='ocr_par' dir='ltr' id='par_1_24' title="bbox 71 1136 855 1172">
     <span class='ocr_line' id='line_1_24' title="bbox 71 1136 855 1172; baseline 0 -9"><span class='ocrx_word' id='word_1_182' title='bbox 71 1140 132 1171; x_wconf 81' lang='lat' dir='ltr'><strong>past</strong></span> <span class='ocrx_word' id='word_1_183' title='bbox 145 1144 174 1163; x_wconf 93' lang='lat' dir='ltr'><strong>iii</strong></span> <span class='ocrx_word' id='word_1_184' title='bbox 188 1136 293 1172; x_wconf 83' lang='lat' dir='ltr'><strong>cyelum</strong></span> <span class='ocrx_word' id='word_1_185' title='bbox 307 1143 428 1171; x_wconf 68' lang='lat' dir='ltr'><strong>repensa:</strong></span> <span class='ocrx_word' id='word_1_186' title='bbox 444 1144 469 1163; x_wconf 83' lang='grc' dir='ltr'>νι</span> <span class='ocrx_word' id='word_1_187' title='bbox 488 1137 570 1164; x_wconf 86' lang='lat' dir='ltr'><strong>horas</strong></span> <span class='ocrx_word' id='word_1_188' title='bbox 591 1137 715 1164; x_wconf 85' lang='lat' dir='ltr'><strong>residuas</strong></span> <span class='ocrx_word' id='word_1_189' title='bbox 735 1136 855 1171; x_wconf 78' lang='lat' dir='ltr'><strong>faciunt;</strong></span> 
     </span>
    </p>
   </div>
   <div class='ocr_carea' id='block_1_25' title="bbox 71 1183 857 1221">
    <p class='ocr_par' dir='ltr' id='par_1_25' title="bbox 71 1183 857 1221">
     <span class='ocr_line' id='line_1_25' title="bbox 71 1183 857 1221; baseline 0.003 -11"><span class='ocrx_word' id='word_1_190' title='bbox 71 1189 187 1218; x_wconf 72' lang='lat' dir='ltr'><strong>quartus</strong></span> <span class='ocrx_word' id='word_1_191' title='bbox 201 1184 293 1220; x_wconf 88' lang='lat' dir='ltr'><strong>cyclus</strong></span> <span class='ocrx_word' id='word_1_192' title='bbox 317 1184 400 1212; x_wconf 87' lang='lat' dir='ltr'><strong>horas</strong></span> <span class='ocrx_word' id='word_1_193' title='bbox 415 1183 448 1211; x_wconf 87' lang='lat' dir='ltr'><strong>l6</strong></span> <span class='ocrx_word' id='word_1_194' title='bbox 462 1184 581 1219; x_wconf 85' lang='lat' dir='ltr'><strong>reliquas</strong></span> <span class='ocrx_word' id='word_1_195' title='bbox 605 1185 704 1217; x_wconf 82' lang='lat' dir='ltr'><strong>habet;</strong></span> <span class='ocrx_word' id='word_1_196' title='bbox 730 1186 823 1221; x_wconf 80' lang='lat' dir='ltr'><strong>cyclns</strong></span> <span class='ocrx_word' id='word_1_197' title='bbox 841 1194 857 1212; x_wconf 82' lang='grc' dir='ltr'><strong><em>ν</em></strong></span> 
     </span>
    </p>
   </div>
   <div class='ocr_carea' id='block_1_26' title="bbox 70 1229 856 1264">
    <p class='ocr_par' dir='ltr' id='par_1_26' title="bbox 70 1229 856 1264">
     <span class='ocr_line' id='line_1_26' title="bbox 70 1229 856 1264; baseline 0.003 -8"><span class='ocrx_word' id='word_1_198' title='bbox 70 1229 142 1257; x_wconf 71' lang='lat' dir='ltr'><strong>diem</strong></span> <span class='ocrx_word' id='word_1_199' title='bbox 158 1237 242 1256; x_wconf 81' lang='lat' dir='ltr'><strong>unum</strong></span> <span class='ocrx_word' id='word_1_200' title='bbox 256 1229 358 1264; x_wconf 82' lang='lat' dir='ltr'><strong>adjicit.</strong></span> <span class='ocrx_word' id='word_1_201' title='bbox 376 1229 424 1258; x_wconf 85' lang='lat' dir='ltr'><strong>Est</strong></span> <span class='ocrx_word' id='word_1_202' title='bbox 435 1230 507 1257; x_wconf 85' lang='lat' dir='ltr'><strong>enim</strong></span> <span class='ocrx_word' id='word_1_203' title='bbox 522 1231 628 1258; x_wconf 90' lang='lat' dir='ltr'><strong>dierum</strong></span> <span class='ocrx_word' id='word_1_204' title='bbox 643 1231 723 1264; x_wconf 85' lang='grc'>5109,</span> <span class='ocrx_word' id='word_1_205' title='bbox 733 1235 759 1258; x_wconf 88' lang='lat' dir='ltr'><strong>et</strong></span> <span class='ocrx_word' id='word_1_206' title='bbox 776 1231 856 1258; x_wconf 84' lang='lat' dir='ltr'><strong>horas</strong></span> 
     </span>
    </p>
   </div>
   <div class='ocr_carea' id='block_1_27' title="bbox 71 1276 856 1311">
    <p class='ocr_par' dir='ltr' id='par_1_27' title="bbox 71 1276 856 1311">
     <span class='ocr_line' id='line_1_27' title="bbox 71 1276 856 1311; baseline 0.003 -9"><span class='ocrx_word' id='word_1_207' title='bbox 71 1276 201 1310; x_wconf 76' lang='lat' dir='ltr'><strong>relinquit</strong></span> <span class='ocrx_word' id='word_1_208' title='bbox 221 1276 298 1303; x_wconf 87' lang='lat' dir='ltr'><strong>duas.</strong></span> <span class='ocrx_word' id='word_1_209' title='bbox 321 1276 419 1311; x_wconf 76' lang='lat' dir='ltr'><strong>Cyclas</strong></span> <span class='ocrx_word' id='word_1_210' title='bbox 440 1276 550 1304; x_wconf 91' lang='lat' dir='ltr'><strong>demum</strong></span> <span class='ocrx_word' id='word_1_211' title='bbox 565 1281 657 1304; x_wconf 65' lang='lat' dir='ltr'><strong>sextus</strong></span> <span class='ocrx_word' id='word_1_212' title='bbox 677 1277 759 1304; x_wconf 84' lang='lat' dir='ltr'><strong>horas</strong></span> <span class='ocrx_word' id='word_1_213' title='bbox 779 1277 797 1304; x_wconf 66' lang='grc' dir='ltr'><strong>ἓ</strong></span> <span class='ocrx_word' id='word_1_214' title='bbox 814 1285 856 1304; x_wconf 88' lang='lat' dir='ltr'><strong>re-</strong></span> 
     </span>
    </p>
   </div>
   <div class='ocr_carea' id='block_1_28' title="bbox 71 1320 869 1356">
    <p class='ocr_par' dir='ltr' id='par_1_28' title="bbox 71 1320 869 1356">
     <span class='ocr_line' id='line_1_28' title="bbox 71 1320 869 1356; baseline 0.003 -9"><span class='ocrx_word' id='word_1_215' title='bbox 71 1322 179 1356; x_wconf 79' lang='lat' dir='ltr'><strong>linquit.</strong></span> <span class='ocrx_word' id='word_1_216' title='bbox 199 1320 370 1356; x_wconf 80' lang='lat' dir='ltr'><strong>Collignritur</strong></span> <span class='ocrx_word' id='word_1_217' title='bbox 385 1321 444 1348; x_wconf 87' lang='lat' dir='ltr'><strong>dies</strong></span> <span class='ocrx_word' id='word_1_218' title='bbox 473 1321 499 1348; x_wconf 93' lang='lat' dir='ltr'><strong>in</strong></span> <span class='ocrx_word' id='word_1_219' title='bbox 515 1328 539 1348; x_wconf 80' lang='lat' dir='ltr'><strong>Vl</strong></span> <span class='ocrx_word' id='word_1_220' title='bbox 557 1321 641 1356; x_wconf 79' lang='lat' dir='ltr'><strong>cyclls</strong></span> <span class='ocrx_word' id='word_1_221' title='bbox 670 1321 767 1351; x_wconf 80' lang='grc'>50650.</span> <span class='ocrx_word' id='word_1_222' title='bbox 795 1321 869 1349; x_wconf 45' lang='lat' dir='ltr'><strong>hor-</strong></span> 
     </span>
    </p>
   </div>
   <div class='ocr_carea' id='block_1_29' title="bbox 71 1365 854 1401">
    <p class='ocr_par' dir='ltr' id='par_1_29' title="bbox 71 1365 854 1401">
     <span class='ocr_line' id='line_1_29' title="bbox 71 1365 854 1401; baseline -0.003 -7"><span class='ocrx_word' id='word_1_223' title='bbox 71 1367 114 1394; x_wconf 74' lang='grc'><strong>12.</strong></span> <span class='ocrx_word' id='word_1_224' title='bbox 140 1365 245 1399; x_wconf 85' lang='lat' dir='ltr'><strong>Quibus</strong></span> <span class='ocrx_word' id='word_1_225' title='bbox 261 1366 283 1393; x_wconf 90' lang='lat' dir='ltr'><strong>si</strong></span> <span class='ocrx_word' id='word_1_226' title='bbox 302 1365 386 1393; x_wconf 80' lang='lat' dir='ltr'><strong>addas</strong></span> <span class='ocrx_word' id='word_1_227' title='bbox 406 1365 463 1393; x_wconf 89' lang='lat' dir='ltr'><strong>dies</strong></span> <span class='ocrx_word' id='word_1_228' title='bbox 476 1366 521 1397; x_wconf 84' lang='lat'><strong>50,</strong></span> <span class='ocrx_word' id='word_1_229' title='bbox 538 1366 584 1401; x_wconf 92' lang='lat' dir='ltr'><strong>qui</strong></span> <span class='ocrx_word' id='word_1_230' title='bbox 599 1374 630 1393; x_wconf 79' lang='lat' dir='ltr'><strong>ex</strong></span> <span class='ocrx_word' id='word_1_231' title='bbox 648 1367 664 1393; x_wconf 82' lang='grc'><strong>5</strong></span> <span class='ocrx_word' id='word_1_232' title='bbox 676 1371 854 1401; x_wconf 78' lang='lat' dir='ltr'><strong>consurgunt,</strong></span> 
     </span>
    </p>
   </div>
   <div class='ocr_carea' id='block_1_30' title="bbox 69 1411 855 1447">
    <p class='ocr_par' dir='ltr' id='par_1_30' title="bbox 69 1411 855 1447">
     <span class='ocr_line' id='line_1_30' title="bbox 69 1411 855 1447; baseline 0 -8"><span class='ocrx_word' id='word_1_233' title='bbox 69 1420 140 1447; x_wconf 73' lang='lat' dir='ltr'><strong>quos</strong></span> <span class='ocrx_word' id='word_1_234' title='bbox 155 1412 269 1446; x_wconf 63' lang='lat' dir='ltr'><strong>singulae</strong></span> <span class='ocrx_word' id='word_1_235' title='bbox 285 1411 573 1439; x_wconf 85' lang='lat' dir='ltr'><strong>tessaradccaeterides</strong></span> <span class='ocrx_word' id='word_1_236' title='bbox 599 1411 701 1439; x_wconf 80' lang='lat' dir='ltr'><strong>salares</strong></span> <span class='ocrx_word' id='word_1_237' title='bbox 717 1420 798 1447; x_wconf 86' lang='lat' dir='ltr'><strong>supra</strong></span> <span class='ocrx_word' id='word_1_238' title='bbox 813 1413 855 1439; x_wconf 89' lang='lat' dir='ltr'><strong>lii-</strong></span> 
     </span>
    </p>
   </div>
   <div class='ocr_carea' id='block_1_31' title="bbox 70 1457 857 1492">
    <p class='ocr_par' dir='ltr' id='par_1_31' title="bbox 70 1457 857 1492">
     <span class='ocr_line' id='line_1_31' title="bbox 70 1457 857 1492; baseline 0 -7"><span class='ocrx_word' id='word_1_239' title='bbox 70 1465 151 1485; x_wconf 79' lang='lat' dir='ltr'><strong>nares</strong></span> <span class='ocrx_word' id='word_1_240' title='bbox 179 1457 320 1492; x_wconf 80' lang='lat' dir='ltr'><strong>colligunt,</strong></span> <span class='ocrx_word' id='word_1_241' title='bbox 345 1457 403 1485; x_wconf 86' lang='lat' dir='ltr'><strong>dies</strong></span> <span class='ocrx_word' id='word_1_242' title='bbox 423 1457 543 1484; x_wconf 89' lang='lat' dir='ltr'><strong>conlient</strong></span> <span class='ocrx_word' id='word_1_243' title='bbox 569 1457 668 1489; x_wconf 86' lang='grc'>50680,</span> <span class='ocrx_word' id='word_1_244' title='bbox 686 1458 745 1484; x_wconf 87' lang='lat' dir='ltr'><strong>Imr.</strong></span> <span class='ocrx_word' id='word_1_245' title='bbox 763 1458 807 1485; x_wconf 73' lang='grc'><strong>12.</strong></span> <span class='ocrx_word' id='word_1_246' title='bbox 823 1458 857 1485; x_wconf 82' lang='lat' dir='ltr'><strong>At</strong></span> 
     </span>
    </p>
   </div>
   <div class='ocr_carea' id='block_1_32' title="bbox 69 1502 856 1537">
    <p class='ocr_par' dir='ltr' id='par_1_32' title="bbox 69 1502 856 1537">
     <span class='ocr_line' id='line_1_32' title="bbox 69 1502 856 1537; baseline 0 -7"><span class='ocrx_word' id='word_1_247' title='bbox 69 1503 134 1531; x_wconf 86' lang='lat' dir='ltr'><strong>anni</strong></span> <span class='ocrx_word' id='word_1_248' title='bbox 145 1502 246 1530; x_wconf 67' lang='lat' dir='ltr'><strong>Iuliani</strong></span> <span class='ocrx_word' id='word_1_249' title='bbox 262 1503 297 1530; x_wconf 75' lang='grc'>84</span> <span class='ocrx_word' id='word_1_250' title='bbox 311 1503 369 1530; x_wconf 86' lang='lat' dir='ltr'><strong>dies</strong></span> <span class='ocrx_word' id='word_1_251' title='bbox 385 1503 523 1537; x_wconf 85' lang='lat' dir='ltr'><strong>postulant</strong></span> <span class='ocrx_word' id='word_1_252' title='bbox 539 1502 637 1530; x_wconf 80' lang='grc'>50681.</span> <span class='ocrx_word' id='word_1_253' title='bbox 654 1502 808 1530; x_wconf 75' lang='lat' dir='ltr'><strong>Diﬂ&#39;erentia</strong></span> <span class='ocrx_word' id='word_1_254' title='bbox 823 1503 856 1530; x_wconf 70' lang='lat'><strong>12</strong></span> 
     </span>
    </p>
   </div>
   <div class='ocr_carea' id='block_1_33' title="bbox 71 1548 892 1584">
    <p class='ocr_par' dir='ltr' id='par_1_33' title="bbox 71 1548 892 1584">
     <span class='ocr_line' id='line_1_33' title="bbox 71 1548 892 1584; baseline 0.002 -8"><span class='ocrx_word' id='word_1_255' title='bbox 71 1549 218 1581; x_wconf 81' lang='lat' dir='ltr'><strong>horarum;</strong></span> <span class='ocrx_word' id='word_1_256' title='bbox 246 1556 307 1583; x_wconf 66' lang='lat' dir='ltr'><strong>qua:</strong></span> <span class='ocrx_word' id='word_1_257' title='bbox 335 1548 506 1584; x_wconf 85' lang='lat' dir='ltr'><strong>perimuntur</strong></span> <span class='ocrx_word' id='word_1_258' title='bbox 524 1549 550 1575; x_wconf 94' lang='lat' dir='ltr'><strong>in</strong></span> <span class='ocrx_word' id='word_1_259' title='bbox 578 1548 660 1582; x_wconf 81' lang='lat' dir='ltr'><strong>cyclis</strong></span> <span class='ocrx_word' id='word_1_260' title='bbox 687 1556 725 1578; x_wconf 75' lang='lat' dir='ltr'><strong>Vl.</strong></span> <span class='ocrx_word' id='word_1_261' title='bbox 753 1548 804 1576; x_wconf 91' lang='lat' dir='ltr'><strong>hoc</strong></span> <span class='ocrx_word' id='word_1_262' title='bbox 815 1553 857 1576; x_wconf 89' lang='lat' dir='ltr'><strong>est</strong></span> <span class='ocrx_word' id='word_1_263' title='bbox 869 1567 892 1584; x_wconf 65' lang='grc' dir='ltr'>,ς</span> 
     </span>
    </p>
   </div>
   <div class='ocr_carea' id='block_1_34' title="bbox 70 1593 855 1628">
    <p class='ocr_par' dir='ltr' id='par_1_34' title="bbox 70 1593 855 1628">
     <span class='ocr_line' id='line_1_34' title="bbox 70 1593 855 1628; baseline -0.001 -7"><span class='ocrx_word' id='word_1_264' title='bbox 70 1594 140 1621; x_wconf 73' lang='lat' dir='ltr'><strong>bime</strong></span> <span class='ocrx_word' id='word_1_265' title='bbox 165 1595 193 1621; x_wconf 92' lang='lat' dir='ltr'><strong>iii</strong></span> <span class='ocrx_word' id='word_1_266' title='bbox 216 1601 378 1628; x_wconf 84' lang='lat' dir='ltr'><strong>unaquaque</strong></span> <span class='ocrx_word' id='word_1_267' title='bbox 394 1593 680 1622; x_wconf 81' lang='lat' dir='ltr'><strong>tessaradecaeteride.</strong></span> <span class='ocrx_word' id='word_1_268' title='bbox 703 1593 793 1626; x_wconf 82' lang='lat' dir='ltr'><strong>Quare</strong></span> <span class='ocrx_word' id='word_1_269' title='bbox 805 1601 855 1628; x_wconf 91' lang='lat' dir='ltr'><strong>po-</strong></span> 
     </span>
    </p>
   </div>
   <div class='ocr_carea' id='block_1_35' title="bbox 69 1638 856 1674">
    <p class='ocr_par' dir='ltr' id='par_1_35' title="bbox 69 1638 856 1674">
     <span class='ocr_line' id='line_1_35' title="bbox 69 1638 856 1674; baseline 0.001 -9"><span class='ocrx_word' id='word_1_270' title='bbox 69 1644 171 1665; x_wconf 85' lang='lat' dir='ltr'><strong>strenia</strong></span> <span class='ocrx_word' id='word_1_271' title='bbox 177 1638 285 1674; x_wconf 68' lang='lat' dir='ltr'><strong>sysygia</strong></span> <span class='ocrx_word' id='word_1_272' title='bbox 297 1638 391 1673; x_wconf 76' lang='lat' dir='ltr'><strong>prima:</strong></span> <span class='ocrx_word' id='word_1_273' title='bbox 407 1638 856 1672; x_wconf 79' lang='lat' dir='ltr'><strong>ogdoecontatessaradccaeteridis</strong></span> 
     </span>
    </p>
   </div>
   <div class='ocr_carea' id='block_1_36' title="bbox 69 1683 855 1719">
    <p class='ocr_par' dir='ltr' id='par_1_36' title="bbox 69 1683 855 1719">
     <span class='ocr_line' id='line_1_36' title="bbox 69 1683 855 1719; baseline 0.001 -9"><span class='ocrx_word' id='word_1_274' title='bbox 69 1684 128 1711; x_wconf 86' lang='lat' dir='ltr'><strong>dies</strong></span> <span class='ocrx_word' id='word_1_275' title='bbox 143 1684 256 1719; x_wconf 81' lang='lat' dir='ltr'><strong>requirit</strong></span> <span class='ocrx_word' id='word_1_276' title='bbox 269 1683 455 1711; x_wconf 85' lang='lat' dir='ltr'><strong>tantummodo</strong></span> <span class='ocrx_word' id='word_1_277' title='bbox 467 1683 513 1716; x_wconf 72' lang='grc'><strong>29,</strong></span> <span class='ocrx_word' id='word_1_278' title='bbox 541 1683 599 1710; x_wconf 89' lang='lat' dir='ltr'><strong>hor.</strong></span> <span class='ocrx_word' id='word_1_279' title='bbox 619 1683 663 1710; x_wconf 74' lang='lat'><strong>12.</strong></span> <span class='ocrx_word' id='word_1_280' title='bbox 682 1684 733 1710; x_wconf 83' lang='lat' dir='ltr'><strong>Sed</strong></span> <span class='ocrx_word' id='word_1_281' title='bbox 753 1683 780 1710; x_wconf 91' lang='lat' dir='ltr'><strong>in</strong></span> <span class='ocrx_word' id='word_1_282' title='bbox 804 1691 855 1711; x_wconf 88' lang='lat' dir='ltr'><strong>usu</strong></span> 
     </span>
    </p>
   </div>
   <div class='ocr_carea' id='block_1_37' title="bbox 69 1729 856 1764">
    <p class='ocr_par' dir='ltr' id='par_1_37' title="bbox 69 1729 856 1764">
     <span class='ocr_line' id='line_1_37' title="bbox 69 1729 856 1764; baseline 0 -8"><span class='ocrx_word' id='word_1_283' title='bbox 69 1729 142 1756; x_wconf 87' lang='lat' dir='ltr'><strong>cirili</strong></span> <span class='ocrx_word' id='word_1_284' title='bbox 161 1729 279 1757; x_wconf 85' lang='lat' dir='ltr'><strong>tricenos</strong></span> <span class='ocrx_word' id='word_1_285' title='bbox 291 1729 391 1761; x_wconf 80' lang='lat' dir='ltr'><strong>aufert,</strong></span> <span class='ocrx_word' id='word_1_286' title='bbox 406 1734 432 1757; x_wconf 86' lang='lat' dir='ltr'><strong>et</strong></span> <span class='ocrx_word' id='word_1_287' title='bbox 446 1729 480 1757; x_wconf 88' lang='lat' dir='ltr'><strong>de</strong></span> <span class='ocrx_word' id='word_1_288' title='bbox 497 1729 622 1764; x_wconf 77' lang='lat' dir='ltr'><strong>sequenti</strong></span> <span class='ocrx_word' id='word_1_289' title='bbox 645 1730 677 1756; x_wconf 71' lang='lat'><strong>12</strong></span> <span class='ocrx_word' id='word_1_290' title='bbox 698 1730 779 1757; x_wconf 85' lang='lat' dir='ltr'><strong>horas</strong></span> <span class='ocrx_word' id='word_1_291' title='bbox 796 1737 856 1756; x_wconf 92' lang='lat' dir='ltr'><strong>niu-</strong></span> 
     </span>
    </p>
   </div>
   <div class='ocr_carea' id='block_1_38' title="bbox 70 1771 854 1809">
    <p class='ocr_par' dir='ltr' id='par_1_38' title="bbox 70 1771 854 1809">
     <span class='ocr_line' id='line_1_38' title="bbox 70 1771 854 1809; baseline 0.003 -10"><span class='ocrx_word' id='word_1_292' title='bbox 70 1771 178 1806; x_wconf 70' lang='lat' dir='ltr'><strong>tiiatur;</strong></span> <span class='ocrx_word' id='word_1_293' title='bbox 193 1780 209 1800; x_wconf 92' lang='lat' dir='ltr'><strong>e</strong></span> <span class='ocrx_word' id='word_1_294' title='bbox 231 1773 330 1807; x_wconf 86' lang='lat' dir='ltr'><strong>quibus</strong></span> <span class='ocrx_word' id='word_1_295' title='bbox 351 1773 444 1800; x_wconf 81' lang='lat' dir='ltr'><strong>decem</strong></span> <span class='ocrx_word' id='word_1_296' title='bbox 461 1773 487 1800; x_wconf 93' lang='lat' dir='ltr'><strong>in</strong></span> <span class='ocrx_word' id='word_1_297' title='bbox 508 1773 596 1808; x_wconf 90' lang='lat' dir='ltr'><strong>primo</strong></span> <span class='ocrx_word' id='word_1_298' title='bbox 619 1774 695 1809; x_wconf 79' lang='lat' dir='ltr'><strong>cyclo</strong></span> <span class='ocrx_word' id='word_1_299' title='bbox 713 1774 854 1807; x_wconf 86' lang='lat' dir='ltr'><strong>restitutis,</strong></span> 
     </span>
    </p>
   </div>
   <div class='ocr_carea' id='block_1_39' title="bbox 69 1819 855 1854">
    <p class='ocr_par' dir='ltr' id='par_1_39' title="bbox 69 1819 855 1854">
     <span class='ocr_line' id='line_1_39' title="bbox 69 1819 855 1854; baseline 0.003 -9"><span class='ocrx_word' id='word_1_300' title='bbox 69 1819 278 1854; x_wconf 81' lang='lat' dir='ltr'><strong>compensanda:</strong></span> <span class='ocrx_word' id='word_1_301' title='bbox 294 1823 357 1846; x_wconf 91' lang='lat' dir='ltr'><strong>sunt</strong></span> <span class='ocrx_word' id='word_1_302' title='bbox 371 1819 440 1846; x_wconf 68' lang='lat' dir='ltr'><strong>dum.</strong></span> <span class='ocrx_word' id='word_1_303' title='bbox 459 1819 506 1847; x_wconf 82' lang='lat' dir='ltr'><strong>His</strong></span> <span class='ocrx_word' id='word_1_304' title='bbox 520 1819 547 1846; x_wconf 91' lang='lat' dir='ltr'><strong>in</strong></span> <span class='ocrx_word' id='word_1_305' title='bbox 568 1820 687 1847; x_wconf 82' lang='lat' dir='ltr'><strong>secunda</strong></span> <span class='ocrx_word' id='word_1_306' title='bbox 703 1821 855 1848; x_wconf 77' lang='lat' dir='ltr'><strong>tessarade—</strong></span> 
     </span>
    </p>
   </div>
   <div class='ocr_carea' id='block_1_40' title="bbox 70 1864 855 1899">
    <p class='ocr_par' dir='ltr' id='par_1_40' title="bbox 70 1864 855 1899">
     <span class='ocr_line' id='line_1_40' title="bbox 70 1864 855 1899; baseline 0.001 -8"><span class='ocrx_word' id='word_1_307' title='bbox 70 1864 206 1891; x_wconf 83' lang='lat' dir='ltr'><strong>caeteride</strong></span> <span class='ocrx_word' id='word_1_308' title='bbox 217 1864 328 1898; x_wconf 84' lang='lat' dir='ltr'><strong>perinde</strong></span> <span class='ocrx_word' id='word_1_309' title='bbox 343 1864 465 1896; x_wconf 81' lang='lat' dir='ltr'><strong>redditis,</strong></span> <span class='ocrx_word' id='word_1_310' title='bbox 479 1865 623 1899; x_wconf 76' lang='lat' dir='ltr'><strong>superﬂua:</strong></span> <span class='ocrx_word' id='word_1_311' title='bbox 641 1870 704 1892; x_wconf 88' lang='lat' dir='ltr'><strong>sunt</strong></span> <span class='ocrx_word' id='word_1_312' title='bbox 715 1865 741 1892; x_wconf 77' lang='lat'><strong>8.</strong></span> <span class='ocrx_word' id='word_1_313' title='bbox 759 1865 787 1892; x_wconf 88' lang='lat' dir='ltr'><strong>In</strong></span> <span class='ocrx_word' id='word_1_314' title='bbox 800 1870 855 1892; x_wconf 82' lang='lat' dir='ltr'><strong>ter-</strong></span> 
     </span>
    </p>
   </div>
   <div class='ocr_carea' id='block_1_41' title="bbox 72 1909 854 1945">
    <p class='ocr_par' dir='ltr' id='par_1_41' title="bbox 72 1909 854 1945">
     <span class='ocr_line' id='line_1_41' title="bbox 72 1909 854 1945; baseline 0.003 -10"><span class='ocrx_word' id='word_1_315' title='bbox 72 1910 109 1937; x_wconf 78' lang='lat' dir='ltr'><strong>tia</strong></span> <span class='ocrx_word' id='word_1_316' title='bbox 136 1909 411 1937; x_wconf 76' lang='lat' dir='ltr'><strong>tessaradecacteride</strong></span> <span class='ocrx_word' id='word_1_317' title='bbox 439 1910 551 1945; x_wconf 73' lang='lat' dir='ltr'><strong>reliquie</strong></span> <span class='ocrx_word' id='word_1_318' title='bbox 577 1910 646 1938; x_wconf 89' lang='lat' dir='ltr'><strong>ﬁunt</strong></span> <span class='ocrx_word' id='word_1_319' title='bbox 666 1911 739 1938; x_wconf 63' lang='lat' dir='ltr'><strong>horae</strong></span> <span class='ocrx_word' id='word_1_320' title='bbox 765 1910 854 1938; x_wconf 90' lang='grc' dir='ltr'><strong>18.1ιι</strong></span> 
     </span>
    </p>
   </div>
   <div class='ocr_carea' id='block_1_42' title="bbox 71 1955 856 1991">
    <p class='ocr_par' dir='ltr' id='par_1_42' title="bbox 71 1955 856 1991">
     <span class='ocr_line' id='line_1_42' title="bbox 71 1955 856 1991; baseline 0.003 -10"><span class='ocrx_word' id='word_1_321' title='bbox 71 1959 169 1989; x_wconf 80' lang='lat' dir='ltr'><strong>quarta</strong></span> <span class='ocrx_word' id='word_1_322' title='bbox 179 1955 271 1982; x_wconf 85' lang='lat' dir='ltr'><strong>addito</strong></span> <span class='ocrx_word' id='word_1_323' title='bbox 289 1955 333 1982; x_wconf 91' lang='lat' dir='ltr'><strong>die</strong></span> <span class='ocrx_word' id='word_1_324' title='bbox 346 1955 443 1987; x_wconf 88' lang='lat' dir='ltr'><strong>solido,</strong></span> <span class='ocrx_word' id='word_1_325' title='bbox 459 1960 562 1983; x_wconf 88' lang='lat' dir='ltr'><strong>restant</strong></span> <span class='ocrx_word' id='word_1_326' title='bbox 574 1956 634 1984; x_wconf 87' lang='lat' dir='ltr'><strong>lior.</strong></span> <span class='ocrx_word' id='word_1_327' title='bbox 651 1956 678 1984; x_wconf 80' lang='grc'><strong>4.</strong></span> <span class='ocrx_word' id='word_1_328' title='bbox 693 1956 756 1985; x_wconf 81' lang='lat' dir='ltr'><strong>Post</strong></span> <span class='ocrx_word' id='word_1_329' title='bbox 775 1957 856 1991; x_wconf 89' lang='lat' dir='ltr'><strong>quin-</strong></span> 
     </span>
    </p>
   </div>
   <div class='ocr_carea' id='block_1_43' title="bbox 72 2000 854 2036">
    <p class='ocr_par' dir='ltr' id='par_1_43' title="bbox 72 2000 854 2036">
     <span class='ocr_line' id='line_1_43' title="bbox 72 2000 854 2036; baseline 0.004 -9"><span class='ocrx_word' id='word_1_330' title='bbox 72 2005 126 2027; x_wconf 85' lang='lat' dir='ltr'><strong>tam</strong></span> <span class='ocrx_word' id='word_1_331' title='bbox 155 2000 456 2028; x_wconf 75' lang='lat' dir='ltr'><strong>tessaradecaeteridem</strong></span> <span class='ocrx_word' id='word_1_332' title='bbox 483 2001 514 2028; x_wconf 73' lang='grc'>14</span> <span class='ocrx_word' id='word_1_333' title='bbox 539 2001 613 2029; x_wconf 73' lang='lat' dir='ltr'><strong>horae</strong></span> <span class='ocrx_word' id='word_1_334' title='bbox 641 2007 797 2036; x_wconf 84' lang='lat' dir='ltr'><strong>supersunt.</strong></span> <span class='ocrx_word' id='word_1_335' title='bbox 825 2002 854 2030; x_wconf 94' lang='lat' dir='ltr'><strong>In</strong></span> 
     </span>
    </p>
   </div>
   <div class='ocr_carea' id='block_1_44' title="bbox 71 2046 853 2082">
    <p class='ocr_par' dir='ltr' id='par_1_44' title="bbox 71 2046 853 2082">
     <span class='ocr_line' id='line_1_44' title="bbox 71 2046 853 2082; baseline 0.003 -8"><span class='ocrx_word' id='word_1_336' title='bbox 71 2051 147 2074; x_wconf 75' lang='lat' dir='ltr'><strong>sexta</strong></span> <span class='ocrx_word' id='word_1_337' title='bbox 167 2047 226 2074; x_wconf 78' lang='lat' dir='ltr'><strong>dies</strong></span> <span class='ocrx_word' id='word_1_338' title='bbox 249 2054 319 2074; x_wconf 89' lang='lat' dir='ltr'><strong>unus</strong></span> <span class='ocrx_word' id='word_1_339' title='bbox 340 2047 478 2074; x_wconf 81' lang='lat' dir='ltr'><strong>eximitur.</strong></span> <span class='ocrx_word' id='word_1_340' title='bbox 492 2046 664 2082; x_wconf 62' lang='lat' dir='ltr'><strong>Colliguntur</strong></span> <span class='ocrx_word' id='word_1_341' title='bbox 679 2048 739 2076; x_wconf 88' lang='lat' dir='ltr'><strong>dies</strong></span> <span class='ocrx_word' id='word_1_342' title='bbox 753 2048 853 2076; x_wconf 80' lang='lat'><strong>50650.</strong></span> 
     </span>
    </p>
   </div>
   <div class='ocr_carea' id='block_1_45' title="bbox 72 2091 856 2127">
    <p class='ocr_par' dir='ltr' id='par_1_45' title="bbox 72 2091 856 2127">
     <span class='ocr_line' id='line_1_45' title="bbox 72 2091 856 2127; baseline 0.003 -8"><span class='ocrx_word' id='word_1_343' title='bbox 72 2093 192 2127; x_wconf 80' lang='lat' dir='ltr'><strong>Adjectis</strong></span> <span class='ocrx_word' id='word_1_344' title='bbox 216 2092 312 2120; x_wconf 85' lang='lat' dir='ltr'><strong>diebus</strong></span> <span class='ocrx_word' id='word_1_345' title='bbox 325 2093 369 2123; x_wconf 91' lang='grc'><strong>50,</strong></span> <span class='ocrx_word' id='word_1_346' title='bbox 396 2092 464 2119; x_wconf 83' lang='lat' dir='ltr'><strong>fiunt</strong></span> <span class='ocrx_word' id='word_1_347' title='bbox 480 2092 577 2120; x_wconf 73' lang='grc'>50680.</span> <span class='ocrx_word' id='word_1_348' title='bbox 602 2091 691 2126; x_wconf 81' lang='lat' dir='ltr'><strong>Quare</strong></span> <span class='ocrx_word' id='word_1_349' title='bbox 705 2094 784 2121; x_wconf 89' lang='lat' dir='ltr'><strong>annis</strong></span> <span class='ocrx_word' id='word_1_350' title='bbox 806 2094 856 2121; x_wconf 77' lang='grc'><strong>168</strong></span> 
     </span>
    </p>
   </div>
   <div class='ocr_carea' id='block_1_46' title="bbox 72 2137 856 2173">
    <p class='ocr_par' dir='ltr' id='par_1_46' title="bbox 72 2137 856 2173">
     <span class='ocr_line' id='line_1_46' title="bbox 72 2137 856 2173; baseline 0.004 -9"><span class='ocrx_word' id='word_1_351' title='bbox 72 2138 130 2166; x_wconf 83' lang='lat' dir='ltr'><strong>dies</strong></span> <span class='ocrx_word' id='word_1_352' title='bbox 153 2146 225 2165; x_wconf 88' lang='lat' dir='ltr'><strong>unus</strong></span> <span class='ocrx_word' id='word_1_353' title='bbox 251 2138 389 2165; x_wconf 65' lang='lat' dir='ltr'><strong>eximitur.</strong></span> <span class='ocrx_word' id='word_1_354' title='bbox 406 2137 462 2165; x_wconf 85' lang='lat' dir='ltr'><strong>Hoc</strong></span> <span class='ocrx_word' id='word_1_355' title='bbox 488 2138 560 2165; x_wconf 89' lang='lat' dir='ltr'><strong>enim</strong></span> <span class='ocrx_word' id='word_1_356' title='bbox 588 2143 725 2173; x_wconf 84' lang='lat' dir='ltr'><strong>spectasse</strong></span> <span class='ocrx_word' id='word_1_357' title='bbox 745 2138 856 2167; x_wconf 66' lang='lat' dir='ltr'><strong>Judaios</strong></span> 
     </span>
    </p>
   </div>
   <div class='ocr_carea' id='block_1_47' title="bbox 73 2183 855 2218">
    <p class='ocr_par' dir='ltr' id='par_1_47' title="bbox 73 2183 855 2218">
     <span class='ocr_line' id='line_1_47' title="bbox 73 2183 855 2218; baseline 0.001 -8"><span class='ocrx_word' id='word_1_358' title='bbox 73 2183 203 2218; x_wconf 78' lang='lat' dir='ltr'><strong>Keplcrus</strong></span> <span class='ocrx_word' id='word_1_359' title='bbox 219 2183 369 2215; x_wconf 76' lang='lat' dir='ltr'><strong>existimat,</strong></span> <span class='ocrx_word' id='word_1_360' title='bbox 388 2187 418 2210; x_wconf 93' lang='lat' dir='ltr'><strong>ut</strong></span> <span class='ocrx_word' id='word_1_361' title='bbox 432 2183 503 2218; x_wconf 86' lang='lat' dir='ltr'><strong>quod</strong></span> <span class='ocrx_word' id='word_1_362' title='bbox 516 2191 617 2211; x_wconf 88' lang='lat' dir='ltr'><strong>annum</strong></span> <span class='ocrx_word' id='word_1_363' title='bbox 636 2184 776 2212; x_wconf 80' lang='lat' dir='ltr'><strong>Juliannin</strong></span> <span class='ocrx_word' id='word_1_364' title='bbox 799 2185 855 2213; x_wconf 79' lang='lat' dir='ltr'><strong>sci—</strong></span> 
     </span>
    </p>
   </div>
   <div class='ocr_carea' id='block_1_48' title="bbox 909 265 1692 304">
    <p class='ocr_par' dir='ltr' id='par_1_48' title="bbox 909 265 1692 304">
     <span class='ocr_line' id='line_1_48' title="bbox 909 265 1692 304; baseline 0 -8"><span class='ocrx_word' id='word_1_365' title='bbox 909 271 982 297; x_wconf 56' lang='lat' dir='ltr'><strong>daios</strong></span> <span class='ocrx_word' id='word_1_366' title='bbox 993 270 1025 296; x_wconf 89' lang='lat' dir='ltr'><strong>de</strong></span> <span class='ocrx_word' id='word_1_367' title='bbox 1036 269 1103 297; x_wconf 87' lang='lat' dir='ltr'><strong>solis</strong></span> <span class='ocrx_word' id='word_1_368' title='bbox 1116 277 1208 300; x_wconf 89' lang='lat' dir='ltr'><strong>cursu,</strong></span> <span class='ocrx_word' id='word_1_369' title='bbox 1228 269 1279 296; x_wconf 91' lang='lat' dir='ltr'><strong>hoc</strong></span> <span class='ocrx_word' id='word_1_370' title='bbox 1292 274 1332 297; x_wconf 85' lang='lat' dir='ltr'><strong>est</strong></span> <span class='ocrx_word' id='word_1_371' title='bbox 1343 269 1395 296; x_wconf 82' lang='grc'><strong>565</strong></span> <span class='ocrx_word' id='word_1_372' title='bbox 1409 265 1429 302; x_wconf 63' lang='grc' dir='ltr'><strong>ξε</strong></span> <span class='ocrx_word' id='word_1_373' title='bbox 1439 269 1535 296; x_wconf 84' lang='lat' dir='ltr'><strong>horam</strong></span> <span class='ocrx_word' id='word_1_374' title='bbox 1551 270 1692 304; x_wconf 59' lang='lat' dir='ltr'><strong>diuidere,</strong></span> 
     </span>
    </p>
   </div>
   <div class='ocr_carea' id='block_1_49' title="bbox 909 315 1692 350">
    <p class='ocr_par' dir='ltr' id='par_1_49' title="bbox 909 315 1692 350">
     <span class='ocr_line' id='line_1_49' title="bbox 909 315 1692 350; baseline 0 -7"><span class='ocrx_word' id='word_1_375' title='bbox 909 316 966 343; x_wconf 82' lang='lat' dir='ltr'><strong>sive</strong></span> <span class='ocrx_word' id='word_1_376' title='bbox 987 315 1176 343; x_wconf 69' lang='lat' dir='ltr'><strong>duodecimam</strong></span> <span class='ocrx_word' id='word_1_377' title='bbox 1188 315 1235 342; x_wconf 83' lang='grc' dir='ltr'><strong>τοῦ</strong></span> <span class='ocrx_word' id='word_1_378' title='bbox 1251 315 1419 350; x_wconf 69' lang='grc' dir='ltr'><strong>νυχθημέρου</strong></span> <span class='ocrx_word' id='word_1_379' title='bbox 1436 320 1551 350; x_wconf 80' lang='lat' dir='ltr'><strong>partem,</strong></span> <span class='ocrx_word' id='word_1_380' title='bbox 1566 316 1637 349; x_wconf 77' lang='lat' dir='ltr'><strong>quoi</strong></span> <span class='ocrx_word' id='word_1_381' title='bbox 1652 316 1692 343; x_wconf 81' lang='lat' dir='ltr'><strong>ita</strong></span> 
     </span>
    </p>
   </div>
   <div class='ocr_carea' id='block_1_50' title="bbox 909 361 1693 396">
    <p class='ocr_par' dir='ltr' id='par_1_50' title="bbox 909 361 1693 396">
     <span class='ocr_line' id='line_1_50' title="bbox 909 361 1693 396; baseline -0.003 -8"><span class='ocrx_word' id='word_1_382' title='bbox 909 361 1041 396; x_wconf 80' lang='lat' dir='ltr'><strong>Keplerus</strong></span> <span class='ocrx_word' id='word_1_383' title='bbox 1063 361 1172 396; x_wconf 86' lang='lat' dir='ltr'><strong>accipit,</strong></span> <span class='ocrx_word' id='word_1_384' title='bbox 1198 365 1228 387; x_wconf 92' lang='lat' dir='ltr'><strong>ut</strong></span> <span class='ocrx_word' id='word_1_385' title='bbox 1252 361 1358 387; x_wconf 81' lang='lat' dir='ltr'><strong>decimo</strong></span> <span class='ocrx_word' id='word_1_386' title='bbox 1374 362 1472 395; x_wconf 82' lang='lat' dir='ltr'><strong>quarto</strong></span> <span class='ocrx_word' id='word_1_387' title='bbox 1486 365 1595 395; x_wconf 79' lang='lat' dir='ltr'><strong>quoque</strong></span> <span class='ocrx_word' id='word_1_388' title='bbox 1616 368 1693 387; x_wconf 81' lang='lat' dir='ltr'><strong>anno</strong></span> 
     </span>
    </p>
   </div>
   <div class='ocr_carea' id='block_1_51' title="bbox 908 404 1692 438">
    <p class='ocr_par' dir='ltr' id='par_1_51' title="bbox 908 404 1692 438">
     <span class='ocr_line' id='line_1_51' title="bbox 908 404 1692 438; baseline -0.003 -4"><span class='ocrx_word' id='word_1_389' title='bbox 908 407 982 434; x_wconf 78' lang='lat' dir='ltr'><strong>horae</strong></span> <span class='ocrx_word' id='word_1_390' title='bbox 992 406 1045 433; x_wconf 66' lang='lat' dir='ltr'><strong>illic</strong></span> <span class='ocrx_word' id='word_1_391' title='bbox 1060 405 1120 433; x_wconf 69' lang='lat' dir='ltr'><strong>date</strong></span> <span class='ocrx_word' id='word_1_392' title='bbox 1131 406 1335 438; x_wconf 63' lang='lat' dir='ltr'><strong>subtrahantur,</strong></span> <span class='ocrx_word' id='word_1_393' title='bbox 1346 405 1418 432; x_wconf 86' lang='lat' dir='ltr'><strong>idem</strong></span> <span class='ocrx_word' id='word_1_394' title='bbox 1435 404 1500 432; x_wconf 85' lang='lat' dir='ltr'><strong>etin</strong></span> <span class='ocrx_word' id='word_1_395' title='bbox 1513 405 1602 432; x_wconf 73' lang='lat' dir='ltr'><strong>iuuari</strong></span> <span class='ocrx_word' id='word_1_396' title='bbox 1618 413 1692 432; x_wconf 83' lang='lat' dir='ltr'><strong>anno</strong></span> 
     </span>
    </p>
   </div>
   <div class='ocr_carea' id='block_1_52' title="bbox 908 450 1688 488">
    <p class='ocr_par' dir='ltr' id='par_1_52' title="bbox 908 450 1688 488">
     <span class='ocr_line' id='line_1_52' title="bbox 908 450 1688 488; baseline -0.003 -8"><span class='ocrx_word' id='word_1_397' title='bbox 908 453 1067 488; x_wconf 87' lang='lat' dir='ltr'><strong>imprudens</strong></span> <span class='ocrx_word' id='word_1_398' title='bbox 1086 452 1152 479; x_wconf 81' lang='lat' dir='ltr'><strong>facit</strong></span> <span class='ocrx_word' id='word_1_399' title='bbox 1168 460 1175 478; x_wconf 87' lang='lat'><strong>:</strong></span> <span class='ocrx_word' id='word_1_400' title='bbox 1202 453 1273 487; x_wconf 78' lang='lat' dir='ltr'><strong>quod</strong></span> <span class='ocrx_word' id='word_1_401' title='bbox 1289 458 1377 486; x_wconf 84' lang='lat' dir='ltr'><strong>neque</strong></span> <span class='ocrx_word' id='word_1_402' title='bbox 1390 458 1481 477; x_wconf 73' lang='lat' dir='ltr'><strong>verum</strong></span> <span class='ocrx_word' id='word_1_403' title='bbox 1495 456 1545 484; x_wconf 80' lang='lat' dir='ltr'><strong>e-t,</strong></span> <span class='ocrx_word' id='word_1_404' title='bbox 1562 458 1612 478; x_wconf 83' lang='lat' dir='ltr'><strong>nec</strong></span> <span class='ocrx_word' id='word_1_405' title='bbox 1625 450 1688 485; x_wconf 84' lang='lat' dir='ltr'><strong>Epi-</strong></span> 
     </span>
    </p>
   </div>
   <div class='ocr_carea' id='block_1_53' title="bbox 908 495 1691 532">
    <p class='ocr_par' dir='ltr' id='par_1_53' title="bbox 908 495 1691 532">
     <span class='ocr_line' id='line_1_53' title="bbox 908 495 1691 532; baseline -0.003 -8"><span class='ocrx_word' id='word_1_406' title='bbox 908 497 1022 532; x_wconf 86' lang='lat' dir='ltr'><strong>phanius</strong></span> <span class='ocrx_word' id='word_1_407' title='bbox 1033 497 1177 532; x_wconf 72' lang='lat' dir='ltr'><strong>signiﬁcat.</strong></span> <span class='ocrx_word' id='word_1_408' title='bbox 1194 496 1260 523; x_wconf 72' lang='lat' dir='ltr'><strong>Nam</strong></span> <span class='ocrx_word' id='word_1_409' title='bbox 1275 503 1335 523; x_wconf 82' lang='lat' dir='ltr'><strong>cum</strong></span> <span class='ocrx_word' id='word_1_410' title='bbox 1353 502 1396 522; x_wconf 81' lang='lat' dir='ltr'><strong>xiv</strong></span> <span class='ocrx_word' id='word_1_411' title='bbox 1412 495 1476 523; x_wconf 88' lang='lat' dir='ltr'><strong>anni</strong></span> <span class='ocrx_word' id='word_1_412' title='bbox 1496 496 1604 523; x_wconf 82' lang='lat' dir='ltr'><strong>lunares</strong></span> <span class='ocrx_word' id='word_1_413' title='bbox 1620 496 1691 523; x_wconf 85' lang='lat' dir='ltr'><strong>duo-</strong></span> 
     </span>
    </p>
   </div>
   <div class='ocr_carea' id='block_1_54' title="bbox 907 541 1692 578">
    <p class='ocr_par' dir='ltr' id='par_1_54' title="bbox 907 541 1692 578">
     <span class='ocr_line' id='line_1_54' title="bbox 907 541 1692 578; baseline -0.001 -6"><span class='ocrx_word' id='word_1_414' title='bbox 907 545 995 572; x_wconf 80' lang='lat' dir='ltr'><strong>decim</strong></span> <span class='ocrx_word' id='word_1_415' title='bbox 1014 545 1096 571; x_wconf 85' lang='lat' dir='ltr'><strong>horas</strong></span> <span class='ocrx_word' id='word_1_416' title='bbox 1111 551 1192 578; x_wconf 83' lang='lat' dir='ltr'><strong>supra</strong></span> <span class='ocrx_word' id='word_1_417' title='bbox 1208 541 1278 570; x_wconf 88' lang='grc'>5108</span> <span class='ocrx_word' id='word_1_418' title='bbox 1300 543 1358 571; x_wconf 77' lang='lat' dir='ltr'><strong>dies</strong></span> <span class='ocrx_word' id='word_1_419' title='bbox 1381 543 1510 578; x_wconf 78' lang='lat' dir='ltr'><strong>colligam</strong></span> <span class='ocrx_word' id='word_1_420' title='bbox 1525 563 1533 575; x_wconf 91' lang='lat'><strong>,</strong></span> <span class='ocrx_word' id='word_1_421' title='bbox 1560 542 1692 578; x_wconf 81' lang='lat' dir='ltr'><strong>Kepleriis</strong></span> 
     </span>
    </p>
   </div>
   <div class='ocr_carea' id='block_1_55' title="bbox 907 588 1692 624">
    <p class='ocr_par' dir='ltr' id='par_1_55' title="bbox 907 588 1692 624">
     <span class='ocr_line' id='line_1_55' title="bbox 907 588 1692 624; baseline -0.004 -5"><span class='ocrx_word' id='word_1_422' title='bbox 907 591 1000 619; x_wconf 82' lang='lat' dir='ltr'><strong>decem</strong></span> <span class='ocrx_word' id='word_1_423' title='bbox 1028 593 1131 617; x_wconf 84' lang='lat' dir='ltr'><strong>tantum</strong></span> <span class='ocrx_word' id='word_1_424' title='bbox 1158 589 1239 616; x_wconf 81' lang='lat' dir='ltr'><strong>horas</strong></span> <span class='ocrx_word' id='word_1_425' title='bbox 1264 589 1396 621; x_wconf 72' lang='lat' dir='ltr'><strong>attribuit,</strong></span> <span class='ocrx_word' id='word_1_426' title='bbox 1424 592 1563 623; x_wconf 73' lang='lat' dir='ltr'><strong>propterea</strong></span> <span class='ocrx_word' id='word_1_427' title='bbox 1580 588 1650 624; x_wconf 77' lang='lat' dir='ltr'><strong>quod</strong></span> <span class='ocrx_word' id='word_1_428' title='bbox 1677 596 1692 615; x_wconf 85' lang='lat' dir='ltr'><strong>e</strong></span> 
     </span>
    </p>
   </div>
   <div class='ocr_carea' id='block_1_56' title="bbox 906 632 1693 668">
    <p class='ocr_par' dir='ltr' id='par_1_56' title="bbox 906 632 1693 668">
     <span class='ocr_line' id='line_1_56' title="bbox 906 632 1693 668; baseline -0.003 -5"><span class='ocrx_word' id='word_1_429' title='bbox 906 635 976 664; x_wconf 89' lang='grc'>5108</span> <span class='ocrx_word' id='word_1_430' title='bbox 991 635 1097 667; x_wconf 87' lang='lat' dir='ltr'><strong>diebus,</strong></span> <span class='ocrx_word' id='word_1_431' title='bbox 1113 634 1242 668; x_wconf 85' lang='lat' dir='ltr'><strong>horisque</strong></span> <span class='ocrx_word' id='word_1_432' title='bbox 1256 634 1298 666; x_wconf 77' lang='grc'>12,</span> <span class='ocrx_word' id='word_1_433' title='bbox 1317 633 1448 661; x_wconf 84' lang='lat' dir='ltr'><strong>tredecim</strong></span> <span class='ocrx_word' id='word_1_434' title='bbox 1472 633 1552 661; x_wconf 85' lang='lat' dir='ltr'><strong>annis</strong></span> <span class='ocrx_word' id='word_1_435' title='bbox 1575 632 1693 661; x_wconf 68' lang='lat' dir='ltr'><strong>Iulianis</strong></span> 
     </span>
    </p>
   </div>
   <div class='ocr_carea' id='block_1_57' title="bbox 905 679 1692 713">
    <p class='ocr_par' dir='ltr' id='par_1_57' title="bbox 905 679 1692 713">
     <span class='ocr_line' id='line_1_57' title="bbox 905 679 1692 713; baseline -0.003 -5"><span class='ocrx_word' id='word_1_436' title='bbox 905 681 1046 713; x_wconf 81' lang='lat' dir='ltr'><strong>detractis,</strong></span> <span class='ocrx_word' id='word_1_437' title='bbox 1058 687 1121 708; x_wconf 85' lang='lat' dir='ltr'><strong>cum</strong></span> <span class='ocrx_word' id='word_1_438' title='bbox 1134 680 1232 707; x_wconf 84' lang='lat' dir='ltr'><strong>residui</strong></span> <span class='ocrx_word' id='word_1_439' title='bbox 1249 680 1303 707; x_wconf 86' lang='lat' dir='ltr'><strong>sint</strong></span> <span class='ocrx_word' id='word_1_440' title='bbox 1316 679 1374 706; x_wconf 85' lang='lat' dir='ltr'><strong>dies</strong></span> <span class='ocrx_word' id='word_1_441' title='bbox 1390 679 1416 711; x_wconf 87' lang='grc'><strong>5,</strong></span> <span class='ocrx_word' id='word_1_442' title='bbox 1434 679 1507 706; x_wconf 71' lang='lat' dir='ltr'><strong>horae</strong></span> <span class='ocrx_word' id='word_1_443' title='bbox 1518 679 1545 711; x_wconf 73' lang='lat'><strong>2,</strong></span> <span class='ocrx_word' id='word_1_444' title='bbox 1557 679 1604 706; x_wconf 84' lang='lat' dir='ltr'><strong>lias</strong></span> <span class='ocrx_word' id='word_1_445' title='bbox 1618 679 1692 713; x_wconf 83' lang='lat' dir='ltr'><strong>ipsas</strong></span> 
     </span>
    </p>
   </div>
   <div class='ocr_carea' id='block_1_58' title="bbox 907 724 1691 758">
    <p class='ocr_par' dir='ltr' id='par_1_58' title="bbox 907 724 1691 758">
     <span class='ocr_line' id='line_1_58' title="bbox 907 724 1691 758; baseline -0.005 -4"><span class='ocrx_word' id='word_1_446' title='bbox 907 727 987 754; x_wconf 82' lang='lat' dir='ltr'><strong>horas</strong></span> <span class='ocrx_word' id='word_1_447' title='bbox 1002 726 1070 753; x_wconf 86' lang='lat' dir='ltr'><strong>duas</strong></span> <span class='ocrx_word' id='word_1_448' title='bbox 1084 725 1188 753; x_wconf 84' lang='lat' dir='ltr'><strong>eximit.</strong></span> <span class='ocrx_word' id='word_1_449' title='bbox 1212 725 1302 758; x_wconf 80' lang='lat' dir='ltr'><strong>Quare</strong></span> <span class='ocrx_word' id='word_1_450' title='bbox 1326 729 1379 752; x_wconf 73' lang='lat' dir='ltr'><strong>tam</strong></span> <span class='ocrx_word' id='word_1_451' title='bbox 1410 724 1436 751; x_wconf 83' lang='lat' dir='ltr'><strong>in</strong></span> <span class='ocrx_word' id='word_1_452' title='bbox 1466 724 1553 751; x_wconf 85' lang='lat' dir='ltr'><strong>lunari</strong></span> <span class='ocrx_word' id='word_1_453' title='bbox 1572 729 1691 751; x_wconf 81' lang='lat' dir='ltr'><strong>tessara-</strong></span> 
     </span>
    </p>
   </div>
   <div class='ocr_carea' id='block_1_59' title="bbox 905 769 1691 806">
    <p class='ocr_par' dir='ltr' id='par_1_59' title="bbox 905 769 1691 806">
     <span class='ocr_line' id='line_1_59' title="bbox 905 769 1691 806; baseline -0.004 -7"><span class='ocrx_word' id='word_1_454' title='bbox 905 771 1085 804; x_wconf 82' lang='lat' dir='ltr'><strong>decaelcride,</strong></span> <span class='ocrx_word' id='word_1_455' title='bbox 1103 777 1183 806; x_wconf 82' lang='lat' dir='ltr'><strong>quam</strong></span> <span class='ocrx_word' id='word_1_456' title='bbox 1201 771 1227 797; x_wconf 93' lang='lat' dir='ltr'><strong>in</strong></span> <span class='ocrx_word' id='word_1_457' title='bbox 1240 769 1358 802; x_wconf 84' lang='lat' dir='ltr'><strong>Jiiliana,</strong></span> <span class='ocrx_word' id='word_1_458' title='bbox 1376 769 1458 797; x_wconf 87' lang='lat' dir='ltr'><strong>horas</strong></span> <span class='ocrx_word' id='word_1_459' title='bbox 1480 770 1598 797; x_wconf 72' lang='lat' dir='ltr'><strong>detrahit</strong></span> <span class='ocrx_word' id='word_1_460' title='bbox 1612 770 1691 802; x_wconf 84' lang='lat' dir='ltr'><strong>duas,</strong></span> 
     </span>
    </p>
   </div>
   <div class='ocr_carea' id='block_1_60' title="bbox 906 814 1691 852">
    <p class='ocr_par' dir='ltr' id='par_1_60' title="bbox 906 814 1691 852">
     <span class='ocr_line' id='line_1_60' title="bbox 906 814 1691 852; baseline -0.005 -8"><span class='ocrx_word' id='word_1_461' title='bbox 906 817 1027 851; x_wconf 77' lang='lat' dir='ltr'><strong>adeoque</strong></span> <span class='ocrx_word' id='word_1_462' title='bbox 1041 821 1104 852; x_wconf 57' lang='grc' dir='ltr'><strong>νῶι</strong></span> <span class='ocrx_word' id='word_1_463' title='bbox 1121 815 1170 842; x_wconf 82' lang='grc'><strong>168</strong></span> <span class='ocrx_word' id='word_1_464' title='bbox 1183 823 1270 842; x_wconf 82' lang='lat' dir='ltr'><strong>annos</strong></span> <span class='ocrx_word' id='word_1_465' title='bbox 1295 814 1440 849; x_wconf 77' lang='lat' dir='ltr'><strong>utrobique</strong></span> <span class='ocrx_word' id='word_1_466' title='bbox 1455 814 1515 841; x_wconf 86' lang='lat' dir='ltr'><strong>dies</strong></span> <span class='ocrx_word' id='word_1_467' title='bbox 1529 822 1600 841; x_wconf 88' lang='lat' dir='ltr'><strong>unus</strong></span> <span class='ocrx_word' id='word_1_468' title='bbox 1618 815 1691 849; x_wconf 78' lang='lat' dir='ltr'><strong>peri-</strong></span> 
     </span>
    </p>
   </div>
   <div class='ocr_carea' id='block_1_61' title="bbox 907 859 1690 896">
    <p class='ocr_par' dir='ltr' id='par_1_61' title="bbox 907 859 1690 896">
     <span class='ocr_line' id='line_1_61' title="bbox 907 859 1690 896; baseline -0.001 -8"><span class='ocrx_word' id='word_1_469' title='bbox 907 862 1005 889; x_wconf 86' lang='lat' dir='ltr'><strong>mitur:</strong></span> <span class='ocrx_word' id='word_1_470' title='bbox 1019 861 1092 896; x_wconf 90' lang='lat' dir='ltr'><strong>qiiod</strong></span> <span class='ocrx_word' id='word_1_471' title='bbox 1105 861 1131 888; x_wconf 89' lang='lat' dir='ltr'><strong>in</strong></span> <span class='ocrx_word' id='word_1_472' title='bbox 1148 868 1220 887; x_wconf 84' lang='lat' dir='ltr'><strong>anno</strong></span> <span class='ocrx_word' id='word_1_473' title='bbox 1236 859 1326 886; x_wconf 87' lang='lat' dir='ltr'><strong>lniiaii</strong></span> <span class='ocrx_word' id='word_1_474' title='bbox 1339 867 1454 894; x_wconf 83' lang='lat' dir='ltr'><strong>prorsus</strong></span> <span class='ocrx_word' id='word_1_475' title='bbox 1468 864 1510 887; x_wconf 85' lang='lat' dir='ltr'><strong>est</strong></span> <span class='ocrx_word' id='word_1_476' title='bbox 1525 859 1690 887; x_wconf 84' lang='lat' dir='ltr'><strong>inauditum.</strong></span> 
     </span>
    </p>
   </div>
   <div class='ocr_carea' id='block_1_62' title="bbox 906 906 1691 942">
    <p class='ocr_par' dir='ltr' id='par_1_62' title="bbox 906 906 1691 942">
     <span class='ocr_line' id='line_1_62' title="bbox 906 906 1691 942; baseline -0.005 -6"><span class='ocrx_word' id='word_1_477' title='bbox 906 909 1038 941; x_wconf 80' lang='lat' dir='ltr'><strong>Alterum,</strong></span> <span class='ocrx_word' id='word_1_478' title='bbox 1054 907 1125 942; x_wconf 86' lang='lat' dir='ltr'><strong>quod</strong></span> <span class='ocrx_word' id='word_1_479' title='bbox 1137 906 1317 941; x_wconf 80' lang='lat' dir='ltr'><strong>Epiphaiiiiim</strong></span> <span class='ocrx_word' id='word_1_480' title='bbox 1330 906 1472 940; x_wconf 84' lang='lat' dir='ltr'><strong>scripsisse</strong></span> <span class='ocrx_word' id='word_1_481' title='bbox 1482 910 1568 940; x_wconf 80' lang='lat' dir='ltr'><strong>putat.</strong></span> <span class='ocrx_word' id='word_1_482' title='bbox 1581 906 1619 938; x_wconf 65' lang='lat' dir='ltr'><strong>ci&#39;</strong></span> <span class='ocrx_word' id='word_1_483' title='bbox 1629 906 1691 941; x_wconf 76' lang='grc' dir='ltr'><strong>ὴμέ-</strong></span> 
     </span>
    </p>
   </div>
   <div class='ocr_carea' id='block_1_63' title="bbox 909 949 1693 990">
    <p class='ocr_par' dir='ltr' id='par_1_63' title="bbox 909 949 1693 990">
     <span class='ocr_line' id='line_1_63' title="bbox 909 949 1693 990; baseline -0.006 -9"><span class='ocrx_word' id='word_1_484' title='bbox 909 962 968 990; x_wconf 79' lang='grc' dir='ltr'>ραι,</span> <span class='ocrx_word' id='word_1_485' title='bbox 984 953 1059 989; x_wconf 75' lang='grc' dir='ltr'>παρὰ</span> <span class='ocrx_word' id='word_1_486' title='bbox 1081 953 1155 988; x_wconf 76' lang='grc' dir='ltr'><strong>ὥρας</strong></span> <span class='ocrx_word' id='word_1_487' title='bbox 1175 952 1232 983; x_wconf 69' lang='grc' dir='ltr'>δύο,</span> <span class='ocrx_word' id='word_1_488' title='bbox 1255 958 1305 986; x_wconf 90' lang='lat' dir='ltr'><strong>pro</strong></span> <span class='ocrx_word' id='word_1_489' title='bbox 1328 951 1381 983; x_wconf 80' lang='grc' dir='ltr'><strong>τξε¹</strong></span> <span class='ocrx_word' id='word_1_490' title='bbox 1397 950 1499 986; x_wconf 79' lang='grc' dir='ltr'><strong>ἡμέραι</strong></span> <span class='ocrx_word' id='word_1_491' title='bbox 1519 951 1594 986; x_wconf 66' lang='grc' dir='ltr'><strong>παρὰ</strong></span> <span class='ocrx_word' id='word_1_492' title='bbox 1618 949 1693 985; x_wconf 71' lang='grc' dir='ltr'>ὦρνιν</span> 
     </span>
    </p>
   </div>
   <div class='ocr_carea' id='block_1_64' title="bbox 909 996 1693 1036">
    <p class='ocr_par' dir='ltr' id='par_1_64' title="bbox 909 996 1693 1036">
     <span class='ocr_line' id='line_1_64' title="bbox 909 996 1693 1036; baseline -0.006 -9"><span class='ocrx_word' id='word_1_493' title='bbox 909 1000 973 1036; x_wconf 83' lang='grc' dir='ltr'><strong>μίαν</strong></span> <span class='ocrx_word' id='word_1_494' title='bbox 987 1020 994 1032; x_wconf 92' lang='grc'><strong>,</strong></span> <span class='ocrx_word' id='word_1_495' title='bbox 1018 1000 1070 1026; x_wconf 88' lang='lat' dir='ltr'><strong>hoc</strong></span> <span class='ocrx_word' id='word_1_496' title='bbox 1097 1003 1138 1025; x_wconf 87' lang='lat' dir='ltr'><strong>est</strong></span> <span class='ocrx_word' id='word_1_497' title='bbox 1163 997 1246 1024; x_wconf 85' lang='lat' dir='ltr'><strong>lim-as</strong></span> <span class='ocrx_word' id='word_1_498' title='bbox 1268 997 1285 1023; x_wconf 71' lang='grc'><strong>’1</strong></span> <span class='ocrx_word' id='word_1_499' title='bbox 1302 1004 1383 1031; x_wconf 79' lang='lat' dir='ltr'><strong>supra</strong></span> <span class='ocrx_word' id='word_1_500' title='bbox 1397 997 1456 1024; x_wconf 78' lang='lat' dir='ltr'><strong>dies</strong></span> <span class='ocrx_word' id='word_1_501' title='bbox 1470 996 1521 1023; x_wconf 79' lang='grc'><strong>560</strong></span> <span class='ocrx_word' id='word_1_502' title='bbox 1541 1003 1693 1031; x_wconf 61' lang='lat' dir='ltr'><strong>superesse.</strong></span> 
     </span>
    </p>
   </div>
   <div class='ocr_carea' id='block_1_65' title="bbox 907 1041 1692 1076">
    <p class='ocr_par' dir='ltr' id='par_1_65' title="bbox 907 1041 1692 1076">
     <span class='ocr_line' id='line_1_65' title="bbox 907 1041 1692 1076; baseline -0.008 -3"><span class='ocrx_word' id='word_1_503' title='bbox 907 1045 974 1072; x_wconf 82' lang='lat' dir='ltr'><strong>Nam</strong></span> <span class='ocrx_word' id='word_1_504' title='bbox 987 1045 1013 1072; x_wconf 93' lang='lat' dir='ltr'><strong>in</strong></span> <span class='ocrx_word' id='word_1_505' title='bbox 1030 1045 1134 1072; x_wconf 89' lang='lat' dir='ltr'><strong>dierum</strong></span> <span class='ocrx_word' id='word_1_506' title='bbox 1151 1049 1265 1070; x_wconf 89' lang='lat' dir='ltr'><strong>numero</strong></span> <span class='ocrx_word' id='word_1_507' title='bbox 1283 1047 1355 1069; x_wconf 85' lang='lat' dir='ltr'><strong>recte</strong></span> <span class='ocrx_word' id='word_1_508' title='bbox 1370 1041 1522 1076; x_wconf 85' lang='lat' dir='ltr'><strong>quinariam</strong></span> <span class='ocrx_word' id='word_1_509' title='bbox 1545 1046 1637 1068; x_wconf 74' lang='lat' dir='ltr'><strong>notaui</strong></span> <span class='ocrx_word' id='word_1_510' title='bbox 1653 1041 1692 1068; x_wconf 90' lang='lat' dir='ltr'><strong>iii-</strong></span> 
     </span>
    </p>
   </div>
   <div class='ocr_carea' id='block_1_66' title="bbox 907 1086 1692 1123">
    <p class='ocr_par' dir='ltr' id='par_1_66' title="bbox 907 1086 1692 1123">
     <span class='ocr_line' id='line_1_66' title="bbox 907 1086 1692 1123; baseline -0.008 -5"><span class='ocrx_word' id='word_1_511' title='bbox 907 1090 1056 1118; x_wconf 84' lang='lat' dir='ltr'><strong>ducendam</strong></span> <span class='ocrx_word' id='word_1_512' title='bbox 1071 1088 1188 1116; x_wconf 85' lang='lat' dir='ltr'><strong>censuit:</strong></span> <span class='ocrx_word' id='word_1_513' title='bbox 1201 1088 1247 1116; x_wconf 87' lang='lat' dir='ltr'><strong>sed</strong></span> <span class='ocrx_word' id='word_1_514' title='bbox 1264 1091 1293 1114; x_wconf 91' lang='lat' dir='ltr'><strong>ut</strong></span> <span class='ocrx_word' id='word_1_515' title='bbox 1308 1087 1383 1123; x_wconf 77' lang='grc' dir='ltr'><strong>παρά</strong></span> <span class='ocrx_word' id='word_1_516' title='bbox 1409 1086 1479 1114; x_wconf 89' lang='lat' dir='ltr'><strong>idem</strong></span> <span class='ocrx_word' id='word_1_517' title='bbox 1494 1086 1528 1113; x_wconf 88' lang='lat' dir='ltr'><strong>sit</strong></span> <span class='ocrx_word' id='word_1_518' title='bbox 1542 1094 1574 1114; x_wconf 82' lang='lat' dir='ltr'><strong>ac</strong></span> <span class='ocrx_word' id='word_1_519' title='bbox 1585 1092 1692 1121; x_wconf 68' lang='lat' dir='ltr'><strong>printer,</strong></span> 
     </span>
    </p>
   </div>
   <div class='ocr_carea' id='block_1_67' title="bbox 907 1131 1692 1169">
    <p class='ocr_par' dir='ltr' id='par_1_67' title="bbox 907 1131 1692 1169">
     <span class='ocr_line' id='line_1_67' title="bbox 907 1131 1692 1169; baseline -0.009 -5"><span class='ocrx_word' id='word_1_520' title='bbox 907 1136 1033 1165; x_wconf 78' lang='lat' dir='ltr'><strong>assentiri</strong></span> <span class='ocrx_word' id='word_1_521' title='bbox 1047 1143 1098 1162; x_wconf 92' lang='lat' dir='ltr'><strong>non</strong></span> <span class='ocrx_word' id='word_1_522' title='bbox 1111 1141 1232 1169; x_wconf 85' lang='lat' dir='ltr'><strong>possum,</strong></span> <span class='ocrx_word' id='word_1_523' title='bbox 1248 1133 1310 1168; x_wconf 83' lang='lat' dir='ltr'><strong>quia</strong></span> <span class='ocrx_word' id='word_1_524' title='bbox 1325 1131 1459 1160; x_wconf 81' lang='lat' dir='ltr'><strong>delectum</strong></span> <span class='ocrx_word' id='word_1_525' title='bbox 1475 1132 1563 1167; x_wconf 88' lang='lat' dir='ltr'><strong>potius</strong></span> <span class='ocrx_word' id='word_1_526' title='bbox 1576 1131 1602 1158; x_wconf 89' lang='lat' dir='ltr'><strong>in</strong></span> <span class='ocrx_word' id='word_1_527' title='bbox 1616 1131 1692 1165; x_wconf 76' lang='lat' dir='ltr'><strong>ejus-</strong></span> 
     </span>
    </p>
   </div>
   <div class='ocr_carea' id='block_1_68' title="bbox 906 1175 1692 1213">
    <p class='ocr_par' dir='ltr' id='par_1_68' title="bbox 906 1175 1692 1213">
     <span class='ocr_line' id='line_1_68' title="bbox 906 1175 1692 1213; baseline -0.009 -5"><span class='ocrx_word' id='word_1_528' title='bbox 906 1181 978 1209; x_wconf 87' lang='lat' dir='ltr'><strong>modi</strong></span> <span class='ocrx_word' id='word_1_529' title='bbox 1005 1179 1206 1208; x_wconf 87' lang='lat' dir='ltr'><strong>constructione</strong></span> <span class='ocrx_word' id='word_1_530' title='bbox 1232 1178 1366 1213; x_wconf 76' lang='lat' dir='ltr'><strong>signillcat</strong></span> <span class='ocrx_word' id='word_1_531' title='bbox 1382 1184 1388 1203; x_wconf 93' lang='lat'>:</span> <span class='ocrx_word' id='word_1_532' title='bbox 1406 1181 1502 1211; x_wconf 78' lang='lat' dir='ltr'><strong>estque</strong></span> <span class='ocrx_word' id='word_1_533' title='bbox 1520 1175 1596 1212; x_wconf 75' lang='grc' dir='ltr'>παρὰ</span> <span class='ocrx_word' id='word_1_534' title='bbox 1617 1175 1692 1211; x_wconf 80' lang='grc' dir='ltr'>ὤραν</span> 
     </span>
    </p>
   </div>
   <div class='ocr_carea' id='block_1_69' title="bbox 908 1219 1692 1261">
    <p class='ocr_par' dir='ltr' id='par_1_69' title="bbox 908 1219 1692 1261">
     <span class='ocr_line' id='line_1_69' title="bbox 908 1219 1692 1261; baseline -0.008 -9"><span class='ocrx_word' id='word_1_535' title='bbox 908 1226 983 1261; x_wconf 83' lang='grc' dir='ltr'>μίαν,</span> <span class='ocrx_word' id='word_1_536' title='bbox 1010 1233 1063 1251; x_wconf 83' lang='lat' dir='ltr'><strong>una</strong></span> <span class='ocrx_word' id='word_1_537' title='bbox 1085 1224 1149 1250; x_wconf 84' lang='lat' dir='ltr'><strong>liora</strong></span> <span class='ocrx_word' id='word_1_538' title='bbox 1165 1223 1261 1250; x_wconf 81' lang='lat' dir='ltr'><strong>minus.</strong></span> <span class='ocrx_word' id='word_1_539' title='bbox 1285 1221 1363 1254; x_wconf 79' lang='lat' dir='ltr'><strong>Quod</strong></span> <span class='ocrx_word' id='word_1_540' title='bbox 1381 1225 1407 1248; x_wconf 89' lang='lat' dir='ltr'><strong>et</strong></span> <span class='ocrx_word' id='word_1_541' title='bbox 1425 1220 1540 1248; x_wconf 84' lang='lat' dir='ltr'><strong>subinde</strong></span> <span class='ocrx_word' id='word_1_542' title='bbox 1563 1219 1692 1255; x_wconf 76' lang='lat' dir='ltr'><strong>Keplei-us</strong></span> 
     </span>
    </p>
   </div>
   <div class='ocr_carea' id='block_1_70' title="bbox 906 1267 1692 1309">
    <p class='ocr_par' dir='ltr' id='par_1_70' title="bbox 906 1267 1692 1309">
     <span class='ocr_line' id='line_1_70' title="bbox 906 1267 1692 1309; baseline -0.008 -9"><span class='ocrx_word' id='word_1_543' title='bbox 906 1272 1080 1309; x_wconf 71' lang='lat' dir='ltr'><strong>agnoscit;et</strong></span> <span class='ocrx_word' id='word_1_544' title='bbox 1097 1271 1213 1306; x_wconf 88' lang='lat' dir='ltr'><strong>priorem</strong></span> <span class='ocrx_word' id='word_1_545' title='bbox 1231 1269 1304 1297; x_wconf 85' lang='lat' dir='ltr'><strong>illam</strong></span> <span class='ocrx_word' id='word_1_546' title='bbox 1321 1268 1452 1296; x_wconf 87' lang='lat' dir='ltr'><strong>rationein</strong></span> <span class='ocrx_word' id='word_1_547' title='bbox 1471 1267 1543 1295; x_wconf 87' lang='lat' dir='ltr'><strong>haud</strong></span> <span class='ocrx_word' id='word_1_548' title='bbox 1554 1268 1619 1296; x_wconf 81' lang='lat' dir='ltr'><strong>satis</strong></span> <span class='ocrx_word' id='word_1_549' title='bbox 1634 1268 1692 1302; x_wconf 85' lang='lat' dir='ltr'><strong>pla-</strong></span> 
     </span>
    </p>
   </div>
   <div class='ocr_carea' id='block_1_71' title="bbox 906 1314 1689 1349">
    <p class='ocr_par' dir='ltr' id='par_1_71' title="bbox 906 1314 1689 1349">
     <span class='ocr_line' id='line_1_71' title="bbox 906 1314 1689 1349; baseline -0.01 -2"><span class='ocrx_word' id='word_1_550' title='bbox 906 1326 967 1347; x_wconf 83' lang='lat' dir='ltr'><strong>cere</strong></span> <span class='ocrx_word' id='word_1_551' title='bbox 979 1318 1030 1345; x_wconf 90' lang='lat' dir='ltr'><strong>sibi</strong></span> <span class='ocrx_word' id='word_1_552' title='bbox 1045 1317 1151 1344; x_wconf 77' lang='lat' dir='ltr'><strong>fatetur.</strong></span> <span class='ocrx_word' id='word_1_553' title='bbox 1168 1316 1252 1349; x_wconf 76' lang='lat' dir='ltr'><strong>igitur</strong></span> <span class='ocrx_word' id='word_1_554' title='bbox 1268 1315 1412 1349; x_wconf 71' lang='lat' dir='ltr'><strong>diligenter</strong></span> <span class='ocrx_word' id='word_1_555' title='bbox 1425 1314 1566 1342; x_wconf 77' lang='lat' dir='ltr'><strong>subductis</strong></span> <span class='ocrx_word' id='word_1_556' title='bbox 1587 1321 1619 1341; x_wconf 93' lang='lat' dir='ltr'><strong>ac</strong></span> <span class='ocrx_word' id='word_1_557' title='bbox 1632 1319 1689 1340; x_wconf 87' lang='lat' dir='ltr'><strong>len-</strong></span> 
     </span>
    </p>
   </div>
   <div class='ocr_carea' id='block_1_72' title="bbox 907 1358 1690 1395">
    <p class='ocr_par' dir='ltr' id='par_1_72' title="bbox 907 1358 1690 1395">
     <span class='ocr_line' id='line_1_72' title="bbox 907 1358 1690 1395; baseline -0.009 -4"><span class='ocrx_word' id='word_1_558' title='bbox 907 1363 971 1391; x_wconf 82' lang='lat' dir='ltr'><strong>tatis</strong></span> <span class='ocrx_word' id='word_1_559' title='bbox 991 1362 1128 1393; x_wconf 88' lang='lat' dir='ltr'><strong>omnibus,</strong></span> <span class='ocrx_word' id='word_1_560' title='bbox 1153 1360 1253 1395; x_wconf 91' lang='lat' dir='ltr'><strong>quibus</strong></span> <span class='ocrx_word' id='word_1_561' title='bbox 1274 1358 1461 1386; x_wconf 83' lang='lat' dir='ltr'><strong>dill‘icilliuium</strong></span> <span class='ocrx_word' id='word_1_562' title='bbox 1487 1358 1559 1386; x_wconf 87' lang='lat' dir='ltr'><strong>hunc</strong></span> <span class='ocrx_word' id='word_1_563' title='bbox 1584 1358 1690 1394; x_wconf 75' lang='lat' dir='ltr'><strong>cyclnni</strong></span> 
     </span>
    </p>
   </div>
   <div class='ocr_carea' id='block_1_73' title="bbox 907 1404 1686 1442">
    <p class='ocr_par' dir='ltr' id='par_1_73' title="bbox 907 1404 1686 1442">
     <span class='ocr_line' id='line_1_73' title="bbox 907 1404 1686 1442; baseline -0.006 -5"><span class='ocrx_word' id='word_1_564' title='bbox 907 1414 1026 1437; x_wconf 89' lang='lat' dir='ltr'><strong>tractare</strong></span> <span class='ocrx_word' id='word_1_565' title='bbox 1048 1413 1129 1442; x_wconf 90' lang='lat' dir='ltr'><strong>atque</strong></span> <span class='ocrx_word' id='word_1_566' title='bbox 1139 1407 1277 1434; x_wconf 88' lang='lat' dir='ltr'><strong>illustrare</strong></span> <span class='ocrx_word' id='word_1_567' title='bbox 1305 1412 1458 1440; x_wconf 75' lang='lat' dir='ltr'><strong>possemus.</strong></span> <span class='ocrx_word' id='word_1_568' title='bbox 1483 1404 1582 1440; x_wconf 87' lang='lat' dir='ltr'><strong>duplici</strong></span> <span class='ocrx_word' id='word_1_569' title='bbox 1600 1405 1625 1431; x_wconf 87' lang='lat' dir='ltr'><strong>id</strong></span> <span class='ocrx_word' id='word_1_570' title='bbox 1642 1412 1686 1432; x_wconf 80' lang='lat' dir='ltr'><strong>ra-</strong></span> 
     </span>
    </p>
   </div>
   <div class='ocr_carea' id='block_1_74' title="bbox 906 1449 1692 1490">
    <p class='ocr_par' dir='ltr' id='par_1_74' title="bbox 906 1449 1692 1490">
     <span class='ocr_line' id='line_1_74' title="bbox 906 1449 1692 1490; baseline -0.01 -6"><span class='ocrx_word' id='word_1_571' title='bbox 906 1456 979 1484; x_wconf 88' lang='lat' dir='ltr'><strong>tione</strong></span> <span class='ocrx_word' id='word_1_572' title='bbox 995 1453 1303 1490; x_wconf 79' lang='lat' dir='ltr'><strong>pcrleciiniis;quarum</strong></span> <span class='ocrx_word' id='word_1_573' title='bbox 1317 1449 1484 1482; x_wconf 82' lang='lat' dir='ltr'><strong>alterutram,</strong></span> <span class='ocrx_word' id='word_1_574' title='bbox 1501 1449 1692 1483; x_wconf 86' lang='lat' dir='ltr'><strong>nlsil&#39;allimur,</strong></span> 
     </span>
    </p>
   </div>
   <div class='ocr_carea' id='block_1_75' title="bbox 906 1495 1520 1537">
    <p class='ocr_par' dir='ltr' id='par_1_75' title="bbox 906 1495 1520 1537">
     <span class='ocr_line' id='line_1_75' title="bbox 906 1495 1520 1537; baseline -0.013 -8"><span class='ocrx_word' id='word_1_575' title='bbox 906 1509 984 1537; x_wconf 81' lang='lat' dir='ltr'><strong>aequo</strong></span> <span class='ocrx_word' id='word_1_576' title='bbox 997 1505 1078 1534; x_wconf 83' lang='lat' dir='ltr'><strong>atque</strong></span> <span class='ocrx_word' id='word_1_577' title='bbox 1098 1497 1206 1526; x_wconf 82' lang='lat' dir='ltr'><strong>erudito</strong></span> <span class='ocrx_word' id='word_1_578' title='bbox 1225 1495 1318 1524; x_wconf 84' lang='lat' dir='ltr'><strong>lectori</strong></span> <span class='ocrx_word' id='word_1_579' title='bbox 1331 1495 1520 1531; x_wconf 84' lang='lat' dir='ltr'><strong>probabimus.</strong></span> 
     </span>
    </p>
   </div>
   <div class='ocr_carea' id='block_1_76' title="bbox 942 1585 1691 1622">
    <p class='ocr_par' dir='ltr' id='par_1_76' title="bbox 942 1585 1691 1622">
     <span class='ocr_line' id='line_1_76' title="bbox 942 1585 1691 1622; baseline -0.011 -2"><span class='ocrx_word' id='word_1_580' title='bbox 942 1592 1033 1620; x_wconf 76' lang='lat' dir='ltr'><strong>Prima</strong></span> <span class='ocrx_word' id='word_1_581' title='bbox 1046 1595 1136 1617; x_wconf 85' lang='lat' dir='ltr'><strong>autem</strong></span> <span class='ocrx_word' id='word_1_582' title='bbox 1149 1592 1190 1616; x_wconf 85' lang='lat' dir='ltr'><strong>est</strong></span> <span class='ocrx_word' id='word_1_583' title='bbox 1205 1586 1339 1622; x_wconf 87' lang='lat' dir='ltr'><strong>ejusmodi</strong></span> <span class='ocrx_word' id='word_1_584' title='bbox 1355 1595 1362 1614; x_wconf 87' lang='lat'><strong>:</strong></span> <span class='ocrx_word' id='word_1_585' title='bbox 1382 1585 1465 1613; x_wconf 61' lang='lat' dir='ltr'><strong>iudici</strong></span> <span class='ocrx_word' id='word_1_586' title='bbox 1483 1585 1588 1621; x_wconf 81' lang='lat' dir='ltr'><strong>cyclum</strong></span> <span class='ocrx_word' id='word_1_587' title='bbox 1614 1593 1691 1613; x_wconf 84' lang='lat' dir='ltr'><strong>usur-</strong></span> 
     </span>
    </p>
   </div>
   <div class='ocr_carea' id='block_1_77' title="bbox 907 1631 1692 1674">
    <p class='ocr_par' dir='ltr' id='par_1_77' title="bbox 907 1631 1692 1674">
     <span class='ocr_line' id='line_1_77' title="bbox 907 1631 1692 1674; baseline -0.011 -8"><span class='ocrx_word' id='word_1_588' title='bbox 907 1639 1008 1674; x_wconf 79' lang='lat' dir='ltr'><strong>pabant</strong></span> <span class='ocrx_word' id='word_1_589' title='bbox 1029 1636 1180 1671; x_wconf 86' lang='lat' dir='ltr'><strong>duplicem,</strong></span> <span class='ocrx_word' id='word_1_590' title='bbox 1207 1633 1355 1668; x_wconf 84' lang='lat' dir='ltr'><strong>majorem,</strong></span> <span class='ocrx_word' id='word_1_591' title='bbox 1384 1639 1417 1659; x_wconf 88' lang='lat' dir='ltr'><strong>ac</strong></span> <span class='ocrx_word' id='word_1_592' title='bbox 1443 1631 1600 1658; x_wconf 89' lang='lat' dir='ltr'><strong>minorem:</strong></span> <span class='ocrx_word' id='word_1_593' title='bbox 1621 1631 1692 1658; x_wconf 89' lang='lat' dir='ltr'><strong>hunc</strong></span> 
     </span>
    </p>
   </div>
   <div class='ocr_carea' id='block_1_78' title="bbox 907 1675 1692 1716">
    <p class='ocr_par' dir='ltr' id='par_1_78' title="bbox 907 1675 1692 1716">
     <span class='ocr_line' id='line_1_78' title="bbox 907 1675 1692 1716; baseline -0.013 -4"><span class='ocrx_word' id='word_1_594' title='bbox 907 1692 962 1716; x_wconf 80' lang='lat' dir='ltr'><strong>Xiv,</strong></span> <span class='ocrx_word' id='word_1_595' title='bbox 981 1683 1056 1710; x_wconf 89' lang='lat' dir='ltr'><strong>illum</strong></span> <span class='ocrx_word' id='word_1_596' title='bbox 1074 1681 1174 1708; x_wconf 75' lang='lat' dir='ltr'><strong>ux‘nv</strong></span> <span class='ocrx_word' id='word_1_597' title='bbox 1188 1685 1333 1706; x_wconf 87' lang='lat' dir='ltr'><strong>annorum.</strong></span> <span class='ocrx_word' id='word_1_598' title='bbox 1351 1676 1484 1704; x_wconf 85' lang='lat' dir='ltr'><strong>Liinarcm</strong></span> <span class='ocrx_word' id='word_1_599' title='bbox 1499 1683 1599 1703; x_wconf 84' lang='lat' dir='ltr'><strong>annum</strong></span> <span class='ocrx_word' id='word_1_600' title='bbox 1612 1675 1692 1702; x_wconf 82' lang='lat' dir='ltr'><strong>iidem</strong></span> 
     </span>
    </p>
   </div>
   <div class='ocr_carea' id='block_1_79' title="bbox 906 1721 1693 1764">
    <p class='ocr_par' dir='ltr' id='par_1_79' title="bbox 906 1721 1693 1764">
     <span class='ocr_line' id='line_1_79' title="bbox 906 1721 1693 1764; baseline -0.011 -8"><span class='ocrx_word' id='word_1_601' title='bbox 906 1727 1020 1764; x_wconf 67' lang='lat' dir='ltr'><strong>pi‘mcise</strong></span> <span class='ocrx_word' id='word_1_602' title='bbox 1035 1726 1142 1753; x_wconf 89' lang='lat' dir='ltr'><strong>dierum</strong></span> <span class='ocrx_word' id='word_1_603' title='bbox 1155 1723 1219 1754; x_wconf 69' lang='grc'>551,</span> <span class='ocrx_word' id='word_1_604' title='bbox 1234 1722 1363 1749; x_wconf 87' lang='lat' dir='ltr'><strong>horarum</strong></span> <span class='ocrx_word' id='word_1_605' title='bbox 1389 1721 1406 1748; x_wconf 87' lang='lat'>8</span> <span class='ocrx_word' id='word_1_606' title='bbox 1422 1721 1633 1748; x_wconf 86' lang='lat' dir='ltr'><strong>constituebant.</strong></span> <span class='ocrx_word' id='word_1_607' title='bbox 1654 1721 1693 1747; x_wconf 85' lang='lat' dir='ltr'><strong>lia</strong></span> 
     </span>
    </p>
   </div>
   <div class='ocr_carea' id='block_1_80' title="bbox 906 1766 1691 1800">
    <p class='ocr_par' dir='ltr' id='par_1_80' title="bbox 906 1766 1691 1800">
     <span class='ocr_line' id='line_1_80' title="bbox 906 1766 1691 1800; baseline -0.01 0"><span class='ocrx_word' id='word_1_608' title='bbox 906 1774 933 1800; x_wconf 93' lang='lat' dir='ltr'><strong>in</strong></span> <span class='ocrx_word' id='word_1_609' title='bbox 947 1768 1221 1800; x_wconf 80' lang='lat' dir='ltr'><strong>tessaradecaeteride</strong></span> <span class='ocrx_word' id='word_1_610' title='bbox 1232 1767 1292 1795; x_wconf 86' lang='lat' dir='ltr'><strong>dies</strong></span> <span class='ocrx_word' id='word_1_611' title='bbox 1311 1771 1389 1794; x_wconf 88' lang='lat' dir='ltr'><strong>erant</strong></span> <span class='ocrx_word' id='word_1_612' title='bbox 1403 1766 1484 1796; x_wconf 83' lang='lat' dir='ltr'><strong>5l08.</strong></span> <span class='ocrx_word' id='word_1_613' title='bbox 1498 1766 1572 1794; x_wconf 67' lang='lat' dir='ltr'><strong>horae</strong></span> <span class='ocrx_word' id='word_1_614' title='bbox 1580 1766 1607 1794; x_wconf 76' lang='grc'><strong>1.</strong></span> <span class='ocrx_word' id='word_1_615' title='bbox 1622 1766 1691 1793; x_wconf 83' lang='lat' dir='ltr'><strong>Anni</strong></span> 
     </span>
    </p>
   </div>
   <div class='ocr_carea' id='block_1_81' title="bbox 906 1811 1691 1849">
    <p class='ocr_par' dir='ltr' id='par_1_81' title="bbox 906 1811 1691 1849">
     <span class='ocr_line' id='line_1_81' title="bbox 906 1811 1691 1849; baseline -0.01 -3"><span class='ocrx_word' id='word_1_616' title='bbox 906 1818 1017 1845; x_wconf 87' lang='lat' dir='ltr'><strong>lunares</strong></span> <span class='ocrx_word' id='word_1_617' title='bbox 1033 1823 1078 1843; x_wconf 84' lang='lat' dir='ltr'><strong>xiv</strong></span> <span class='ocrx_word' id='word_1_618' title='bbox 1091 1813 1230 1849; x_wconf 85' lang='lat' dir='ltr'><strong>simplices</strong></span> <span class='ocrx_word' id='word_1_619' title='bbox 1251 1813 1310 1840; x_wconf 88' lang='lat' dir='ltr'><strong>dies</strong></span> <span class='ocrx_word' id='word_1_620' title='bbox 1322 1812 1452 1847; x_wconf 75' lang='lat' dir='ltr'><strong>colligunt</strong></span> <span class='ocrx_word' id='word_1_621' title='bbox 1469 1811 1550 1844; x_wconf 64' lang='lat' dir='ltr'><strong>L956,</strong></span> <span class='ocrx_word' id='word_1_622' title='bbox 1566 1811 1691 1847; x_wconf 76' lang='lat' dir='ltr'><strong>syzygias</strong></span> 
     </span>
    </p>
   </div>
   <div class='ocr_carea' id='block_1_82' title="bbox 907 1856 1691 1896">
    <p class='ocr_par' dir='ltr' id='par_1_82' title="bbox 907 1856 1691 1896">
     <span class='ocr_line' id='line_1_82' title="bbox 907 1856 1691 1896; baseline -0.011 -5"><span class='ocrx_word' id='word_1_623' title='bbox 907 1863 968 1896; x_wconf 77' lang='grc'><strong>168,</strong></span> <span class='ocrx_word' id='word_1_624' title='bbox 982 1861 1094 1890; x_wconf 87' lang='lat' dir='ltr'><strong>alternis</strong></span> <span class='ocrx_word' id='word_1_625' title='bbox 1105 1860 1210 1895; x_wconf 85' lang='lat' dir='ltr'><strong>plenas.</strong></span> <span class='ocrx_word' id='word_1_626' title='bbox 1224 1863 1252 1885; x_wconf 87' lang='lat' dir='ltr'><strong>et</strong></span> <span class='ocrx_word' id='word_1_627' title='bbox 1266 1865 1357 1889; x_wconf 86' lang='lat' dir='ltr'><strong>cavas,</strong></span> <span class='ocrx_word' id='word_1_628' title='bbox 1371 1857 1422 1884; x_wconf 87' lang='lat' dir='ltr'><strong>hoc</strong></span> <span class='ocrx_word' id='word_1_629' title='bbox 1440 1861 1479 1884; x_wconf 86' lang='lat' dir='ltr'><strong>cst</strong></span> <span class='ocrx_word' id='word_1_630' title='bbox 1495 1856 1529 1884; x_wconf 69' lang='grc'>84</span> <span class='ocrx_word' id='word_1_631' title='bbox 1545 1856 1636 1892; x_wconf 62' lang='lat' dir='ltr'><strong>plenis</strong></span> <span class='ocrx_word' id='word_1_632' title='bbox 1652 1860 1691 1883; x_wconf 79' lang='grc' dir='ltr'><strong>ιο·</strong></span> 
     </span>
    </p>
   </div>
   <div class='ocr_carea' id='block_1_83' title="bbox 906 1902 1691 1942">
    <p class='ocr_par' dir='ltr' id='par_1_83' title="bbox 906 1902 1691 1942">
     <span class='ocr_line' id='line_1_83' title="bbox 906 1902 1691 1942; baseline -0.009 -7"><span class='ocrx_word' id='word_1_633' title='bbox 906 1908 1043 1942; x_wconf 82' lang='lat' dir='ltr'><strong>tidemque</strong></span> <span class='ocrx_word' id='word_1_634' title='bbox 1072 1913 1163 1933; x_wconf 85' lang='lat' dir='ltr'><strong>cavas.</strong></span> <span class='ocrx_word' id='word_1_635' title='bbox 1195 1903 1334 1931; x_wconf 80' lang='lat' dir='ltr'><strong>Accedunt</strong></span> <span class='ocrx_word' id='word_1_636' title='bbox 1365 1902 1541 1930; x_wconf 65' lang='lat' dir='ltr'><strong>emboliiiiazue</strong></span> <span class='ocrx_word' id='word_1_637' title='bbox 1577 1902 1691 1938; x_wconf 80' lang='lat' dir='ltr'><strong>syzygia-</strong></span> 
     </span>
    </p>
   </div>
   <div class='ocr_carea' id='block_1_84' title="bbox 905 1946 1689 1989">
    <p class='ocr_par' dir='ltr' id='par_1_84' title="bbox 905 1946 1689 1989">
     <span class='ocr_line' id='line_1_84' title="bbox 905 1946 1689 1989; baseline -0.01 -8"><span class='ocrx_word' id='word_1_638' title='bbox 905 1954 990 1989; x_wconf 79' lang='lat' dir='ltr'><strong>plena:</strong></span> <span class='ocrx_word' id='word_1_639' title='bbox 1003 1960 1029 1985; x_wconf 78' lang='grc' dir='ltr'>ν,</span> <span class='ocrx_word' id='word_1_640' title='bbox 1047 1951 1105 1979; x_wconf 84' lang='lat' dir='ltr'><strong>sive</strong></span> <span class='ocrx_word' id='word_1_641' title='bbox 1117 1949 1175 1977; x_wconf 83' lang='lat' dir='ltr'><strong>dies</strong></span> <span class='ocrx_word' id='word_1_642' title='bbox 1193 1948 1252 1976; x_wconf 88' lang='grc'>150.</span> <span class='ocrx_word' id='word_1_643' title='bbox 1269 1947 1350 1975; x_wconf 80' lang='lat' dir='ltr'><strong>Fiunt</strong></span> <span class='ocrx_word' id='word_1_644' title='bbox 1366 1948 1392 1974; x_wconf 93' lang='lat' dir='ltr'><strong>in</strong></span> <span class='ocrx_word' id='word_1_645' title='bbox 1411 1946 1689 1975; x_wconf 85' lang='lat' dir='ltr'><strong>tessaradecaeteride</strong></span> 
     </span>
    </p>
   </div>
   <div class='ocr_carea' id='block_1_85' title="bbox 906 1993 1688 2032">
    <p class='ocr_par' dir='ltr' id='par_1_85' title="bbox 906 1993 1688 2032">
     <span class='ocr_line' id='line_1_85' title="bbox 906 1993 1688 2032; baseline -0.012 -5"><span class='ocrx_word' id='word_1_646' title='bbox 906 2000 964 2027; x_wconf 86' lang='lat' dir='ltr'><strong>dies</strong></span> <span class='ocrx_word' id='word_1_647' title='bbox 982 1997 1061 2029; x_wconf 86' lang='grc'>5106.</span> <span class='ocrx_word' id='word_1_648' title='bbox 1081 1995 1197 2032; x_wconf 70' lang='lat' dir='ltr'><strong>sysygiaa</strong></span> <span class='ocrx_word' id='word_1_649' title='bbox 1211 1994 1297 2030; x_wconf 75' lang='lat' dir='ltr'><strong>plenic</strong></span> <span class='ocrx_word' id='word_1_650' title='bbox 1319 1993 1363 2026; x_wconf 83' lang='lat'><strong>89,</strong></span> <span class='ocrx_word' id='word_1_651' title='bbox 1377 2001 1451 2021; x_wconf 64' lang='lat' dir='ltr'><strong>cavae</strong></span> <span class='ocrx_word' id='word_1_652' title='bbox 1465 1993 1518 2025; x_wconf 71' lang='lat' dir='ltr'><strong>8i;</strong></span> <span class='ocrx_word' id='word_1_653' title='bbox 1539 1996 1688 2027; x_wconf 83' lang='lat' dir='ltr'><strong>supersunt</strong></span> 
     </span>
    </p>
   </div>
   <div class='ocr_carea' id='block_1_86' title="bbox 906 2038 1691 2076">
    <p class='ocr_par' dir='ltr' id='par_1_86' title="bbox 906 2038 1691 2076">
     <span class='ocr_line' id='line_1_86' title="bbox 906 2038 1691 2076; baseline -0.009 -5"><span class='ocrx_word' id='word_1_654' title='bbox 906 2044 964 2072; x_wconf 90' lang='lat' dir='ltr'><strong>dies</strong></span> <span class='ocrx_word' id='word_1_655' title='bbox 977 2043 1005 2076; x_wconf 77' lang='grc'>2,</span> <span class='ocrx_word' id='word_1_656' title='bbox 1022 2043 1096 2071; x_wconf 68' lang='lat' dir='ltr'><strong>liora:</strong></span> <span class='ocrx_word' id='word_1_657' title='bbox 1111 2041 1137 2069; x_wconf 76' lang='grc'><strong>4.</strong></span> <span class='ocrx_word' id='word_1_658' title='bbox 1156 2039 1309 2068; x_wconf 74' lang='lat' dir='ltr'><strong>Reservatis</strong></span> <span class='ocrx_word' id='word_1_659' title='bbox 1330 2038 1406 2066; x_wconf 91' lang='lat' dir='ltr'><strong>horis</strong></span> <span class='ocrx_word' id='word_1_660' title='bbox 1419 2038 1446 2065; x_wconf 91' lang='lat' dir='ltr'><strong>in</strong></span> <span class='ocrx_word' id='word_1_661' title='bbox 1461 2038 1540 2065; x_wconf 89' lang='lat' dir='ltr'><strong>linem</strong></span> <span class='ocrx_word' id='word_1_662' title='bbox 1552 2038 1619 2073; x_wconf 88' lang='lat' dir='ltr'><strong>cycli</strong></span> <span class='ocrx_word' id='word_1_663' title='bbox 1638 2045 1691 2064; x_wconf 85' lang='lat' dir='ltr'><strong>mn-</strong></span> 
     </span>
    </p>
   </div>
   <div class='ocr_carea' id='block_1_87' title="bbox 904 2084 1690 2125">
    <p class='ocr_par' dir='ltr' id='par_1_87' title="bbox 904 2084 1690 2125">
     <span class='ocr_line' id='line_1_87' title="bbox 904 2084 1690 2125; baseline -0.01 -8"><span class='ocrx_word' id='word_1_664' title='bbox 904 2090 972 2125; x_wconf 85' lang='lat' dir='ltr'><strong>joris</strong></span> <span class='ocrx_word' id='word_1_665' title='bbox 986 2109 994 2123; x_wconf 90' lang='lat'><strong>,</strong></span> <span class='ocrx_word' id='word_1_666' title='bbox 1020 2088 1154 2123; x_wconf 86' lang='lat' dir='ltr'><strong>reliquum</strong></span> <span class='ocrx_word' id='word_1_667' title='bbox 1178 2085 1292 2113; x_wconf 81' lang='lat' dir='ltr'><strong>biduum</strong></span> <span class='ocrx_word' id='word_1_668' title='bbox 1317 2084 1351 2112; x_wconf 89' lang='lat' dir='ltr'><strong>ad</strong></span> <span class='ocrx_word' id='word_1_669' title='bbox 1374 2084 1442 2111; x_wconf 88' lang='lat' dir='ltr'><strong>duas</strong></span> <span class='ocrx_word' id='word_1_670' title='bbox 1465 2091 1546 2111; x_wconf 78' lang='lat' dir='ltr'><strong>caras</strong></span> <span class='ocrx_word' id='word_1_671' title='bbox 1569 2084 1690 2119; x_wconf 83' lang='lat' dir='ltr'><strong>syzygias</strong></span> 
     </span>
    </p>
   </div>
   <div class='ocr_carea' id='block_1_88' title="bbox 905 2129 1689 2170">
    <p class='ocr_par' dir='ltr' id='par_1_88' title="bbox 905 2129 1689 2170">
     <span class='ocr_line' id='line_1_88' title="bbox 905 2129 1689 2170; baseline -0.006 -8"><span class='ocrx_word' id='word_1_672' title='bbox 905 2135 1064 2170; x_wconf 72' lang='lat' dir='ltr'><strong>adiunctum</strong></span> <span class='ocrx_word' id='word_1_673' title='bbox 1079 2133 1195 2160; x_wconf 88' lang='lat' dir='ltr'><strong>totidem</strong></span> <span class='ocrx_word' id='word_1_674' title='bbox 1211 2139 1226 2158; x_wconf 86' lang='lat' dir='ltr'><strong>e</strong></span> <span class='ocrx_word' id='word_1_675' title='bbox 1239 2137 1368 2158; x_wconf 82' lang='lat' dir='ltr'><strong>cavarum</strong></span> <span class='ocrx_word' id='word_1_676' title='bbox 1382 2137 1496 2157; x_wconf 86' lang='lat' dir='ltr'><strong>numero</strong></span> <span class='ocrx_word' id='word_1_677' title='bbox 1513 2130 1641 2157; x_wconf 87' lang='lat' dir='ltr'><strong>detrahit.</strong></span> <span class='ocrx_word' id='word_1_678' title='bbox 1655 2129 1689 2157; x_wconf 84' lang='lat' dir='ltr'><strong>ita</strong></span> 
     </span>
    </p>
   </div>
   <div class='ocr_carea' id='block_1_89' title="bbox 906 2175 1690 2216">
    <p class='ocr_par' dir='ltr' id='par_1_89' title="bbox 906 2175 1690 2216">
     <span class='ocr_line' id='line_1_89' title="bbox 906 2175 1690 2216; baseline -0.01 -6"><span class='ocrx_word' id='word_1_679' title='bbox 906 2182 975 2210; x_wconf 81' lang='lat' dir='ltr'><strong>ﬁunt</strong></span> <span class='ocrx_word' id='word_1_680' title='bbox 986 2181 1017 2208; x_wconf 86' lang='lat' dir='ltr'><strong>9t</strong></span> <span class='ocrx_word' id='word_1_681' title='bbox 1037 2180 1131 2216; x_wconf 67' lang='lat' dir='ltr'><strong>plenae,</strong></span> <span class='ocrx_word' id='word_1_682' title='bbox 1158 2186 1230 2206; x_wconf 75' lang='lat' dir='ltr'><strong>carie</strong></span> <span class='ocrx_word' id='word_1_683' title='bbox 1245 2177 1280 2204; x_wconf 72' lang='lat'><strong>82</strong></span> <span class='ocrx_word' id='word_1_684' title='bbox 1295 2177 1321 2204; x_wconf 91' lang='lat' dir='ltr'><strong>in</strong></span> <span class='ocrx_word' id='word_1_685' title='bbox 1333 2180 1388 2204; x_wconf 89' lang='lat' dir='ltr'><strong>tota</strong></span> <span class='ocrx_word' id='word_1_686' title='bbox 1405 2175 1690 2207; x_wconf 80' lang='lat' dir='ltr'><strong>tessaradecaeteride,</strong></span> 
     </span>
    </p>
   </div>
   <div class='ocr_carea' id='block_1_90' title="bbox 73 2219 1688 2265">
    <p class='ocr_par' dir='ltr' id='par_1_90' title="bbox 73 2219 1688 2265">
     <span class='ocr_line' id='line_1_90' title="bbox 73 2219 1688 2265; baseline -0.007 -8"><span class='ocrx_word' id='word_1_687' title='bbox 73 2234 133 2257; x_wconf 82' lang='lat' dir='ltr'><strong>rent</strong></span> <span class='ocrx_word' id='word_1_688' title='bbox 146 2230 250 2264; x_wconf 84' lang='lat' dir='ltr'><strong>tropico</strong></span> <span class='ocrx_word' id='word_1_689' title='bbox 265 2229 396 2264; x_wconf 86' lang='lat' dir='ltr'><strong>majorem</strong></span> <span class='ocrx_word' id='word_1_690' title='bbox 413 2236 483 2262; x_wconf 86' lang='lat' dir='ltr'><strong>esse,</strong></span> <span class='ocrx_word' id='word_1_691' title='bbox 502 2237 590 2264; x_wconf 86' lang='lat' dir='ltr'><strong>neque</strong></span> <span class='ocrx_word' id='word_1_692' title='bbox 603 2230 638 2257; x_wconf 88' lang='lat' dir='ltr'><strong>de</strong></span> <span class='ocrx_word' id='word_1_693' title='bbox 658 2230 752 2265; x_wconf 86' lang='lat' dir='ltr'><strong>tropici</strong></span> <span class='ocrx_word' id='word_1_694' title='bbox 768 2238 854 2265; x_wconf 90' lang='lat' dir='ltr'><strong>quan-</strong></span> <span class='ocrx_word' id='word_1_695' title='bbox 871 2231 892 2258; x_wconf 86' lang='grc' dir='ltr'><strong>Ι)</strong></span> <span class='ocrx_word' id='word_1_696' title='bbox 906 2227 967 2255; x_wconf 84' lang='lat' dir='ltr'><strong>dies</strong></span> <span class='ocrx_word' id='word_1_697' title='bbox 991 2225 1071 2253; x_wconf 86' lang='grc'>5108.</span> <span class='ocrx_word' id='word_1_698' title='bbox 1089 2224 1167 2258; x_wconf 84' lang='lat' dir='ltr'><strong>Quod</strong></span> <span class='ocrx_word' id='word_1_699' title='bbox 1184 2223 1207 2252; x_wconf 88' lang='lat' dir='ltr'><strong>si</strong></span> <span class='ocrx_word' id='word_1_700' title='bbox 1222 2223 1284 2258; x_wconf 91' lang='lat' dir='ltr'><strong>quis</strong></span> <span class='ocrx_word' id='word_1_701' title='bbox 1306 2221 1467 2249; x_wconf 84' lang='lat' dir='ltr'><strong>emlioliinos</strong></span> <span class='ocrx_word' id='word_1_702' title='bbox 1479 2223 1589 2265; x_wconf 77' lang='lat' dir='ltr'><strong>menses</strong></span> <span class='ocrx_word' id='word_1_703' title='bbox 1601 2227 1618 2247; x_wconf 86' lang='lat' dir='ltr'><strong>v</strong></span> <span class='ocrx_word' id='word_1_704' title='bbox 1636 2219 1688 2247; x_wconf 87' lang='lat' dir='ltr'><strong>sin-</strong></span> 
     </span>
    </p>
   </div>
   <div class='ocr_carea' id='block_1_91' title="bbox 74 2274 856 2307">
    <p class='ocr_par' dir='ltr' id='par_1_91' title="bbox 74 2274 856 2307">
     <span class='ocr_line' id='line_1_91' title="bbox 74 2274 856 2307; baseline 0.001 -5"><span class='ocrx_word' id='word_1_705' title='bbox 74 2275 150 2303; x_wconf 85' lang='lat' dir='ltr'><strong>titate</strong></span> <span class='ocrx_word' id='word_1_706' title='bbox 165 2279 313 2307; x_wconf 85' lang='lat' dir='ltr'><strong>constaret,</strong></span> <span class='ocrx_word' id='word_1_707' title='bbox 330 2275 357 2302; x_wconf 89' lang='lat' dir='ltr'><strong>iii</strong></span> <span class='ocrx_word' id='word_1_708' title='bbox 372 2275 451 2302; x_wconf 87' lang='lat' dir='ltr'><strong>annis</strong></span> <span class='ocrx_word' id='word_1_709' title='bbox 473 2274 523 2302; x_wconf 81' lang='grc'><strong>168</strong></span> <span class='ocrx_word' id='word_1_710' title='bbox 537 2275 609 2302; x_wconf 90' lang='lat' dir='ltr'><strong>diem</strong></span> <span class='ocrx_word' id='word_1_711' title='bbox 626 2283 710 2302; x_wconf 89' lang='lat' dir='ltr'><strong>unum</strong></span> <span class='ocrx_word' id='word_1_712' title='bbox 732 2276 856 2304; x_wconf 70' lang='lat' dir='ltr'><strong>deti-alie-</strong></span> 
     </span>
    </p>
   </div>
   <div class='ocr_carea' id='block_1_92' title="bbox 74 2321 855 2357">
    <p class='ocr_par' dir='ltr' id='par_1_92' title="bbox 74 2321 855 2357">
     <span class='ocr_line' id='line_1_92' title="bbox 74 2321 855 2357; baseline 0.003 -9"><span class='ocrx_word' id='word_1_713' title='bbox 74 2326 148 2355; x_wconf 85' lang='lat' dir='ltr'><strong>rent;</strong></span> <span class='ocrx_word' id='word_1_714' title='bbox 162 2321 208 2357; x_wconf 89' lang='lat' dir='ltr'><strong>qui</strong></span> <span class='ocrx_word' id='word_1_715' title='bbox 235 2325 299 2349; x_wconf 90' lang='lat' dir='ltr'><strong>sunt</strong></span> <span class='ocrx_word' id='word_1_716' title='bbox 311 2321 378 2356; x_wconf 78' lang='lat' dir='ltr'><strong>cycli</strong></span> <span class='ocrx_word' id='word_1_717' title='bbox 396 2321 516 2349; x_wconf 87' lang='lat' dir='ltr'><strong>minores</strong></span> <span class='ocrx_word' id='word_1_718' title='bbox 534 2329 584 2354; x_wconf 78' lang='lat' dir='ltr'><strong>xu,</strong></span> <span class='ocrx_word' id='word_1_719' title='bbox 607 2322 725 2357; x_wconf 80' lang='lat' dir='ltr'><strong>majores</strong></span> <span class='ocrx_word' id='word_1_720' title='bbox 740 2331 769 2350; x_wconf 90' lang='lat' dir='ltr'><strong>ii.</strong></span> <span class='ocrx_word' id='word_1_721' title='bbox 789 2323 855 2351; x_wconf 85' lang='lat' dir='ltr'><strong>Nam</strong></span> 
     </span>
    </p>
   </div>
   <div class='ocr_carea' id='block_1_93' title="bbox 77 2367 856 2403">
    <p class='ocr_par' dir='ltr' id='par_1_93' title="bbox 77 2367 856 2403">
     <span class='ocr_line' id='line_1_93' title="bbox 77 2367 856 2403; baseline 0.004 -9"><span class='ocrx_word' id='word_1_722' title='bbox 77 2368 124 2395; x_wconf 82' lang='lat' dir='ltr'><strong>I68</strong></span> <span class='ocrx_word' id='word_1_723' title='bbox 136 2367 238 2395; x_wconf 82' lang='lat' dir='ltr'><strong>Juliani</strong></span> <span class='ocrx_word' id='word_1_724' title='bbox 249 2367 306 2395; x_wconf 87' lang='lat' dir='ltr'><strong>dies</strong></span> <span class='ocrx_word' id='word_1_725' title='bbox 321 2367 568 2402; x_wconf 73' lang='lat' dir='ltr'><strong>postulant61562.</strong></span> <span class='ocrx_word' id='word_1_726' title='bbox 586 2368 619 2395; x_wconf 81' lang='lat' dir='ltr'><strong>At</strong></span> <span class='ocrx_word' id='word_1_727' title='bbox 639 2369 706 2403; x_wconf 82' lang='lat' dir='ltr'><strong>cycli</strong></span> <span class='ocrx_word' id='word_1_728' title='bbox 725 2370 780 2397; x_wconf 90' lang='lat' dir='ltr'><strong>duo</strong></span> <span class='ocrx_word' id='word_1_729' title='bbox 798 2377 856 2397; x_wconf 91' lang='lat' dir='ltr'><strong>nia-</strong></span> 
     </span>
    </p>
   </div>
   <div class='ocr_carea' id='block_1_94' title="bbox 73 2413 856 2449">
    <p class='ocr_par' dir='ltr' id='par_1_94' title="bbox 73 2413 856 2449">
     <span class='ocr_line' id='line_1_94' title="bbox 73 2413 856 2449; baseline 0 -7"><span class='ocrx_word' id='word_1_730' title='bbox 73 2414 144 2448; x_wconf 82' lang='lat' dir='ltr'><strong>jores</strong></span> <span class='ocrx_word' id='word_1_731' title='bbox 159 2418 186 2441; x_wconf 89' lang='lat' dir='ltr'><strong>et</strong></span> <span class='ocrx_word' id='word_1_732' title='bbox 201 2413 252 2441; x_wconf 85' lang='grc'><strong>168</strong></span> <span class='ocrx_word' id='word_1_733' title='bbox 277 2414 341 2441; x_wconf 85' lang='lat' dir='ltr'><strong>anni</strong></span> <span class='ocrx_word' id='word_1_734' title='bbox 365 2413 472 2448; x_wconf 86' lang='lat' dir='ltr'><strong>tropici,</strong></span> <span class='ocrx_word' id='word_1_735' title='bbox 498 2414 554 2441; x_wconf 85' lang='lat' dir='ltr'><strong>dies</strong></span> <span class='ocrx_word' id='word_1_736' title='bbox 569 2414 668 2442; x_wconf 74' lang='grc'>01561.</span> <span class='ocrx_word' id='word_1_737' title='bbox 693 2416 731 2442; x_wconf 90' lang='lat' dir='ltr'><strong>lta</strong></span> <span class='ocrx_word' id='word_1_738' title='bbox 746 2415 856 2449; x_wconf 88' lang='lat' dir='ltr'><strong>quidem</strong></span> 
     </span>
    </p>
   </div>
   <div class='ocr_carea' id='block_1_95' title="bbox 73 2458 857 2493">
    <p class='ocr_par' dir='ltr' id='par_1_95' title="bbox 73 2458 857 2493">
     <span class='ocr_line' id='line_1_95' title="bbox 73 2458 857 2493; baseline 0 -7"><span class='ocrx_word' id='word_1_739' title='bbox 73 2459 158 2487; x_wconf 56' lang='lat' dir='ltr'><strong>Judaei</strong></span> <span class='ocrx_word' id='word_1_740' title='bbox 175 2463 237 2492; x_wconf 87' lang='lat' dir='ltr'><strong>post</strong></span> <span class='ocrx_word' id='word_1_741' title='bbox 253 2465 340 2486; x_wconf 81' lang='lat' dir='ltr'><strong>annos</strong></span> <span class='ocrx_word' id='word_1_742' title='bbox 355 2458 390 2486; x_wconf 70' lang='grc'>84</span> <span class='ocrx_word' id='word_1_743' title='bbox 415 2459 507 2486; x_wconf 91' lang='lat' dir='ltr'><strong>lunam</strong></span> <span class='ocrx_word' id='word_1_744' title='bbox 523 2466 585 2487; x_wconf 91' lang='lat' dir='ltr'><strong>cum</strong></span> <span class='ocrx_word' id='word_1_745' title='bbox 601 2459 658 2487; x_wconf 87' lang='lat' dir='ltr'><strong>sole</strong></span> <span class='ocrx_word' id='word_1_746' title='bbox 677 2459 753 2493; x_wconf 86' lang='lat' dir='ltr'><strong>paria</strong></span> <span class='ocrx_word' id='word_1_747' title='bbox 768 2458 857 2486; x_wconf 78' lang='lat' dir='ltr'><strong>facere</strong></span> 
     </span>
    </p>
   </div>
   <div class='ocr_carea' id='block_1_96' title="bbox 74 2503 857 2540">
    <p class='ocr_par' dir='ltr' id='par_1_96' title="bbox 74 2503 857 2540">
     <span class='ocr_line' id='line_1_96' title="bbox 74 2503 857 2540; baseline -0.003 -8"><span class='ocrx_word' id='word_1_748' title='bbox 74 2505 124 2532; x_wconf 78' lang='lat' dir='ltr'><strong>sibi</strong></span> <span class='ocrx_word' id='word_1_749' title='bbox 137 2508 340 2540; x_wconf 84' lang='lat' dir='ltr'><strong>persuaserant.</strong></span> <span class='ocrx_word' id='word_1_750' title='bbox 356 2503 409 2531; x_wconf 86' lang='lat' dir='ltr'><strong>Sed</strong></span> <span class='ocrx_word' id='word_1_751' title='bbox 425 2511 478 2531; x_wconf 92' lang='lat' dir='ltr'><strong>non</strong></span> <span class='ocrx_word' id='word_1_752' title='bbox 491 2503 528 2531; x_wconf 89' lang='lat' dir='ltr'><strong>ila</strong></span> <span class='ocrx_word' id='word_1_753' title='bbox 539 2507 591 2531; x_wconf 87' lang='lat' dir='ltr'><strong>est.</strong></span> <span class='ocrx_word' id='word_1_754' title='bbox 606 2504 672 2531; x_wconf 80' lang='lat' dir='ltr'><strong>Nam</strong></span> <span class='ocrx_word' id='word_1_755' title='bbox 687 2503 722 2531; x_wconf 73' lang='grc'>84</span> <span class='ocrx_word' id='word_1_756' title='bbox 733 2503 796 2531; x_wconf 84' lang='lat' dir='ltr'><strong>anni</strong></span> <span class='ocrx_word' id='word_1_757' title='bbox 815 2503 857 2530; x_wconf 93' lang='lat' dir='ltr'><strong>lu-</strong></span> 
     </span>
    </p>
   </div>
   <div class='ocr_carea' id='block_1_97' title="bbox 75 2548 856 2584">
    <p class='ocr_par' dir='ltr' id='par_1_97' title="bbox 75 2548 856 2584">
     <span class='ocr_line' id='line_1_97' title="bbox 75 2548 856 2584; baseline -0.001 -7"><span class='ocrx_word' id='word_1_758' title='bbox 75 2557 164 2582; x_wconf 81' lang='lat' dir='ltr'><strong>nares,</strong></span> <span class='ocrx_word' id='word_1_759' title='bbox 180 2549 234 2577; x_wconf 88' lang='lat' dir='ltr'><strong>lioc</strong></span> <span class='ocrx_word' id='word_1_760' title='bbox 249 2553 290 2576; x_wconf 86' lang='lat' dir='ltr'><strong>est</strong></span> <span class='ocrx_word' id='word_1_761' title='bbox 306 2549 374 2584; x_wconf 87' lang='lat' dir='ltr'><strong>cycli</strong></span> <span class='ocrx_word' id='word_1_762' title='bbox 390 2548 653 2577; x_wconf 81' lang='lat' dir='ltr'><strong>deeemnovennales</strong></span> <span class='ocrx_word' id='word_1_763' title='bbox 670 2549 687 2576; x_wconf 71' lang='grc'><strong>4</strong></span> <span class='ocrx_word' id='word_1_764' title='bbox 701 2557 763 2577; x_wconf 85' lang='lat' dir='ltr'><strong>cum</strong></span> <span class='ocrx_word' id='word_1_765' title='bbox 781 2554 856 2576; x_wconf 89' lang='lat' dir='ltr'><strong>octa-</strong></span> 
     </span>
    </p>
   </div>
   <div class='ocr_carea' id='block_1_98' title="bbox 74 2593 859 2629">
    <p class='ocr_par' dir='ltr' id='par_1_98' title="bbox 74 2593 859 2629">
     <span class='ocr_line' id='line_1_98' title="bbox 74 2593 859 2629; baseline -0.001 -7"><span class='ocrx_word' id='word_1_766' title='bbox 74 2595 174 2622; x_wconf 69' lang='lat' dir='ltr'><strong>eteride</strong></span> <span class='ocrx_word' id='word_1_767' title='bbox 189 2594 248 2622; x_wconf 85' lang='lat' dir='ltr'><strong>dies</strong></span> <span class='ocrx_word' id='word_1_768' title='bbox 260 2594 371 2629; x_wconf 72' lang='lat' dir='ltr'><strong>exigunt</strong></span> <span class='ocrx_word' id='word_1_769' title='bbox 387 2594 485 2627; x_wconf 76' lang='grc'>50082,</span> <span class='ocrx_word' id='word_1_770' title='bbox 504 2594 566 2622; x_wconf 84' lang='lat' dir='ltr'><strong>hor.</strong></span> <span class='ocrx_word' id='word_1_771' title='bbox 581 2593 609 2626; x_wconf 84' lang='lat'><strong>6,</strong></span> <span class='ocrx_word' id='word_1_772' title='bbox 621 2594 661 2621; x_wconf 90' lang='grc'><strong>51¹</strong></span> <span class='ocrx_word' id='word_1_773' title='bbox 674 2593 739 2621; x_wconf 81' lang='lat' dir='ltr'><strong>fere.</strong></span> <span class='ocrx_word' id='word_1_774' title='bbox 756 2594 859 2621; x_wconf 81' lang='lat' dir='ltr'><strong>Discri-</strong></span> 
     </span>
    </p>
   </div>
   <div class='ocr_carea' id='block_1_99' title="bbox 75 2638 856 2672">
    <p class='ocr_par' dir='ltr' id='par_1_99' title="bbox 75 2638 856 2672">
     <span class='ocr_line' id='line_1_99' title="bbox 75 2638 856 2672; baseline -0.004 -3"><span class='ocrx_word' id='word_1_775' title='bbox 75 2650 134 2669; x_wconf 86' lang='lat' dir='ltr'><strong>men</strong></span> <span class='ocrx_word' id='word_1_776' title='bbox 164 2649 180 2669; x_wconf 87' lang='lat' dir='ltr'><strong>a</strong></span> <span class='ocrx_word' id='word_1_777' title='bbox 196 2640 311 2669; x_wconf 85' lang='lat' dir='ltr'><strong>Julianis</strong></span> <span class='ocrx_word' id='word_1_778' title='bbox 337 2641 418 2668; x_wconf 86' lang='lat' dir='ltr'><strong>annis</strong></span> <span class='ocrx_word' id='word_1_779' title='bbox 443 2640 477 2668; x_wconf 79' lang='grc'>81</span> <span class='ocrx_word' id='word_1_780' title='bbox 494 2645 536 2668; x_wconf 87' lang='lat' dir='ltr'><strong>est</strong></span> <span class='ocrx_word' id='word_1_781' title='bbox 557 2639 610 2668; x_wconf 85' lang='lat' dir='ltr'><strong>diei</strong></span> <span class='ocrx_word' id='word_1_782' title='bbox 632 2640 659 2672; x_wconf 85' lang='grc'><strong>1,</strong></span> <span class='ocrx_word' id='word_1_783' title='bbox 681 2639 742 2667; x_wconf 85' lang='lat' dir='ltr'><strong>hor.</strong></span> <span class='ocrx_word' id='word_1_784' title='bbox 759 2639 786 2671; x_wconf 84' lang='lat'><strong>6.</strong></span> <span class='ocrx_word' id='word_1_785' title='bbox 803 2638 856 2666; x_wconf 70' lang='grc' dir='ltr'><strong>δί’.</strong></span> 
     </span>
    </p>
   </div>
   <div class='ocr_carea' id='block_1_100' title="bbox 75 2683 858 2721">
    <p class='ocr_par' dir='ltr' id='par_1_100' title="bbox 75 2683 858 2721">
     <span class='ocr_line' id='line_1_100' title="bbox 75 2683 858 2721; baseline -0.004 -7"><span class='ocrx_word' id='word_1_786' title='bbox 75 2687 162 2721; x_wconf 76' lang='lat' dir='ltr'><strong>Quare</strong></span> <span class='ocrx_word' id='word_1_787' title='bbox 184 2686 267 2714; x_wconf 90' lang='lat' dir='ltr'><strong>biduo</strong></span> <span class='ocrx_word' id='word_1_788' title='bbox 280 2686 474 2721; x_wconf 82' lang='lat' dir='ltr'><strong>propemodum</strong></span> <span class='ocrx_word' id='word_1_789' title='bbox 484 2685 633 2713; x_wconf 71' lang='lat' dir='ltr'><strong>neomeniie</strong></span> <span class='ocrx_word' id='word_1_790' title='bbox 645 2684 762 2720; x_wconf 68' lang='lat' dir='ltr'><strong>politiae</strong></span> <span class='ocrx_word' id='word_1_791' title='bbox 787 2683 858 2711; x_wconf 80' lang='lat' dir='ltr'><strong>anti-</strong></span> 
     </span>
    </p>
   </div>
   <div class='ocr_carea' id='block_1_101' title="bbox 74 2729 471 2767">
    <p class='ocr_par' dir='ltr' id='par_1_101' title="bbox 74 2729 471 2767">
     <span class='ocr_line' id='line_1_101' title="bbox 74 2729 471 2767; baseline -0.003 -9"><span class='ocrx_word' id='word_1_792' title='bbox 74 2732 199 2767; x_wconf 82' lang='lat' dir='ltr'><strong>cipantur</strong></span> <span class='ocrx_word' id='word_1_793' title='bbox 215 2731 242 2758; x_wconf 88' lang='lat' dir='ltr'><strong>in</strong></span> <span class='ocrx_word' id='word_1_794' title='bbox 258 2731 335 2767; x_wconf 80' lang='lat' dir='ltr'><strong>cyelo</strong></span> <span class='ocrx_word' id='word_1_795' title='bbox 347 2729 471 2758; x_wconf 69' lang='lat' dir='ltr'><strong>Iudaico.</strong></span> 
     </span>
    </p>
   </div>
   <div class='ocr_carea' id='block_1_102' title="bbox 107 2774 857 2811">
    <p class='ocr_par' dir='ltr' id='par_1_102' title="bbox 107 2774 857 2811">
     <span class='ocr_line' id='line_1_102' title="bbox 107 2774 857 2811; baseline -0.003 -7"><span class='ocrx_word' id='word_1_796' title='bbox 107 2776 170 2804; x_wconf 56' lang='lat' dir='ltr'><strong>Hauc</strong></span> <span class='ocrx_word' id='word_1_797' title='bbox 183 2776 340 2804; x_wconf 81' lang='lat' dir='ltr'><strong>summatim</strong></span> <span class='ocrx_word' id='word_1_798' title='bbox 354 2775 501 2810; x_wconf 80' lang='lat' dir='ltr'><strong>Keplerus;</strong></span> <span class='ocrx_word' id='word_1_799' title='bbox 515 2775 561 2811; x_wconf 88' lang='lat' dir='ltr'><strong>qui</strong></span> <span class='ocrx_word' id='word_1_800' title='bbox 580 2775 606 2803; x_wconf 90' lang='lat' dir='ltr'><strong>in</strong></span> <span class='ocrx_word' id='word_1_801' title='bbox 622 2774 716 2803; x_wconf 69' lang='lat' dir='ltr'><strong>Graeco</strong></span> <span class='ocrx_word' id='word_1_802' title='bbox 727 2779 857 2802; x_wconf 85' lang='lat' dir='ltr'><strong>contextu</strong></span> 
     </span>
    </p>
   </div>
   <div class='ocr_carea' id='block_1_103' title="bbox 76 2820 856 2857">
    <p class='ocr_par' dir='ltr' id='par_1_103' title="bbox 76 2820 856 2857">
     <span class='ocr_line' id='line_1_103' title="bbox 76 2820 856 2857; baseline -0.003 -7"><span class='ocrx_word' id='word_1_803' title='bbox 76 2823 203 2851; x_wconf 85' lang='lat' dir='ltr'><strong>nonnulla</strong></span> <span class='ocrx_word' id='word_1_804' title='bbox 223 2825 383 2855; x_wconf 82' lang='lat' dir='ltr'><strong>commutat,</strong></span> <span class='ocrx_word' id='word_1_805' title='bbox 398 2829 459 2857; x_wconf 79' lang='lat' dir='ltr'><strong>quae</strong></span> <span class='ocrx_word' id='word_1_806' title='bbox 479 2822 560 2856; x_wconf 86' lang='lat' dir='ltr'><strong>paulo</strong></span> <span class='ocrx_word' id='word_1_807' title='bbox 580 2826 642 2856; x_wconf 85' lang='lat' dir='ltr'><strong>post</strong></span> <span class='ocrx_word' id='word_1_808' title='bbox 655 2820 856 2848; x_wconf 87' lang='lat' dir='ltr'><strong>adnotabimus.</strong></span> 
     </span>
    </p>
   </div>
   <div class='ocr_carea' id='block_1_104' title="bbox 77 2866 858 2907">
    <p class='ocr_par' dir='ltr' id='par_1_104' title="bbox 77 2866 858 2907">
     <span class='ocr_line' id='line_1_104' title="bbox 77 2866 858 2907; baseline -0.005 -9"><span class='ocrx_word' id='word_1_809' title='bbox 77 2869 153 2905; x_wconf 82' lang='lat' dir='ltr'><strong>Atqui</strong></span> <span class='ocrx_word' id='word_1_810' title='bbox 171 2869 227 2897; x_wconf 92' lang='lat' dir='ltr'><strong>duo</strong></span> <span class='ocrx_word' id='word_1_811' title='bbox 243 2872 306 2897; x_wconf 87' lang='lat' dir='ltr'><strong>sunt</strong></span> <span class='ocrx_word' id='word_1_812' title='bbox 321 2867 348 2896; x_wconf 86' lang='lat' dir='ltr'><strong>in</strong></span> <span class='ocrx_word' id='word_1_813' title='bbox 362 2868 542 2907; x_wconf 27' lang='lat' dir='ltr'><strong>ejusrrations</strong></span> <span class='ocrx_word' id='word_1_814' title='bbox 555 2875 617 2903; x_wconf 63' lang='lat' dir='ltr'><strong>qua:</strong></span> <span class='ocrx_word' id='word_1_815' title='bbox 633 2867 698 2895; x_wconf 91' lang='lat' dir='ltr'><strong>mihi</strong></span> <span class='ocrx_word' id='word_1_816' title='bbox 718 2874 771 2894; x_wconf 91' lang='lat' dir='ltr'><strong>non</strong></span> <span class='ocrx_word' id='word_1_817' title='bbox 790 2866 858 2894; x_wconf 74' lang='lat' dir='ltr'><strong>satis</strong></span> 
     </span>
    </p>
   </div>
   <div class='ocr_carea' id='block_1_105' title="bbox 907 2262 1689 2308">
    <p class='ocr_par' dir='ltr' id='par_1_105' title="bbox 907 2262 1689 2308">
     <span class='ocr_line' id='line_1_105' title="bbox 907 2262 1689 2308; baseline -0.012 -9"><span class='ocrx_word' id='word_1_818' title='bbox 907 2272 985 2308; x_wconf 77' lang='lat' dir='ltr'><strong>gulos</strong></span> <span class='ocrx_word' id='word_1_819' title='bbox 1010 2271 1117 2298; x_wconf 87' lang='lat' dir='ltr'><strong>dierum</strong></span> <span class='ocrx_word' id='word_1_820' title='bbox 1142 2269 1276 2297; x_wconf 80' lang='lat' dir='ltr'><strong>duntaxat</strong></span> <span class='ocrx_word' id='word_1_821' title='bbox 1298 2266 1345 2298; x_wconf 80' lang='lat'><strong>‘29,</strong></span> <span class='ocrx_word' id='word_1_822' title='bbox 1367 2267 1428 2293; x_wconf 90' lang='grc' dir='ltr'>1ιοι·.</span> <span class='ocrx_word' id='word_1_823' title='bbox 1457 2262 1491 2293; x_wconf 71' lang='grc'><strong>12</strong></span> <span class='ocrx_word' id='word_1_824' title='bbox 1517 2272 1578 2292; x_wconf 87' lang='lat' dir='ltr'><strong>esse</strong></span> <span class='ocrx_word' id='word_1_825' title='bbox 1603 2265 1689 2296; x_wconf 86' lang='lat' dir='ltr'><strong>malit,</strong></span> 
     </span>
    </p>
   </div>
   <div class='ocr_carea' id='block_1_106' title="bbox 906 2307 1692 2348">
    <p class='ocr_par' dir='ltr' id='par_1_106' title="bbox 906 2307 1692 2348">
     <span class='ocr_line' id='line_1_106' title="bbox 906 2307 1692 2348; baseline -0.008 -3"><span class='ocrx_word' id='word_1_826' title='bbox 906 2317 987 2345; x_wconf 88' lang='lat' dir='ltr'><strong>addat</strong></span> <span class='ocrx_word' id='word_1_827' title='bbox 1002 2316 1035 2344; x_wconf 86' lang='lat' dir='ltr'><strong>ad</strong></span> <span class='ocrx_word' id='word_1_828' title='bbox 1050 2315 1131 2348; x_wconf 63' lang='grc'>1956,</span> <span class='ocrx_word' id='word_1_829' title='bbox 1150 2315 1208 2342; x_wconf 79' lang='lat' dir='ltr'><strong>dies</strong></span> <span class='ocrx_word' id='word_1_830' title='bbox 1222 2313 1283 2345; x_wconf 73' lang='lat' dir='ltr'><strong>H7.</strong></span> <span class='ocrx_word' id='word_1_831' title='bbox 1310 2313 1369 2340; x_wconf 90' lang='lat' dir='ltr'><strong>hor.</strong></span> <span class='ocrx_word' id='word_1_832' title='bbox 1389 2311 1432 2340; x_wconf 58' lang='grc' dir='ltr'><strong>ιε.</strong></span> <span class='ocrx_word' id='word_1_833' title='bbox 1450 2311 1620 2346; x_wconf 81' lang='lat' dir='ltr'><strong>Colliguntur</strong></span> <span class='ocrx_word' id='word_1_834' title='bbox 1633 2307 1692 2339; x_wconf 80' lang='lat' dir='ltr'><strong>dies</strong></span> 
     </span>
    </p>
   </div>
   <div class='ocr_carea' id='block_1_107' title="bbox 907 2355 1688 2397">
    <p class='ocr_par' dir='ltr' id='par_1_107' title="bbox 907 2355 1688 2397">
     <span class='ocr_line' id='line_1_107' title="bbox 907 2355 1688 2397; baseline -0.013 -4"><span class='ocrx_word' id='word_1_835' title='bbox 907 2364 988 2397; x_wconf 86' lang='grc'>5105,</span> <span class='ocrx_word' id='word_1_836' title='bbox 1007 2364 1068 2392; x_wconf 88' lang='grc' dir='ltr'><strong>1ιοι·.</strong></span> <span class='ocrx_word' id='word_1_837' title='bbox 1086 2362 1137 2394; x_wconf 75' lang='grc'><strong>12;</strong></span> <span class='ocrx_word' id='word_1_838' title='bbox 1153 2368 1213 2396; x_wconf 77' lang='lat' dir='ltr'><strong>quae</strong></span> <span class='ocrx_word' id='word_1_839' title='bbox 1229 2367 1244 2387; x_wconf 89' lang='lat' dir='ltr'><strong>e</strong></span> <span class='ocrx_word' id='word_1_840' title='bbox 1260 2359 1338 2391; x_wconf 76' lang='grc'>5108,</span> <span class='ocrx_word' id='word_1_841' title='bbox 1356 2358 1416 2386; x_wconf 92' lang='lat' dir='ltr'><strong>hor.</strong></span> <span class='ocrx_word' id='word_1_842' title='bbox 1434 2358 1450 2385; x_wconf 71' lang='grc'><strong>4</strong></span> <span class='ocrx_word' id='word_1_843' title='bbox 1463 2357 1594 2390; x_wconf 83' lang='lat' dir='ltr'><strong>detracta,</strong></span> <span class='ocrx_word' id='word_1_844' title='bbox 1609 2355 1688 2384; x_wconf 84' lang='lat' dir='ltr'><strong>relin-</strong></span> 
     </span>
    </p>
   </div>
   <div class='ocr_carea' id='block_1_108' title="bbox 907 2402 1688 2446">
    <p class='ocr_par' dir='ltr' id='par_1_108' title="bbox 907 2402 1688 2446">
     <span class='ocr_line' id='line_1_108' title="bbox 907 2402 1688 2446; baseline -0.01 -9"><span class='ocrx_word' id='word_1_845' title='bbox 907 2413 995 2446; x_wconf 88' lang='lat' dir='ltr'><strong>quunt</strong></span> <span class='ocrx_word' id='word_1_846' title='bbox 1009 2409 1067 2436; x_wconf 87' lang='lat' dir='ltr'><strong>dies</strong></span> <span class='ocrx_word' id='word_1_847' title='bbox 1084 2408 1112 2438; x_wconf 77' lang='grc'><strong>4.</strong></span> <span class='ocrx_word' id='word_1_848' title='bbox 1129 2407 1187 2433; x_wconf 89' lang='lat' dir='ltr'><strong>hor.</strong></span> <span class='ocrx_word' id='word_1_849' title='bbox 1206 2405 1250 2433; x_wconf 84' lang='grc'><strong>16.</strong></span> <span class='ocrx_word' id='word_1_850' title='bbox 1263 2404 1389 2439; x_wconf 85' lang='lat' dir='ltr'><strong>Eqiiibus</strong></span> <span class='ocrx_word' id='word_1_851' title='bbox 1404 2402 1545 2431; x_wconf 88' lang='lat' dir='ltr'><strong>duodecim</strong></span> <span class='ocrx_word' id='word_1_852' title='bbox 1560 2402 1634 2430; x_wconf 72' lang='lat' dir='ltr'><strong>hora:</strong></span> <span class='ocrx_word' id='word_1_853' title='bbox 1645 2403 1688 2430; x_wconf 90' lang='lat' dir='ltr'><strong>de-</strong></span> 
     </span>
    </p>
   </div>
   <div class='ocr_carea' id='block_1_109' title="bbox 906 2446 1689 2486">
    <p class='ocr_par' dir='ltr' id='par_1_109' title="bbox 906 2446 1689 2486">
     <span class='ocr_line' id='line_1_109' title="bbox 906 2446 1689 2486; baseline -0.013 -3"><span class='ocrx_word' id='word_1_854' title='bbox 906 2455 1005 2486; x_wconf 66' lang='lat' dir='ltr'><strong>ductae,</strong></span> <span class='ocrx_word' id='word_1_855' title='bbox 1018 2458 1046 2482; x_wconf 87' lang='lat' dir='ltr'><strong>et</strong></span> <span class='ocrx_word' id='word_1_856' title='bbox 1056 2452 1090 2480; x_wconf 90' lang='lat' dir='ltr'><strong>ad</strong></span> <span class='ocrx_word' id='word_1_857' title='bbox 1105 2451 1229 2478; x_wconf 86' lang='lat' dir='ltr'><strong>ultimam</strong></span> <span class='ocrx_word' id='word_1_858' title='bbox 1245 2448 1432 2476; x_wconf 84' lang='lat' dir='ltr'><strong>intercalarem</strong></span> <span class='ocrx_word' id='word_1_859' title='bbox 1447 2446 1596 2483; x_wconf 75' lang='lat' dir='ltr'><strong>syzygiam,</strong></span> <span class='ocrx_word' id='word_1_860' title='bbox 1609 2455 1689 2482; x_wconf 86' lang='lat' dir='ltr'><strong>quam</strong></span> 
     </span>
    </p>
   </div>
   <div class='ocr_carea' id='block_1_110' title="bbox 907 2492 1689 2531">
    <p class='ocr_par' dir='ltr' id='par_1_110' title="bbox 907 2492 1689 2531">
     <span class='ocr_line' id='line_1_110' title="bbox 907 2492 1689 2531; baseline -0.012 -4"><span class='ocrx_word' id='word_1_861' title='bbox 907 2500 1012 2527; x_wconf 90' lang='lat' dir='ltr'><strong>dierum</strong></span> <span class='ocrx_word' id='word_1_862' title='bbox 1030 2498 1076 2531; x_wconf 73' lang='lat'><strong>29,</strong></span> <span class='ocrx_word' id='word_1_863' title='bbox 1093 2497 1154 2525; x_wconf 87' lang='grc' dir='ltr'>1ιοι·.</span> <span class='ocrx_word' id='word_1_864' title='bbox 1172 2496 1205 2523; x_wconf 75' lang='grc'><strong>12</strong></span> <span class='ocrx_word' id='word_1_865' title='bbox 1230 2494 1376 2523; x_wconf 85' lang='lat' dir='ltr'><strong>statuimus</strong></span> <span class='ocrx_word' id='word_1_866' title='bbox 1397 2493 1569 2526; x_wconf 87' lang='lat' dir='ltr'><strong>accedentes,</strong></span> <span class='ocrx_word' id='word_1_867' title='bbox 1583 2492 1689 2527; x_wconf 89' lang='lat' dir='ltr'><strong>plenam</strong></span> 
     </span>
    </p>
   </div>
   <div class='ocr_carea' id='block_1_111' title="bbox 908 2538 1689 2576">
    <p class='ocr_par' dir='ltr' id='par_1_111' title="bbox 908 2538 1689 2576">
     <span class='ocr_line' id='line_1_111' title="bbox 908 2538 1689 2576; baseline -0.012 -2"><span class='ocrx_word' id='word_1_868' title='bbox 908 2546 982 2574; x_wconf 87' lang='lat' dir='ltr'><strong>illam</strong></span> <span class='ocrx_word' id='word_1_869' title='bbox 997 2545 1127 2574; x_wconf 88' lang='lat' dir='ltr'><strong>elliciunt.</strong></span> <span class='ocrx_word' id='word_1_870' title='bbox 1142 2540 1211 2570; x_wconf 85' lang='lat' dir='ltr'><strong>Tum</strong></span> <span class='ocrx_word' id='word_1_871' title='bbox 1239 2549 1303 2569; x_wconf 89' lang='lat' dir='ltr'><strong>vero</strong></span> <span class='ocrx_word' id='word_1_872' title='bbox 1320 2544 1438 2576; x_wconf 86' lang='lat' dir='ltr'><strong>quatuor</strong></span> <span class='ocrx_word' id='word_1_873' title='bbox 1461 2539 1498 2566; x_wconf 87' lang='lat' dir='ltr'><strong>illi</strong></span> <span class='ocrx_word' id='word_1_874' title='bbox 1513 2538 1571 2566; x_wconf 88' lang='lat' dir='ltr'><strong>dies</strong></span> <span class='ocrx_word' id='word_1_875' title='bbox 1587 2545 1602 2566; x_wconf 91' lang='lat' dir='ltr'><strong>e</strong></span> <span class='ocrx_word' id='word_1_876' title='bbox 1617 2538 1689 2566; x_wconf 76' lang='lat' dir='ltr'><strong>cavis</strong></span> 
     </span>
    </p>
   </div>
   <div class='ocr_carea' id='block_1_112' title="bbox 908 2585 1689 2629">
    <p class='ocr_par' dir='ltr' id='par_1_112' title="bbox 908 2585 1689 2629">
     <span class='ocr_line' id='line_1_112' title="bbox 908 2585 1689 2629; baseline -0.012 -8"><span class='ocrx_word' id='word_1_877' title='bbox 908 2593 1028 2629; x_wconf 78' lang='lat' dir='ltr'><strong>syzygiis</strong></span> <span class='ocrx_word' id='word_1_878' title='bbox 1043 2591 1155 2619; x_wconf 89' lang='lat' dir='ltr'><strong>totidem</strong></span> <span class='ocrx_word' id='word_1_879' title='bbox 1170 2590 1265 2625; x_wconf 82' lang='lat' dir='ltr'><strong>plenas</strong></span> <span class='ocrx_word' id='word_1_880' title='bbox 1291 2587 1474 2629; x_wconf 85' lang='lat' dir='ltr'><strong>constituunt.</strong></span> <span class='ocrx_word' id='word_1_881' title='bbox 1502 2585 1580 2614; x_wconf 83' lang='lat' dir='ltr'><strong>Unde</strong></span> <span class='ocrx_word' id='word_1_882' title='bbox 1605 2586 1689 2621; x_wconf 66' lang='lat' dir='ltr'><strong>plenai</strong></span> 
     </span>
    </p>
   </div>
   <div class='ocr_carea' id='block_1_113' title="bbox 908 2628 1689 2675">
    <p class='ocr_par' dir='ltr' id='par_1_113' title="bbox 908 2628 1689 2675">
     <span class='ocr_line' id='line_1_113' title="bbox 908 2628 1689 2675; baseline -0.013 -9"><span class='ocrx_word' id='word_1_883' title='bbox 908 2628 1025 2675; x_wconf 55' lang='lat' dir='ltr'><strong>sjzygim</strong></span> <span class='ocrx_word' id='word_1_884' title='bbox 1038 2636 1190 2664; x_wconf 82' lang='lat' dir='ltr'><strong>conﬂantur</strong></span> <span class='ocrx_word' id='word_1_885' title='bbox 1207 2635 1252 2668; x_wconf 82' lang='grc'><strong>91,</strong></span> <span class='ocrx_word' id='word_1_886' title='bbox 1268 2641 1342 2662; x_wconf 57' lang='lat' dir='ltr'><strong>cava!</strong></span> <span class='ocrx_word' id='word_1_887' title='bbox 1355 2628 1401 2665; x_wconf 61' lang='grc'><strong>82,</strong></span> <span class='ocrx_word' id='word_1_888' title='bbox 1420 2636 1450 2660; x_wconf 93' lang='lat' dir='ltr'><strong>ut</strong></span> <span class='ocrx_word' id='word_1_889' title='bbox 1471 2636 1563 2659; x_wconf 84' lang='lat' dir='ltr'><strong>antea.</strong></span> <span class='ocrx_word' id='word_1_890' title='bbox 1577 2630 1689 2675; x_wconf 76' lang='lat' dir='ltr'><strong>Restant</strong></span> 
     </span>
    </p>
   </div>
   <div class='ocr_carea' id='block_1_114' title="bbox 907 2668 1689 2712">
    <p class='ocr_par' dir='ltr' id='par_1_114' title="bbox 907 2668 1689 2712">
     <span class='ocr_line' id='line_1_114' title="bbox 907 2668 1689 2712; baseline -0.013 0"><span class='ocrx_word' id='word_1_891' title='bbox 907 2668 1022 2712; x_wconf 60' lang='grc' dir='ltr'>ιιὶπέι.</span> <span class='ocrx_word' id='word_1_892' title='bbox 1034 2683 1166 2710; x_wconf 67' lang='lat' dir='ltr'><strong>Caeterum</strong></span> <span class='ocrx_word' id='word_1_893' title='bbox 1178 2679 1349 2709; x_wconf 85' lang='lat' dir='ltr'><strong>aiiiiiJuliani</strong></span> <span class='ocrx_word' id='word_1_894' title='bbox 1366 2679 1409 2712; x_wconf 77' lang='lat' dir='ltr'><strong>ii,</strong></span> <span class='ocrx_word' id='word_1_895' title='bbox 1419 2678 1477 2706; x_wconf 89' lang='lat' dir='ltr'><strong>dies</strong></span> <span class='ocrx_word' id='word_1_896' title='bbox 1485 2677 1597 2711; x_wconf 63' lang='lat' dir='ltr'><strong>exigunt</strong></span> <span class='ocrx_word' id='word_1_897' title='bbox 1609 2668 1689 2709; x_wconf 71' lang='lat' dir='ltr'><strong>sus,</strong></span> 
     </span>
    </p>
   </div>
   <div class='ocr_carea' id='block_1_115' title="bbox 908 2721 1685 2760">
    <p class='ocr_par' dir='ltr' id='par_1_115' title="bbox 908 2721 1685 2760">
     <span class='ocr_line' id='line_1_115' title="bbox 908 2721 1685 2760; baseline -0.012 -4"><span class='ocrx_word' id='word_1_898' title='bbox 908 2729 990 2757; x_wconf 81' lang='lat' dir='ltr'><strong>horas</strong></span> <span class='ocrx_word' id='word_1_899' title='bbox 1008 2728 1051 2755; x_wconf 72' lang='grc'><strong>12.</strong></span> <span class='ocrx_word' id='word_1_900' title='bbox 1066 2727 1200 2754; x_wconf 77' lang='lat' dir='ltr'><strong>Lunarem</strong></span> <span class='ocrx_word' id='word_1_901' title='bbox 1225 2725 1307 2760; x_wconf 76' lang='lat' dir='ltr'><strong>igitur</strong></span> <span class='ocrx_word' id='word_1_902' title='bbox 1325 2721 1626 2751; x_wconf 82' lang='lat' dir='ltr'><strong>tessaradecaetei&#39;idem</strong></span> <span class='ocrx_word' id='word_1_903' title='bbox 1646 2728 1685 2748; x_wconf 73' lang='lat' dir='ltr'><strong>so</strong></span> 
     </span>
    </p>
   </div>
   <div class='ocr_carea' id='block_1_116' title="bbox 907 2766 1688 2807">
    <p class='ocr_par' dir='ltr' id='par_1_116' title="bbox 907 2766 1688 2807">
     <span class='ocr_line' id='line_1_116' title="bbox 907 2766 1688 2807; baseline -0.013 -6"><span class='ocrx_word' id='word_1_904' title='bbox 907 2773 975 2802; x_wconf 87' lang='lat' dir='ltr'><strong>laris</strong></span> <span class='ocrx_word' id='word_1_905' title='bbox 988 2776 1098 2807; x_wconf 84' lang='lat' dir='ltr'><strong>superat</strong></span> <span class='ocrx_word' id='word_1_906' title='bbox 1113 2771 1209 2799; x_wconf 90' lang='lat' dir='ltr'><strong>diebus</strong></span> <span class='ocrx_word' id='word_1_907' title='bbox 1225 2770 1252 2802; x_wconf 86' lang='grc'><strong>5,</strong></span> <span class='ocrx_word' id='word_1_908' title='bbox 1267 2770 1327 2797; x_wconf 88' lang='grc' dir='ltr'><strong>1ιοι·.</strong></span> <span class='ocrx_word' id='word_1_909' title='bbox 1348 2768 1376 2796; x_wconf 90' lang='lat'><strong>8.</strong></span> <span class='ocrx_word' id='word_1_910' title='bbox 1392 2767 1444 2795; x_wconf 89' lang='lat' dir='ltr'><strong>Sed</strong></span> <span class='ocrx_word' id='word_1_911' title='bbox 1460 2766 1688 2794; x_wconf 73' lang='lat' dir='ltr'><strong>tessaradecaetc-</strong></span> 
     </span>
    </p>
   </div>
   <div class='ocr_carea' id='block_1_117' title="bbox 908 2808 1687 2849">
    <p class='ocr_par' dir='ltr' id='par_1_117' title="bbox 908 2808 1687 2849">
     <span class='ocr_line' id='line_1_117' title="bbox 908 2808 1687 2849; baseline -0.013 -3"><span class='ocrx_word' id='word_1_912' title='bbox 908 2820 980 2846; x_wconf 89' lang='lat' dir='ltr'><strong>rides</strong></span> <span class='ocrx_word' id='word_1_913' title='bbox 997 2818 1107 2845; x_wconf 83' lang='lat' dir='ltr'><strong>lunares</strong></span> <span class='ocrx_word' id='word_1_914' title='bbox 1131 2825 1169 2849; x_wconf 76' lang='lat' dir='ltr'><strong>Vl,</strong></span> <span class='ocrx_word' id='word_1_915' title='bbox 1188 2816 1245 2844; x_wconf 77' lang='lat' dir='ltr'><strong>sive</strong></span> <span class='ocrx_word' id='word_1_916' title='bbox 1269 2815 1333 2842; x_wconf 88' lang='lat' dir='ltr'><strong>anni</strong></span> <span class='ocrx_word' id='word_1_917' title='bbox 1359 2821 1458 2841; x_wconf 76' lang='lat' dir='ltr'><strong>Lxuiv</strong></span> <span class='ocrx_word' id='word_1_918' title='bbox 1473 2812 1531 2839; x_wconf 84' lang='lat' dir='ltr'><strong>dies</strong></span> <span class='ocrx_word' id='word_1_919' title='bbox 1557 2808 1687 2846; x_wconf 79' lang='lat' dir='ltr'><strong>colligunt</strong></span> 
     </span>
    </p>
   </div>
   <div class='ocr_carea' id='block_1_118' title="bbox 909 2854 1688 2896">
    <p class='ocr_par' dir='ltr' id='par_1_118' title="bbox 909 2854 1688 2896">
     <span class='ocr_line' id='line_1_118' title="bbox 909 2854 1688 2896; baseline -0.013 -4"><span class='ocrx_word' id='word_1_920' title='bbox 909 2862 1016 2896; x_wconf 66' lang='lat'><strong>£0679,</strong></span> <span class='ocrx_word' id='word_1_921' title='bbox 1030 2863 1135 2892; x_wconf 84' lang='lat' dir='ltr'><strong>solarcs</strong></span> <span class='ocrx_word' id='word_1_922' title='bbox 1153 2869 1216 2890; x_wconf 82' lang='lat' dir='ltr'><strong>vero</strong></span> <span class='ocrx_word' id='word_1_923' title='bbox 1232 2860 1354 2894; x_wconf 87' lang='lat' dir='ltr'><strong>totidem,</strong></span> <span class='ocrx_word' id='word_1_924' title='bbox 1374 2858 1432 2886; x_wconf 89' lang='lat' dir='ltr'><strong>dies</strong></span> <span class='ocrx_word' id='word_1_925' title='bbox 1456 2855 1554 2885; x_wconf 66' lang='grc'>40681,</span> <span class='ocrx_word' id='word_1_926' title='bbox 1574 2854 1688 2885; x_wconf 81' lang='lat' dir='ltr'><strong>Biduurn</strong></span> 
     </span>
    </p>
   </div>
  </div>
