1925 3043
83 141 138 169 965i

545 141 589 169 DE
607 140 700 169 ANNO
717 141 760 169 ΕΤ
782 141 837 168 DIE
857 141 1036 169 DOllleCJ-I
1059 141 1249 169 P.\SSll)NlS.

1669 141 1684 168 9
1689 139 1722 168 66

83 199 286 228 radceaeteride
306 206 422 235 syzygtre
440 204 504 226 sunt
525 199 648 232 totidem,
664 205 730 236 qtint
751 201 778 227 in
794 201 877 236 priori
893 204 916 232 Α
932 202 1014 230 thodo
1029 202 1055 235 A1,
1073 203 1132 229 hor.
1150 202 1190 229 16.
1208 200 1322 236 Reliqua
1345 209 1361 228 e
1384 201 1571 236 superioiibus
1594 200 1722 229 facillima

82 247 232 277 methodo,
249 245 302 272 nisi
326 253 379 272 una
400 245 514 273 forsitan
540 247 628 282 plenis
649 254 808 274 accrescere
832 247 878 274 dc-

84 293 164 323 beat,
180 291 336 326 anticipatis
357 299 390 319 ex
411 296 540 326 sequente
554 292 630 327 cyrio
652 300 689 319 ιιι
714 293 800 325 horis,
819 300 879 328 qua:

83 338 117 364 ad
144 345 182 364 xit
202 337 355 371 superﬂuas
375 337 475 371 prioris
495 337 594 365 addita:
614 337 686 364 diem
705 337 826 370 faciant;
850 343 879 365 ut

82 384 118 411 sit
147 384 223 418 prior
248 384 341 418 cyclus
363 383 469 410 dierum
495 383 574 411 5109.
600 383 677 411 Tunc
699 384 771 412 enim
794 384 879 419 plena!

83 429 202 464 syzygia:
210 428 256 461 92,
266 436 339 456 cava:
348 427 378 456 81
398 429 574 456 numeranda:
584 435 658 458 sunt.
672 429 816 458 Secundus
831 438 879 466 cy-

82 475 145 504 clus
157 474 216 502 dies
229 475 341 503 habebit
358 475 447 507 5108;
461 476 557 503 tertius
576 476 720 504 duodecim
736 476 811 504 horis
828 485 878 504 an-

83 521 204 557 tieipatis
230 521 264 550 de
287 526 386 558 quarto
414 522 508 557 cyclo,
537 523 761 558 5|09;quartus
791 523 876 556 5108;

83 568 197 604 quintus
222 567 307 601 5109;
330 573 425 596 sextus
449 568 530 600 5108,
555 569 703 604 additoque
730 569 878 597 tricenario

83 621 180 642 mense
199 621 231 640 ex
248 613 352 648 epaetis
378 613 514 640 sola-ibus
536 613 705 647 singularum
725 613 879 640 tessarade—

83 660 253 688 caeteridum
268 679 274 691 ,
288 659 455 694 colliguntur
478 659 537 686 dies
557 659 662 691 40681,
682 666 790 686 menses
805 658 877 694 pleni

83 705 149 737 550,
166 705 226 732 cavi
252 704 316 736 180,
331 709 357 732 et
378 704 405 731 in
423 709 509 732 totum
534 705 613 732 1039.
636 704 722 732 Porro
745 704 877 739 τεχνικῶς

83 752 143 780 dies
161 751 243 783 5108,
258 751 318 779 hor.
338 751 372 778 12
385 759 417 778 ex
441 751 512 778 5115
528 751 587 779 ltor.
604 751 648 784 12,
661 751 708 786 qui
724 755 766 778 cst
789 750 877 777 Julia-

83 806 182 825 norum
198 797 406 833 quatuor-decim
431 797 539 830 modus,
563 797 688 830 detracti,
705 801 815 832 epactas
833 803 876 823 rc-

83 843 212 878 liuquuiit
237 843 348 878 praecise
367 843 425 871 dies
450 851 483 876 ν,
505 843 551 878 qui
576 843 602 870 in
623 843 749 870 ultimum
770 842 875 878 cyclum

83 890 257 917 ditl‘eruntur.

119 975 222 1004 Prmlcr
235 976 342 1003 civilem
362 976 433 1004 hanc
460 976 627 1012 singularum
643 977 876 1005 tessaradecaete-

83 1024 174 1051 ridum
198 1023 419 1058 dispositionem,
437 1024 463 1050 in
490 1031 543 1058 qua
569 1024 643 1058 pleni
668 1032 776 1052 menses
795 1032 878 1052 cavos

82 1074 216 1104 superant
232 1069 276 1103 61,
291 1070 353 1101 alia,
367 1074 396 1096 ut
412 1069 438 1096 in
455 1070 545 1104 priore
557 1069 878 1102 methodo,administra-

82 1117 105 1143 ri
121 1117 219 1152 potuit,
236 1116 352 1152 eleganti
367 1124 497 1143 cavorum
521 1116 720 1151 plenorumque
741 1117 876 1144 mensium

83 1168 166 1198 alque
179 1163 307 1197 atqnabili
327 1163 514 1190 successione.
532 1161 600 1189 Nam
615 1163 674 1190 dies
690 1162 773 1190 50681
796 1171 877 1198 syzy-

81 1209 142 1244 glas
152 1208 289 1243 complent
297 1208 410 1235 alternis
421 1208 527 1242 plenas,
538 1213 565 1235 et
576 1215 658 1235 cavas
668 1208 747 1240 1010,
755 1213 781 1236 et
793 1217 876 1236 llttlllll

83 1258 214 1289 prmi-rea
232 1254 315 1281 diem.
332 1253 370 1280 Ita
400 1254 486 1288 plena:
512 1259 576 1281 sunt
592 1254 655 1286 521,
675 1263 748 1282 certe
764 1255 829 1282 519.
848 1254 877 1282 In

84 1305 139 1327 tota
159 1307 223 1327 vero
243 1300 354 1335 periodo
368 1300 507 1327 einbolimi
528 1308 637 1327 menses
654 1301 727 1336 pleni
742 1306 807 1329 Sttlll.
821 1302 851 1329 3|
868 1311 875 1336 ;

82 1345 130 1372 sed
140 1353 201 1372 cum
220 1345 288 1372 1010
304 1347 419 1382 syzygia:
435 1346 545 1374 lunares
560 1347 765 1382 postnlentdies
777 1347 876 1380 50682,

84 1391 166 1418 horas
179 1391 266 1424 6,51’,
284 1392 398 1419 deerunt
416 1393 450 1420 ad
474 1393 597 1431 ultimam
615 1393 804 1428 compleudam
819 1393 877 1421 dies

83 1439 110 1469 1,
131 1438 192 1466 hor.
203 1439 231 1466 7.
247 1439 309 1466 Ideo
323 1447 465 1474 perperam
487 1440 525 1467 illi
538 1440 641 1475 justam
658 1442 797 1476 syzygiam
816 1448 877 1468 con-

83 1484 199 1516 ﬂabant,
215 1493 277 1512 eum
302 1492 356 1512 non
379 1485 513 1520 amplius.
529 1493 611 1520 quam
635 1485 670 1512 28
688 1485 758 1522 dies,
771 1486 845 1514 bone
860 1486 877 1514 6

83 1534 269 1564 superessent.
286 1529 314 1557 Si
326 1530 399 1557 enim
415 1539 447 1558 ex
465 1531 510 1562 29,
522 1531 566 1563 52,
582 1531 635 1562 Μ’,
652 1539 713 1567 qum
729 1537 772 1558 est
787 1532 874 1560 media

83 1575 208 1611 syzygia,
227 1575 348 1603 deducas
366 1576 391 1608 1,
409 1576 436 1610 6,
458 1574 497 1603 Μ’
520 1582 685 1612 supererunt
697 1577 742 1610 28,
759 1577 786 1609 5,
803 1577 844 1605 55’
866 1587 874 1606 :

83 1621 135 1648 hoc
154 1625 197 1648 est
217 1621 303 1647 εἴκοςι
328 1621 401 1648 ὀκτὼ
427 1621 544 1657 ἡμέραι,
567 1622 615 1649 καὶ
638 1618 709 1658 ὧραι
731 1624 825 1658 τρεῖς,
847 1628 877 1650 ut

83 1666 154 1702 apud
183 1665 364 1701 Epiplianiuni
389 1667 592 1693 emendandum
616 1666 708 1694 fuerit.
725 1666 770 1694 Sic
792 1667 876 1694 biduo

82 1713 139 1741 fere
154 1713 247 1740 civiles
256 1713 413 1740 neomenias
425 1712 474 1744 τὰς
489 1712 611 1748 ἀκριϐεῖς
629 1713 828 1748 anticipabunl.
846 1713 877 1740 lit

82 1760 211 1794 qnoniatn
226 1759 255 1786 li‘
266 1759 358 1794 plcrus
375 1758 486 1793 cuujicit
502 1758 622 1791 Judzeos,
636 1763 665 1786 ut
677 1767 778 1786 atutttm
793 1758 878 1793 tropi-

82 1815 145 1834 cum
162 1813 228 1833 cum
239 1805 349 1833 Juliano
363 1805 552 1838 conciliarent,
568 1813 653 1833 tinnni
673 1805 744 1833 diem
760 1809 821 1840 post
831 1813 877 1839 cy-

82 1852 139 1879 clos
157 1851 275 1887 majores
287 1851 367 1886 duos,
381 1851 439 1880 sive
453 1860 540 1879 annos
566 1852 616 1879 168
634 1851 779 1884 exemisse,
796 1855 877 1886 atque

83 1899 167 1926 horas
185 1899 211 1925 in
237 1903 404 1934 unaquaque
430 1899 706 1927 tessaradecaeteride
721 1898 808 1931 duas;
825 1898 877 1925 hoc

83 1945 106 1972 si
122 1952 216 1972 verum
243 1948 296 1980 est,
320 1945 580 1974 tessaradecaetcris
596 1945 707 1973 Juliana
720 1946 779 1973 dies
793 1945 876 1972 liabe-

83 1992 123 2020 bit
134 1993 214 2025 5|l5,
233 1992 294 2022 hor.
313 1992 358 2020 10.
371 1992 394 2019 Α
409 1992 510 2028 quibus
523 1992 644 2027 quinque
655 1992 752 2020 diebus
766 1991 876 2023 ablatis,

82 2039 130 2074 qui
152 2040 179 2065 in
203 2040 309 2075 cyclum
339 2044 508 2074 postremum
525 2044 713 2071 reservantur,
729 2042 877 2073 supersunt

82 2084 165 2117 5108,
182 2083 225 2111 10.
243 2084 279 2111 De
305 2085 407 2119 quibus
426 2083 549 2112 detracta
569 2083 721 2118 quantitate
747 2082 876 2110 tredecim

83 2139 219 2158 annorum
242 2130 427 2162 Juliauoruin,
442 2129 566 2157 decimus
591 2133 706 2164 quartus
720 2128 780 2155 dies
798 2127 876 2155 aufc‘

83 2182 123 2204 ret
137 2177 189 2204 560
207 2178 226 2217 ξ
236 2195 245 2209 ,
270 2181 299 2203 ut
314 2176 384 2211 apud
397 2175 577 2210 Epiphaniqu
594 2175 645 2209 legi
659 2177 782 2209 oporteat
797 2182 803 2200 :
816 2173 878 2199 Λοιο

83 2223 134 2250 saltv
147 2223 268 2257 γίνονται
282 2222 320 2254 τξ¹
332 2221 450 2257 ἡμέραι,
463 2221 511 2247 καὶ
534 2221 610 2256 τρεῖς
624 2217 695 2255 ὧραι
712 2219 787 2255 παρὰ
803 2218 877 2254 ὤραν

83 2269 160 2305 μίαν.
182 2268 245 2295 Dies
262 2273 353 2295 autem
375 2269 401 2295 in
421 2267 500 2303 cyelo
517 2267 613 2302 majori
635 2266 754 2294 conlient
776 2265 876 2298 50680,

83 2316 127 2349 12,
141 2316 187 2352 qui
207 2324 220 2343 a
240 2315 326 2342 lunari
352 2319 425 2342 motu
449 2315 548 2342 absunt
569 2313 665 2341 diebus
681 2313 736 2340 fere
757 2312 876 2346 duobus,

83 2362 134 2390 hoc
156 2367 199 2390 est
228 2363 251 2394 1,
269 2363 327 2388 hor.
357 2362 399 2389 18.
416 2361 550 2395 Quocirca
577 2359 687 2387 Judaeos
706 2359 877 2394 Epiphanius

81 2409 178 2437 scribit
188 2409 291 2436 medias
300 2408 458 2436 ncomenias
471 2407 650 2443 anticipantes
658 2406 878 2438 biduo,ultimam

82 2455 257 2483 tricenariam
283 2455 450 2490 imputasse,
471 2462 534 2482 cum
556 2454 614 2482 dies
631 2455 764 2481 duntaxat
790 2453 878 2480 forent

81 2501 126 2534 28,
138 2501 199 2528 hor.
211 2501 236 2528 6.
247 2501 334 2537 Atque
343 2502 401 2528 lucc
411 2501 544 2536 posterior
554 2500 621 2536 cycli
636 2499 819 2528 conformatio
829 2499 879 2526 ali-

82 2553 122 2576 ter
141 2547 286 2575 intellectis
301 2546 446 2582 Epipbanii
469 2546 560 2573 verbis
579 2545 726 2581 approbari
751 2545 876 2577 videtur;

82 2594 213 2622 nimirum
232 2602 294 2622 cum
309 2594 416 2625 seribit,
433 2592 513 2621 tertio
526 2600 637 2627 quoque
649 2600 723 2620 anno
738 2592 810 2620 diem
832 2599 878 2619 ac-

81 2647 207 2668 crescere
222 2649 255 2667 ex
282 2641 357 2667 lteris
375 2640 402 2671 8,
418 2647 480 2675 qua:
494 2639 610 2674 singulis
632 2639 713 2666 annis
729 2638 875 2666 accedunt.

82 2685 149 2715 Nam
167 2687 225 2714 haec
244 2687 280 2714 ita
297 2691 413 2722 possunt
427 2686 524 2721 accipi,
538 2691 567 2713 ut
585 2693 659 2712 anno
671 2692 731 2717 xni,
745 2685 819 2712 bone
832 2683 876 2716 12,

84 2734 252 2769 totidemque
279 2741 352 2761 anno
370 2741 415 2761 xiv
438 2732 680 2765 additae,biennio
706 2732 778 2760 diem
804 2730 879 2759 colli-

81 2786 161 2816 gant;
178 2780 252 2816 quod
269 2780 295 2807 in
315 2780 388 2808 hunc
411 2787 546 2807 annorum
563 2779 658 2807 orbem
681 2779 791 2807 lunares
812 2786 877 2806 neo-

84 2826 180 2854 menia:
189 2831 331 2862 cogantur.
340 2826 377 2854 lla
387 2827 481 2863 cyclus
490 2827 593 2862 integer
605 2827 662 2854 dies
673 2826 785 2861 praecise
796 2825 878 2861 quin-

84 2880 136 2908 que
150 2873 304 2909 superﬂuos
319 2873 372 2900 sibi
389 2873 505 2901 vindica'
525 2881 532 2899 :
550 2880 602 2899 non
622 2877 652 2900 ut
669 2873 696 2900 .‘n
710 2872 802 2908 priore
816 2878 874 2899 mc-

930 253 1002 276 sunt.

964 294 1068 330 Negare
1095 295 1216 330 profecto
1245 301 1326 322 nemo
1350 294 1526 329 potest,quin
1545 294 1649 322 utravis
1679 295 1724 322 illa

929 341 999 368 ratio
1017 349 1078 368 etim
1104 341 1246 376 Epiplianii
1269 341 1357 367 verbis
1371 345 1513 376 congruat.
1528 340 1662 367 Ciclerum
1677 339 1726 367 Ju-

929 383 1003 411 dzeos
1017 388 1057 412 vel
1075 385 1134 417 hac,
1150 385 1190 412 vel
1205 385 1287 412 simili
1310 393 1442 411 annorum
1468 385 1649 420 dispositione
1673 386 1726 413 sub

930 430 1045 462 Christi,
1070 430 1189 464 adeoque
1205 431 1257 457 sub
1279 429 1379 458 Nicmni
1399 430 1506 458 concilii
1520 435 1641 466 tempera
1657 439 1725 459 usus

930 485 1001 510 esse,
1015 484 1100 512 quaea
1112 477 1179 505 solis
1194 478 1313 505 motibus
1322 478 1471 512 aberraret,
1485 480 1567 507 multa
1581 484 1724 513 snnt,qu.e

930 523 1104 558 persuadent.
1118 522 1170 550 Sed
1183 523 1247 549 illud
1262 522 1402 558 inprimis,
1414 523 1486 558 quod
1502 527 1594 558 postea
1612 522 1725 551 demon-

930 568 1097 597 strabimus:
1113 567 1218 595 Pascha
1239 567 1265 594 in
1281 573 1418 603 postremo
1436 576 1541 601 mense,
1564 568 1589 595 id
1607 574 1647 596 est
1660 573 1724 596 ante

929 613 1123 649 aequinoctium
1151 621 1167 641 a
1187 612 1289 642 Iudaeis
1314 614 1412 648 smpius
1431 619 1581 649 peractum.
1606 614 1724 643 Necesse

928 661 971 685 est
983 657 1074 692 itaque
1091 658 1177 685 labent
1189 659 1307 694 aliquam
1319 659 1351 686 ad
1363 660 1478 687 solarcm
1494 659 1602 687 illorum
1619 668 1722 688 annum

929 702 1079 736 accidisse;
1107 709 1311 738 propterquam
1330 711 1345 731 a
1371 705 1461 739 priore
1477 705 1581 739 epocha
1612 705 1723 733 luxatns

930 747 956 774 in
969 749 1107 775 anteriora
1129 749 1290 776 recesserit:
1306 749 1460 784 cujusmodi
1478 750 1572 778 vilium
1589 750 1656 778 alias
1671 751 1722 778 tri-

930 793 975 820 dui
987 815 993 827 ,
1013 794 1087 822 bidui
1103 795 1172 822 alias
1188 795 1304 828 exstitit,
1324 796 1349 822 in
1368 796 1465 823 Anreis
1486 798 1608 824 nummis
1624 804 1680 834 vix,
1695 802 1722 824 et

930 847 978 866 Vlll
992 839 1198 873 Alexandrinis;
1214 848 1285 876 quos
1302 840 1387 868 ,1111111ξὶ
1404 841 1541 876 simplices
1556 842 1720 870 habuerunt.

893 882 914 910 Β
931 883 957 911 111
981 885 1024 911 his
1042 886 1113 913 enim
1130 885 1236 913 decima
1251 891 1348 921 quarta
1375 887 1489 919 lunaris,
1506 892 1532 914 et
1548 888 1657 922 quidem
1669 887 1722 915 l‘a-

929 930 1030 957 schalis
1043 929 1153 958 .ludaiea
1177 932 1203 958 in
1220 939 1286 958 ‘1\'lll
1304 939 1336 959 ac
1354 940 1399 959 xix
1415 931 1503 959 Martii
1518 933 1655 966 convenit,
1677 933 1721 961 bi-

929 976 994 1007 duo,
1012 975 1049 1002 nti
1065 976 1132 1010 dixi,
1151 977 1277 1005 triduove
1302 981 1364 1005 ante
1385 985 1499 1005 vernum
1514 979 1720 1013 arquinoetium.

929 1022 996 1055 Qua:
1011 1023 1120 1058 quidem
1135 1024 1210 1052 labes
1226 1024 1253 1051 in
1269 1024 1321 1052 hoc
1338 1023 1482 1060 Epiphanii
1499 1025 1575 1059 rytlo
1589 1025 1720 1060 paulatim

928 1068 1044 1096 exsistit.
1071 1069 1209 1104 Siquidem
1231 1070 1257 1097 in
1273 1070 1357 1105 priori
1374 1070 1512 1102 methodo,
1535 1070 1557 1097 si
1579 1072 1722 1099 neomenia

928 1114 1008 1149 primi
1027 1114 1129 1142 mensis
1145 1115 1538 1150 ngdoecontatessaraeteridos
1555 1116 1580 1142 in
1596 1116 1721 1150 aequino-

929 1161 1013 1188 ctium
1031 1160 1144 1193 incidat,
1162 1166 1255 1196 ntpnta
1274 1161 1309 1188 22
1326 1161 1495 1196 111111ἰί,111151
1512 1161 1547 1189 81
1571 1170 1671 1194 annos,
1685 1163 1720 1190 ad

928 1207 964 1234 20
977 1208 1124 1243 perveniet,
1135 1213 1215 1243 atque
1233 1209 1268 1236 ita
1284 1208 1412 1243 deinceps
1433 1208 1502 1235 κατὰ
1516 1209 1666 1243 μετάϐασιν
1681 1210 1721 1241 εἰς

928 1253 961 1280 τὰ
988 1252 1195 1289 προηγούμενα;
1226 1253 1278 1280 111δί
1299 1253 1480 1286 castigatione
1507 1257 1535 1280 et
1552 1253 1656 1280 dierum
1674 1254 1722 1280 ad-

926 1300 1043 1335 iectione
1060 1304 1218 1327 coercentur
1235 1309 1242 1327 :
1256 1300 1327 1335 quod
1343 1299 1489 1327 identidem
1503 1299 1600 1326 iecisse
1614 1304 1720 1332 tempo-

929 1355 989 1373 rtiin
1015 1346 1084 1381 apud
1101 1346 1210 1374 Judmos
1236 1346 1420 1374 moderatores
1445 1346 1592 1374 verisimile
1613 1352 1665 1377 est,
1688 1355 1722 1375 ac

928 1392 1086 1420 nemncnias
1104 1392 1250 1427 aliquando
1264 1392 1369 1420 tardius
1387 1392 1526 1420 indixisse.
1544 1393 1578 1419 At
1592 1393 1618 1420 in
1632 1398 1722 1427 poste-

928 1437 1000 1464 riore
1016 1437 1144 1465 inethodo
1159 1442 1221 1473 post
1238 1438 1273 1465 84
1292 1445 1380 1465 annos
1393 1438 1540 1465 ueomcnia:
1554 1438 1674 1466 Judaica:
1688 1439 1722 1466 ad

927 1483 1037 1511 eosdem
1055 1483 1179 1512 Iulianos
1200 1484 1258 1511 dies
1273 1483 1461 1517 redeunt;sed
1473 1485 1600 1512 cmlestes
1613 1492 1723 1512 neome-

929 1530 989 1557 nias
1004 1537 1059 1556 uno
1084 1529 1138 1561 die,
1156 1529 1232 1557 horis
1258 1529 1273 1555 7
1289 1530 1450 1565 anticipant.
1469 1530 1558 1564 Quare
1576 1531 1663 1566 piima
1678 1531 1722 1560 illa

929 1577 999 1604 ratio
1013 1576 1045 1603 ad
1060 1575 1203 1611 Epiphanii
1215 1581 1333 1604 mentem
1349 1576 1504 1611 plusculum
1522 1577 1627 1604 videtur
1642 1584 1722 1604 acce-

928 1621 1002 1653 dere,
1017 1629 1079 1648 cum
1103 1621 1137 1647 ab
1161 1621 1325 1655 aequinoctio
1346 1621 1496 1656 pra‘scrtim
1514 1620 1723 1650 recessisscdu-

928 1667 1021 1695 daicas
1039 1667 1196 1695 neomenias
1214 1668 1364 1695 existimari
1380 1668 1452 1696 velit.
1471 1668 1523 1696 Sed
1539 1673 1565 1696 ut
1582 1669 1648 1703 ipsis
1660 1677 1722 1704 pro-

927 1714 1072 1749 pemodum
1099 1713 1226 1741 sensibus
1253 1721 1296 1741 res
1313 1718 1367 1740 tota
1395 1714 1565 1749 subjiciatur,
1587 1715 1654 1750 eyeli
1671 1714 1722 1741 111-

928 1760 998 1788 daici
1011 1759 1139 1795 majoris,
1164 1759 1221 1787 sive
1237 1761 1581 1787 lessaracmdeeaeteiidum
1594 1769 1618 1787 vi
1629 1765 1721 1796 typum

928 1804 973 1831 hic
989 1797 1115 1831 adtexam
1144 1812 1175 1831 ea
1192 1804 1265 1831 civili
1297 1804 1382 1831 l‘oriua
1409 1813 1441 1832 ac
1460 1805 1649 1840 tlispnsilione,
1661 1814 1722 1840 qua:

928 1858 962 1879 ex
981 1850 1126 1886 Epiphanii
1147 1850 1332 1885 disputatione
1355 1851 1532 1885 probabiliter
1555 1851 1658 1878 institui
1673 1859 1722 1886 po-

929 1901 1028 1930 test,ex
1046 1903 1100 1930 qua
1125 1894 1302 1922 manifestum
1325 1896 1392 1928 erit,
1410 1892 1640 1930 quemadmodum
1655 1905 1722 1924 neo-

931 1941 1028 1969 menia:
1040 1942 1122 1969 biduo
1137 1941 1171 1968 ab
1188 1941 1291 1977 epocha
1303 1941 1385 1970 solari
1397 1942 1525 1976 paulatim
1543 1942 1569 1968 in
1585 1943 1722 1970 anteriora

928 1988 1079 2016 discedant.
1100 1987 1231 2016 Sumatur
1248 1987 1341 2023 igitur,
1369 1992 1399 2014 ut
1427 1987 1453 2014 in
1484 1989 1571 2023 prima
1595 1989 1722 2016 methodo

928 2033 1031 2061 dictum
1047 2038 1098 2066 est,
1126 2033 1194 2068 cycli
1220 2033 1333 2068 majoris
1350 2033 1490 2068 quantitas
1503 2033 1607 2060 dierum
1622 2034 1720 2061 50679.

928 2079 1014 2114 Cujus
1027 2079 1134 2106 initium
1147 2080 1263 2107 ducatur
1279 2080 1314 2108 ab
1327 2088 1398 2107 anno
1408 2088 1464 2113 per.
1477 2079 1531 2107 Jul.
1547 2080 1629 2112 1665,
1646 2081 1723 2116 cyclo

929 2124 1000 2152 luna:
1013 2125 1039 2158 8,
1054 2126 1120 2153 solis
1137 2125 1179 2158 15,
1196 2125 1284 2153 littera
1306 2125 1336 2156 C,
1349 2132 1422 2152 anno
1439 2131 1502 2152 ante
1517 2125 1617 2152 Christi
1641 2124 1723 2153 Nata-

929 2172 981 2199 lem
1007 2172 1050 2199 51.
1066 2172 1105 2199 Ita
1122 2180 1184 2200 cum
1210 2172 1312 2199 Christi
1334 2171 1430 2199 Passio
1446 2180 1479 2199 ex
1496 2171 1641 2206 Epiphanii
1657 2180 1722 2199 sen-

930 2217 1014 2245 tentia
1027 2218 1108 2246 cadat
1123 2219 1149 2245 in
1165 2226 1266 2246 annum
1280 2218 1417 2245 Julianum
1431 2217 1475 2250 76,
1491 2225 1551 2245 111-111
1561 2218 1724 2245 Christianae

930 2265 1083 2293 communis
1097 2265 1142 2297 51,
1163 2265 1216 2292 erit
1234 2265 1257 2292 is
1280 2272 1370 2292 annus
1380 2264 1448 2300 cycli
1470 2264 1584 2298 majoris
1605 2265 1649 2296 82,
1667 2268 1724 2293 tes-

929 2312 1171 2340 saradecacteridis
1187 2320 1252 2339 vero
1265 2317 1347 2340 sextae
1362 2320 1451 2339 annus
1471 2312 1513 2346 13,
1529 2312 1604 2348 eyelo
1615 2311 1724 2340 Nico-uo

930 2358 974 2390 13,
994 2357 1061 2386 solis
1075 2357 1119 2389 12,
1137 2357 1177 2385 lit.
1196 2357 1228 2384 G.

965 2403 1014 2432 llis
1038 2403 1246 2436 animadversis,
1274 2402 1456 2430 constituatur
1470 2403 1612 2430 neomeuia
1640 2402 1723 2430 Nisan

929 2452 1004 2487 cyelo
1013 2449 1123 2478 Niczeno
1137 2451 1154 2478 8
1171 2450 1197 2477 in
1211 2457 1284 2477 anno
1299 2449 1388 2484 primo
1408 2450 1657 2477 tessaraezedecaet.
1674 2450 1726 2483 pri-

930 2497 1096 2532 ma',.\pri|is
1110 2505 1147 2524 Vl.
1164 2496 1270 2523 Etenim
1293 2503 1365 2523 anno
1388 2495 1493 2531 periodi
1514 2495 1628 2523 Julianze
1641 2496 1723 2527 4665,

928 2544 1006 2580 cyclo
1032 2543 1059 2576 8,
1088 2543 1256 2570 noviluuinm
1289 2543 1408 2570 medium
1428 2549 1460 2570 ex
1488 2542 1592 2570 Mulieri
1613 2542 1725 2570 Tabulis

929 2590 1030 2619 accidit
1044 2590 1110 2624 Apr.
1125 2597 1162 2621 \‘I,
1178 2590 1250 2617 circa
1267 2589 1384 2616 mediatn
1402 2594 1519 2621 noctem,
1534 2589 1584 2616 hoc
1599 2592 1641 2615 est
1655 2588 1722 2622 Apr.

928 2636 994 2671 6,0,
1012 2635 1064 2664 58’.
1089 2635 1210 2670 Reliquae
1236 2635 1388 2663 neemenize
1418 2635 1574 2662 necessario
1593 2637 1722 2661 contextu

928 2690 989 2711 sese
1001 2687 1059 2710 toto
1070 2682 1096 2709 in
1108 2681 1185 2718 cyclo
1198 2686 1413 2716 consequentur,
1425 2685 1455 2707 ut
1467 2688 1500 2708 ex
1514 2679 1565 2707 hoc
1586 2679 1724 2714 diagram-

927 2735 1001 2758 mate
1014 2731 1107 2766 liquet.
1121 2728 1149 2756 111
1168 2737 1224 2765 quo
1240 2729 1351 2757 ordines
1378 2734 1443 2756 sunt
1455 2727 1472 2755 8
1486 2737 1494 2754 :
1517 2727 1622 2761 primus
1639 2733 1725 2753 anno-

929 2785 990 2804 rum
1019 2784 1164 2804 numerum
1191 2775 1327 2808 continet;
1349 2773 1487 2802 secnndns
1511 2772 1617 2808 cyelum
1639 2771 1724 2804 solis;

928 2823 1023 2851 tertius
1037 2823 1107 2850 lunae
1121 2822 1238 2859 cyclum,
1264 2825 1411 2855 utrumque
1428 2817 1584 2850 Nicaeuum;
1609 2821 1725 2852 quartus

928 2870 1034 2898 dierum
1053 2878 1209 2903 numerum,
1225 2869 1272 2905 qui
1301 2866 1416 2903 singulis
1439 2865 1518 2894 anuis
1545 2868 1719 2902 competunt,
