1925 3043
71 197 123 228 969
531 195 575 223 DE
592 195 686 224 ANNO
704 195 750 224 ET
770 195 827 224 DIE
847 195 1024 225 DOMINICIE
1043 194 1237 224 PASSIONIS.
1652 196 1705 223 9m

706 256 1012 285 TESSARADECAET.
1024 257 1057 284 V.

142 298 218 331 Xnnl
332 302 407 338 Cycli
425 301 525 338 Nicagni
600 303 661 331 Dies
703 311 791 331 anno.-
904 303 1052 331 Neomenia
1156 302 1253 329 Neom.
1361 302 1484 336 Qualitas
1602 302 1665 331 Dies

129 339 239 367 Periodi
282 337 362 366 Solis
487 337 572 366 Luna:
659 346 722 367 rum
933 338 1016 367 Nisan
1170 338 1239 365 feria
1384 338 1449 366 anni
1578 339 1685 366 collecti

175 385 211 413 57
264 383 312 411 XV
462 383 506 412 VII
673 386 719 413 ὑπ.
741 385 794 412 585
830 385 867 413 XV

920 386 943 414 PI.
1157 384 1178 412 C
1269 385 1288 411 2
1341 383 1419 411 Emb.
1439 383 1470 411 P.
1622 385 1677 413 585

176 421 222 449 58'
265 419 324 446 XVI
459 418 517 447 VIII
741 421 795 448 554
830 421 863 448 IV

923 440 929 447 .
1162 420 1183 446 Β
1272 420 1290 447 2
1624 421 1676 448 759

103 456 125 484 Β
176 456 211 485 59
265 453 337 482 XVII
458 453 494 481 IX
740 455 793 483 55l-
829 456 867 483 XI

923 455 961 483 M.
1137 454 1159 481 A
1174 456 1197 484 G
1268 455 1285 483 6
1606 455 1677 483 I095

175 492 210 519 60
264 488 350 517 XVIII
458 489 482 515 X
673 491 720 518 ὐπ.
741 491 793 518 584
829 491 862 517 XI

920 512 924 518 .
1159 491 1179 518 F
1268 492 1286 519 5
1341 490 1419 518 Emb.
1437 491 1468 518 υ.
1605 491 1674 518 1477

176 527 208 554 61
264 524 327 552 XIX
457 523 493 551 XI
740 526 794 553 554
828 526 867 553 XI

944 525 1012 554 Mar.
1156 525 1177 552 E
1265 526 1284 553 2
1607 526 1673 554 1851

176 563 212 590 62
266 559 316 587 XX
458 559 505 586 XII
741 561 795 588 554
829 561 867 588 XI

923 581 930 588 .
1155 561 1176 587 D
1265 561 1284 587 6
1604 562 1676 590 2185

103 598 124 625 Β
177 598 212 626 65
265 594 326 623 XXI
459 595 519 623 XIII
669 597 717 623 ὑπ.
737 596 792 624 585
829 596 884 623 VIII
903 596 939 623 M.
1135 595 1192 623 CB
1264 597 1281 624 5
1337 595 1463 624 Emb.P.
1604 597 1677 624 2570

176 634 211 661 61
264 630 337 658 XXII
459 630 519 658 XIV
741 631 793 659 554
829 630 938 659 XXVIII
953 630 990 659 M.
1153 632 1176 658 A
1266 631 1283 659 5
1604 632 1677 660 2924

176 668 211 697 65
263 665 349 694 XXIII
457 666 506 694 XV
740 666 794 694 585
828 666 867 694 XI

920 666 955 693 III.
1150 666 1173 693 G
1264 668 1279 693 7
1333 666 1410 695 Emb.
1429 667 1460 694 C.
1605 668 1674 695 5507

177 705 212 731 66
265 700 351 728 XXIV
457 701 519 729 XVI
670 702 718 730 ὑπ.
740 702 792 729 555
830 702 862 729 IV

920 713 932 730 ι.
1153 702 1173 729 F
1263 702 1280 728 5
1606 703 1677 730 5062

103 740 126 768 Β
177 739 211 767 67
265 736 340 765 XXV
457 737 527 764 XVII
739 737 791 766 554
826 737 867 764 XII

943 737 978 765 Μ,
1129 735 1150 763 Ε
1168 736 1189 764 [)
1261 738 1278 765 5
1606 738 1677 765 4016

177 774 211 802 68
265 771 350 801 XXVI
457 771 543 799 XVIII
738 772 791 800 581
825 772 867 799 ΧΗ

920 771 948 800 iI.
1148 772 1169 799 C
1264 773 1281 799 7
1334 772 1413 801 Emb.
1430 772 1462 800 P.
1605 773 1676 800 4400

176 809 211 837 69
264 807 361 836 XXVII
456 807 519 836 XIX
671 808 720 834 ὑπ.
739 807 792 835 555
829 807 867 834 I.‘

1153 807 1174 834 Β
1263 807 1280 834 6
1605 808 1677 835 4755

178 845 211 872 70
264 843 374 872 XXVIII
459 843 470 871 I
741 843 794 871 554
829 842 867 870 XI

920 842 984 870 Ilar.
1151 843 1176 869 Α
1264 843 1281 869 4
1605 843 1676 871 5109

1413 888 1586 918 (ἒοΙΙὶαυηιιιτ
1607 891 1665 918 dies
1682 891 1711 918 in

709 923 867 952 TESSABA

920 924 1017 952 CAET.
1036 923 1082 951 VI.
1444 923 1466 950 V
1482 923 1573 960 Cyclis
1583 925 1684 953 9.55M.

106 974 127 1001 Β
179 972 210 999 71
269 971 279 998 I
464 970 487 999 II
747 972 800 999 585
836 971 859 999 X

1122 971 1144 1000 ὃ
1159 971 1180 998 F
1261 971 1274 997 1
1332 971 1412 998 Emb.
1433 970 1465 998 C.
1624 973 1678 1000 585

180 1007 217 1034 72
268 1006 291 1034 11
465 1005 500 1033 III
679 1007 727 1034 ὑπ.
747 1007 800 1035 555
835 1006 867 1033 Χ]

922 1006 944 1034 II
963 1006 996 1034 M.
1140 1005 1162 1032 E
1261 1005 1279 1033 6
1625 1009 1677 1036 758

181 1042 216 1069 75
270 1042 304 1070 III
464 1040 500 1068 IV
747 1042 800 1069 58I
834 1041 867 1068 X‘

936 1042 972 1069 M.
1141 1041 1163 1067 D
1261 1041 1278 1068 4
1333 1040 1413 1069 Emb.
1430 1039 1462 1068 P.
1605 1043 1677 1070 1122

181 1077 216 1104 τι
269 1076 302 1104 ιν
465 1076 498 1112 Υ
746 1077 799 1105 554
838 1076 867 1103 Vl

920 1085 936 1104 ι.
1125 1077 1161 1112 να
1261 1077 1279 1112 5
1605 1078 1677 1106 mo

108 1114 130 1141 Β
181 1112 216 1140 75
270 1111 292 1138 V
466 1110 499 1138 Vl
678 1112 725 1139 ὑπ.
747 1112 800 1139 555
836 1111 867 1139 Χῖ

923 1112 959 1140 Μ.
1120 1111 1141 1138 Β
1159 1113 1181 1139 Δ
1261 1111 1277 1137 7
1605 1113 1673 1141 1851

180 1148 215 1174 76
271 1147 304 1175 VI
465 1145 511 1173 VII
747 1148 800 1174 585
835 1147 867 1174 X'

920 1147 936 1174 l.
1139 1146 1162 1173 G
1261 1146 1279 1173 5
1332 1146 1411 1175 Emb.
1424 1146 1455 1174 C.
1605 1148 1678 1176 2214

181 1182 213 1209 77
269 1182 315 1210 VII
464 1180 524 1208 VIII
746 1181 800 1209 554
836 1182 856 1208 Il

920 1202 923 1207 .
1142 1181 1162 1209 F
1257 1183 1277 1209 5
1605 1183 1676 1211 2568

180 1218 216 1245 78
271 1218 327 1246 VIII
465 1216 500 1243 IX
679 1217 727 1243 ὑπ.
747 1217 799 1244 555
835 1217 867 1244 XI

923 1217 948 1244 Μ
954 1238 959 1244 .
1142 1216 1163 1243 Ε
1261 1217 1277 1242 7
1604 1219 1677 1247 2925

108 1254 130 1281 n
181 1253 216 1281 79
270 1252 304 1288 ix
464 1251 502 1288 2t
746 1251 800 1288 ast
835 1252 867 1288 xi

920 1274 923 1280 .
1119 1251 1178 1288 nnc
1260 1253 1278 1280 5
1332 1251 1410 1280 Emb.
1427 1251 1458 1281 P.
1603 1255 1711 1288 5507M)

182 1289 216 1326 δί)
271 1287 304 1326 2S.
681 1323 690 1326 _
746 1287 800 1326 §§é

925 1288 959 1326 Ii-
1140 1287 1161 1326 ιδ
1261 1288 1279 1326 4
1600 1286 1710 1326 5661(0)

181 1323 213 1350 8I
271 1323 304 1350 XI
464 1321 512 1349 Xll
677 1323 726 1351 ὑπ.
746 1323 799 1351 555
834 1322 867 1350 XI

920 1323 945 1351 vI.
1141 1323 1164 1349 A
1263 1323 1275 1349 1
1604 1325 1675 1353 1016

182 1359 217 1396 82
269 1358 326 1396 IIII.
464 1356 525 1396 .35!!!
744 1358 798 1396 ἓξὲξ
833 1358 867 1396 IX.

932 1393 955 1396 __
1124 1358 1181 1396 _c_‘
1262 1358 1281 1396 (ξ
1335 1359 1414 1387 Emb.
1431 1358 1463 1387 c.
1603 1360 1711 1396 4599M

109 1394 130 1421 Β
181 1394 216 1422 85
269 1393 328 1420 XIII
464 1391 525 1419 XIV
742 1393 797 1421 554
833 1394 867 1420 XI

932 1393 968 1421 M.
1124 1393 1143 1420 F
1162 1392 1182 1419 Ε
1264 1395 1282 1420 4
1605 1395 1677 1423 4755

183 1429 218 1457 84
271 1428 331 1456 XIV
463 1427 512 1455 XV
675 1429 796 1458 67:.555
830 1429 867 1456 Xl

922 1449 929 1456 .
1145 1429 1165 1455 ι)
1266 1430 1278 1455 1
1606 1431 1677 1459 5108

1415 1477 1588 1513 Colliguntur
1607 1479 1667 1506 dies
1683 1480 1711 1507 in

1431 1512 1466 1541 v1
1477 1512 1566 1549 Cyciis
1580 1514 1677 1542 306.49.

110 1572 139 1599 In
158 1571 209 1599 hoc
231 1570 306 1607 cycio
321 1570 460 1599 embolimi
480 1575 545 1599 sunt
564 1579 630 1599 xxx.
657 1570 692 1598 At
709 1570 802 1606 cyclns
817 1570 865 1597 de-
879 1571 902 1600 Α
915 1577 977 1597 rum
1000 1570 1027 1597 in
1052 1577 1213 1606 unaquaque
1237 1571 1513 1598 tessaradecaeteride
1546 1571 1591 1599 ille
1616 1579 1712 1598 nume-

75 1618 143 1646 sinit
160 1617 187 1644 in
203 1625 230 1644 Iv
245 1617 334 1644 Martii
349 1626 357 1645 :
376 1617 412 1644 ita
428 1621 458 1644 ut
484 1617 673 1653 ogdoeconlat.
690 1624 709 1644 ιι
726 1616 840 1650 incipiat
851 1623 867 1643 a

75 1671 92 1690 ν
113 1663 216 1690 Martii.
237 1662 369 1690 Ascendit
389 1662 472 1698 igitur
500 1662 642 1690 ncomenia
663 1662 698 1689 52
717 1661 813 1689 diebus
833 1661 868 1688 ab

75 1708 182 1742 epocha
204 1707 312 1734 Iuliana
335 1707 415 1742 primi
442 1707 527 1743 cycli,
556 1714 617 1742 qua,
639 1711 682 1734 est
704 1714 729 1733 vn
754 1706 866 1741 Aprilis.

76 1754 169 1787 Quare
200 1753 281 1781 debet
307 1753 464 1781 intercalari
487 1754 590 1780 mensis
617 1752 792 1783 tricenarius.
812 1759 868 1787 quo

76 1799 223 1826 neomenia
246 1798 452 1826 submovebitur
468 1798 495 1825 in
512 1806 538 1825 IV
560 1798 627 1833 Apr.
642 1802 669 1826 et
683 1798 767 1826 biduo
781 1806 795 1825 a
813 1798 869 1832 pri-

76 1854 123 1874 sca
150 1845 257 1880 epocha
282 1845 402 1872 recedet.
426 1844 504 1877 Quod
530 1849 589 1872 erat
612 1843 867 1872 demonstrandum.

78 1892 131 1920 Sed
152 1891 321 1927 Epiphanius
344 1891 383 1918 ait
403 1898 526 1918 mensem
544 1890 620 1918 illum
642 1890 744 1917 embol.
767 1889 870 1918 tricesi-

77 1946 155 1965 mum
173 1937 293 1972 primum
313 1936 413 1972 conjici
431 1936 458 1964 in
482 1944 586 1964 annum
605 1935 650 1963 85.
668 1935 762 1971 Itaque
779 1943 869 1963 annus

78 1984 186 2019 primus
199 1984 268 2019 cycli
289 1982 403 2011 secundi
421 1982 502 2010 inibit
517 1991 534 2010 ι
548 1982 649 2010 Martii.
671 1981 723 2010 Ubi
740 1986 768 2010 et
781 1980 868 2010 Judaei

76 2030 184 2066 cyclum
197 2029 325 2064 ﬁgebant.
344 2029 407 2064 quia
421 2028 533 2056 citimus
547 2029 657 2056 illorum
675 2028 808 2056 terminus
824 2027 870 2055 tri-

77 2076 133 2103 duo
147 2074 288 2102 Nicaenum
307 2073 454 2100 antecedit.

112 2120 248 2147 Caeterum
262 2119 399 2147 Victorius
411 2119 566 2154 Aquitanus
582 2119 609 2146 in
627 2119 721 2147 eadem
739 2119 785 2146 illa
796 2118 869 2146 PHE-

78 2167 193 2199 Iatione,
211 2166 278 2202 cycli
297 2173 396 2192 LXXXIV
422 2173 557 2192 annorum
576 2164 712 2197 meminit,
737 2169 867 2199 tanquam

79 2221 93 2239 a
115 2212 257 2240 nonnullis
279 2212 312 2239 ad
336 2211 469 2238 Pasch-ale
492 2210 629 2246 negotium
654 2210 867 2238 accommodati.

919 1623 966 1643 rus
983 1621 1034 1649 est,
1048 1624 1129 1650 quem
1144 1616 1347 1649 constituimus,
1368 1616 1449 1649 5l08.
1465 1617 1508 1644 vel
1523 1617 1606 1648 5109,
1623 1617 1710 1644 semel

919 1669 983 1689 vero
995 1662 1062 1689 5I07
1076 1671 1082 1695 ;
1097 1662 1169 1690 civili
1186 1662 1212 1690 id
1229 1663 1334 1690 ratione
1347 1663 1512 1697 postulante.
1529 1662 1599 1690 Tum
1614 1671 1709 1698 περιτ-

917 1707 964 1733 ταὶ
989 1706 1089 1742 ἡμέραι
1113 1707 1195 1735 tertio
1223 1714 1332 1742 quoque
1359 1713 1447 1739 anno;
1475 1707 1615 1737 embolimi
1645 1716 1710 1736 vero

919 1760 1027 1781 menses
1041 1752 1156 1785 ἐναλλάξ
1178 1753 1269 1788 pleni.
1288 1753 1420 1788 cavique,
1445 1758 1471 1780 et
1491 1753 1518 1780 in
1534 1753 1649 1789 singulis
1664 1762 1711 1790 cy-

918 1799 968 1826 (IIS
983 1806 1015 1831 v;
1043 1799 1070 1826 in
1092 1799 1395 1832 tessaradecaeterihus,
1414 1799 1553 1826 embolimi
1570 1807 1635 1827 xxx.
1654 1799 1710 1827 IIIIO

917 1853 983 1873 vero
999 1853 1075 1872 xm.
1097 1845 1165 1873 Nam
1182 1845 1292 1873 totidem
1315 1845 1442 1880 imputari
1465 1845 1582 1879 debent;
1604 1850 1634 1874 ut
1654 1847 1710 1874 sint

918 1891 976 1918 dies
993 1890 1020 1918 in
1041 1890 1353 1926 ogdoecontalessaraet.
1375 1891 1474 1919 50679.
1489 1891 1524 1918 At
1539 1891 1709 1927 Epiphanius

919 1936 1044 1964 ultimum
1061 1936 1269 1965 embolimorum
1288 1937 1321 1965 ad
1343 1937 1452 1965 initium
1471 1937 1539 1973 cycli
1553 1939 1710 1973 sequentis,

918 1983 975 2011 sive
995 1991 1098 2011 annum
1113 1983 1149 2011 85
1171 1983 1268 2019 rejicit.
1297 1983 1374 2011 Unde
1397 1984 1472 2019 prior
1495 1984 1589 2019 cyelus
1612 1984 1709 2012 diebus

919 2033 1031 2056 constat-
1042 2028 1130 2057 50649
1143 2038 1150 2063 ;
1168 2029 1305 2057 secundus
1318 2029 1417 2063 50709,
1432 2030 1598 2064 habebitque
1611 2030 1709 2057 embo-

918 2075 999 2103 limos
1017 2075 1070 2106 52;
1104 2075 1206 2110 alioqui
1230 2075 1344 2103 nimium
1368 2075 1403 2103 ab
1431 2075 1535 2110 epocha
1560 2076 1711 2103 neomenize

919 2121 1087 2152 recederent.
1108 2121 1228 2155 Quarum
1248 2122 1358 2157 quidem
1379 2122 1586 2149 neomeniarum
1603 2122 1710 2157 προέμ-

918 2175 1032 2201 πτωσιν,
1052 2172 1080 2194 et
1094 2167 1242 2203 μετάϐασιν
1258 2169 1298 2199 εἰς
1311 2167 1345 2194 τὰ
1360 2167 1556 2203 προηγούμενα
1570 2167 1597 2194 in
1612 2167 1707 2194 eodem

920 2211 1119 2245 Diagrammate
1139 2217 1218 2247 potes
1241 2212 1351 2239 intueri.
1375 2210 1443 2238 Nam
1473 2216 1534 2246 post
1557 2211 1709 2246 quamlibet

82 2258 116 2286 Ut
130 2262 261 2293 appareat
278 2265 333 2284 non
349 2256 459 2284 Judzros
471 2257 571 2289 solum,
586 2256 633 2284 sed
653 2260 680 2283 et
694 2256 869 2284 Christianos
886 2251 906 2279 Β
921 2258 1233 2291 tessaradecaeteridem,
1249 2266 1264 2284 v
1280 2257 1351 2285 dieb.
1379 2262 1407 2284 et
1430 2257 1504 2284 horis
1527 2257 1544 2284 8
1566 2258 1707 2284 neomenia

79 2304 216 2340 ejusmodi
232 2311 366 2332 annorum
389 2303 455 2330 orbe
480 2310 546 2330 usos
558 2302 706 2336 aliquando
722 2301 819 2330 fuisse.
837 2301 870 2329 Et

79 2357 143 2379 ante
164 2349 316 2378 Victorium
335 2349 454 2385 Cyrillus
475 2349 501 2376 in
523 2347 704 2380 l’raafatione.
728 2355 810 2383 quam
835 2348 869 2375 ad

78 2398 186 2434 cyclum
198 2404 280 2424 suum
295 2395 390 2428 edidit,
400 2403 462 2430 qua:
477 2395 503 2421 in
518 2395 614 2425 eodem
627 2394 722 2422 codice
732 2394 869 2426 exstabat.

79 2441 255 2478 reprehendit
269 2441 347 2472 illos,
366 2440 413 2476 qui
430 2448 531 2467 uulv
553 2447 688 2467 annorum
712 2440 869 2474 paschalem

78 2489 186 2526 cyclum
208 2487 396 2519 instituerunt,
422 2486 480 2514 sive
497 2491 600 2521 septem
617 2486 867 2521 quatuordecenni-

78 2540 176 2563 tatum.
189 2535 229 2561 Ita
240 2534 312 2560 enim
326 2532 441 2560 Latinus
457 2531 591 2567 interpres
606 2533 750 2559 convertit.

79 2591 239 2619 Declaratur
248 2590 381 2617 Judat'cm
394 2590 439 2616 ille
449 2588 550 2630 σῃίειιιι,
561 2587 668 2623 ejusque
681 2590 866 2623 opportunitas

408 2629 537 2659 aperitur.

113 2670 177 2698 Fuit
193 2670 261 2703 haec,
279 2670 319 2698 vel
341 2677 401 2698 esse
422 2669 520 2705 potuit,
536 2668 623 2697 civilis
636 2669 780 2704 utriusque
797 2669 866 2705 cycli

77 2717 246 2753 dispositio:
273 2717 299 2744 in
325 2724 380 2751 qua
405 2716 438 2744 ad
467 2715 598 2743 amussim
624 2716 764 2743 observata
794 2715 866 2744 vides

78 2763 182 2796 omnia,
197 2769 259 2798 qua:
270 2762 350 2797 paulo
364 2765 427 2789 ante
441 2760 575 2796 disputata
593 2764 664 2788 sunt.
681 2759 747 2788 Nam
764 2764 792 2788 et
808 2761 866 2789 die-

919 2302 1002 2330 Nisan
1027 2303 1142 2338 primam
1169 2303 1301 2338 epocham
1330 2302 1484 2330 antevertit.
1512 2301 1547 2329 Ut
1571 2302 1594 2329 si
1621 2302 1709 2336 primo

922 2355 996 2376 anno
1010 2348 1079 2383 cycli
1100 2348 1243 2375 neomenia
1259 2347 1341 2375 Nisan
1359 2348 1424 2382 Apr.
1443 2354 1467 2374 Vl
1484 2346 1627 2381 contigerit
1643 2347 1709 2373 hora

919 2395 1016 2422 merid.
1029 2395 1133 2423 exactis
1150 2403 1194 2422 xtv
1211 2394 1300 2422 annis.
1314 2394 1347 2421 ad
1364 2393 1422 2420 Kal.
1441 2393 1508 2428 Apr.
1524 2392 1708 2428 regredietur;

919 2444 946 2467 et
961 2441 989 2468 in
1001 2441 1097 2468 horam
1115 2449 1141 2468 iv
1152 2445 1213 2476 post
1226 2440 1342 2467 mediam
1356 2444 1462 2467 nocter
1478 2439 1576 2466 incidet
1590 2439 1617 2466 in
1630 2439 1663 2465 A.
1677 2438 1708 2466 D.

922 2485 981 2513 Kal.
997 2486 1064 2521 Apr.
1079 2491 1163 2521 atque
1180 2487 1216 2514 ita
1230 2486 1358 2521 deinceps
1379 2485 1521 2513 neomenia
1542 2484 1655 2512 Iudaica
1675 2486 1710 2511 ab

920 2533 1023 2568 epocha
1049 2532 1128 2568 primi
1150 2533 1269 2566 mensis,
1283 2536 1311 2559 et
1331 2531 1413 2559 solari
1432 2531 1539 2565 longius
1563 2530 1707 2562 abscedet,

920 2578 1009 2605 donec
1026 2578 1149 2605 volvente
1163 2578 1268 2613 majore
1290 2577 1383 2613 cyclo,
1406 2584 1469 2604 cum
1484 2576 1540 2611 jam
1559 2583 1633 2602 xun
1648 2574 1709 2601 die-

920 2623 972 2651 bus
986 2628 1121 2651 retroacta
1138 2623 1229 2657 fuerit.
1242 2623 1447 2653 iutercalatione
1465 2622 1538 2658 pleni
1559 2620 1661 2648 mensis
1674 2619 1708 2646 ad

921 2670 1064 2705 pristinam
1085 2669 1217 2705 epocham
1236 2674 1363 2697 revocata
1384 2669 1466 2697 biduo
1489 2667 1621 2695 duntaxat
1636 2666 1707 2692 anti-

921 2715 1031 2751 cipabit.

957 2761 1065 2796 Epoeha
1090 2761 1240 2790 neomenia:
1265 2760 1349 2789 Nisan
1376 2760 1403 2788 in
1429 2759 1504 2795 cyclo
1527 2755 1637 2783 Nicamo
1658 2762 1705 2782 vm

125 2842 153 2873 ιι)
172 2841 267 2868 Annus
291 2840 420 2874 Baptismi
445 2846 478 2866 ex
507 2838 659 2874 Epiphanio
674 2839 707 2874 Ain
731 2847 778 2874 vni
802 2838 933 2867 Novemb.

126 2872 153 2910 ι)
173 2876 222 2904 ilic
246 2880 287 2903 est
309 2872 395 2910 annus
426 2872 555 2909 Baptismi
579 2872 728 2910 secundum
755 2873 868 2902 Latinos
885 2883 909 2902 vn
923 2874 984 2902 Jan.

125 2908 152 2946 β)
172 2912 222 2940 llic
238 2915 281 2939 est
299 2918 364 2938 ann.
379 2908 520 2937 Passidnis
532 2917 565 2936 ex
579 2908 711 2944 Epiphan.

246 2958 383 2988 PATnOL.
408 2955 468 2985 Gn.
493 2954 587 2984 XLII.

1504 2946 1540 2975 31
