1925 3043
209 191 258 220 971

755 189 774 216 A
782 189 928 217 l‘PENlth
948 189 1224 218 DISSERTATIONU
1231 191 1266 218 Μ.

1786 193 1836 221 971

211 253 252 276 est
267 248 369 283 Aprilis
379 255 405 274 VI
417 256 424 280 ;
437 247 512 283 cyclo
526 254 590 274 vero
602 255 651 274 xtu
665 252 705 274 est
719 247 806 275 Martii
821 256 871 283 xu,
881 256 914 275 eo
927 247 998 282 quod
1014 249 1036 277 Α
1051 248 1155 283 aliquot
1175 249 1318 276 neome-nia
1340 248 1423 276 Nisan
1440 249 1472 276 ad
1491 257 1504 276 ι’
1533 249 1619 276 Martii
1637 249 1746 277 redacta
1770 249 1837 278 (ornt

210 295 310 321 t‘hristi
334 294 448 327 smcnlo,
473 294 548 329 cyclo
565 301 614 320 χιιι
639 295 780 322 neomenia
795 295 822 322 in
838 295 911 322 illum
927 295 999 321 diem

210 340 387 368 incurrebat:
410 348 424 366 ιι
441 347 495 373 quo
511 340 563 367 sub
587 339 686 367 Νισαξηί
711 340 817 367 concilii
835 346 941 375 tempus
965 339 998 367 ad

210 393 238 413 ιι
251 385 369 412 transiit.
399 385 451 412 Sed
475 385 501 411 in
526 384 638 413 .ludaico
651 386 726 421 cyelo
741 386 826 420 prittta
844 386 999 414 tcssarade-

210 437 278 461 eaet.
301 434 469 460 ncomenialn
487 433 595 461 exhibet
612 434 637 461 in
660 441 710 466 xu,
728 434 846 461 secunda
864 434 890 460 in
912 442 956 465 xt,
972 438 1000 461 et

209 480 246 507 ita
264 480 390 514 deinceps
417 488 504 515 usque
527 481 560 508 ad
588 489 632 514 Ix;
649 485 676 508 et
706 485 815 516 propter
835 481 998 509 incidentem

209 526 361 553 bisextilem
381 526 452 553 diem
471 526 502 553 ad
522 535 569 554 \‘Ill
590 527 672 554 etiam
690 528 815 554 recurrit.
831 527 910 555 Anno
937 528 999 561 qui—

208 573 269 598 dem
287 571 394 598 Juliauo
411 571 444 598 76
462 571 545 599 Nisan
571 572 658 599 Martii
676 581 702 600 ix
718 572 784 600 feria
802 581 827 600 Vl
849 574 997 601 convenie-

208 617 268 649 bat,
285 617 357 651 quod
373 616 406 644 ad
419 616 560 652 Epiphanii
579 618 752 650 sententiam,
768 622 907 652 totamque
924 618 997 645 illam

208 664 241 690 de
257 662 396 690 Passionis
409 670 481 690 anno
499 670 530 690 ac
547 663 590 691 die
613 664 790 698 qua'slionem
808 663 996 698 explicandam

208 708 439 743 opportunissime
459 708 566 736 cecidit.
589 707 660 742 Quin
682 714 708 736 et
723 709 837 737 alterunt
858 709 997 740 laterculi.

208 764 240 783 ac
255 755 359 783 Judaici
376 755 446 782 illius
463 755 531 790 cycli
550 754 669 782 fructum
695 761 778 790 atque
799 763 878 782 usum
902 755 997 789 paucis

208 802 338 836 aperiam.
353 800 428 828 Scito
442 801 523 835 igitur
535 801 703 836 probabilem
715 809 748 827 cx
760 808 793 827 eo
802 807 915 828 causam
925 800 998 832 elici,

207 855 255 874 ('ur
281 846 436 873 Judzeorum
459 845 542 873 Nisan
568 846 602 873 ab
627 846 728 881 epocha
754 845 856 878 veteri,
883 846 936 873 hoc
957 850 998 873 est

208 894 392 929 aequinoctio,
415 893 563 928 itidemque
578 893 737 921 Latinorum
763 894 867 928 primus
896 894 998 921 mensis

1051 294 1218 328 deprehensa
1228 314 1236 327 ,
1251 295 1319 330 cycli
1334 295 1410 326 labe,
1425 296 1546 322 animum
1569 295 1603 322 ad
1618 296 1838 323 emendationem

1050 339 1216 376 adjecerint,
1240 345 1268 367 et
1291 340 1344 368 alio
1364 340 1433 376 cycli
1451 348 1549 375 genere
1573 341 1736 373 constituto,
1756 340 1838 375 hujus

1051 386 1157 413 initium
1186 386 1212 413 in
1239 387 1335 414 eodem
1363 387 1409 413 illo
1440 394 1512 413 anno
1546 386 1673 418 ﬁxerint.
1699 386 1746 420 qui
1777 394 1838 413 cum

1050 430 1435 465 ogdoecontatessaraeteridis
1466 430 1606 465 sequentis
1648 429 1774 465 primus,
1808 437 1840 456 ac

1050 473 1162 509 proinde
1183 473 1371 501 embolimteus
1401 480 1461 501 esse
1485 474 1612 507 deberet;
1637 474 1710 500 ltune
1733 474 1839 508 ipsum,

1050 521 1144 551 utpote
1159 517 1226 551 cycli
1242 517 1360 544 recentis
1377 516 1501 548 initium,
1521 524 1695 543 communem
1712 516 1839 543 fecerint.

1050 559 1088 587 Ita
1105 561 1228 595 contigit,
1244 565 1274 588 ut
1286 561 1414 594 deinceps
1427 560 1519 588 citima
1534 561 1677 588 neontenia
1699 560 1728 587 in
1751 559 1840 587 Martii
1877 595 1881 598 .

1050 614 1076 639 ν,
1091 614 1137 634 xiv
1153 607 1216 633 luna
1232 606 1319 633 Martii
1335 614 1401 633 xt‘tu
1420 607 1585 634 constiterit.

1050 662 1216 698 Epiphanius
1232 663 1264 690 ab
1282 664 1369 698 inepta
1386 663 1516 699 Scaligrri
1540 664 1739 698 reprehensione
1756 665 1842 692 vindi-

1400 705 1485 726 catur.

1086 743 1229 772 Postremo
1244 745 1277 771 de
1290 745 1339 772 hoc
1350 744 1507 773 Iudaeorum
1520 746 1595 781 cyclo
1612 746 1758 781 disputans
1774 747 1842 774 Sca-

1051 791 1117 826 liger
1136 791 1182 818 lib.
1200 799 1218 818 ιι
1236 791 1275 818 De
1296 791 1411 824 entend.,
1425 799 1452 826 p.
1477 791 1528 819 HG
1545 801 1552 819 :
1591 791 1768 827 Epiphaniam
1793 800 1842 818 no-

1050 843 1147 870 strum,
1161 843 1190 865 ut
1208 844 1231 866 et
1258 847 1345 865 omnes
1363 843 1460 865 veterea
1480 839 1620 873 scriptores
1643 838 1692 865 hac
1717 839 1745 865 in
1766 845 1843 872 parte

1051 884 1129 919 (hzec
1156 884 1226 911 enim
1252 884 1324 911 illius
1352 884 1432 911 verba
1461 885 1554 919 sunt),
1575 884 1738 918 negligentia
1763 885 1842 919 culpa

209 940 386 968 aberraret-it.
416 940 495 973 Quod
516 940 587 967 enim
613 947 656 967 xlv
682 939 765 968 Nisan
791 940 819 967 in
843 940 998 975 aequinoctii

1052 929 1163 957 liberare
1175 939 1202 958 te
1215 936 1292 966 negat
1308 938 1393 966 posse.
1407 930 1458 959 Sed
1473 940 1525 958 non
1539 932 1644 964 melior,
1669 932 1769 967 inquit,
1790 938 1840 959 tes-

205 987 280 1013 diem
306 987 393 1021 ipsum
429 986 494 1014 olim
521 985 666 1017 inciderit,
695 986 794 1013 docent
821 985 998 1013 vetustissimi

208 1033 365 1060 Jutlrein‘um
384 1033 507 1068 magistri
523 1042 529 1060 :
547 1033 572 1060 in
584 1033 680 1068 primis
699 1032 864 1068 Agatltobuli
884 1032 948 1060 duo.
967 1031 1001 1060 Et

209 1077 383 1105 Aristobulus
398 1078 494 1105 horum
508 1078 669 1113 discipulus,
685 1078 730 1112 qui
748 1086 819 1106 unus
836 1086 851 1105 e
863 1077 933 1104 LXX
952 1077 1000 1105 Se-

208 1124 331 1151 l'liOi'iblh
347 1123 416 1157 fuit,
433 1124 503 1158 apud
522 1123 681 1151 Anatolium
697 1124 724 1151 in
740 1123 908 1159 fragtttcnto,
925 1123 998 1159 quod

207 1169 307 1197 Euseb.
322 1169 388 1196 citat
411 1169 429 1195 Ι.
446 1177 482 1196 νιι
503 1168 587 1201 ιιιδι.,
615 1176 639 1196 c.
655 1169 700 1196 27.
721 1169 854 1196 Asserunt
871 1168 943 1196 enim
966 1168 1000 1194 τὰ

212 1213 374 1250 διαϐατήρια
383 1213 458 1240 θύειν
468 1213 522 1240 δεῖν
539 1213 596 1249 μετ’
612 1214 756 1249 ἰσημερίαν
766 1213 878 1249 ἐαρινὴν
891 1213 1001 1249 μεσοῦν-

208 1268 252 1292 ως
264 1260 309 1287 τοῦ
330 1258 439 1295 πρώτου
466 1258 560 1294 μηνός.
582 1259 655 1286 Idem
676 1264 703 1287 et
725 1259 842 1287 Musaeus
858 1265 934 1287 vetns
948 1258 999 1286 Ju-

207 1308 328 1333 dreorum
342 1307 459 1341 scriptor
476 1306 581 1334 docuit.
605 1306 657 1333 Sed
676 1311 702 1334 et
719 1305 798 1333 Philo
823 1305 870 1333 lib.
892 1305 931 1333 De
945 1306 1000 1332 vita

208 1352 319 1379 Hosis:
334 1351 389 1387 Τὴν
415 1351 503 1387 ἀρχὴν
517 1352 566 1385 τῆς
588 1351 700 1386 ὲαρινῆς
722 1351 866 1387 ἰσημερίας
890 1350 999 1387 πρῶτον

207 1397 361 1432 ἀναγράφει
382 1397 455 1433 μῆνα
478 1397 608 1431 Μωῦσῆς.
627 1396 803 1432 Astipulatur
821 1401 849 1424 et
863 1395 999 1431 Iosephus

207 1445 226 1471 l.
246 1452 275 1470 ut
286 1443 377 1478 ’0rig..
391 1452 416 1470 c.
436 1443 469 1470 10
486 1451 493 1468 :
509 1442 554 1478 Τῷ
565 1442 593 1469 δὲ
607 1442 673 1478 μηνὶ
688 1442 727 1478 τῷ
742 1441 876 1476 Ξανθικῷ,
888 1441 918 1473 ὃς
930 1441 998 1468 Νισ-

211 1490 260 1516 σὰν
275 1489 340 1524 παρ’
352 1490 419 1525 ἡμῖν
436 1489 568 1521 καλεῖται,
588 1489 635 1515 καὶ
656 1487 704 1514 τοῦ
722 1487 799 1520 ἔτους
819 1488 893 1515 ἐστὶν
907 1487 980 1524 ἀρχὴ
992 1507 999 1519 ,

209 1534 494 1570 τεσσαρεσκαιδεκάτη
528 1534 599 1561 κατὰ
636 1533 749 1569 σελήνην
787 1534 816 1560 ὲν
845 1533 923 1570 Κριῷ
951 1533 999 1560 τοῦ

1051 978 1295 1005 δαναοιεαθοαειενίε
1311 997 1318 1010 ,
1339 985 1419 1012 quant
1434 986 1484 1004 non
1497 978 1583 1004 solum
1601 983 1628 1004 ut
1644 978 1754 1013 probam
1767 983 1792 1005 et
1805 979 1842 1004 le-

1051 1023 1169 1058 gitimam
1187 1023 1296 1050 adducit
1310 1023 1379 1050 idem
1399 1023 1564 1059 Epiphanius
1578 1044 1585 1056 ,
1600 1025 1644 1051 sed
1663 1023 1775 1051 Iuda-os
1789 1033 1841 1050 non

1050 1067 1134 1094 aliam
1151 1068 1281 1095 rationem
1305 1069 1333 1095 in
1359 1077 1428 1096 anno
1452 1069 1542 1096 lunari
1565 1070 1636 1105 sequi
1662 1071 1733 1102 ruit,
1762 1078 1841 1104 quam

1051 1112 1124 1140 illius
1140 1114 1301 1141 met/mlum.
1318 1114 1386 1142 Tum
1402 1115 1544 1151 Epiphanii
1564 1115 1655 1143 verbis
1670 1116 1771 1149 allatis,
1786 1117 1841 1151 pri-

1052 1166 1126 1186 ntunt
1145 1159 1210 1186 illud
1234 1160 1425 1195 reprehendit.
1445 1161 1518 1196 quod
1538 1161 1661 1194 dixerat;
1679 1161 1706 1188 in
1721 1167 1777 1189 tres
1792 1169 1842 1188 an-

1052 1213 1102 1233 uos
1127 1206 1198 1234 diem
1217 1214 1301 1233 unum
1320 1214 1353 1234 ex
1374 1207 1450 1234 horis
1471 1207 1488 1234 8
1515 1207 1632 1235 residuis
1648 1207 1790 1242 imputari.
1807 1209 1842 1235 At

1052 1253 1151 1288 {altum
1165 1253 1226 1285 erit,
1242 1253 1330 1289 inquit
1344 1275 1351 1286 ,
1376 1261 1457 1281 unam
1474 1258 1577 1280 tantum
1591 1254 1660 1281 diem
1682 1259 1740 1289 post
1761 1255 1844 1280 trien-

1051 1299 1125 1326 nium
1140 1307 1307 1333 accrescere,
1325 1308 1384 1326 cum
1407 1300 1592 1335 relinquantur
1614 1305 1673 1334 post
1697 1301 1843 1327 triennium

1051 1346 1107 1372 dies
1122 1345 1186 1378 duo,
1200 1345 1272 1372 hora:
1291 1345 1334 1377 l8,
1350 1350 1512 1380 quanlarum
1525 1346 1572 1377 ⁸24,
1587 1349 1625 1373 est
1642 1351 1738 1378 totum,
1753 1351 1800 1372 aut
1815 1346 1842 1378 9,

1051 1397 1210 1428 quantarum
1239 1392 1284 1419 12.
1328 1392 1430 1420 Deinde
1455 1393 1528 1428 quod
1553 1394 1634 1421 armis
1662 1401 1706 1420 xlv
1733 1394 1843 1429 cyclqu

1051 1439 1210 1472 deﬁnierat,
1226 1439 1279 1467 ltoc
1301 1439 1383 1467 modo
1402 1439 1550 1474 redarguit.
1579 1439 1664 1475 Negat
1681 1441 1754 1467 enini
1776 1448 1844 1476 pra:-

1052 1484 1136 1512 cisam
1164 1485 1246 1511 ullam
1272 1485 1404 1512 rationem
1432 1485 1489 1512 ﬁeri
1517 1493 1611 1520 posse.
1639 1485 1711 1513 Nam
1738 1486 1845 1514 Juliani

1052 1529 1116 1556 anni
1131 1530 1188 1556 dies
1213 1529 1340 1565 colligunt
1356 1531 1426 1557 5115
1439 1552 1445 1563 ,
1459 1531 1540 1557 haras
1565 1531 1617 1564 12;
1641 1532 1705 1558 anni
1735 1532 1846 1560 lunam

208 1580 284 1616 ἡλίου
317 1579 497 1611 καθεστῶτθς.
539 1578 624 1614 Igitur
655 1578 812 1606 Judzeorum
843 1587 888 1606 xtv
915 1578 998 1607 Nisan

1054 1573 1160 1603 totidth
1184 1574 1316 1609 simplices
1327 1595 1334 1606 ,
1351 1575 1439 1604 4956:
1457 1576 1608 1610 di/I'crentiu
1625 1577 1681 1603 dies
1702 1576 1753 1604 157
1764 1596 1772 1609 ,
1800 1577 1843 1605 12.

210 1627 237 1654 in
250 1626 443 1661 tequinoctium
459 1625 614 1652 incurrebat
635 1625 732 1659 priscis
748 1625 801 1652 illis
817 1625 996 1660 temporibus,

208 1678 236 1700 ct
249 1680 281 1699 ex
300 1671 382 1699 Mosis
399 1672 535 1699 instituto.
552 1671 584 1698 At
599 1675 692 1706 postea
708 1671 882 1706 praescriptos
897 1671 998 1699 limites

208 1717 413 1753 transgrediens
429 1716 624 1752 atquinoctinm
641 1716 737 1743 diebus
754 1716 858 1751 aliquot
873 1719 998 1744 anteces-

208 1765 253 1792 sit.
272 1763 419 1791 Testantur
433 1763 484 1790 hoc
500 1763 686 1790 vetustissima
705 1762 923 1789 Christianorum
939 1769 997 1790 mo-

208 1810 328 1837 nimenta
340 1820 346 1843 ,
361 1816 422 1844 qua
439 1807 595 1835 Judazorum
609 1807 713 1835 Pascha
725 1808 917 1842 aequinoctium
931 1815 998 1843 prte—

208 1857 332 1885 vertere,
358 1857 385 1880 et
407 1853 433 1879 in
456 1861 494 1879 xu
522 1860 616 1880 mense
635 1853 766 1880 celebrari
801 1860 997 1888 nonnunquam

209 1900 368 1926 admonent.
395 1899 505 1926 Cottone
527 1906 550 1926 vt
580 1898 674 1933 Apost.
693 1899 711 1925 l.
732 1905 758 1926 t:
776 1898 809 1926 Εἴ
827 1908 870 1932 τις
888 1899 998 1926 ἐπίσκο-

209 1944 298 1979 πος,ἢ
315 1943 508 1979 πρεσϐύτερος,
527 1944 544 1979 ἢ
559 1944 681 1977 διάκονος
700 1945 750 1981 τὴν
767 1944 847 1979 ἁγίαν
873 1944 920 1971 τοῦ
941 1945 998 1972 Πά·

209 1999 262 2025 σχα
284 1990 391 2025 ἡμέραν
408 1989 461 2025 πρὸ
477 1990 526 2025 τῆς
544 1990 656 2026 ἐαρινῆς
672 1991 816 2027 ἰσημερίας
839 1991 909 2026 μετὰ
933 1991 999 2018 Ἰου-

207 2035 291 2062 δαίων
303 2035 456 2071 ἐπιτελέσῃ,
474 2035 668 2071 καθαιρείσθω.
686 2036 774 2069 Quem
788 2036 821 2063 ad
837 2036 927 2063 locum
946 2045 998 2064 ttu-

208 2085 286 2115 gatur
299 2080 442 2108 Balsamon
457 2091 463 2109 :
475 2089 537 2109 eum
551 2086 630 2117 negat
641 2082 751 2117 ἐαρινὴν
766 2082 911 2118 ἰσημερίαν
924 2087 999 2110 Certo

208 2127 252 2154 die
262 2127 402 2155 committi
412 2147 420 2161 ,
434 2127 490 2154 ἀλλ’
505 2128 549 2154 ὅτε
562 2127 630 2164 τύχῃ
646 2136 678 2155 ex
697 2128 764 2155 solis
779 2127 903 2163 lunaeque
918 2135 999 2156 revo-

209 2171 370 2202 lutionibus,
386 2171 457 2205 quod
481 2176 522 2198 est
535 2172 649 2206 puerile.
675 2171 713 2199 Ad
729 2172 786 2199 haec
800 2172 999 2200 Constantinus

209 2217 235 2245 in
252 2217 364 2252 epistola
375 2237 382 2250 ,
400 2224 480 2251 quant
500 2217 533 2244 ad
548 2216 684 2244 Eeclesias
700 2223 762 2252 post
777 2216 918 2244 Nicatnunt
932 2225 997 2245 con-

1052 1619 1091 1646 De
1111 1619 1205 1654 quibus
1228 1619 1424 1647 intercaluntur
1447 1620 1518 1655 pleni
1542 1629 1641 1648 nienses
1656 1629 1682 1654 ν,
1706 1627 1845 1648 remanent

1051 1665 1107 1692 dies
1123 1666 1149 1697 7,
1166 1666 1208 1692 12.
1223 1665 1285 1692 Jant
1298 1666 1314 1693 8
1327 1666 1399 1693 liora!
1412 1667 1590 1702 quaterdecies
1605 1669 1771 1695 constituunt
1787 1669 1845 1695 dies

1052 1712 1079 1743 4,
1095 1711 1139 1739 16.
1158 1711 1224 1744 Qua:
1237 1720 1342 1740 stunma
1357 1713 1390 1739 de
1405 1713 1496 1741 diebus
1514 1713 1541 1744 'l.
1557 1713 1602 1747 12,
1618 1714 1739 1741 detracla
1761 1714 1845 1742 relin-

1052 1758 1109 1792 quit
1122 1757 1299 1792 di/ferentinm
1314 1766 1380 1785 verte
1393 1759 1606 1790 tessaradecaet.,
1619 1764 1644 1786 et
1656 1759 1734 1794 [alue
1747 1760 1805 1787 dies
1817 1760 1844 1792 2,

1054 1803 1097 1830 12.
1122 1803 1185 1831 Haec
1199 1802 1330 1839 Scaliger.
1350 1804 1377 1831 In
1394 1812 1448 1839 qua
1465 1804 1573 1839 quidem
1588 1804 1733 1840 Epiphanii
1751 1813 1845 1842 repre-

1053 1848 1186 1876 hensione
1207 1856 1343 1876 summam
1374 1848 1482 1883 prrcl'ert
1502 1849 1671 1876 obtrectandi
1701 1849 1845 1878 libidinem

1053 1902 1115 1922 cum
1135 1894 1192 1930 pari
1208 1894 1249 1922 vel
1268 1894 1388 1928 inscitia,
1405 1895 1446 1922 vel
1469 1894 1620 1930 ἀπροσεξιᾳ
1639 1895 1819 1930 coniunctam
1838 1905 1844 1923 :

1053 1948 1116 1968 nam
1138 1941 1312 1968 etimmerito
1335 1940 1517 1976 Epiphanium
1548 1946 1677 1975 accusat;
1696 1942 1744 1977 qui
1761 1950 1844 1978 quant

1052 1994 1067 2014 a
1088 1986 1188 2014 ludatis
1213 1991 1325 2015 noverat
1349 1987 1489 2014 observari
1515 1991 1669 2023 temporum
1695 1988 1844 2021 rationem,

1053 2041 1112 2061 eam
1126 2033 1331 2061 commentariis
1355 2033 1413 2061 suis
1426 2033 1562 2068 exposuit.
1583 2033 1611 2060 ln
1625 2041 1681 2068 quo
1696 2034 1765 2061 nihil
1789 2035 1846 2070 ipse

1053 2083 1157 2113 peccat.
1174 2077 1267 2113 Neque
1288 2085 1352 2106 vero
1369 2079 1473 2114 cyclum
1498 2077 1590 2112 hunc,
1624 2083 1653 2106 nt
1669 2079 1785 2112 probum
1813 2088 1845 2108 ac

1054 2123 1221 2159 legitimum,
1238 2124 1374 2157 obtrusit,
1397 2123 1468 2159 quod
1500 2124 1684 2152 calumniatur
1709 2124 1843 2161 Scaliger.

1055 2169 1111 2196 lmo
1123 2176 1138 2196 e
1149 2171 1288 2196 contrario
1312 2171 1441 2198 vitiosum
1459 2170 1545 2198 fuisse
1562 2179 1615 2198 non
1630 2172 1749 2199 obscure
1763 2173 1846 2209 signi-

1055 2215 1127 2248 ﬁcat,
1141 2222 1204 2242 cum
1217 2215 1300 2243 biduo
1324 2223 1340 2243 a
1360 2216 1524 2245 cmlcstibus
1534 2217 1685 2245 ncouteniis
1700 2218 1845 2247 aberrasse

208 2260 300 2287 cilium
321 2260 445 2294 scripsit,
466 2260 536 2294 apud
564 2259 695 2288 Eusebul.
723 2268 753 2288 ιιι
779 2260 815 2287 De
830 2262 884 2288 vita
895 2260 998 2293 Const.,
1017 2268 1040 2297 ι)
1055 2261 1144 2292 d0cet,
1159 2266 1188 2287 ut
1201 2261 1311 2289 abunde
1326 2262 1494 2289 declaratum
1514 2267 1566 2289 cst.

208 2303 317 2332 Judaros
334 2304 428 2332 eodem
440 2312 512 2331 anno
525 2304 623 2338 duplex
639 2303 743 2331 Pascha
755 2304 903 2332 celebrare.
919 2303 997 2337 Quod

211 2349 337 2376 videlicet
349 2348 425 2384 cyclo
439 2356 485 2374 xix
497 2353 524 2374 ct
538 2355 583 2374 vut
596 2347 713 2376 Nicamis
726 2352 789 2375 ante
803 2348 998 2383 aequinoctium

211 2391 315 2421 Pascha
331 2394 437 2420 illorum
455 2392 595 2420 incideret.
613 2393 691 2427 Quod
703 2398 729 2421 et
743 2393 789 2420 alii
802 2394 928 2429 plerique
944 2398 998 2420 tam

211 2439 397 2467 Occidentales
417 2447 498 2474 quam
513 2439 664 2467 Orientales
679 2440 778 2467 imitati
793 2440 912 2467 citimam
934 2448 999 2467 neo—

210 2486 328 2513 muniam
345 2485 432 2513 Martii
449 2496 463 2514 ν
479 2487 607 2518 tixerutu,
623 2495 668 2514 xiv
684 2494 749 2514 vero
765 2486 854 2514 Martii
872 2493 950 2520 xvm,
970 2491 999 2514 ut

210 2537 302 2567 postea
317 2532 432 2559 dicetur.
449 2533 580 2568 Equidem
596 2532 698 2561 iudicis
721 2541 774 2560 non
790 2533 910 2561 arbitror
924 2539 998 2561 certo

208 2578 323 2605 consilio
344 2579 503 2614 tequinoctii
526 2579 597 2606 diem
612 2598 620 2610 ,
641 2586 722 2614 quem
745 2586 778 2606 ex
805 2579 1000 2607 astronomicis

209 2624 309 2653 tabulis
324 2625 488 2660 investigare
505 2630 630 2660 possent,
645 2630 699 2653 tant
714 2626 858 2662 insigniter
872 2631 999 2655 antever-

208 2672 275 2699 tisse
285 2691 293 2704 ,
308 2672 353 2699 sed
377 2671 596 2706 imprudentibus
609 2679 642 2699 ett
660 2674 782 2708 corrupti
797 2673 917 2708 alicujus
927 2674 997 2710 cycli

210 2717 337 2745 mcthodo
354 2718 483 2751 paulatim
494 2717 589 2744 vitium
605 2718 676 2745 istud
688 2719 820 2747 oblatum.
833 2719 996 2755 Cuiusmodi

211 2764 353 2791 methodus
381 2772 407 2791 ιιι
443 2764 586 2799 superiore
616 2765 746 2793 laterculo
773 2766 841 2793 satis
866 2771 997 2802 apparet;

209 2817 273 2836 nam
286 2810 389 2838 exactis
413 2818 514 2838 txxxtv
532 2812 612 2839 annis
628 2812 769 2839 neomenia
783 2811 946 2848 Nisamquae
964 2813 998 2840 ab

209 2852 308 2885 Aprilis
325 2861 350 2879 Vl
368 2858 504 2887 τωρωι-ιιι,
525 2855 551 2881 itt
578 2854 665 2882 Martii
688 2863 704 2882 v
734 2856 876 2890 reperitur.
893 2856 999 2890 Quant~

209 2898 302 2925 obrcm
326 2900 448 2928 accidere
470 2901 534 2927 illud
562 2902 665 2936 potuit,
689 2907 717 2929 ut
737 2910 797 2929 cum
821 2907 880 2938 post
909 2912 997 2932 annos

1087 2305 1145 2333 iam
1162 2307 1228 2334 illud
1244 2307 1369 2340 inscitiae,
1389 2313 1416 2335 et
1436 2309 1546 2343 quidem
1575 2309 1687 2336 utinimc
1712 2310 1843 2345 vulgaris,

1050 2352 1121 2386 quod
1137 2351 1318 2387 Epiphanium
1347 2361 1381 2381 ne
1408 2354 1539 2381 intellexit
1561 2355 1682 2390 quidem.
1707 2355 1775 2388 Quae
1804 2361 1845 2383 est

1049 2399 1122 2424 cnim
1149 2399 1199 2425 ista
1218 2399 1415 2432 reprehensio:
1442 2409 1497 2427 non
1522 2408 1603 2435 posse
1619 2408 1651 2427 ex
1678 2401 1755 2428 horis
1771 2407 1842 2433 octo,

1051 2452 1111 2479 qua:
1125 2452 1207 2479 supra
1231 2445 1284 2472 554
1305 2446 1361 2473 dies
1380 2446 1494 2482 singulis
1509 2447 1590 2474 annis
1604 2452 1799 2481 acoettsentur,
1817 2447 1843 2474 in

1052 2494 1107 2518 tres
1131 2498 1218 2518 annos
1245 2491 1317 2518 diettt
1341 2492 1448 2527 confici,
1473 2501 1534 2520 cum
1562 2493 1755 2528 relinquantur
1783 2499 1846 2530 post

1051 2535 1198 2563 triennium
1215 2537 1274 2564 dies
1285 2537 1312 2570 2,
1332 2538 1392 2565 hor.
1412 2539 1464 2566 l8?
1478 2539 1518 2565 An
1533 2544 1595 2566 octo
1608 2544 1648 2567 tcr
1663 2540 1844 2575 multiplicata

1050 2581 1086 2608 24
1103 2590 1156 2609 non
1172 2581 1313 2611 eﬂiciunt?
1331 2584 1413 2619 Atqui
1431 2584 1484 2612 hoc
1505 2585 1595 2612 solum
1620 2586 1706 2613 voluit
1725 2586 1845 2622 Epipha~

1051 2627 1131 2655 nius:
1154 2628 1240 2656 tribus
1259 2629 1340 2657 annis
1353 2630 1496 2658 lunaribus
1510 2630 1582 2658 diem
1605 2636 1771 2666 competere.
1791 2631 1842 2659 Sed

1051 2674 1120 2702 mira
1130 2675 1188 2703 haec
1199 2675 1377 2704 halluciuatio
1390 2676 1520 2713 Scaligeri
1534 2687 1540 2712 ;
1556 2678 1627 2713 quod
1644 2678 1794 2706 triennium
1808 2678 1843 2705 lu-

1053 2727 1118 2747 nare
1131 2728 1193 2748 eum
1210 2720 1320 2749 Iuliano
1341 2723 1498 2757 comparari
1513 2723 1638 2751 credidit.
1659 2722 1728 2750 Nam
1752 2723 1842 2751 triete-

1051 2766 1090 2793 ris
1102 2765 1211 2794 Juliana
1234 2766 1294 2794 dies
1310 2767 1391 2795 habet
1407 2767 1485 2801 1095,
1503 2769 1547 2802 18,
1571 2769 1682 2797 intrares
1696 2769 1762 2797 anni
1787 2775 1842 2797 tres

1052 2812 1198 2847 simplices,
1213 2812 1292 2846 1062,
1307 2813 1407 2841 additis
1422 2819 1463 2841 ter
1478 2820 1540 2842 octo
1555 2815 1631 2842 horis
1642 2836 1649 2848 ,
1671 2820 1698 2843 et
1725 2816 1842 2844 interca-

1051 2857 1100 2884 lari
1119 2858 1199 2892 pleno
1217 2866 1324 2891 mense,
1338 2859 1407 2887 ﬁunt
1421 2860 1501 2893 1095,
1524 2862 1570 2895 qui
1586 2862 1618 2889 de
1629 2861 1741 2890 Juliano
1755 2863 1841 2890 trien-

1052 2905 1096 2931 nio
1110 2905 1236 2937 detracti,
1253 2906 1409 2942 relinquunt
1424 2908 1483 2936 dies
1499 2908 1525 2944 2,
1541 2907 1582 2936 l8.
1603 2908 1654 2936 Sed
1670 2909 1721 2937 ltoc
1734 2909 1768 2936 ad
1777 2908 1839 2944 Epi-
