1925 3043
120 172 156 198 73
564 174 609 203 DE
626 175 719 204 ANNO
738 176 781 204 ET
803 177 857 206 DIE
875 178 884 205 Ι

935 179 1050 217 ΙΙΝΙΒΕ
1070 180 1260 210 PASSIONIS.

1671 179 1723 207 974

102 226 199 262 phanii
211 231 329 254 mentem
341 248 349 259 ,
371 233 399 256 et
416 228 573 257 institutum
597 231 663 258 nihil
677 231 814 265 pertinet:
837 241 884 260 nor

942 236 1023 270 Atqui
1039 237 1187 265 ncomeniae
1202 237 1304 266 Christi
1319 242 1441 271 tempore
1460 236 1564 264 tardius
1580 237 1721 272 continge-

101 273 176 299 enim
203 272 272 299 duas
288 272 359 300 inter
386 281 415 300 se
434 274 586 302 trieterides
614 281 768 310 comparat;
788 278 835 304 sed
857 278 891 305 de

102 318 193 345 lunari
209 318 342 345 duntaxat
363 318 482 346 triennio
497 319 629 354 loquitur.
661 321 762 348 Caetera
779 330 839 356 quae
857 322 890 349 de

101 364 169 391 solis
184 364 304 399 ὑπεροχῇ
314 363 436 399 quinque
452 364 508 392 fere
518 365 623 392 dierum
639 366 742 401 objicit,
754 374 815 401 quae
823 375 890 401 prino

101 410 188 437 cisam
218 410 350 437 rationem
384 414 411 437 et
435 410 657 438 ἀποκατάστασιν
684 413 888 440 neomeniarnm

101 455 284 490 prohibeant,
305 455 384 483 facile
402 463 435 483 ex
456 456 490 483 iis
507 464 568 491 quae
597 462 675 484 antea
692 457 887 489 disseruimus.

102 507 219 537 possunt
241 501 337 530 refelli.
357 500 416 529 Non
433 501 506 529 enim
525 502 630 537 cyclum
651 503 785 530 duntaxat
803 511 889 530 anno-

101 555 161 574 rum
184 547 218 573 14
231 555 377 582 usurpasse
395 547 505 575 Judaaos
529 553 622 575 censet
641 547 890 583 Epiphanius;aut

100 594 127 620 in
142 601 175 621 eo
200 593 341 628 pratcisam
368 595 511 629 utriusque
540 594 637 622 sideris
666 594 888 622 conciliationem

99 640 177 672 lieri;
192 639 239 666 sed
267 639 292 665 id
307 639 341 666 Si
357 639 467 667 demum
485 640 565 667 annis
582 641 697 668 evolutis
717 641 834 668 obtineri
854 649 887 668 ex

98 685 256 712 Judaeorum
274 686 402 720 opinione
427 687 530 714 docuit.
555 688 590 714 At
617 687 645 714 in
660 687 888 715 tessaradecaete-

98 732 168 765 ride,
185 732 324 759 lunarium
345 732 476 760 duntaxat
498 734 670 769 sytygiarum
695 732 887 760 ἀποκατάστα-

100 787 142 804 σιν
168 778 369 812 repraesentari,
402 780 545 806 reservatis
574 778 669 807 diebus
688 787 714 811 v,
739 787 801 814 qua:
823 783 888 805 sunt

98 826 201 857 epactae
212 822 334 854 luttares,
344 823 371 850 in
389 831 491 850 attnum
509 823 543 850 84
556 828 713 856 exeuntem,
733 824 774 851 vel
790 824 887 850 incun-

99 873 152 895 tem
171 867 216 895 85.
234 869 299 900 Quae
313 869 405 895 omnia
421 869 589 903 perpendere
605 869 665 903 ejus
680 870 820 900 intererat,
839 869 886 904 qui

99 917 147 939 aut
163 912 276 940 alterius
296 920 416 940 errorem
431 921 547 948 arguere
562 914 642 941 vellet
655 934 662 945 ,
685 919 732 942 aut
745 915 886 942 existima-

99 959 165 987 tioni
180 967 236 987 sua:
248 960 402 987 consulere.

146 1026 305 1061 Explicatur
317 1035 331 1054 ε
346 1027 526 1062 superioribus
544 1027 687 1062 Epiphanii
702 1028 834 1054 doctrina.

133 1093 272 1120 Hactenus
296 1091 452 1120 Judasorum
482 1093 639 1121 reconditus
668 1093 713 1121 ille
735 1093 828 1128 cyclus
853 1101 886 1120 ex

98 1138 243 1174 Epiphaoii
269 1139 403 1166 sententia
430 1139 585 1167 declaratus
616 1144 667 1172 est,
693 1139 739 1166 sed
766 1139 886 1166 nondum

98 1194 181 1222 opera
195 1186 270 1213 omni
297 1185 418 1213 defuncti
431 1193 537 1213 sumus.
553 1185 706 1213 Plurimum
722 1185 793 1212 cnim
810 1184 843 1212 iis
859 1185 885 1211 in

98 1233 198 1266 verbis,
213 1232 258 1267 qui
276 1232 343 1268 cycli
367 1232 566 1259 enarrationem
584 1231 764 1263 antecedunt,
787 1231 887 1258 obscu-

98 1279 198 1311 ritatis,
212 1286 244 1306 ac
259 1279 389 1306 molestia:
399 1282 531 1313 superest,
546 1285 606 1313 quas
623 1277 791 1311 diligentiam
807 1285 821 1303 a
835 1284 886 1303 no-

97 1325 151 1357 bis,
166 1325 322 1360 patientiam
335 1331 349 1351 a
365 1324 466 1351 lectore
483 1328 649 1350 mereantur.
662 1322 715 1350 Sed
732 1330 763 1350 ea
776 1329 886 1358 quoque

97 1371 220 1407 ejusdem
238 1370 387 1398 doctissimi
400 1369 584 1397 mathematici
592 1369 724 1397 beneﬁcio
739 1368 884 1401 illustrata,

97 1417 286 1452 explicataque
300 1420 364 1443 sunt
381 1422 389 1442 :
408 1415 488 1450 cujus
499 1414 609 1450 quidem
627 1414 662 1442 de
676 1414 729 1442 hoc
746 1414 806 1442 loco
819 1421 886 1441 con-

92 1463 230 1498 jecturam
256 1462 387 1489 nonnulla
402 1465 495 1488 n05tra
509 1460 666 1489 accessione
689 1460 884 1495 loeupletatam

97 1508 192 1544 paucis
210 1508 339 1542 aperiam.

132 1553 339 1588 Equinoctinm
354 1560 466 1580 vernum
481 1552 600 1580 medium
613 1551 677 1579 Julii
692 1551 807 1580 Csesaris
826 1559 884 1579 aevo

97 1601 125 1628 in
139 1600 175 1627 25
188 1599 277 1626 Martii
295 1599 474 1626 conveniebat
487 1607 493 1624 :
515 1605 570 1633 quo
580 1597 624 1625 die
639 1597 779 1625 Christum
792 1605 885 1625 resur-

97 1646 213 1677 resisse,
227 1643 372 1672 concilium
384 1642 552 1670 Caesariense
567 1642 618 1669 sub
631 1641 741 1668 Victore
755 1640 884 1675 pontifice

97 1691 263 1718 celebratum
290 1697 364 1716 antto
391 1688 491 1716 Christi
512 1687 563 1715 198
587 1687 769 1714 decreverat:
804 1685 884 1720 cujus

98 1737 281 1773 fragmentum
293 1736 363 1771 apud
382 1735 491 1768 Bedam,
505 1735 553 1762 lib.
566 1734 602 1761 De
613 1734 710 1769 atquin.
726 1740 810 1760 verno
821 1753 828 1762 .
844 1732 885 1760 sic

97 1793 127 1812 se
146 1785 242 1811 habet:
259 1783 360 1810 Passus
373 1790 484 1817 namque
503 1781 630 1808 Dominus
642 1781 674 1807 ab
688 1788 714 1807 xI
724 1778 880 1812 Karl.Apr..

96 1840 148 1867 qua
165 1835 239 1857 nocte
253 1838 269 1856 σι
287 1828 389 1856 ludatis
407 1828 519 1854 traditus
536 1831 594 1860 est,
613 1832 638 1854 et
660 1834 675 1852 a
690 1832 729 1852 VII
747 1824 814 1860 (sed
836 1831 883 1850 \‘Ill

96 1876 319 1907 rescribendum,
341 1873 479 1909 quomodo
506 1873 531 1900 in
559 1871 751 1906 antiquissimo
774 1870 804 1896 Ρ.
826 1869 885 1896 Sir-

98 1922 191 1949 mondi
207 1921 302 1949 codice
317 1920 478 1955 reperimus.
492 1919 519 1945 In
533 1926 587 1953 quo
600 1922 729 1952 praetcrea
750 1916 814 1944 illud
834 1915 883 1942 oh-

96 1969 285 1996 servavimus:
307 1966 488 2002 fragmentum
511 1966 589 1998 illud,
615 1966 687 2001 quod
701 1965 734 1992 ad
757 1964 836 1991 Beda:
851 1964 885 1990 li-

97 2015 198 2043 bellum
214 2014 247 2041 de
263 2013 427 2048 aequinoctio
446 2017 600 2039 attexurum
617 2017 669 2044 est,
693 2019 754 2039 cutn
773 2011 824 2038 hac
841 2011 884 2036 in-

96 2061 247 2096 scriptione
269 2067 275 2084 :
308 2060 345 2086 De
369 2059 536 2086 ordinatione
556 2058 684 2092 feriarum
717 2055 884 2091 paschalium

95 2115 142 2141 per
159 2104 348 2138 Theophilum;
373 2103 486 2131 alterius
508 2102 628 2130 auctoris
657 2101 738 2128 titulo
761 2104 882 2127 notatum

95 2159 177 2179 esse:
204 2150 332 2177 nimirum
355 2149 427 2176 isto:
447 2148 543 2182 Incipit
565 2146 676 2182 epistola
706 2145 826 2180 Philippi
852 2146 884 2172 de

96 2197 213 2231 Pascha)
237 2196 302 2223 Kal.
340 2195 494 2222 resurrexit.
514 2193 650 2226 Quomodo
674 2200 734 2228 ergo
759 2197 810 2220 tres
827 2192 882 2219 dies

943 282 1007 309 bant
1021 291 1028 310 :
1047 288 1110 317 puta
1123 283 1290 310 noviluniutn
1314 283 1390 318 cyclo
1407 291 1467 314 xtIi,
1480 283 1620 311 accidebat
1635 283 1722 310 Martii

941 334 990 359 XII,
1018 328 1109 362 plenil.
1136 336 1198 356 xxv.
1219 327 1286 355 Nam
1307 327 1417 355 Juliano
1433 329 1492 362 ipso
1516 328 1559 361 76,
1579 333 1607 356 ut
1623 328 1724 356 Paulus

940 373 1113 409 Forosetnpr.
1126 375 1263 407 observat,
1279 375 1456 402 commissum
1474 374 1553 401 estin
1571 375 1724 403 meridiano

940 418 1185 455 Hierosolymitano
1198 420 1286 448 Martii
1296 428 1334 452 xI,
1349 419 1382 447 l9
1394 420 1445 452 δι’,
1463 418 1520 451 η’,
1532 420 1583 447 hoc
1596 424 1637 447 est
1651 420 1723 448 Mar-

939 464 969 491 tii
984 472 1039 497 XII;
1060 465 1238 499 plenilunium
1257 465 1344 492 Martii
1363 473 1438 498 xxvt,
1456 465 1498 497 M,
1517 465 1569 497 13',
1591 465 1656 497 H",
1672 465 1724 493 hoc

939 514 981 538 est
991 510 1080 538 Martii
1095 519 1180 538 xxvn.
1199 510 1250 538 Sed
1263 511 1370 546 pulitice
1381 511 1469 538 Martii
1483 519 1557 543 xx",
1583 511 1647 546 quia
1661 520 1725 539 neo-

940 555 1030 582 menia
1041 555 1130 582 Martii
1147 564 1194 582 xtI.
1215 555 1313 583 Verum
1329 557 1508 592 προηγήσεως
1531 556 1635 583 lunaris
1650 556 1723 583 nulla

939 604 996 626 tum
1020 600 1135 633 mentio;
1154 608 1239 635 quate
1263 608 1316 628 non
1341 601 1512 633 dubitabant,
1537 601 1603 636 quiti
1621 601 1724 629 Christi

939 649 1060 680 tempore
1074 666 1082 678 ,
1100 646 1225 672 eumdem
1250 646 1325 673 illum
1341 646 1423 674 situm
1446 647 1622 680 habuissent,
1648 647 1723 682 quia

937 690 1047 718 Niczeno
1062 691 1179 718 concilio
1191 692 1356 720 constitutus
1371 693 1469 720 fuerat.
1490 692 1547 721 Hoc
1563 693 1644 729 igitur
1659 693 1723 728 Epi-

938 737 1067 771 phanium
1095 735 1201 769 fefellit;
1217 737 1291 772 quod
1310 741 1337 764 et
1351 737 1502 772 plenilunii,
1520 743 1546 766 et
1567 738 1722 773 aequinoctii

937 781 980 808 die
991 780 1092 808 Ch‘risti
1113 781 1340 809 resurrectionem
1361 782 1494 810 accidisse
1511 783 1643 810 crederet.
1664 782 1721 816 Qua

937 826 1134 861 προ).ήψει]ιιιιι
1151 827 1282 860 imbutus,
1299 827 1420 855 animum
1437 827 1536 862 adjecit
1549 828 1582 856 ad
1601 829 1723 863 aequino-

937 873 983 900 ctii
995 872 1065 899 diem
1081 881 1088 899 :
1103 872 1175 907 quod
1188 881 1250 900 cum
1264 878 1367 901 veteres
1381 880 1487 905 omnes,
1501 873 1548 908 qui
1563 873 1722 901 Diocletiani

902 912 922 939 Β
936 924 1017 944 teram
1029 917 1139 951 paulum
1153 922 1365 951 antecesserant,
1382 923 1409 946 ct
1425 919 1569 946 Anatolius
1580 918 1608 945 in
1627 919 1723 954 primis

937 963 964 989 in
979 970 1033 989 xxtt
1059 961 1149 990 Martii
1166 963 1417 997 deprehendissent,
1446 964 1557 991 tametsi
1582 963 1722 991 Nicamum

937 1012 1030 1042 postea
1045 1015 1090 1034 xxt
1105 1007 1175 1035 diem
1189 1009 1350 1043 prmlixisset
1360 1029 1368 1042 ,
1382 1009 1562 1037 nihilominus
1582 1010 1723 1037 existima-

936 1053 975 1080 vit
991 1053 1130 1082 Christum
1147 1054 1237 1082 Martii
1267 1063 1321 1082 xxn
1340 1056 1542 1088 resurrexisse;
1563 1060 1591 1083 et
1612 1057 1721 1091 quidem

936 1098 1171 1134 plenilunio,quod
1199 1100 1314 1134 ipsemet
1339 1100 1440 1128 diserte
1454 1101 1601 1136 signiﬁcat,
1618 1108 1680 1128 cum
1695 1101 1721 1128 in

936 1152 963 1171 xI
975 1143 1035 1172 Kal.
1052 1145 1117 1179 Apr.
1131 1145 1310 1180 plenilunium
1337 1153 1399 1173 cum
1418 1147 1582 1181 aequinoctio
1605 1147 1720 1174 confert.

935 1190 1029 1226 Neque
1043 1199 1106 1218 vero
1131 1191 1230 1219 mirum
1245 1196 1288 1220 est
1301 1193 1334 1220 de
1352 1193 1508 1227 atquinoctii
1527 1193 1722 1229 anticipatione

935 1237 1003 1264 nihil
1015 1236 1167 1272 Epiphanio
1179 1243 1235 1265 tum
1252 1238 1278 1265 in
1294 1243 1410 1266 mentem
1422 1236 1546 1273 venisse;
1562 1247 1624 1267 cum
1635 1247 1722 1274 neque

935 1283 1040 1317 aliquot
1052 1287 1145 1318 postea
1154 1284 1261 1312 saeculis
1272 1290 1461 1320 computorum
1473 1285 1720 1313 ecelesiasticorum

936 1337 989 1357 non
1002 1329 1134 1364 ignobiles
1148 1330 1295 1366 scriptores
1311 1331 1460 1366 quidquam
1478 1332 1611 1366 ejusmodi
1628 1333 1720 1368 suspi-

935 1374 993 1402 cari
1003 1374 1149 1409 potuerint.
1165 1374 1200 1402 Ut
1216 1375 1242 1402 in
1262 1375 1357 1410 primis
1371 1375 1442 1403 Beda
1459 1384 1467 1404 :
1481 1376 1559 1412 cujus
1580 1381 1676 1404 aestum
1689 1385 1721 1404 ac

935 1419 1146 1447 sollicitudinem
1169 1428 1231 1448 eum
1258 1421 1319 1448 aliis
1336 1421 1362 1448 in
1377 1421 1454 1454 locis,
1474 1427 1531 1448 tum
1550 1422 1576 1449 in
1602 1430 1662 1457 cap.
1686 1423 1722 1450 45

935 1465 995 1493 libri
1015 1465 1054 1492 De
1068 1470 1164 1493 natura
1181 1474 1278 1500 rerum,
1294 1466 1483 1502 intelligimus.
1496 1466 1568 1500 Quin
1583 1471 1610 1495 et
1627 1471 1720 1495 nostra

934 1511 1017 1539 etiam
1034 1516 1112 1540 aetate
1134 1512 1294 1548 chronologi
1321 1514 1432 1548 qttidam
1457 1521 1511 1541 non
1532 1513 1720 1541 animadversa

935 1558 1158 1594 acquittoetiorum
1172 1559 1406 1595 προηγήσει,οιιιιι
1418 1560 1574 1595 mquinoctii
1587 1560 1663 1588 verni
1677 1560 1721 1588 die

935 1604 1075 1631 conditum
1087 1604 1245 1632 universum
1257 1609 1395 1636 censeant,
1410 1605 1499 1632 Martii
1513 1614 1557 1632 xxt
1576 1606 1718 1633 deliniunt.

936 1648 1098 1677 Simillimus
1114 1649 1195 1683 igitur
1208 1649 1352 1685 Epiphanii
1364 1649 1449 1677 fuisse
1459 1650 1561 1677 videtut
1582 1658 1672 1685 error,
1682 1658 1720 1684 ut,

935 1703 997 1722 cum
1012 1696 1176 1731 :equinoctio
1194 1695 1254 1730 ipso
1268 1703 1299 1723 ac
1313 1696 1462 1730 plenilunio
1472 1696 1657 1724 resurrexisse
1670 1696 1721 1723 Do-

936 1742 1038 1768 minum
1057 1746 1179 1777 putaret,
1194 1750 1249 1769 xxtt
1263 1741 1288 1769 id
1301 1741 1390 1768 Martii
1405 1742 1553 1776 contigisse
1569 1742 1718 1777 scripserit.

935 1784 968 1812 Et
983 1786 1112 1820 quoniam
1127 1785 1270 1814 Iudaicum
1287 1787 1394 1822 cyclum
1411 1786 1493 1814 biduo
1514 1787 1637 1815 cmicstes
1653 1795 1718 1815 neo-

934 1830 1039 1858 menias
1051 1837 1247 1864 nonnunquam
1258 1836 1426 1859 antevenere
1434 1831 1550 1864 videbat,
1566 1831 1648 1866 idque
1660 1832 1719 1867 ipso

934 1876 1069 1910 passionis
1096 1883 1167 1904 anno
1181 1876 1300 1909 factum,
1320 1876 1416 1904 vitium
1441 1876 1517 1909 illud,
1533 1885 1566 1904 ac
1581 1878 1719 1913 popularis

935 1919 1088 1948 Neomenia:
1101 1921 1326 1949 retrocessionem
1346 1929 1408 1949 cum
1435 1921 1481 1949 illo
1503 1922 1563 1957 ipso
1576 1922 1620 1950 die
1631 1922 1719 1950 Martii

935 1975 991 1994 xxu
1006 1967 1131 1995 contulit.
1150 1967 1220 1995 Cum
1236 1967 1318 2002 igitur
1333 1967 1397 1995 luna
1413 1975 1446 1995 xv
1468 1968 1494 1994 in
1514 1968 1719 2003 aequinoctium.

935 2012 987 2041 hoc
1005 2017 1057 2046 est,
1071 2017 1102 2040 ut
1117 2012 1186 2041 falso
1212 2013 1337 2046 credidit,
1368 2012 1457 2041 Martii
1472 2022 1530 2041 xxtt
1556 2014 1719 2047 incurrerit,

934 2066 1022 2093 eoque
1045 2059 1090 2087 die
1111 2059 1237 2087 Christus
1267 2060 1463 2092 resurrexerit,
1488 2068 1597 2095 passum
1613 2066 1720 2095 oportet

934 2101 1024 2129 Martii
1040 2102 1154 2133 xx,luna
1170 2111 1219 2130 λιιι
1245 2103 1351 2131 Nicaana
1363 2113 1370 2136 ;
1384 2105 1461 2139 legali
1478 2110 1568 2132 autem
1582 2113 1660 2133 cinna
1673 2106 1719 2133 de-

935 2147 1069 2182 functum,
1079 2156 1110 2175 ac
1124 2149 1349 2183 comprehensum
1362 2157 1406 2176 xIx
1421 2149 1510 2177 Martii
1521 2150 1553 2177 ad
1567 2157 1717 2185 vesperam,

934 2197 1050 2221 exeunte
1065 2194 1126 2221 luna
1142 2193 1250 2222 Nicaena
1268 2202 1317 2225 xtt,
1333 2195 1443 2222 ineunte
1466 2203 1525 2222 xm.
1543 2195 1624 2230 Atqui
1640 2203 1717 2223 uena

95 2243 292 2270 excluduntur?
320 2241 405 2276 Igitur
425 2248 459 2268 ex
482 2240 590 2267 concilii
618 2239 752 2266 sententia
769 2257 777 2270 ,
795 2237 883 2266 .Chri-
899 2252 920 2278 Ι)
934 2237 1070 2272 paschalis
1081 2237 1145 2264 luna
1156 2245 1201 2264 xtv
1211 2238 1244 2265 ad
1254 2245 1393 2272 vesperam
1405 2238 1523 2273 legitime
1534 2238 1564 2266 ﬁt
1576 2248 1582 2266 :
1593 2239 1719 2267 Christus

95 2295 155 2318 stus
169 2296 268 2324 passus
280 2292 323 2315 est
338 2286 426 2314 Martii
441 2290 561 2316 xxttt,et
578 2292 630 2311 xxv
655 2283 815 2312 resurrexit.
829 2283 880 2316 Qui

95 2338 153 2365 dies
164 2345 227 2365 cum
235 2336 352 2364 Caesaris
366 2340 486 2369 tempore
497 2332 651 2367 aequinoctii
659 2331 749 2364 medii,
767 2339 799 2359 ac
812 2331 882 2365 poli-

95 2384 141 2411 tici
158 2383 237 2410 sedes
250 2381 364 2412 fuisset,
379 2380 459 2415 vulgo
470 2385 631 2414 persuasum
646 2381 706 2405 erat
716 2397 724 2409 ,
742 2377 882 2404 Christum

94 2430 122 2457 in
141 2427 307 2463 aequinoctio
331 2425 523 2453 resurrexisse.
544 2423 704 2451 Necessario
730 2423 774 2450 ltic
793 2430 883 2450 annus

94 2482 155 2502 esse
167 2474 248 2502 debet
257 2472 383 2500 Julianus
398 2471 444 2504 76,
462 2479 523 2498 terte
544 2469 714 2505 Dionysianae
730 2469 760 2496 5i
773 2489 780 2501 ,
806 2469 883 2504 cyclo

94 2521 167 2547 luna:
184 2527 243 2550 xtiI,
269 2518 335 2546 solis
358 2525 408 2548 xu,
423 2517 511 2543 littera
526 2516 603 2543 Dom.
626 2515 658 2542 G.
673 2515 788 2542 Constat
808 2514 881 2541 enim

96 2566 236 2594 Christum
252 2564 319 2592 feria
333 2572 348 2590 ν
360 2563 393 2590 ad
409 2570 548 2598 vesperam
559 2562 786 2596 comprehensum
801 2579 808 2592 ,
820 2567 882 2594 pas-

94 2620 156 2639 sum
171 2619 210 2643 vr,
225 2615 252 2638 ct
274 2609 414 2637 Dominica
435 2608 626 2636 resurrexisse.
652 2607 688 2634 At
715 2614 805 2634 annus
825 2606 880 2638 iile,

95 2665 176 2692 quem
192 2657 259 2688 dixi,
274 2656 356 2683 ferias
378 2655 447 2682 istas
466 2653 605 2688 praellnitis
622 2661 637 2680 a
650 2652 767 2680 concilio
786 2652 882 2679 diebus

94 2704 214 2731 exhibet.
231 2702 278 2731 Est
289 2703 371 2737 igitur
382 2701 507 2728 Julianus
519 2700 564 2732 76,
577 2699 686 2727 Tiberio
700 2707 717 2726 v
731 2704 758 2726 ct
782 2698 883 2733 Sejano

94 2757 178 2782 coss,
192 2749 347 2784 cyclolunae
357 2755 415 2774 xttt.
431 2747 563 2774 Caeterum
575 2753 637 2773 cutn
653 2745 746 2780 cyclus
757 2743 882 2772 Nicaenus

94 2803 142 2822 xIII
158 2794 328 2821 novilunium
342 2792 469 2827 paschale
483 2791 660 2818 constitueret
675 2789 763 2816 Martii
781 2796 807 2815 xI
823 2787 882 2823 ple-

95 2839 230 2867 nilunium
250 2847 314 2871 xxv,
327 2846 360 2865 ex
374 2837 481 2865 concilii
499 2835 661 2864 auctoritate
675 2835 812 2870 plerisque
824 2841 882 2868 per-

93 2893 206 2914 suasum
219 2885 280 2917 fuit,
297 2884 434 2912 Christum
447 2882 596 2919 plenilunio
614 2883 673 2918 ipso
687 2881 880 2911 resurrexisse.

935 2291 999 2310 vero
1014 2283 1134 2318 legitimo
1162 2284 1254 2318 utique
1280 2288 1402 2318 tempore
1418 2284 1573 2312 celebravit.
1602 2284 1719 2313 Proinde

933 2337 971 2357 ιιι
988 2329 1096 2357 Nic-sena
1118 2330 1219 2358 Iudaeis
1233 2331 1258 2358 itt
1282 2331 1328 2361 illo
1344 2332 1442 2359 vitioso
1453 2332 1529 2367 cyclo
1541 2339 1586 2359 xtv
1599 2339 1659 2359 esse
1673 2332 1720 2359 de-

934 2376 1007 2409 buit,
1030 2380 1058 2404 et
1086 2377 1228 2411 sequenti,
1251 2376 1303 2405 hoe
1320 2382 1361 2404 est
1383 2385 1416 2404 xx
1444 2376 1543 2410 Martii,
1565 2378 1628 2405 luna
1659 2385 1692 2404 xv
1711 2388 1717 2405 ;

933 2421 1055 2456 adeoque
1065 2420 1208 2449 Neomenia
1225 2421 1336 2450 Iudaica
1356 2422 1444 2450 Martii
1468 2431 1493 2450 vI
1518 2424 1656 2454 convertit.
1671 2422 1719 2449 Ni-

933 2475 1006 2495 caena
1022 2475 1086 2495 vero
1097 2476 1156 2496 vnI.
1170 2467 1246 2495 Unde
1260 2475 1432 2504 consequens
1448 2473 1489 2496 est
1502 2477 1517 2496 a
1538 2469 1695 2497 ctelestibus
1711 2489 1717 2502 ,

933 2520 965 2540 ac
991 2512 1106 2540 Nic-aenis
1132 2513 1260 2540 Judaicas
1288 2513 1451 2542 Neomenias
1466 2515 1549 2542 biduo
1564 2515 1717 2543 deerrasse.

932 2558 983 2586 Per
1000 2559 1070 2586 idern
1085 2563 1193 2593 tempus
1205 2558 1289 2587 Judaei
1301 2564 1403 2587 certam
1422 2561 1458 2588 ob
1476 2569 1598 2592 causam,
1618 2561 1651 2588 de
1664 2569 1717 2595 qua

932 2604 1013 2639 paulo
1028 2611 1090 2640 post
1103 2610 1206 2640 agetur,
1220 2605 1324 2634 Pascha
1338 2608 1365 2634 in
1383 2612 1539 2642 sequentem
1560 2615 1575 2634 a
1598 2606 1718 2640 legitimo

932 2653 1015 2684 diem,
1032 2653 1082 2681 ltoc
1097 2658 1140 2680 est
1152 2654 1178 2680 in
1195 2653 1355 2687 Sabbatutn,
1371 2648 1432 2682 sive
1456 2662 1501 2681 xx:
1521 2653 1608 2680 Manlii
1627 2657 1718 2679 trans-

932 2699 1064 2731 tulerunt,
1081 2707 1130 2727 nec
1143 2700 1237 2727 eodem
1250 2707 1305 2735 quo
1318 2700 1443 2728 Christus
1466 2699 1511 2726 die
1533 2698 1718 2726 celebrarunt.

933 2744 981 2772 llic
991 2745 1064 2772 enim
1076 2743 1132 2783 ὲν
1148 2745 1202 2773 ἔδει
1214 2746 1289 2773 θύειν
1304 2746 1407 2782 ἡμέρᾳ,
1421 2746 1473 2772 hoe
1484 2749 1525 2772 est
1544 2752 1589 2771 xtv
1600 2744 1664 2770 luna
1677 2743 1718 2771 ci-

933 2791 979 2818 vili
994 2799 1026 2819 ae
1036 2791 1146 2827 politica
1161 2792 1318 2822 celebravit,
1335 2799 1389 2818 non
1403 2790 1495 2825 utique
1507 2788 1623 2822 cmlesti,
1635 2793 1716 2824 atque

931 2844 965 2864 ex
988 2837 1089 2870 medio,
1115 2843 1142 2865 et
1158 2838 1343 2866 astronomico
1368 2837 1487 2864 siderum
1514 2835 1657 2863 ratiocinio
1669 2834 1716 2862 de-

931 2889 1066 2918 prompta.
1096 2884 1129 2911 de
1153 2892 1206 2919 qua
1222 2884 1287 2911 nillil
1304 2892 1318 2912 a
1344 2883 1497 2918 lcgislatorc
1514 2881 1711 2918 praescriptum.
