  <div class='ocr_page' id='page_1' title='image "/cluster/home/n/w/nwhite01/storage/ocr_20150623/42/njp.32101077772588/518.png"; bbox 0 0 1925 3043; ppageno 0'>
   <div class='ocr_carea' id='block_1_1' title="bbox 109 205 158 233">
    <p class='ocr_par' dir='ltr' id='par_1_1' title="bbox 109 205 158 233">
     <span class='ocr_line' id='line_1_1' title="bbox 109 205 158 233; baseline 0.02 -1"><span class='ocrx_word' id='word_1_1' title='bbox 109 205 158 233; x_wconf 78' lang='lat'><strong>977</strong></span> 
     </span>
    </p>
   </div>
   <div class='ocr_carea' id='block_1_2' title="bbox 571 213 1264 246">
    <p class='ocr_par' dir='ltr' id='par_1_2' title="bbox 571 213 1264 246">
     <span class='ocr_line' id='line_1_2' title="bbox 571 213 1264 246; baseline 0.009 -6"><span class='ocrx_word' id='word_1_2' title='bbox 571 213 615 240; x_wconf 88' lang='lat' dir='ltr'><strong>DE</strong></span> <span class='ocrx_word' id='word_1_3' title='bbox 634 214 727 242; x_wconf 90' lang='lat' dir='ltr'><strong>ANNO</strong></span> <span class='ocrx_word' id='word_1_4' title='bbox 748 214 791 242; x_wconf 81' lang='lat' dir='ltr'><strong>ET</strong></span> <span class='ocrx_word' id='word_1_5' title='bbox 810 216 863 243; x_wconf 87' lang='lat' dir='ltr'><strong>DIE</strong></span> <span class='ocrx_word' id='word_1_6' title='bbox 882 216 1057 244; x_wconf 62' lang='lat' dir='ltr'><strong>DOMINICIE</strong></span> <span class='ocrx_word' id='word_1_7' title='bbox 1077 217 1264 246; x_wconf 80' lang='lat' dir='ltr'><strong>PASSIONIS.</strong></span> 
     </span>
    </p>
   </div>
   <div class='ocr_carea' id='block_1_3' title="bbox 1689 220 1741 248">
    <p class='ocr_par' dir='ltr' id='par_1_3' title="bbox 1689 220 1741 248">
     <span class='ocr_line' id='line_1_3' title="bbox 1689 220 1741 248; baseline 0 0"><span class='ocrx_word' id='word_1_8' title='bbox 1689 220 1741 248; x_wconf 83' lang='lat'><strong>978</strong></span> 
     </span>
    </p>
   </div>
   <div class='ocr_carea' id='block_1_4' title="bbox 109 265 1743 313">
    <p class='ocr_par' dir='ltr' id='par_1_4' title="bbox 109 265 1743 313">
     <span class='ocr_line' id='line_1_4' title="bbox 109 265 1743 313; baseline 0.008 -22"><span class='ocrx_word' id='word_1_9' title='bbox 109 271 248 313; x_wconf 47' lang='lat' dir='ltr'><strong>Diis-£955.</strong></span> <span class='ocrx_word' id='word_1_10' title='bbox 266 265 387 313; x_wconf 79' lang='lat' dir='ltr'><strong>fuerunt.</strong></span> <span class='ocrx_word' id='word_1_11' title='bbox 414 268 490 303; x_wconf 75' lang='lat' dir='ltr'><strong>(-yelo</strong></span> <span class='ocrx_word' id='word_1_12' title='bbox 512 269 581 296; x_wconf 83' lang='lat' dir='ltr'><strong>inme</strong></span> <span class='ocrx_word' id='word_1_13' title='bbox 600 279 664 302; x_wconf 87' lang='lat' dir='ltr'><strong>xm,</strong></span> <span class='ocrx_word' id='word_1_14' title='bbox 680 272 746 299; x_wconf 79' lang='lat' dir='ltr'><strong>solis</strong></span> <span class='ocrx_word' id='word_1_15' title='bbox 769 281 827 300; x_wconf 73' lang='lat' dir='ltr'><strong>xu:</strong></span> <span class='ocrx_word' id='word_1_16' title='bbox 849 275 900 301; x_wconf 78' lang='lat' dir='ltr'><strong>etsi</strong></span> <span class='ocrx_word' id='word_1_17' title='bbox 916 277 939 305; x_wconf 79' lang='grc' dir='ltr'><strong>Α</strong></span> <span class='ocrx_word' id='word_1_18' title='bbox 954 274 991 301; x_wconf 87' lang='lat' dir='ltr'><strong>illi</strong></span> <span class='ocrx_word' id='word_1_19' title='bbox 1009 274 1149 310; x_wconf 80' lang='lat' dir='ltr'><strong>sulTragati</strong></span> <span class='ocrx_word' id='word_1_20' title='bbox 1164 281 1237 310; x_wconf 76' lang='lat' dir='ltr'><strong>sunt,</strong></span> <span class='ocrx_word' id='word_1_21' title='bbox 1251 275 1298 311; x_wconf 89' lang='lat' dir='ltr'><strong>qui</strong></span> <span class='ocrx_word' id='word_1_22' title='bbox 1314 283 1378 303; x_wconf 83' lang='lat' dir='ltr'><strong>xvm</strong></span> <span class='ocrx_word' id='word_1_23' title='bbox 1392 275 1492 303; x_wconf 82' lang='lat' dir='ltr'><strong>Tiberii</strong></span> <span class='ocrx_word' id='word_1_24' title='bbox 1504 283 1577 303; x_wconf 86' lang='lat' dir='ltr'><strong>anno</strong></span> <span class='ocrx_word' id='word_1_25' title='bbox 1596 277 1743 313; x_wconf 72' lang='lat' dir='ltr'><strong>contigisse</strong></span> 
     </span>
    </p>
   </div>
   <div class='ocr_carea' id='block_1_5' title="bbox 111 309 899 354">
    <p class='ocr_par' dir='ltr' id='par_1_5' title="bbox 111 309 899 354">
     <span class='ocr_line' id='line_1_5' title="bbox 111 309 899 354; baseline 0.014 -18"><span class='ocrx_word' id='word_1_26' title='bbox 111 309 248 338; x_wconf 84' lang='lat' dir='ltr'><strong>Vinicium</strong></span> <span class='ocrx_word' id='word_1_27' title='bbox 272 316 299 339; x_wconf 87' lang='lat' dir='ltr'><strong>et</strong></span> <span class='ocrx_word' id='word_1_28' title='bbox 322 312 478 348; x_wconf 76' lang='lat' dir='ltr'><strong>Longinum</strong></span> <span class='ocrx_word' id='word_1_29' title='bbox 499 323 641 350; x_wconf 74' lang='lat' dir='ltr'><strong>perperam</strong></span> <span class='ocrx_word' id='word_1_30' title='bbox 671 318 800 351; x_wconf 73' lang='lat' dir='ltr'><strong>ascribat,</strong></span> <span class='ocrx_word' id='word_1_31' title='bbox 828 320 899 354; x_wconf 86' lang='lat' dir='ltr'><strong>quod</strong></span> 
     </span>
    </p>
   </div>
   <div class='ocr_carea' id='block_1_6' title="bbox 111 359 900 393">
    <p class='ocr_par' dir='ltr' id='par_1_6' title="bbox 111 359 900 393">
     <span class='ocr_line' id='line_1_6' title="bbox 111 359 900 393; baseline 0.015 -12"><span class='ocrx_word' id='word_1_32' title='bbox 111 362 161 389; x_wconf 86' lang='lat' dir='ltr'><strong>par</strong></span> <span class='ocrx_word' id='word_1_33' title='bbox 183 363 268 384; x_wconf 88' lang='lat' dir='ltr'><strong>unum</strong></span> <span class='ocrx_word' id='word_1_34' title='bbox 283 365 356 386; x_wconf 84' lang='lat' dir='ltr'><strong>coss.</strong></span> <span class='ocrx_word' id='word_1_35' title='bbox 385 359 412 386; x_wconf 88' lang='lat' dir='ltr'><strong>in</strong></span> <span class='ocrx_word' id='word_1_36' title='bbox 432 359 488 387; x_wconf 89' lang='lat' dir='ltr'><strong>duo</strong></span> <span class='ocrx_word' id='word_1_37' title='bbox 515 362 682 391; x_wconf 85' lang='lat' dir='ltr'><strong>distraxerit.</strong></span> <span class='ocrx_word' id='word_1_38' title='bbox 699 363 746 391; x_wconf 87' lang='lat' dir='ltr'><strong>Est</strong></span> <span class='ocrx_word' id='word_1_39' title='bbox 762 369 851 392; x_wconf 84' lang='lat' dir='ltr'><strong>autent</strong></span> <span class='ocrx_word' id='word_1_40' title='bbox 877 366 900 393; x_wconf 90' lang='lat' dir='ltr'><strong>is</strong></span> 
     </span>
    </p>
   </div>
   <div class='ocr_carea' id='block_1_7' title="bbox 111 403 901 447">
    <p class='ocr_par' dir='ltr' id='par_1_7' title="bbox 111 403 901 447">
     <span class='ocr_line' id='line_1_7' title="bbox 111 403 901 447; baseline 0.015 -20"><span class='ocrx_word' id='word_1_41' title='bbox 111 409 201 430; x_wconf 84' lang='lat' dir='ltr'><strong>annus</strong></span> <span class='ocrx_word' id='word_1_42' title='bbox 218 403 320 439; x_wconf 86' lang='lat' dir='ltr'><strong>olymp.</strong></span> <span class='ocrx_word' id='word_1_43' title='bbox 339 405 402 438; x_wconf 65' lang='lat'><strong>202,</strong></span> <span class='ocrx_word' id='word_1_44' title='bbox 429 409 564 435; x_wconf 80' lang='lat' dir='ltr'><strong>secundus</strong></span> <span class='ocrx_word' id='word_1_45' title='bbox 578 409 682 442; x_wconf 83' lang='lat' dir='ltr'><strong>exiens,</strong></span> <span class='ocrx_word' id='word_1_46' title='bbox 702 417 759 447; x_wconf 86' lang='lat' dir='ltr'><strong>per.</strong></span> <span class='ocrx_word' id='word_1_47' title='bbox 785 410 901 439; x_wconf 81' lang='lat' dir='ltr'><strong>Julianae</strong></span> 
     </span>
    </p>
   </div>
   <div class='ocr_carea' id='block_1_8' title="bbox 108 447 900 484">
    <p class='ocr_par' dir='ltr' id='par_1_8' title="bbox 108 447 900 484">
     <span class='ocr_line' id='line_1_8' title="bbox 108 447 900 484; baseline 0.014 -11"><span class='ocrx_word' id='word_1_48' title='bbox 108 447 190 475; x_wconf 72' lang='grc'><strong>4714.</strong></span> <span class='ocrx_word' id='word_1_49' title='bbox 220 449 379 484; x_wconf 82' lang='lat' dir='ltr'><strong>Cujusmodi</strong></span> <span class='ocrx_word' id='word_1_50' title='bbox 410 459 543 480; x_wconf 85' lang='lat' dir='ltr'><strong>annorum</strong></span> <span class='ocrx_word' id='word_1_51' title='bbox 583 461 684 481; x_wconf 89' lang='lat' dir='ltr'><strong>nexum</strong></span> <span class='ocrx_word' id='word_1_52' title='bbox 716 456 900 484; x_wconf 86' lang='lat' dir='ltr'><strong>certissimum</strong></span> 
     </span>
    </p>
   </div>
   <div class='ocr_carea' id='block_1_9' title="bbox 109 494 901 535">
    <p class='ocr_par' dir='ltr' id='par_1_9' title="bbox 109 494 901 535">
     <span class='ocr_line' id='line_1_9' title="bbox 109 494 901 535; baseline 0.011 -16"><span class='ocrx_word' id='word_1_53' title='bbox 109 500 181 524; x_wconf 88' lang='lat' dir='ltr'><strong>esse,</strong></span> <span class='ocrx_word' id='word_1_54' title='bbox 197 494 333 522; x_wconf 74' lang='lat' dir='ltr'><strong>rationum</strong></span> <span class='ocrx_word' id='word_1_55' title='bbox 346 497 469 525; x_wconf 89' lang='lat' dir='ltr'><strong>omnium</strong></span> <span class='ocrx_word' id='word_1_56' title='bbox 489 505 625 526; x_wconf 81' lang='lat' dir='ltr'><strong>momenta</strong></span> <span class='ocrx_word' id='word_1_57' title='bbox 639 500 812 535; x_wconf 81' lang='lat' dir='ltr'><strong>persuadent.</strong></span> <span class='ocrx_word' id='word_1_58' title='bbox 824 500 901 534; x_wconf 78' lang='lat' dir='ltr'><strong>Quod</strong></span> 
     </span>
    </p>
   </div>
   <div class='ocr_carea' id='block_1_10' title="bbox 109 538 900 583">
    <p class='ocr_par' dir='ltr' id='par_1_10' title="bbox 109 538 900 583">
     <span class='ocr_line' id='line_1_10' title="bbox 109 538 900 583; baseline 0.011 -18"><span class='ocrx_word' id='word_1_59' title='bbox 109 543 200 566; x_wconf 82' lang='lat' dir='ltr'><strong>autem</strong></span> <span class='ocrx_word' id='word_1_60' title='bbox 216 538 317 568; x_wconf 81' lang='lat' dir='ltr'><strong>Tiberii</strong></span> <span class='ocrx_word' id='word_1_61' title='bbox 336 550 388 569; x_wconf 76' lang='lat' dir='ltr'><strong>xm</strong></span> <span class='ocrx_word' id='word_1_62' title='bbox 403 549 529 576; x_wconf 79' lang='lat' dir='ltr'><strong>exeunte,</strong></span> <span class='ocrx_word' id='word_1_63' title='bbox 552 544 663 573; x_wconf 87' lang='lat' dir='ltr'><strong>Juliauo</strong></span> <span class='ocrx_word' id='word_1_64' title='bbox 679 546 778 573; x_wconf 45' lang='lat' dir='ltr'><strong>76thoc</strong></span> <span class='ocrx_word' id='word_1_65' title='bbox 794 551 836 574; x_wconf 87' lang='lat' dir='ltr'><strong>est</strong></span> <span class='ocrx_word' id='word_1_66' title='bbox 853 555 900 583; x_wconf 91' lang='lat' dir='ltr'><strong>cy-</strong></span> 
     </span>
    </p>
   </div>
   <div class='ocr_carea' id='block_1_11' title="bbox 108 585 900 628">
    <p class='ocr_par' dir='ltr' id='par_1_11' title="bbox 108 585 900 628">
     <span class='ocr_line' id='line_1_11' title="bbox 108 585 900 628; baseline 0.011 -17"><span class='ocrx_word' id='word_1_67' title='bbox 108 585 153 611; x_wconf 87' lang='lat' dir='ltr'><strong>elo</strong></span> <span class='ocrx_word' id='word_1_68' title='bbox 169 593 218 612; x_wconf 84' lang='lat' dir='ltr'><strong>xm</strong></span> <span class='ocrx_word' id='word_1_69' title='bbox 233 593 332 620; x_wconf 86' lang='lat' dir='ltr'><strong>passus</strong></span> <span class='ocrx_word' id='word_1_70' title='bbox 358 588 403 618; x_wconf 85' lang='lat' dir='ltr'><strong>sil.</strong></span> <span class='ocrx_word' id='word_1_71' title='bbox 419 589 636 618; x_wconf 85' lang='lat' dir='ltr'><strong>demonstratum</strong></span> <span class='ocrx_word' id='word_1_72' title='bbox 662 595 704 619; x_wconf 87' lang='lat' dir='ltr'><strong>est</strong></span> <span class='ocrx_word' id='word_1_73' title='bbox 726 599 741 619; x_wconf 88' lang='lat' dir='ltr'><strong>a</strong></span> <span class='ocrx_word' id='word_1_74' title='bbox 755 593 900 628; x_wconf 85' lang='lat' dir='ltr'><strong>plerisque.</strong></span> 
     </span>
    </p>
   </div>
   <div class='ocr_carea' id='block_1_12' title="bbox 110 628 901 671">
    <p class='ocr_par' dir='ltr' id='par_1_12' title="bbox 110 628 901 671">
     <span class='ocr_line' id='line_1_12' title="bbox 110 628 901 671; baseline 0.013 -16"><span class='ocrx_word' id='word_1_75' title='bbox 110 628 177 662; x_wconf 84' lang='lat' dir='ltr'><strong>Nos,</strong></span> <span class='ocrx_word' id='word_1_76' title='bbox 196 632 327 665; x_wconf 86' lang='lat' dir='ltr'><strong>quoniam</strong></span> <span class='ocrx_word' id='word_1_77' title='bbox 341 633 377 661; x_wconf 84' lang='lat' dir='ltr'><strong>ita</strong></span> <span class='ocrx_word' id='word_1_78' title='bbox 393 641 504 662; x_wconf 78' lang='lat' dir='ltr'><strong>necesse</strong></span> <span class='ocrx_word' id='word_1_79' title='bbox 515 639 568 667; x_wconf 84' lang='lat' dir='ltr'><strong>est.</strong></span> <span class='ocrx_word' id='word_1_80' title='bbox 585 643 693 663; x_wconf 83' lang='lat' dir='ltr'><strong>summa</strong></span> <span class='ocrx_word' id='word_1_81' title='bbox 709 637 901 671; x_wconf 67' lang='lat' dir='ltr'><strong>probationum</strong></span> 
     </span>
    </p>
   </div>
   <div class='ocr_carea' id='block_1_13' title="bbox 110 675 371 710">
    <p class='ocr_par' dir='ltr' id='par_1_13' title="bbox 110 675 371 710">
     <span class='ocr_line' id='line_1_13' title="bbox 110 675 371 710; baseline 0.019 -8"><span class='ocrx_word' id='word_1_82' title='bbox 110 675 200 710; x_wconf 77' lang='lat' dir='ltr'><strong>capita</strong></span> <span class='ocrx_word' id='word_1_83' title='bbox 215 677 371 707; x_wconf 86' lang='lat' dir='ltr'><strong>libabimus.</strong></span> 
     </span>
    </p>
   </div>
   <div class='ocr_carea' id='block_1_14' title="bbox 146 721 902 763">
    <p class='ocr_par' dir='ltr' id='par_1_14' title="bbox 146 721 902 763">
     <span class='ocr_line' id='line_1_14' title="bbox 146 721 902 763; baseline 0.011 -15"><span class='ocrx_word' id='word_1_84' title='bbox 146 721 276 750; x_wconf 86' lang='lat' dir='ltr'><strong>Omnium</strong></span> <span class='ocrx_word' id='word_1_85' title='bbox 293 725 381 759; x_wconf 87' lang='lat' dir='ltr'><strong>primo</strong></span> <span class='ocrx_word' id='word_1_86' title='bbox 400 731 479 754; x_wconf 88' lang='lat' dir='ltr'><strong>vetus</strong></span> <span class='ocrx_word' id='word_1_87' title='bbox 503 727 548 754; x_wconf 87' lang='lat' dir='ltr'><strong>illa</strong></span> <span class='ocrx_word' id='word_1_88' title='bbox 569 727 679 755; x_wconf 88' lang='lat' dir='ltr'><strong>traditio</strong></span> <span class='ocrx_word' id='word_1_89' title='bbox 691 733 743 761; x_wconf 85' lang='lat' dir='ltr'><strong>est,</strong></span> <span class='ocrx_word' id='word_1_90' title='bbox 771 737 852 763; x_wconf 88' lang='lat' dir='ltr'><strong>quam</strong></span> <span class='ocrx_word' id='word_1_91' title='bbox 875 729 902 756; x_wconf 89' lang='lat' dir='ltr'><strong>in</strong></span> 
     </span>
    </p>
   </div>
   <div class='ocr_carea' id='block_1_15' title="bbox 111 767 901 809">
    <p class='ocr_par' dir='ltr' id='par_1_15' title="bbox 111 767 901 809">
     <span class='ocr_line' id='line_1_15' title="bbox 111 767 901 809; baseline 0.011 -16"><span class='ocrx_word' id='word_1_92' title='bbox 111 767 275 796; x_wconf 75' lang='lat' dir='ltr'><strong>Caesariensi</strong></span> <span class='ocrx_word' id='word_1_93' title='bbox 286 771 403 799; x_wconf 76' lang='lat' dir='ltr'><strong>concilio</strong></span> <span class='ocrx_word' id='word_1_94' title='bbox 419 777 530 801; x_wconf 81' lang='lat' dir='ltr'><strong>secutos</strong></span> <span class='ocrx_word' id='word_1_95' title='bbox 546 781 606 801; x_wconf 87' lang='lat' dir='ltr'><strong>esse</strong></span> <span class='ocrx_word' id='word_1_96' title='bbox 613 773 707 802; x_wconf 86' lang='lat' dir='ltr'><strong>Patres</strong></span> <span class='ocrx_word' id='word_1_97' title='bbox 721 774 901 809; x_wconf 73' lang='lat' dir='ltr'><strong>fragmentum</strong></span> 
     </span>
    </p>
   </div>
   <div class='ocr_carea' id='block_1_16' title="bbox 113 812 904 854">
    <p class='ocr_par' dir='ltr' id='par_1_16' title="bbox 113 812 904 854">
     <span class='ocr_line' id='line_1_16' title="bbox 113 812 904 854; baseline 0.011 -16"><span class='ocrx_word' id='word_1_98' title='bbox 113 812 180 840; x_wconf 92' lang='lat' dir='ltr'><strong>illud</strong></span> <span class='ocrx_word' id='word_1_99' title='bbox 200 814 312 847; x_wconf 78' lang='lat' dir='ltr'><strong>indicat,</strong></span> <span class='ocrx_word' id='word_1_100' title='bbox 334 817 407 850; x_wconf 89' lang='lat' dir='ltr'><strong>quod</strong></span> <span class='ocrx_word' id='word_1_101' title='bbox 429 817 500 845; x_wconf 81' lang='lat' dir='ltr'><strong>Beda</strong></span> <span class='ocrx_word' id='word_1_102' title='bbox 518 819 685 854; x_wconf 76' lang='lat' dir='ltr'><strong>descripsit:</strong></span> <span class='ocrx_word' id='word_1_103' title='bbox 719 819 762 847; x_wconf 87' lang='lat' dir='ltr'><strong>ubi</strong></span> <span class='ocrx_word' id='word_1_104' title='bbox 779 820 904 847; x_wconf 76' lang='lat' dir='ltr'><strong>Christus</strong></span> 
     </span>
    </p>
   </div>
   <div class='ocr_carea' id='block_1_17' title="bbox 111 860 903 899">
    <p class='ocr_par' dir='ltr' id='par_1_17' title="bbox 111 860 903 899">
     <span class='ocr_line' id='line_1_17' title="bbox 111 860 903 899; baseline 0.01 -15"><span class='ocrx_word' id='word_1_105' title='bbox 111 865 144 884; x_wconf 85' lang='lat' dir='ltr'><strong>ea</strong></span> <span class='ocrx_word' id='word_1_106' title='bbox 155 865 237 886; x_wconf 80' lang='lat' dir='ltr'><strong>nocte</strong></span> <span class='ocrx_word' id='word_1_107' title='bbox 253 860 485 892; x_wconf 82' lang='lat' dir='ltr'><strong>lradilusdicitur,</strong></span> <span class='ocrx_word' id='word_1_108' title='bbox 500 871 561 897; x_wconf 70' lang='lat' dir='ltr'><strong>quat</strong></span> <span class='ocrx_word' id='word_1_109' title='bbox 581 865 704 899; x_wconf 87' lang='lat' dir='ltr'><strong>sequitur</strong></span> <span class='ocrx_word' id='word_1_110' title='bbox 716 873 742 892; x_wconf 83' lang='grc' dir='ltr'><strong>ιιι</strong></span> <span class='ocrx_word' id='word_1_111' title='bbox 752 864 811 892; x_wconf 83' lang='lat' dir='ltr'><strong>Kal.</strong></span> <span class='ocrx_word' id='word_1_112' title='bbox 821 865 903 899; x_wconf 66' lang='lat' dir='ltr'><strong>Aph;</strong></span> 
     </span>
    </p>
   </div>
   <div class='ocr_carea' id='block_1_18' title="bbox 114 907 903 944">
    <p class='ocr_par' dir='ltr' id='par_1_18' title="bbox 114 907 903 944">
     <span class='ocr_line' id='line_1_18' title="bbox 114 907 903 944; baseline 0.009 -14"><span class='ocrx_word' id='word_1_113' title='bbox 114 911 213 938; x_wconf 76' lang='lat' dir='ltr'><strong>passus</strong></span> <span class='ocrx_word' id='word_1_114' title='bbox 225 914 289 934; x_wconf 89' lang='lat' dir='ltr'><strong>vero</strong></span> <span class='ocrx_word' id='word_1_115' title='bbox 302 915 317 934; x_wconf 89' lang='lat' dir='ltr'><strong>x</strong></span> <span class='ocrx_word' id='word_1_116' title='bbox 327 907 386 934; x_wconf 78' lang='lat' dir='ltr'><strong>Kal.</strong></span> <span class='ocrx_word' id='word_1_117' title='bbox 399 909 562 944; x_wconf 69' lang='lat' dir='ltr'><strong>Apr.,atquc</strong></span> <span class='ocrx_word' id='word_1_118' title='bbox 572 917 619 937; x_wconf 84' lang='lat' dir='ltr'><strong>vui</strong></span> <span class='ocrx_word' id='word_1_119' title='bbox 633 909 691 937; x_wconf 80' lang='lat' dir='ltr'><strong>Kal.</strong></span> <span class='ocrx_word' id='word_1_120' title='bbox 709 911 903 938; x_wconf 71' lang='lat' dir='ltr'><strong>rosuri-exisse.</strong></span> 
     </span>
    </p>
   </div>
   <div class='ocr_carea' id='block_1_19' title="bbox 113 948 906 990">
    <p class='ocr_par' dir='ltr' id='par_1_19' title="bbox 113 948 906 990">
     <span class='ocr_line' id='line_1_19' title="bbox 113 948 906 990; baseline 0.009 -15"><span class='ocrx_word' id='word_1_121' title='bbox 113 948 200 983; x_wconf 68' lang='lat' dir='ltr'><strong>Igitur</strong></span> <span class='ocrx_word' id='word_1_122' title='bbox 215 950 333 979; x_wconf 79' lang='lat' dir='ltr'><strong>litteram</strong></span> <span class='ocrx_word' id='word_1_123' title='bbox 348 951 481 981; x_wconf 86' lang='lat' dir='ltr'><strong>Dominic.</strong></span> <span class='ocrx_word' id='word_1_124' title='bbox 501 953 586 981; x_wconf 81' lang='lat' dir='ltr'><strong>fuisse</strong></span> <span class='ocrx_word' id='word_1_125' title='bbox 603 955 625 982; x_wconf 87' lang='lat' dir='ltr'><strong>G</strong></span> <span class='ocrx_word' id='word_1_126' title='bbox 640 963 751 982; x_wconf 83' lang='lat' dir='ltr'><strong>necesse</strong></span> <span class='ocrx_word' id='word_1_127' title='bbox 765 961 816 987; x_wconf 87' lang='lat' dir='ltr'><strong>est,</strong></span> <span class='ocrx_word' id='word_1_128' title='bbox 831 956 906 990; x_wconf 60' lang='grc' dir='ltr'><strong>(τι-εἰσ</strong></span> 
     </span>
    </p>
   </div>
   <div class='ocr_carea' id='block_1_20' title="bbox 113 996 908 1032">
    <p class='ocr_par' dir='ltr' id='par_1_20' title="bbox 113 996 908 1032">
     <span class='ocr_line' id='line_1_20' title="bbox 113 996 908 1032; baseline 0.009 -10"><span class='ocrx_word' id='word_1_129' title='bbox 113 996 182 1023; x_wconf 74' lang='lat' dir='ltr'><strong>solis</strong></span> <span class='ocrx_word' id='word_1_130' title='bbox 204 1005 261 1030; x_wconf 81' lang='lat' dir='ltr'><strong>xu;</strong></span> <span class='ocrx_word' id='word_1_131' title='bbox 287 1006 367 1032; x_wconf 81' lang='lat' dir='ltr'><strong>quem</strong></span> <span class='ocrx_word' id='word_1_132' title='bbox 406 1008 494 1027; x_wconf 88' lang='lat' dir='ltr'><strong>annus</strong></span> <span class='ocrx_word' id='word_1_133' title='bbox 519 1000 643 1028; x_wconf 79' lang='lat' dir='ltr'><strong>Julianus</strong></span> <span class='ocrx_word' id='word_1_134' title='bbox 660 1002 695 1028; x_wconf 84' lang='lat'><strong>76</strong></span> <span class='ocrx_word' id='word_1_135' title='bbox 722 1001 839 1028; x_wconf 52' lang='lat' dir='ltr'><strong>exhibet.</strong></span> <span class='ocrx_word' id='word_1_136' title='bbox 856 1001 908 1028; x_wconf 88' lang='lat' dir='ltr'><strong>Sed</strong></span> 
     </span>
    </p>
   </div>
   <div class='ocr_carea' id='block_1_21' title="bbox 113 1043 909 1083">
    <p class='ocr_par' dir='ltr' id='par_1_21' title="bbox 113 1043 909 1083">
     <span class='ocr_line' id='line_1_21' title="bbox 113 1043 909 1083; baseline 0.008 -14"><span class='ocrx_word' id='word_1_137' title='bbox 113 1043 188 1077; x_wconf 84' lang='lat' dir='ltr'><strong>quod</strong></span> <span class='ocrx_word' id='word_1_138' title='bbox 209 1043 340 1073; x_wconf 63' lang='lat' dir='ltr'><strong>Delie-rius</strong></span> <span class='ocrx_word' id='word_1_139' title='bbox 355 1052 447 1073; x_wconf 82' lang='lat' dir='ltr'><strong>noster</strong></span> <span class='ocrx_word' id='word_1_140' title='bbox 458 1047 528 1074; x_wconf 85' lang='lat' dir='ltr'><strong>hanc</strong></span> <span class='ocrx_word' id='word_1_141' title='bbox 539 1047 650 1074; x_wconf 79' lang='lat' dir='ltr'><strong>Patrum</strong></span> <span class='ocrx_word' id='word_1_142' title='bbox 668 1048 825 1083; x_wconf 82' lang='lat' dir='ltr'><strong>opinionem</strong></span> <span class='ocrx_word' id='word_1_143' title='bbox 839 1048 909 1075; x_wconf 73' lang='lat' dir='ltr'><strong>aedis</strong></span> 
     </span>
    </p>
   </div>
   <div class='ocr_carea' id='block_1_22' title="bbox 114 1087 911 1126">
    <p class='ocr_par' dir='ltr' id='par_1_22' title="bbox 114 1087 911 1126">
     <span class='ocr_line' id='line_1_22' title="bbox 114 1087 911 1126; baseline 0.008 -13"><span class='ocrx_word' id='word_1_144' title='bbox 114 1087 271 1121; x_wconf 70' lang='lat' dir='ltr'><strong>apostolica:</strong></span> <span class='ocrx_word' id='word_1_145' title='bbox 290 1089 512 1123; x_wconf 74' lang='lat' dir='ltr'><strong>declarationem,</strong></span> <span class='ocrx_word' id='word_1_146' title='bbox 534 1099 565 1118; x_wconf 80' lang='lat' dir='ltr'><strong>ac</strong></span> <span class='ocrx_word' id='word_1_147' title='bbox 584 1091 653 1119; x_wconf 73' lang='lat' dir='ltr'><strong>velut</strong></span> <span class='ocrx_word' id='word_1_148' title='bbox 673 1091 803 1120; x_wconf 74' lang='lat' dir='ltr'><strong>Ecclesia:</strong></span> <span class='ocrx_word' id='word_1_149' title='bbox 818 1092 911 1126; x_wconf 77' lang='lat' dir='ltr'><strong>deﬁni-</strong></span> 
     </span>
    </p>
   </div>
   <div class='ocr_carea' id='block_1_23' title="bbox 116 1134 911 1173">
    <p class='ocr_par' dir='ltr' id='par_1_23' title="bbox 116 1134 911 1173">
     <span class='ocr_line' id='line_1_23' title="bbox 116 1134 911 1173; baseline 0.008 -14"><span class='ocrx_word' id='word_1_150' title='bbox 116 1134 216 1161; x_wconf 75' lang='lat' dir='ltr'><strong>tionem</strong></span> <span class='ocrx_word' id='word_1_151' title='bbox 241 1135 372 1170; x_wconf 75' lang='lat' dir='ltr'><strong>appellat,</strong></span> <span class='ocrx_word' id='word_1_152' title='bbox 398 1135 483 1164; x_wconf 85' lang='lat' dir='ltr'><strong>nihilo</strong></span> <span class='ocrx_word' id='word_1_153' title='bbox 501 1137 528 1164; x_wconf 93' lang='lat' dir='ltr'><strong>id</strong></span> <span class='ocrx_word' id='word_1_154' title='bbox 543 1137 636 1165; x_wconf 90' lang='lat' dir='ltr'><strong>verius</strong></span> <span class='ocrx_word' id='word_1_155' title='bbox 658 1142 710 1170; x_wconf 90' lang='lat' dir='ltr'><strong>est,</strong></span> <span class='ocrx_word' id='word_1_156' title='bbox 728 1145 810 1173; x_wconf 90' lang='lat' dir='ltr'><strong>quam</strong></span> <span class='ocrx_word' id='word_1_157' title='bbox 837 1137 911 1173; x_wconf 84' lang='lat' dir='ltr'><strong>quod</strong></span> 
     </span>
    </p>
   </div>
   <div class='ocr_carea' id='block_1_24' title="bbox 115 1178 910 1218">
    <p class='ocr_par' dir='ltr' id='par_1_24' title="bbox 115 1178 910 1218">
     <span class='ocr_line' id='line_1_24' title="bbox 115 1178 910 1218; baseline 0.006 -13"><span class='ocrx_word' id='word_1_158' title='bbox 115 1178 213 1207; x_wconf 80' lang='lat' dir='ltr'><strong>eadem</strong></span> <span class='ocrx_word' id='word_1_159' title='bbox 238 1179 265 1206; x_wconf 94' lang='lat' dir='ltr'><strong>in</strong></span> <span class='ocrx_word' id='word_1_160' title='bbox 295 1181 400 1216; x_wconf 86' lang='lat' dir='ltr'><strong>synodo</strong></span> <span class='ocrx_word' id='word_1_161' title='bbox 423 1182 527 1210; x_wconf 87' lang='lat' dir='ltr'><strong>dictum</strong></span> <span class='ocrx_word' id='word_1_162' title='bbox 555 1187 609 1216; x_wconf 86' lang='lat' dir='ltr'><strong>est,</strong></span> <span class='ocrx_word' id='word_1_163' title='bbox 633 1183 829 1218; x_wconf 69' lang='lat' dir='ltr'><strong>aequinoctium</strong></span> <span class='ocrx_word' id='word_1_164' title='bbox 858 1190 910 1210; x_wconf 96' lang='lat' dir='ltr'><strong>xxv</strong></span> 
     </span>
    </p>
   </div>
   <div class='ocr_carea' id='block_1_25' title="bbox 115 1225 912 1264">
    <p class='ocr_par' dir='ltr' id='par_1_25' title="bbox 115 1225 912 1264">
     <span class='ocr_line' id='line_1_25' title="bbox 115 1225 912 1264; baseline 0.005 -12"><span class='ocrx_word' id='word_1_165' title='bbox 115 1225 207 1253; x_wconf 85' lang='lat' dir='ltr'><strong>Martii</strong></span> <span class='ocrx_word' id='word_1_166' title='bbox 223 1227 370 1260; x_wconf 81' lang='lat' dir='ltr'><strong>committi,</strong></span> <span class='ocrx_word' id='word_1_167' title='bbox 386 1235 459 1256; x_wconf 88' lang='lat' dir='ltr'><strong>anno</strong></span> <span class='ocrx_word' id='word_1_168' title='bbox 484 1228 586 1256; x_wconf 82' lang='lat' dir='ltr'><strong>Christi</strong></span> <span class='ocrx_word' id='word_1_169' title='bbox 603 1229 670 1262; x_wconf 66' lang='lat'><strong>£98;</strong></span> <span class='ocrx_word' id='word_1_170' title='bbox 686 1233 723 1262; x_wconf 88' lang='lat' dir='ltr'><strong>et,</strong></span> <span class='ocrx_word' id='word_1_171' title='bbox 739 1229 811 1264; x_wconf 90' lang='lat' dir='ltr'><strong>quod</strong></span> <span class='ocrx_word' id='word_1_172' title='bbox 833 1229 912 1264; x_wconf 82' lang='lat' dir='ltr'><strong>longe</strong></span> 
     </span>
    </p>
   </div>
   <div class='ocr_carea' id='block_1_26' title="bbox 115 1272 911 1306">
    <p class='ocr_par' dir='ltr' id='par_1_26' title="bbox 115 1272 911 1306">
     <span class='ocr_line' id='line_1_26' title="bbox 115 1272 911 1306; baseline 0.004 -8"><span class='ocrx_word' id='word_1_173' title='bbox 115 1272 266 1300; x_wconf 78' lang='lat' dir='ltr'><strong>absurdius</strong></span> <span class='ocrx_word' id='word_1_174' title='bbox 283 1277 337 1306; x_wconf 85' lang='lat' dir='ltr'><strong>est,</strong></span> <span class='ocrx_word' id='word_1_175' title='bbox 358 1273 453 1301; x_wconf 86' lang='lat' dir='ltr'><strong>eodem</strong></span> <span class='ocrx_word' id='word_1_176' title='bbox 470 1274 517 1302; x_wconf 90' lang='lat' dir='ltr'><strong>illo</strong></span> <span class='ocrx_word' id='word_1_177' title='bbox 540 1275 584 1302; x_wconf 87' lang='lat' dir='ltr'><strong>die</strong></span> <span class='ocrx_word' id='word_1_178' title='bbox 599 1274 679 1302; x_wconf 91' lang='lat' dir='ltr'><strong>initio</strong></span> <span class='ocrx_word' id='word_1_179' title='bbox 703 1274 807 1302; x_wconf 88' lang='lat' dir='ltr'><strong>conditi</strong></span> <span class='ocrx_word' id='word_1_180' title='bbox 835 1274 911 1302; x_wconf 84' lang='lat' dir='ltr'><strong>orbis</strong></span> 
     </span>
    </p>
   </div>
   <div class='ocr_carea' id='block_1_27' title="bbox 117 1318 911 1356">
    <p class='ocr_par' dir='ltr' id='par_1_27' title="bbox 117 1318 911 1356">
     <span class='ocr_line' id='line_1_27' title="bbox 117 1318 911 1356; baseline 0.003 -11"><span class='ocrx_word' id='word_1_181' title='bbox 117 1319 245 1347; x_wconf 62' lang='lat' dir='ltr'><strong>liazsisse.</strong></span> <span class='ocrx_word' id='word_1_182' title='bbox 271 1318 372 1347; x_wconf 86' lang='lat' dir='ltr'><strong>Notum</strong></span> <span class='ocrx_word' id='word_1_183' title='bbox 390 1320 464 1347; x_wconf 89' lang='lat' dir='ltr'><strong>enim</strong></span> <span class='ocrx_word' id='word_1_184' title='bbox 487 1326 530 1348; x_wconf 91' lang='lat' dir='ltr'><strong>est</strong></span> <span class='ocrx_word' id='word_1_185' title='bbox 553 1321 674 1349; x_wconf 79' lang='lat' dir='ltr'><strong>rationes</strong></span> <span class='ocrx_word' id='word_1_186' title='bbox 697 1321 782 1355; x_wconf 83' lang='lat' dir='ltr'><strong>ipsas,</strong></span> <span class='ocrx_word' id='word_1_187' title='bbox 797 1327 859 1356; x_wconf 66' lang='lat' dir='ltr'><strong>quae</strong></span> <span class='ocrx_word' id='word_1_188' title='bbox 884 1320 911 1347; x_wconf 93' lang='lat' dir='ltr'><strong>iu</strong></span> 
     </span>
    </p>
   </div>
   <div class='ocr_carea' id='block_1_28' title="bbox 116 1357 910 1401">
    <p class='ocr_par' dir='ltr' id='par_1_28' title="bbox 116 1357 910 1401">
     <span class='ocr_line' id='line_1_28' title="bbox 116 1357 910 1401; baseline 0 -8"><span class='ocrx_word' id='word_1_189' title='bbox 116 1365 245 1393; x_wconf 87' lang='lat' dir='ltr'><strong>conciliis</strong></span> <span class='ocrx_word' id='word_1_190' title='bbox 273 1365 436 1397; x_wconf 77' lang='lat' dir='ltr'><strong>all&#39;eruntur,</strong></span> <span class='ocrx_word' id='word_1_191' title='bbox 460 1373 549 1401; x_wconf 83' lang='lat' dir='ltr'><strong>neque</strong></span> <span class='ocrx_word' id='word_1_192' title='bbox 577 1374 656 1394; x_wconf 81' lang='lat' dir='ltr'><strong>veras</strong></span> <span class='ocrx_word' id='word_1_193' title='bbox 682 1374 744 1394; x_wconf 87' lang='lat' dir='ltr'><strong>esse</strong></span> <span class='ocrx_word' id='word_1_194' title='bbox 768 1357 910 1401; x_wconf 77' lang='lat' dir='ltr'><strong>perpetuo,</strong></span> 
     </span>
    </p>
   </div>
   <div class='ocr_carea' id='block_1_29' title="bbox 118 1411 912 1446">
    <p class='ocr_par' dir='ltr' id='par_1_29' title="bbox 118 1411 912 1446">
     <span class='ocr_line' id='line_1_29' title="bbox 118 1411 912 1446; baseline 0.001 -8"><span class='ocrx_word' id='word_1_195' title='bbox 118 1418 208 1446; x_wconf 87' lang='lat' dir='ltr'><strong>neque</strong></span> <span class='ocrx_word' id='word_1_196' title='bbox 225 1411 295 1438; x_wconf 88' lang='lat' dir='ltr'><strong>inter</strong></span> <span class='ocrx_word' id='word_1_197' title='bbox 312 1411 375 1439; x_wconf 84' lang='lat' dir='ltr'><strong>lidei</strong></span> <span class='ocrx_word' id='word_1_198' title='bbox 395 1411 503 1439; x_wconf 82' lang='lat' dir='ltr'><strong>decreta</strong></span> <span class='ocrx_word' id='word_1_199' title='bbox 517 1412 634 1440; x_wconf 81' lang='lat' dir='ltr'><strong>censeri.</strong></span> <span class='ocrx_word' id='word_1_200' title='bbox 656 1411 743 1440; x_wconf 87' lang='lat' dir='ltr'><strong>Habet</strong></span> <span class='ocrx_word' id='word_1_201' title='bbox 756 1416 845 1439; x_wconf 84' lang='lat' dir='ltr'><strong>tamen</strong></span> <span class='ocrx_word' id='word_1_202' title='bbox 861 1419 912 1439; x_wconf 93' lang='lat' dir='ltr'><strong>au-</strong></span> 
     </span>
    </p>
   </div>
   <div class='ocr_carea' id='block_1_30' title="bbox 119 1455 912 1492">
    <p class='ocr_par' dir='ltr' id='par_1_30' title="bbox 119 1455 912 1492">
     <span class='ocr_line' id='line_1_30' title="bbox 119 1455 912 1492; baseline 0.001 -9"><span class='ocrx_word' id='word_1_203' title='bbox 119 1456 234 1483; x_wconf 82' lang='lat' dir='ltr'><strong>ctoritas</strong></span> <span class='ocrx_word' id='word_1_204' title='bbox 254 1455 299 1483; x_wconf 87' lang='lat' dir='ltr'><strong>illa</strong></span> <span class='ocrx_word' id='word_1_205' title='bbox 317 1463 491 1484; x_wconf 85' lang='lat' dir='ltr'><strong>communem</strong></span> <span class='ocrx_word' id='word_1_206' title='bbox 518 1457 552 1484; x_wconf 88' lang='lat' dir='ltr'><strong>de</strong></span> <span class='ocrx_word' id='word_1_207' title='bbox 574 1457 709 1492; x_wconf 83' lang='lat' dir='ltr'><strong>passionis</strong></span> <span class='ocrx_word' id='word_1_208' title='bbox 731 1457 912 1484; x_wconf 86' lang='lat' dir='ltr'><strong>resurrectio-</strong></span> 
     </span>
    </p>
   </div>
   <div class='ocr_carea' id='block_1_31' title="bbox 121 1501 913 1537">
    <p class='ocr_par' dir='ltr' id='par_1_31' title="bbox 121 1501 913 1537">
     <span class='ocr_line' id='line_1_31' title="bbox 121 1501 913 1537; baseline 0 -9"><span class='ocrx_word' id='word_1_209' title='bbox 121 1502 221 1537; x_wconf 82' lang='lat' dir='ltr'><strong>nisque</strong></span> <span class='ocrx_word' id='word_1_210' title='bbox 232 1501 277 1529; x_wconf 84' lang='lat' dir='ltr'><strong>die</strong></span> <span class='ocrx_word' id='word_1_211' title='bbox 300 1501 381 1529; x_wconf 78' lang='lat' dir='ltr'><strong>(idem</strong></span> <span class='ocrx_word' id='word_1_212' title='bbox 402 1502 654 1530; x_wconf 78' lang='lat' dir='ltr'><strong>vetustissimorum</strong></span> <span class='ocrx_word' id='word_1_213' title='bbox 670 1507 823 1537; x_wconf 82' lang='lat' dir='ltr'><strong>temporum</strong></span> <span class='ocrx_word' id='word_1_214' title='bbox 841 1510 848 1528; x_wconf 91' lang='lat'><strong>:</strong></span> <span class='ocrx_word' id='word_1_215' title='bbox 879 1501 913 1529; x_wconf 88' lang='lat' dir='ltr'><strong>ad</strong></span> 
     </span>
    </p>
   </div>
   <div class='ocr_carea' id='block_1_32' title="bbox 118 1547 913 1583">
    <p class='ocr_par' dir='ltr' id='par_1_32' title="bbox 118 1547 913 1583">
     <span class='ocr_line' id='line_1_32' title="bbox 118 1547 913 1583; baseline 0.003 -9"><span class='ocrx_word' id='word_1_216' title='bbox 118 1555 202 1582; x_wconf 88' lang='lat' dir='ltr'><strong>quam</strong></span> <span class='ocrx_word' id='word_1_217' title='bbox 223 1552 252 1575; x_wconf 90' lang='lat' dir='ltr'><strong>et</strong></span> <span class='ocrx_word' id='word_1_218' title='bbox 273 1547 318 1574; x_wconf 87' lang='lat' dir='ltr'><strong>illa</strong></span> <span class='ocrx_word' id='word_1_219' title='bbox 341 1547 514 1582; x_wconf 71' lang='lat' dir='ltr'><strong>adiungenda</strong></span> <span class='ocrx_word' id='word_1_220' title='bbox 543 1548 701 1575; x_wconf 87' lang='lat' dir='ltr'><strong>testitnonia</strong></span> <span class='ocrx_word' id='word_1_221' title='bbox 723 1552 797 1581; x_wconf 89' lang='lat' dir='ltr'><strong>sunt,</strong></span> <span class='ocrx_word' id='word_1_222' title='bbox 813 1547 913 1583; x_wconf 84' lang='lat' dir='ltr'><strong>quibus</strong></span> 
     </span>
    </p>
   </div>
   <div class='ocr_carea' id='block_1_33' title="bbox 120 1593 912 1630">
    <p class='ocr_par' dir='ltr' id='par_1_33' title="bbox 120 1593 912 1630">
     <span class='ocr_line' id='line_1_33' title="bbox 120 1593 912 1630; baseline 0.001 -10"><span class='ocrx_word' id='word_1_223' title='bbox 120 1595 213 1629; x_wconf 84' lang='lat' dir='ltr'><strong>passio</strong></span> <span class='ocrx_word' id='word_1_224' title='bbox 228 1593 336 1622; x_wconf 87' lang='lat' dir='ltr'><strong>Domini</strong></span> <span class='ocrx_word' id='word_1_225' title='bbox 352 1595 378 1622; x_wconf 91' lang='lat' dir='ltr'><strong>in</strong></span> <span class='ocrx_word' id='word_1_226' title='bbox 393 1597 426 1623; x_wconf 83' lang='lat' dir='ltr'><strong>A.</strong></span> <span class='ocrx_word' id='word_1_227' title='bbox 451 1595 483 1622; x_wconf 91' lang='lat' dir='ltr'><strong>D.</strong></span> <span class='ocrx_word' id='word_1_228' title='bbox 501 1603 518 1622; x_wconf 89' lang='lat' dir='ltr'><strong>x</strong></span> <span class='ocrx_word' id='word_1_229' title='bbox 537 1594 598 1622; x_wconf 80' lang='lat' dir='ltr'><strong>Kal.</strong></span> <span class='ocrx_word' id='word_1_230' title='bbox 617 1595 696 1630; x_wconf 90' lang='lat' dir='ltr'><strong>Apr.,</strong></span> <span class='ocrx_word' id='word_1_231' title='bbox 714 1595 766 1623; x_wconf 91' lang='lat' dir='ltr'><strong>hoc</strong></span> <span class='ocrx_word' id='word_1_232' title='bbox 781 1599 823 1622; x_wconf 85' lang='lat' dir='ltr'><strong>est</strong></span> <span class='ocrx_word' id='word_1_233' title='bbox 845 1602 912 1622; x_wconf 71' lang='grc' dir='ltr'>χχιιι</span> 
     </span>
    </p>
   </div>
   <div class='ocr_carea' id='block_1_34' title="bbox 120 1627 948 1676">
    <p class='ocr_par' dir='ltr' id='par_1_34' title="bbox 120 1627 948 1676">
     <span class='ocr_line' id='line_1_34' title="bbox 120 1627 948 1676; baseline 0.001 -9"><span class='ocrx_word' id='word_1_234' title='bbox 120 1640 227 1674; x_wconf 81' lang='lat' dir='ltr'><strong>Martii;</strong></span> <span class='ocrx_word' id='word_1_235' title='bbox 257 1641 424 1669; x_wconf 75' lang='lat' dir='ltr'><strong>resurrectio</strong></span> <span class='ocrx_word' id='word_1_236' title='bbox 447 1649 513 1669; x_wconf 89' lang='lat' dir='ltr'><strong>vero</strong></span> <span class='ocrx_word' id='word_1_237' title='bbox 537 1642 564 1668; x_wconf 92' lang='lat' dir='ltr'><strong>in</strong></span> <span class='ocrx_word' id='word_1_238' title='bbox 590 1627 650 1668; x_wconf 43' lang='lat' dir='ltr'><strong>vm-</strong></span> <span class='ocrx_word' id='word_1_239' title='bbox 668 1641 729 1668; x_wconf 81' lang='lat' dir='ltr'><strong>Kal.</strong></span> <span class='ocrx_word' id='word_1_240' title='bbox 753 1627 948 1676; x_wconf 82' lang='lat' dir='ltr'><strong>conjicitur;c</strong></span> 
     </span>
    </p>
   </div>
   <div class='ocr_carea' id='block_1_35' title="bbox 120 1685 914 1722">
    <p class='ocr_par' dir='ltr' id='par_1_35' title="bbox 120 1685 914 1722">
     <span class='ocr_line' id='line_1_35' title="bbox 120 1685 914 1722; baseline -0.003 -8"><span class='ocrx_word' id='word_1_241' title='bbox 120 1695 204 1722; x_wconf 89' lang='lat' dir='ltr'><strong>quam</strong></span> <span class='ocrx_word' id='word_1_242' title='bbox 220 1687 322 1715; x_wconf 66' lang='lat' dir='ltr'><strong>Graecis</strong></span> <span class='ocrx_word' id='word_1_243' title='bbox 337 1687 433 1714; x_wconf 85' lang='lat' dir='ltr'><strong>tribuit</strong></span> <span class='ocrx_word' id='word_1_244' title='bbox 445 1686 548 1714; x_wconf 80' lang='lat' dir='ltr'><strong>Paulus</strong></span> <span class='ocrx_word' id='word_1_245' title='bbox 573 1686 796 1721; x_wconf 82' lang='lat' dir='ltr'><strong>Foroscmpron.,</strong></span> <span class='ocrx_word' id='word_1_246' title='bbox 807 1690 835 1713; x_wconf 94' lang='lat' dir='ltr'><strong>et</strong></span> <span class='ocrx_word' id='word_1_247' title='bbox 862 1685 914 1713; x_wconf 86' lang='lat' dir='ltr'><strong>La-</strong></span> 
     </span>
    </p>
   </div>
   <div class='ocr_carea' id='block_1_36' title="bbox 82 1725 915 1768">
    <p class='ocr_par' dir='ltr' id='par_1_36' title="bbox 82 1725 915 1768">
     <span class='ocr_line' id='line_1_36' title="bbox 82 1725 915 1768; baseline -0.001 -7"><span class='ocrx_word' id='word_1_248' title='bbox 82 1725 90 1734; x_wconf 85' lang='grc'><em>’</em></span> <span class='ocrx_word' id='word_1_249' title='bbox 121 1734 244 1762; x_wconf 84' lang='lat' dir='ltr'><strong>ctantius</strong></span> <span class='ocrx_word' id='word_1_250' title='bbox 273 1738 386 1761; x_wconf 86' lang='lat' dir='ltr'><strong>secutus</strong></span> <span class='ocrx_word' id='word_1_251' title='bbox 411 1737 455 1761; x_wconf 84' lang='lat' dir='ltr'><strong>est</strong></span> <span class='ocrx_word' id='word_1_252' title='bbox 480 1733 528 1760; x_wconf 90' lang='lat' dir='ltr'><strong>lib.</strong></span> <span class='ocrx_word' id='word_1_253' title='bbox 550 1741 587 1765; x_wconf 88' lang='lat' dir='ltr'><strong>tv,</strong></span> <span class='ocrx_word' id='word_1_254' title='bbox 602 1741 664 1768; x_wconf 88' lang='lat' dir='ltr'><strong>cap.</strong></span> <span class='ocrx_word' id='word_1_255' title='bbox 689 1733 724 1760; x_wconf 81' lang='grc'>10</span> <span class='ocrx_word' id='word_1_256' title='bbox 751 1733 803 1761; x_wconf 91' lang='lat' dir='ltr'><strong>Ubi</strong></span> <span class='ocrx_word' id='word_1_257' title='bbox 816 1732 915 1760; x_wconf 86' lang='lat' dir='ltr'><strong>asserit</strong></span> 
     </span>
    </p>
   </div>
   <div class='ocr_carea' id='block_1_37' title="bbox 123 1779 915 1812">
    <p class='ocr_par' dir='ltr' id='par_1_37' title="bbox 123 1779 915 1812">
     <span class='ocr_line' id='line_1_37' title="bbox 123 1779 915 1812; baseline -0.003 -5"><span class='ocrx_word' id='word_1_258' title='bbox 123 1788 198 1808; x_wconf 85' lang='lat' dir='ltr'><strong>anno</strong></span> <span class='ocrx_word' id='word_1_259' title='bbox 212 1788 245 1807; x_wconf 86' lang='lat' dir='ltr'><strong>xv</strong></span> <span class='ocrx_word' id='word_1_260' title='bbox 260 1779 374 1812; x_wconf 85' lang='lat' dir='ltr'><strong>Tiberii,</strong></span> <span class='ocrx_word' id='word_1_261' title='bbox 393 1779 517 1807; x_wconf 83' lang='lat' dir='ltr'><strong>Geminis</strong></span> <span class='ocrx_word' id='word_1_262' title='bbox 530 1779 639 1807; x_wconf 78' lang='lat' dir='ltr'><strong>duobus</strong></span> <span class='ocrx_word' id='word_1_263' title='bbox 654 1787 716 1806; x_wconf 87' lang='lat' dir='ltr'><strong>coss</strong></span> <span class='ocrx_word' id='word_1_264' title='bbox 731 1784 805 1810; x_wconf 87' lang='lat' dir='ltr'><strong>,ante</strong></span> <span class='ocrx_word' id='word_1_265' title='bbox 814 1779 885 1806; x_wconf 81' lang='lat' dir='ltr'><strong>dicat</strong></span> <span class='ocrx_word' id='word_1_266' title='bbox 899 1786 915 1805; x_wconf 83' lang='grc' dir='ltr'><strong>ιι</strong></span> 
     </span>
    </p>
   </div>
   <div class='ocr_carea' id='block_1_38' title="bbox 124 1823 912 1861">
    <p class='ocr_par' dir='ltr' id='par_1_38' title="bbox 124 1823 912 1861">
     <span class='ocr_line' id='line_1_38' title="bbox 124 1823 912 1861; baseline -0.003 -9"><span class='ocrx_word' id='word_1_267' title='bbox 124 1826 183 1853; x_wconf 83' lang='lat' dir='ltr'><strong>Kal.</strong></span> <span class='ocrx_word' id='word_1_268' title='bbox 198 1827 264 1861; x_wconf 91' lang='lat' dir='ltr'><strong>Apr.</strong></span> <span class='ocrx_word' id='word_1_269' title='bbox 288 1826 429 1853; x_wconf 84' lang='lat' dir='ltr'><strong>Christum</strong></span> <span class='ocrx_word' id='word_1_270' title='bbox 448 1825 531 1853; x_wconf 86' lang='lat' dir='ltr'><strong>cruci.</strong></span> <span class='ocrx_word' id='word_1_271' title='bbox 548 1826 669 1852; x_wconf 81' lang='lat' dir='ltr'><strong>allixuui.</strong></span> <span class='ocrx_word' id='word_1_272' title='bbox 688 1825 739 1852; x_wconf 77' lang='lat' dir='ltr'><strong>Sed</strong></span> <span class='ocrx_word' id='word_1_273' title='bbox 754 1833 802 1859; x_wconf 86' lang='lat' dir='ltr'><strong>pro</strong></span> <span class='ocrx_word' id='word_1_274' title='bbox 821 1833 834 1851; x_wconf 97' lang='grc' dir='ltr'><strong>ιι</strong></span> <span class='ocrx_word' id='word_1_275' title='bbox 853 1823 912 1851; x_wconf 62' lang='lat' dir='ltr'><strong>Kal.</strong></span> 
     </span>
    </p>
   </div>
   <div class='ocr_carea' id='block_1_39' title="bbox 123 1872 525 1907">
    <p class='ocr_par' dir='ltr' id='par_1_39' title="bbox 123 1872 525 1907">
     <span class='ocr_line' id='line_1_39' title="bbox 123 1872 525 1907; baseline 0.005 -10"><span class='ocrx_word' id='word_1_276' title='bbox 123 1873 235 1907; x_wconf 84' lang='lat' dir='ltr'><strong>quidam</strong></span> <span class='ocrx_word' id='word_1_277' title='bbox 244 1873 352 1900; x_wconf 81' lang='lat' dir='ltr'><strong>codices</strong></span> <span class='ocrx_word' id='word_1_278' title='bbox 365 1880 401 1898; x_wconf 87' lang='lat' dir='ltr'><strong>vn</strong></span> <span class='ocrx_word' id='word_1_279' title='bbox 415 1872 525 1899; x_wconf 82' lang='lat' dir='ltr'><strong>habent.</strong></span> 
     </span>
    </p>
   </div>
   <div class='ocr_carea' id='block_1_40' title="bbox 161 1916 918 1953">
    <p class='ocr_par' dir='ltr' id='par_1_40' title="bbox 161 1916 918 1953">
     <span class='ocr_line' id='line_1_40' title="bbox 161 1916 918 1953; baseline -0.004 -7"><span class='ocrx_word' id='word_1_280' title='bbox 161 1918 263 1946; x_wconf 80' lang='lat' dir='ltr'><strong>Paulus</strong></span> <span class='ocrx_word' id='word_1_281' title='bbox 278 1925 343 1946; x_wconf 82' lang='lat' dir='ltr'><strong>vero</strong></span> <span class='ocrx_word' id='word_1_282' title='bbox 360 1918 536 1953; x_wconf 82' lang='lat' dir='ltr'><strong>Foroscmpr.</strong></span> <span class='ocrx_word' id='word_1_283' title='bbox 551 1922 615 1945; x_wconf 87' lang='lat' dir='ltr'><strong>ante</strong></span> <span class='ocrx_word' id='word_1_284' title='bbox 632 1918 704 1945; x_wconf 88' lang='lat' dir='ltr'><strong>diem</strong></span> <span class='ocrx_word' id='word_1_285' title='bbox 718 1917 852 1944; x_wconf 87' lang='lat' dir='ltr'><strong>decimam</strong></span> <span class='ocrx_word' id='word_1_286' title='bbox 865 1916 918 1944; x_wconf 78' lang='lat' dir='ltr'><strong>Ka-</strong></span> 
     </span>
    </p>
   </div>
   <div class='ocr_carea' id='block_1_41' title="bbox 125 1963 917 1999">
    <p class='ocr_par' dir='ltr' id='par_1_41' title="bbox 125 1963 917 1999">
     <span class='ocr_line' id='line_1_41' title="bbox 125 1963 917 1999; baseline -0.004 -7"><span class='ocrx_word' id='word_1_287' title='bbox 125 1966 269 1992; x_wconf 86' lang='lat' dir='ltr'><strong>lendarum</strong></span> <span class='ocrx_word' id='word_1_288' title='bbox 295 1965 365 1991; x_wconf 86' lang='lat' dir='ltr'><strong>idem</strong></span> <span class='ocrx_word' id='word_1_289' title='bbox 390 1973 451 1992; x_wconf 85' lang='lat' dir='ltr'><strong>esse</strong></span> <span class='ocrx_word' id='word_1_290' title='bbox 475 1969 567 1999; x_wconf 82' lang='lat' dir='ltr'><strong>putat,</strong></span> <span class='ocrx_word' id='word_1_291' title='bbox 583 1964 657 1999; x_wconf 90' lang='lat' dir='ltr'><strong>quod</strong></span> <span class='ocrx_word' id='word_1_292' title='bbox 678 1972 705 1991; x_wconf 88' lang='grc' dir='ltr'><strong>ιιι</strong></span> <span class='ocrx_word' id='word_1_293' title='bbox 723 1963 828 1997; x_wconf 81' lang='lat' dir='ltr'><strong>Kal.,ct</strong></span> <span class='ocrx_word' id='word_1_294' title='bbox 841 1963 917 1990; x_wconf 80' lang='lat' dir='ltr'><strong>Pauli</strong></span> 
     </span>
    </p>
   </div>
   <div class='ocr_carea' id='block_1_42' title="bbox 123 2007 919 2046">
    <p class='ocr_par' dir='ltr' id='par_1_42' title="bbox 123 2007 919 2046">
     <span class='ocr_line' id='line_1_42' title="bbox 123 2007 919 2046; baseline -0.005 -8"><span class='ocrx_word' id='word_1_295' title='bbox 123 2011 274 2046; x_wconf 79' lang='lat' dir='ltr'><strong>juriscons.</strong></span> <span class='ocrx_word' id='word_1_296' title='bbox 292 2010 381 2038; x_wconf 74' lang='lat' dir='ltr'><strong>verbis</strong></span> <span class='ocrx_word' id='word_1_297' title='bbox 399 2011 499 2043; x_wconf 87' lang='lat' dir='ltr'><strong>utitur,</strong></span> <span class='ocrx_word' id='word_1_298' title='bbox 515 2010 562 2045; x_wconf 89' lang='lat' dir='ltr'><strong>qui</strong></span> <span class='ocrx_word' id='word_1_299' title='bbox 584 2011 623 2037; x_wconf 88' lang='lat' dir='ltr'><strong>ait</strong></span> <span class='ocrx_word' id='word_1_300' title='bbox 642 2018 650 2036; x_wconf 85' lang='lat'><strong>:</strong></span> <span class='ocrx_word' id='word_1_301' title='bbox 671 2009 738 2036; x_wconf 82' lang='lat' dir='ltr'><strong>Ante</strong></span> <span class='ocrx_word' id='word_1_302' title='bbox 749 2009 818 2035; x_wconf 82' lang='lat' dir='ltr'><strong>diem</strong></span> <span class='ocrx_word' id='word_1_303' title='bbox 832 2017 846 2035; x_wconf 91' lang='grc' dir='ltr'><strong>ιι</strong></span> <span class='ocrx_word' id='word_1_304' title='bbox 861 2007 919 2035; x_wconf 84' lang='lat' dir='ltr'><strong>Ka-</strong></span> 
     </span>
    </p>
   </div>
   <div class='ocr_carea' id='block_1_43' title="bbox 126 2054 920 2091">
    <p class='ocr_par' dir='ltr' id='par_1_43' title="bbox 126 2054 920 2091">
     <span class='ocr_line' id='line_1_43' title="bbox 126 2054 920 2091; baseline -0.004 -7"><span class='ocrx_word' id='word_1_305' title='bbox 126 2058 276 2089; x_wconf 75' lang='lat' dir='ltr'><strong>lendarum,</strong></span> <span class='ocrx_word' id='word_1_306' title='bbox 292 2062 316 2083; x_wconf 84' lang='grc' dir='ltr'><em>ιί</em></span> <span class='ocrx_word' id='word_1_307' title='bbox 337 2061 395 2091; x_wconf 77' lang='lat' dir='ltr'><strong>post</strong></span> <span class='ocrx_word' id='word_1_308' title='bbox 412 2057 482 2083; x_wconf 86' lang='lat' dir='ltr'><strong>diem</strong></span> <span class='ocrx_word' id='word_1_309' title='bbox 504 2064 519 2082; x_wconf 87' lang='grc' dir='ltr'><strong>ιι</strong></span> <span class='ocrx_word' id='word_1_310' title='bbox 533 2054 648 2082; x_wconf 78' lang='lat' dir='ltr'><strong>Kalend.</strong></span> <span class='ocrx_word' id='word_1_311' title='bbox 662 2063 734 2090; x_wconf 75' lang='lat' dir='ltr'><strong>teque</strong></span> <span class='ocrx_word' id='word_1_312' title='bbox 746 2061 855 2089; x_wconf 80' lang='lat' dir='ltr'><strong>utroque</strong></span> <span class='ocrx_word' id='word_1_313' title='bbox 865 2063 920 2082; x_wconf 76' lang='lat' dir='ltr'><strong>ser-</strong></span> 
     </span>
    </p>
   </div>
   <div class='ocr_carea' id='block_1_44' title="bbox 127 2099 920 2137">
    <p class='ocr_par' dir='ltr' id='par_1_44' title="bbox 127 2099 920 2137">
     <span class='ocr_line' id='line_1_44' title="bbox 127 2099 920 2137; baseline -0.006 -6"><span class='ocrx_word' id='word_1_314' title='bbox 127 2112 203 2131; x_wconf 80' lang='lat' dir='ltr'><strong>mone</strong></span> <span class='ocrx_word' id='word_1_315' title='bbox 216 2111 241 2130; x_wconf 91' lang='grc' dir='ltr'><strong>ιιι</strong></span> <span class='ocrx_word' id='word_1_316' title='bbox 255 2103 310 2130; x_wconf 70' lang='lat' dir='ltr'><strong>dies</strong></span> <span class='ocrx_word' id='word_1_317' title='bbox 322 2102 480 2137; x_wconf 72' lang='lat' dir='ltr'><strong>significari.</strong></span> <span class='ocrx_word' id='word_1_318' title='bbox 495 2101 595 2128; x_wconf 87' lang='lat' dir='ltr'><strong>Verum</strong></span> <span class='ocrx_word' id='word_1_319' title='bbox 612 2101 742 2127; x_wconf 87' lang='lat' dir='ltr'><strong>mendosa</strong></span> <span class='ocrx_word' id='word_1_320' title='bbox 754 2100 834 2127; x_wconf 87' lang='lat' dir='ltr'><strong>lectio</strong></span> <span class='ocrx_word' id='word_1_321' title='bbox 846 2099 920 2127; x_wconf 84' lang='lat' dir='ltr'><strong>Pau-</strong></span> 
     </span>
    </p>
   </div>
   <div class='ocr_carea' id='block_1_45' title="bbox 127 2145 920 2184">
    <p class='ocr_par' dir='ltr' id='par_1_45' title="bbox 127 2145 920 2184">
     <span class='ocr_line' id='line_1_45' title="bbox 127 2145 920 2184; baseline -0.006 -7"><span class='ocrx_word' id='word_1_322' title='bbox 127 2151 185 2178; x_wconf 89' lang='lat' dir='ltr'><strong>lum</strong></span> <span class='ocrx_word' id='word_1_323' title='bbox 211 2148 519 2184; x_wconf 83' lang='lat' dir='ltr'><strong>Foroscmpronieusem</strong></span> <span class='ocrx_word' id='word_1_324' title='bbox 534 2147 561 2174; x_wconf 91' lang='lat' dir='ltr'><strong>in</strong></span> <span class='ocrx_word' id='word_1_325' title='bbox 575 2154 698 2173; x_wconf 78' lang='lat' dir='ltr'><strong>errorem</strong></span> <span class='ocrx_word' id='word_1_326' title='bbox 719 2146 834 2173; x_wconf 89' lang='lat' dir='ltr'><strong>induxit.</strong></span> <span class='ocrx_word' id='word_1_327' title='bbox 849 2145 920 2173; x_wconf 83' lang='lat' dir='ltr'><strong>Nam</strong></span> 
     </span>
    </p>
   </div>
   <div class='ocr_carea' id='block_1_46' title="bbox 129 2191 921 2231">
    <p class='ocr_par' dir='ltr' id='par_1_46' title="bbox 129 2191 921 2231">
     <span class='ocr_line' id='line_1_46' title="bbox 129 2191 921 2231; baseline -0.008 -8"><span class='ocrx_word' id='word_1_328' title='bbox 129 2196 147 2223; x_wconf 92' lang='lat' dir='ltr'><strong>l.</strong></span> <span class='ocrx_word' id='word_1_329' title='bbox 164 2196 226 2227; x_wconf 69' lang='lat' dir='ltr'><strong>I52,</strong></span> <span class='ocrx_word' id='word_1_330' title='bbox 246 2195 260 2231; x_wconf 83' lang='lat'><strong>§</strong></span> <span class='ocrx_word' id='word_1_331' title='bbox 278 2195 290 2222; x_wconf 88' lang='grc'><strong>1</strong></span> <span class='ocrx_word' id='word_1_332' title='bbox 309 2194 346 2221; x_wconf 78' lang='lat' dir='ltr'><strong>De</strong></span> <span class='ocrx_word' id='word_1_333' title='bbox 362 2193 430 2221; x_wconf 80' lang='lat' dir='ltr'><strong>verb.</strong></span> <span class='ocrx_word' id='word_1_334' title='bbox 452 2192 543 2228; x_wconf 75' lang='lat' dir='ltr'><strong>rignif.</strong></span> <span class='ocrx_word' id='word_1_335' title='bbox 566 2192 781 2227; x_wconf 74' lang='lat' dir='ltr'><strong>iurisconsultus</strong></span> <span class='ocrx_word' id='word_1_336' title='bbox 802 2191 837 2218; x_wconf 88' lang='lat' dir='ltr'><strong>ita</strong></span> <span class='ocrx_word' id='word_1_337' title='bbox 857 2199 921 2226; x_wconf 90' lang='lat' dir='ltr'><strong>pro-</strong></span> 
     </span>
    </p>
   </div>
   <div class='ocr_carea' id='block_1_47' title="bbox 130 2237 923 2273">
    <p class='ocr_par' dir='ltr' id='par_1_47' title="bbox 130 2237 923 2273">
     <span class='ocr_line' id='line_1_47' title="bbox 130 2237 923 2273; baseline -0.008 -4"><span class='ocrx_word' id='word_1_338' title='bbox 130 2242 240 2269; x_wconf 86' lang='lat' dir='ltr'><strong>nuntiat</strong></span> <span class='ocrx_word' id='word_1_339' title='bbox 253 2250 260 2268; x_wconf 87' lang='lat'><strong>:</strong></span> <span class='ocrx_word' id='word_1_340' title='bbox 274 2241 306 2268; x_wconf 88' lang='grc' dir='ltr'><strong>Α.</strong></span> <span class='ocrx_word' id='word_1_341' title='bbox 320 2240 353 2268; x_wconf 92' lang='lat' dir='ltr'><strong>D.</strong></span> <span class='ocrx_word' id='word_1_342' title='bbox 367 2248 382 2267; x_wconf 83' lang='grc' dir='ltr'><strong>ιι</strong></span> <span class='ocrx_word' id='word_1_343' title='bbox 394 2239 457 2266; x_wconf 88' lang='lat' dir='ltr'><strong>Kal.</strong></span> <span class='ocrx_word' id='word_1_344' title='bbox 470 2244 528 2273; x_wconf 74' lang='lat' dir='ltr'><strong>post</strong></span> <span class='ocrx_word' id='word_1_345' title='bbox 540 2239 610 2265; x_wconf 84' lang='lat' dir='ltr'><strong>diem</strong></span> <span class='ocrx_word' id='word_1_346' title='bbox 625 2246 641 2265; x_wconf 85' lang='lat' dir='ltr'><strong>x</strong></span> <span class='ocrx_word' id='word_1_347' title='bbox 663 2237 728 2264; x_wconf 84' lang='lat' dir='ltr'><strong>Kal.</strong></span> <span class='ocrx_word' id='word_1_348' title='bbox 748 2242 841 2264; x_wconf 83' lang='lat' dir='ltr'><strong>neutro</strong></span> <span class='ocrx_word' id='word_1_349' title='bbox 867 2245 923 2264; x_wconf 76' lang='lat' dir='ltr'><strong>ser-</strong></span> 
     </span>
    </p>
   </div>
   <div class='ocr_carea' id='block_1_48' title="bbox 130 2283 921 2322">
    <p class='ocr_par' dir='ltr' id='par_1_48' title="bbox 130 2283 921 2322">
     <span class='ocr_line' id='line_1_48' title="bbox 130 2283 921 2322; baseline -0.008 -6"><span class='ocrx_word' id='word_1_350' title='bbox 130 2297 206 2316; x_wconf 78' lang='lat' dir='ltr'><strong>mone</strong></span> <span class='ocrx_word' id='word_1_351' title='bbox 218 2296 244 2315; x_wconf 90' lang='lat' dir='ltr'><strong>xI</strong></span> <span class='ocrx_word' id='word_1_352' title='bbox 260 2288 315 2314; x_wconf 76' lang='lat' dir='ltr'><strong>dies</strong></span> <span class='ocrx_word' id='word_1_353' title='bbox 329 2287 525 2322; x_wconf 70' lang='lat' dir='ltr'><strong>signiﬁcantur.</strong></span> <span class='ocrx_word' id='word_1_354' title='bbox 539 2285 620 2312; x_wconf 88' lang='lat' dir='ltr'><strong>Certe</strong></span> <span class='ocrx_word' id='word_1_355' title='bbox 636 2285 668 2311; x_wconf 87' lang='lat' dir='ltr'><strong>A.</strong></span> <span class='ocrx_word' id='word_1_356' title='bbox 687 2284 718 2311; x_wconf 87' lang='lat' dir='ltr'><strong>l).</strong></span> <span class='ocrx_word' id='word_1_357' title='bbox 735 2292 752 2310; x_wconf 89' lang='grc' dir='ltr'><strong>ιι</strong></span> <span class='ocrx_word' id='word_1_358' title='bbox 768 2284 828 2311; x_wconf 81' lang='lat' dir='ltr'><strong>Kal.</strong></span> <span class='ocrx_word' id='word_1_359' title='bbox 850 2283 921 2310; x_wconf 88' lang='lat' dir='ltr'><strong>idem</strong></span> 
     </span>
    </p>
   </div>
   <div class='ocr_carea' id='block_1_49' title="bbox 130 2329 923 2369">
    <p class='ocr_par' dir='ltr' id='par_1_49' title="bbox 130 2329 923 2369">
     <span class='ocr_line' id='line_1_49' title="bbox 130 2329 923 2369; baseline -0.008 -8"><span class='ocrx_word' id='word_1_360' title='bbox 130 2338 172 2361; x_wconf 83' lang='lat' dir='ltr'><strong>est</strong></span> <span class='ocrx_word' id='word_1_361' title='bbox 186 2333 259 2369; x_wconf 88' lang='lat' dir='ltr'><strong>quod</strong></span> <span class='ocrx_word' id='word_1_362' title='bbox 275 2341 289 2360; x_wconf 81' lang='lat' dir='ltr'><strong>x</strong></span> <span class='ocrx_word' id='word_1_363' title='bbox 300 2332 372 2365; x_wconf 68' lang='lat' dir='ltr'><strong>Kal,</strong></span> <span class='ocrx_word' id='word_1_364' title='bbox 386 2331 618 2367; x_wconf 82' lang='lat' dir='ltr'><strong>quemadmodum</strong></span> <span class='ocrx_word' id='word_1_365' title='bbox 634 2334 697 2357; x_wconf 84' lang='lat' dir='ltr'><strong>ante</strong></span> <span class='ocrx_word' id='word_1_366' title='bbox 713 2329 773 2358; x_wconf 79' lang='lat' dir='ltr'><strong>Kal.</strong></span> <span class='ocrx_word' id='word_1_367' title='bbox 784 2329 923 2364; x_wconf 88' lang='lat' dir='ltr'><strong>proximas</strong></span> 
     </span>
    </p>
   </div>
   <div class='ocr_carea' id='block_1_50' title="bbox 135 2375 924 2414">
    <p class='ocr_par' dir='ltr' id='par_1_50' title="bbox 135 2375 924 2414">
     <span class='ocr_line' id='line_1_50' title="bbox 135 2375 924 2414; baseline -0.009 -7"><span class='ocrx_word' id='word_1_368' title='bbox 135 2380 205 2407; x_wconf 84' lang='lat' dir='ltr'><strong>idem</strong></span> <span class='ocrx_word' id='word_1_369' title='bbox 219 2383 262 2406; x_wconf 87' lang='lat' dir='ltr'><strong>est</strong></span> <span class='ocrx_word' id='word_1_370' title='bbox 277 2377 422 2414; x_wconf 84' lang='lat' dir='ltr'><strong>quodKal.</strong></span> <span class='ocrx_word' id='word_1_371' title='bbox 441 2376 583 2412; x_wconf 80' lang='lat' dir='ltr'><strong>proximis,</strong></span> <span class='ocrx_word' id='word_1_372' title='bbox 599 2376 617 2403; x_wconf 96' lang='lat' dir='ltr'><strong>l.</strong></span> <span class='ocrx_word' id='word_1_373' title='bbox 640 2375 674 2403; x_wconf 77' lang='lat'><strong>56</strong></span> <span class='ocrx_word' id='word_1_374' title='bbox 690 2375 704 2409; x_wconf 61' lang='grc' dir='ltr'>ᾗ</span> <span class='ocrx_word' id='word_1_375' title='bbox 719 2375 770 2407; x_wconf 76' lang='lat' dir='ltr'><strong>Qui</strong></span> <span class='ocrx_word' id='word_1_376' title='bbox 786 2376 824 2401; x_wconf 85' lang='lat' dir='ltr'><strong>ita</strong></span> <span class='ocrx_word' id='word_1_377' title='bbox 840 2375 924 2408; x_wconf 68' lang='lat' dir='ltr'><strong>stipu-</strong></span> 
     </span>
    </p>
   </div>
   <div class='ocr_carea' id='block_1_51' title="bbox 132 2419 923 2462">
    <p class='ocr_par' dir='ltr' id='par_1_51' title="bbox 132 2419 923 2462">
     <span class='ocr_line' id='line_1_51' title="bbox 132 2419 923 2462; baseline -0.009 -10"><span class='ocrx_word' id='word_1_378' title='bbox 132 2425 217 2462; x_wconf 70' lang='lat' dir='ltr'><strong>latnr,</strong></span> <span class='ocrx_word' id='word_1_379' title='bbox 234 2424 265 2452; x_wconf 91' lang='lat' dir='ltr'><strong>D.</strong></span> <span class='ocrx_word' id='word_1_380' title='bbox 282 2425 316 2452; x_wconf 83' lang='lat' dir='ltr'><strong>de</strong></span> <span class='ocrx_word' id='word_1_381' title='bbox 341 2423 421 2451; x_wconf 83' lang='lat' dir='ltr'><strong>Verb.</strong></span> <span class='ocrx_word' id='word_1_382' title='bbox 439 2423 500 2450; x_wconf 82' lang='lat' dir='ltr'><strong>Ohl.</strong></span> <span class='ocrx_word' id='word_1_383' title='bbox 531 2421 699 2449; x_wconf 79' lang='lat' dir='ltr'><strong>Subauditur</strong></span> <span class='ocrx_word' id='word_1_384' title='bbox 712 2420 785 2448; x_wconf 82' lang='lat' dir='ltr'><strong>enim</strong></span> <span class='ocrx_word' id='word_1_385' title='bbox 803 2419 923 2454; x_wconf 85' lang='lat' dir='ltr'><strong>aliquid;</strong></span> 
     </span>
    </p>
   </div>
   <div class='ocr_carea' id='block_1_52' title="bbox 135 2466 925 2506">
    <p class='ocr_par' dir='ltr' id='par_1_52' title="bbox 135 2466 925 2506">
     <span class='ocr_line' id='line_1_52' title="bbox 135 2466 925 2506; baseline -0.009 -7"><span class='ocrx_word' id='word_1_386' title='bbox 135 2477 163 2499; x_wconf 80' lang='grc' dir='ltr'><strong>ιιι</strong></span> <span class='ocrx_word' id='word_1_387' title='bbox 175 2473 212 2499; x_wconf 88' lang='lat' dir='ltr'><strong>sit</strong></span> <span class='ocrx_word' id='word_1_388' title='bbox 228 2471 334 2506; x_wconf 81' lang='lat' dir='ltr'><strong>integra</strong></span> <span class='ocrx_word' id='word_1_389' title='bbox 359 2470 480 2502; x_wconf 88' lang='lat' dir='ltr'><strong>locutio,</strong></span> <span class='ocrx_word' id='word_1_390' title='bbox 506 2473 567 2495; x_wconf 82' lang='lat' dir='ltr'><strong>ante</strong></span> <span class='ocrx_word' id='word_1_391' title='bbox 589 2469 659 2495; x_wconf 80' lang='lat' dir='ltr'><strong>diem</strong></span> <span class='ocrx_word' id='word_1_392' title='bbox 675 2467 836 2494; x_wconf 71' lang='lat' dir='ltr'><strong>absolutum.</strong></span> <span class='ocrx_word' id='word_1_393' title='bbox 856 2466 925 2493; x_wconf 91' lang='lat' dir='ltr'><strong>Hinc</strong></span> 
     </span>
    </p>
   </div>
   <div class='ocr_carea' id='block_1_53' title="bbox 133 2513 924 2553">
    <p class='ocr_par' dir='ltr' id='par_1_53' title="bbox 133 2513 924 2553">
     <span class='ocr_line' id='line_1_53' title="bbox 133 2513 924 2553; baseline -0.008 -8"><span class='ocrx_word' id='word_1_394' title='bbox 133 2523 176 2546; x_wconf 67' lang='grc' dir='ltr'><strong>εηι</strong></span> <span class='ocrx_word' id='word_1_395' title='bbox 197 2518 271 2553; x_wconf 90' lang='lat' dir='ltr'><strong>quo.l</strong></span> <span class='ocrx_word' id='word_1_396' title='bbox 291 2517 439 2545; x_wconf 81' lang='lat' dir='ltr'><strong>Gallicana:</strong></span> <span class='ocrx_word' id='word_1_397' title='bbox 455 2515 812 2544; x_wconf 68' lang='lat' dir='ltr'><strong>Ecclesiteltesurrectiouis</strong></span> <span class='ocrx_word' id='word_1_398' title='bbox 825 2513 924 2541; x_wconf 81' lang='lat' dir='ltr'><strong>festum</strong></span> 
     </span>
    </p>
   </div>
   <div class='ocr_carea' id='block_1_54' title="bbox 136 2559 925 2594">
    <p class='ocr_par' dir='ltr' id='par_1_54' title="bbox 136 2559 925 2594">
     <span class='ocr_line' id='line_1_54' title="bbox 136 2559 925 2594; baseline -0.006 -3"><span class='ocrx_word' id='word_1_399' title='bbox 136 2565 161 2591; x_wconf 93' lang='lat' dir='ltr'><strong>iu</strong></span> <span class='ocrx_word' id='word_1_400' title='bbox 179 2571 233 2591; x_wconf 84' lang='lat' dir='ltr'><strong>xxv</strong></span> <span class='ocrx_word' id='word_1_401' title='bbox 263 2563 353 2590; x_wconf 83' lang='lat' dir='ltr'><strong>Martii</strong></span> <span class='ocrx_word' id='word_1_402' title='bbox 369 2563 525 2594; x_wconf 76' lang='lat' dir='ltr'><strong>deﬁxerint,</strong></span> <span class='ocrx_word' id='word_1_403' title='bbox 543 2567 573 2590; x_wconf 94' lang='lat' dir='ltr'><strong>ut</strong></span> <span class='ocrx_word' id='word_1_404' title='bbox 588 2567 685 2589; x_wconf 72' lang='lat' dir='ltr'><strong>auctor</strong></span> <span class='ocrx_word' id='word_1_405' title='bbox 703 2565 746 2588; x_wconf 85' lang='lat' dir='ltr'><strong>est</strong></span> <span class='ocrx_word' id='word_1_406' title='bbox 763 2560 834 2588; x_wconf 81' lang='lat' dir='ltr'><strong>Beda</strong></span> <span class='ocrx_word' id='word_1_407' title='bbox 851 2567 858 2585; x_wconf 91' lang='lat'><em>:</em></span> <span class='ocrx_word' id='word_1_408' title='bbox 879 2559 925 2594; x_wconf 90' lang='lat' dir='ltr'><strong>qui</strong></span> 
     </span>
    </p>
   </div>
   <div class='ocr_carea' id='block_1_55' title="bbox 135 2606 926 2645">
    <p class='ocr_par' dir='ltr' id='par_1_55' title="bbox 135 2606 926 2645">
     <span class='ocr_line' id='line_1_55' title="bbox 135 2606 926 2645; baseline -0.005 -8"><span class='ocrx_word' id='word_1_409' title='bbox 135 2615 161 2637; x_wconf 72' lang='lat' dir='ltr'><strong>et</strong></span> <span class='ocrx_word' id='word_1_410' title='bbox 177 2610 235 2645; x_wconf 85' lang='lat' dir='ltr'><strong>ipse</strong></span> <span class='ocrx_word' id='word_1_411' title='bbox 252 2609 299 2637; x_wconf 88' lang='lat' dir='ltr'><strong>lib.</strong></span> <span class='ocrx_word' id='word_1_412' title='bbox 317 2609 354 2636; x_wconf 82' lang='lat' dir='ltr'><strong>De</strong></span> <span class='ocrx_word' id='word_1_413' title='bbox 370 2614 447 2644; x_wconf 79' lang='lat' dir='ltr'><strong>lemp.</strong></span> <span class='ocrx_word' id='word_1_414' title='bbox 461 2614 593 2643; x_wconf 80' lang='lat' dir='ltr'><strong>rnt.,cap.</strong></span> <span class='ocrx_word' id='word_1_415' title='bbox 609 2608 654 2641; x_wconf 84' lang='lat'><strong>67,</strong></span> <span class='ocrx_word' id='word_1_416' title='bbox 667 2607 774 2635; x_wconf 61' lang='lat' dir='ltr'><strong>ducimo</strong></span> <span class='ocrx_word' id='word_1_417' title='bbox 790 2606 849 2633; x_wconf 82' lang='lat' dir='ltr'><strong>Kal.</strong></span> <span class='ocrx_word' id='word_1_418' title='bbox 863 2614 926 2640; x_wconf 82' lang='lat' dir='ltr'><strong>pas-</strong></span> 
     </span>
    </p>
   </div>
   <div class='ocr_carea' id='block_1_56' title="bbox 136 2653 925 2690">
    <p class='ocr_par' dir='ltr' id='par_1_56' title="bbox 136 2653 925 2690">
     <span class='ocr_line' id='line_1_56' title="bbox 136 2653 925 2690; baseline -0.004 -7"><span class='ocrx_word' id='word_1_419' title='bbox 136 2665 196 2684; x_wconf 90' lang='lat' dir='ltr'><strong>sum</strong></span> <span class='ocrx_word' id='word_1_420' title='bbox 213 2657 353 2684; x_wconf 82' lang='lat' dir='ltr'><strong>existimat</strong></span> <span class='ocrx_word' id='word_1_421' title='bbox 369 2656 526 2688; x_wconf 78' lang='lat' dir='ltr'><strong>Christum,</strong></span> <span class='ocrx_word' id='word_1_422' title='bbox 552 2656 603 2683; x_wconf 90' lang='lat' dir='ltr'><strong>etsi</strong></span> <span class='ocrx_word' id='word_1_423' title='bbox 617 2663 678 2690; x_wconf 85' lang='lat' dir='ltr'><strong>cap.</strong></span> <span class='ocrx_word' id='word_1_424' title='bbox 700 2655 745 2687; x_wconf 72' lang='grc'><strong>47,</strong></span> <span class='ocrx_word' id='word_1_425' title='bbox 760 2654 786 2680; x_wconf 94' lang='lat' dir='ltr'><strong>id</strong></span> <span class='ocrx_word' id='word_1_426' title='bbox 802 2661 847 2681; x_wconf 77' lang='lat' dir='ltr'><strong>xm</strong></span> <span class='ocrx_word' id='word_1_427' title='bbox 865 2653 925 2681; x_wconf 81' lang='lat' dir='ltr'><strong>Kal.</strong></span> 
     </span>
    </p>
   </div>
   <div class='ocr_carea' id='block_1_57' title="bbox 137 2700 928 2738">
    <p class='ocr_par' dir='ltr' id='par_1_57' title="bbox 137 2700 928 2738">
     <span class='ocr_line' id='line_1_57' title="bbox 137 2700 928 2738; baseline -0.006 -7"><span class='ocrx_word' id='word_1_428' title='bbox 137 2704 239 2732; x_wconf 81' lang='lat' dir='ltr'><strong>factum</strong></span> <span class='ocrx_word' id='word_1_429' title='bbox 254 2709 401 2731; x_wconf 82' lang='lat' dir='ltr'><strong>asseveret.</strong></span> <span class='ocrx_word' id='word_1_430' title='bbox 416 2703 497 2730; x_wconf 84' lang='lat' dir='ltr'><strong>Plura</strong></span> <span class='ocrx_word' id='word_1_431' title='bbox 514 2702 585 2738; x_wconf 87' lang='lat' dir='ltr'><strong>apud</strong></span> <span class='ocrx_word' id='word_1_432' title='bbox 606 2701 750 2729; x_wconf 81' lang='lat' dir='ltr'><strong>Dckerium</strong></span> <span class='ocrx_word' id='word_1_433' title='bbox 768 2700 852 2727; x_wconf 90' lang='lat' dir='ltr'><strong>videri</strong></span> <span class='ocrx_word' id='word_1_434' title='bbox 865 2707 928 2735; x_wconf 88' lang='lat' dir='ltr'><strong>pos-</strong></span> 
     </span>
    </p>
   </div>
   <div class='ocr_carea' id='block_1_58' title="bbox 137 2747 928 2784">
    <p class='ocr_par' dir='ltr' id='par_1_58' title="bbox 137 2747 928 2784">
     <span class='ocr_line' id='line_1_58' title="bbox 137 2747 928 2784; baseline -0.005 -6"><span class='ocrx_word' id='word_1_435' title='bbox 137 2755 211 2778; x_wconf 83' lang='lat' dir='ltr'><strong>sunt.</strong></span> <span class='ocrx_word' id='word_1_436' title='bbox 229 2750 336 2784; x_wconf 75' lang='lat' dir='ltr'><strong>Quibus</strong></span> <span class='ocrx_word' id='word_1_437' title='bbox 356 2750 522 2777; x_wconf 80' lang='lat' dir='ltr'><strong>testimoniis</strong></span> <span class='ocrx_word' id='word_1_438' title='bbox 542 2749 670 2779; x_wconf 79' lang='lat' dir='ltr'><strong>elllcitur,</strong></span> <span class='ocrx_word' id='word_1_439' title='bbox 697 2747 806 2774; x_wconf 83' lang='lat' dir='ltr'><strong>Juliano</strong></span> <span class='ocrx_word' id='word_1_440' title='bbox 818 2747 928 2781; x_wconf 79' lang='lat' dir='ltr'><strong>76pas-</strong></span> 
     </span>
    </p>
   </div>
   <div class='ocr_carea' id='block_1_59' title="bbox 137 2793 930 2837">
    <p class='ocr_par' dir='ltr' id='par_1_59' title="bbox 137 2793 930 2837">
     <span class='ocr_line' id='line_1_59' title="bbox 137 2793 930 2837; baseline -0.006 -12"><span class='ocrx_word' id='word_1_441' title='bbox 137 2805 199 2825; x_wconf 85' lang='lat' dir='ltr'><strong>sum</strong></span> <span class='ocrx_word' id='word_1_442' title='bbox 207 2805 269 2824; x_wconf 86' lang='lat' dir='ltr'><strong>esse</strong></span> <span class='ocrx_word' id='word_1_443' title='bbox 283 2797 436 2829; x_wconf 88' lang='lat' dir='ltr'><strong>Dominum,</strong></span> <span class='ocrx_word' id='word_1_444' title='bbox 452 2796 541 2823; x_wconf 80' lang='lat' dir='ltr'><strong>Martii</strong></span> <span class='ocrx_word' id='word_1_445' title='bbox 558 2803 636 2823; x_wconf 81' lang='lat' dir='ltr'><strong>xxttt.</strong></span> <span class='ocrx_word' id='word_1_446' title='bbox 651 2794 740 2829; x_wconf 82' lang='lat' dir='ltr'><strong>Atque</strong></span> <span class='ocrx_word' id='word_1_447' title='bbox 751 2793 930 2837; x_wconf 65' lang='lat' dir='ltr'><strong>halciqsupcr</strong></span> 
     </span>
    </p>
   </div>
   <div class='ocr_carea' id='block_1_60' title="bbox 139 2838 929 2877">
    <p class='ocr_par' dir='ltr' id='par_1_60' title="bbox 139 2838 929 2877">
     <span class='ocr_line' id='line_1_60' title="bbox 139 2838 929 2877; baseline -0.008 -6"><span class='ocrx_word' id='word_1_448' title='bbox 139 2843 261 2871; x_wconf 71' lang='lat' dir='ltr'><strong>Africani</strong></span> <span class='ocrx_word' id='word_1_449' title='bbox 284 2843 461 2871; x_wconf 74' lang='lat' dir='ltr'><strong>vetustissimi</strong></span> <span class='ocrx_word' id='word_1_450' title='bbox 486 2842 604 2877; x_wconf 74' lang='lat' dir='ltr'><strong>theologi</strong></span> <span class='ocrx_word' id='word_1_451' title='bbox 622 2840 758 2869; x_wconf 78' lang='lat' dir='ltr'><strong>sententia</strong></span> <span class='ocrx_word' id='word_1_452' title='bbox 783 2839 850 2871; x_wconf 78' lang='lat' dir='ltr'><strong>fuit;</strong></span> <span class='ocrx_word' id='word_1_453' title='bbox 881 2838 929 2873; x_wconf 92' lang='lat' dir='ltr'><strong>qui</strong></span> 
     </span>
    </p>
   </div>
   <div class='ocr_carea' id='block_1_61' title="bbox 139 2884 930 2926">
    <p class='ocr_par' dir='ltr' id='par_1_61' title="bbox 139 2884 930 2926">
     <span class='ocr_line' id='line_1_61' title="bbox 139 2884 930 2926; baseline -0.006 -10"><span class='ocrx_word' id='word_1_454' title='bbox 139 2897 252 2926; x_wconf 79' lang='lat' dir='ltr'><strong>passum</strong></span> <span class='ocrx_word' id='word_1_455' title='bbox 268 2889 353 2916; x_wconf 69' lang='lat' dir='ltr'><strong>voluit</strong></span> <span class='ocrx_word' id='word_1_456' title='bbox 365 2889 505 2918; x_wconf 85' lang='lat' dir='ltr'><strong>Christum</strong></span> <span class='ocrx_word' id='word_1_457' title='bbox 522 2895 594 2915; x_wconf 86' lang='lat' dir='ltr'><strong>anno</strong></span> <span class='ocrx_word' id='word_1_458' title='bbox 614 2887 623 2914; x_wconf 95' lang='lat' dir='ltr'><strong>l</strong></span> <span class='ocrx_word' id='word_1_459' title='bbox 643 2887 745 2922; x_wconf 88' lang='lat' dir='ltr'><strong>olymp.</strong></span> <span class='ocrx_word' id='word_1_460' title='bbox 764 2884 827 2918; x_wconf 70' lang='lat'><strong>202,</strong></span> <span class='ocrx_word' id='word_1_461' title='bbox 844 2890 873 2912; x_wconf 90' lang='lat' dir='ltr'><strong>ut</strong></span> <span class='ocrx_word' id='word_1_462' title='bbox 888 2892 930 2911; x_wconf 73' lang='lat' dir='ltr'><strong>re~</strong></span> 
     </span>
    </p>
   </div>
   <div class='ocr_carea' id='block_1_62' title="bbox 140 2931 931 2971">
    <p class='ocr_par' dir='ltr' id='par_1_62' title="bbox 140 2931 931 2971">
     <span class='ocr_line' id='line_1_62' title="bbox 140 2931 931 2971; baseline -0.01 -6"><span class='ocrx_word' id='word_1_463' title='bbox 140 2939 193 2966; x_wconf 60' lang='grc' dir='ltr'>ιιι-ι</span> <span class='ocrx_word' id='word_1_464' title='bbox 201 2935 335 2965; x_wconf 79' lang='lat' dir='ltr'><strong>Eusebius</strong></span> <span class='ocrx_word' id='word_1_465' title='bbox 348 2935 387 2971; x_wconf 90' lang='lat' dir='ltr'><strong>(in</strong></span> <span class='ocrx_word' id='word_1_466' title='bbox 402 2934 500 2964; x_wconf 83' lang='lat' dir='ltr'><strong>Chron.</strong></span> <span class='ocrx_word' id='word_1_467' title='bbox 513 2933 605 2963; x_wconf 70' lang='lat' dir='ltr'><strong>(irch</strong></span> <span class='ocrx_word' id='word_1_468' title='bbox 613 2941 640 2968; x_wconf 88' lang='lat' dir='ltr'><strong>p.</strong></span> <span class='ocrx_word' id='word_1_469' title='bbox 654 2933 710 2966; x_wconf 79' lang='lat'><strong>65).</strong></span> <span class='ocrx_word' id='word_1_470' title='bbox 727 2931 778 2960; x_wconf 82' lang='lat' dir='ltr'><strong>Cui</strong></span> <span class='ocrx_word' id='word_1_471' title='bbox 794 2936 820 2959; x_wconf 88' lang='lat' dir='ltr'><strong>ct</strong></span> <span class='ocrx_word' id='word_1_472' title='bbox 835 2931 931 2958; x_wconf 79' lang='lat' dir='ltr'><strong>Patres</strong></span> 
     </span>
    </p>
   </div>
   <div class='ocr_carea' id='block_1_63' title="bbox 955 319 1743 354">
    <p class='ocr_par' dir='ltr' id='par_1_63' title="bbox 955 319 1743 354">
     <span class='ocr_line' id='line_1_63' title="bbox 955 319 1743 354; baseline 0.004 -8"><span class='ocrx_word' id='word_1_473' title='bbox 955 324 1078 348; x_wconf 80' lang='lat' dir='ltr'><strong>narrant.</strong></span> <span class='ocrx_word' id='word_1_474' title='bbox 1094 319 1161 347; x_wconf 87' lang='lat' dir='ltr'><strong>Nam</strong></span> <span class='ocrx_word' id='word_1_475' title='bbox 1177 320 1279 348; x_wconf 87' lang='lat' dir='ltr'><strong>Tiberii</strong></span> <span class='ocrx_word' id='word_1_476' title='bbox 1305 328 1391 348; x_wconf 87' lang='lat' dir='ltr'><strong>annos</strong></span> <span class='ocrx_word' id='word_1_477' title='bbox 1417 320 1542 354; x_wconf 81' lang='lat' dir='ltr'><strong>Judaicn,</strong></span> <span class='ocrx_word' id='word_1_478' title='bbox 1559 322 1599 349; x_wconf 89' lang='lat' dir='ltr'><strong>vel</strong></span> <span class='ocrx_word' id='word_1_479' title='bbox 1613 322 1743 349; x_wconf 85' lang='lat' dir='ltr'><strong>ecclesia-</strong></span> 
     </span>
    </p>
   </div>
   <div class='ocr_carea' id='block_1_64' title="bbox 955 365 1742 402">
    <p class='ocr_par' dir='ltr' id='par_1_64' title="bbox 955 365 1742 402">
     <span class='ocr_line' id='line_1_64' title="bbox 955 365 1742 402; baseline 0.003 -10"><span class='ocrx_word' id='word_1_480' title='bbox 955 366 1025 393; x_wconf 91' lang='lat' dir='ltr'><strong>stico</strong></span> <span class='ocrx_word' id='word_1_481' title='bbox 1045 374 1120 394; x_wconf 91' lang='lat' dir='ltr'><strong>more</strong></span> <span class='ocrx_word' id='word_1_482' title='bbox 1137 366 1171 393; x_wconf 92' lang='lat' dir='ltr'><strong>ab</strong></span> <span class='ocrx_word' id='word_1_483' title='bbox 1186 366 1361 394; x_wconf 82' lang='lat' dir='ltr'><strong>antecedente</strong></span> <span class='ocrx_word' id='word_1_484' title='bbox 1384 365 1466 393; x_wconf 84' lang='lat' dir='ltr'><strong>Nisan</strong></span> <span class='ocrx_word' id='word_1_485' title='bbox 1491 371 1647 394; x_wconf 89' lang='lat' dir='ltr'><strong>numerant.</strong></span> <span class='ocrx_word' id='word_1_486' title='bbox 1662 367 1742 402; x_wconf 85' lang='lat' dir='ltr'><strong>Atqui</strong></span> 
     </span>
    </p>
   </div>
   <div class='ocr_carea' id='block_1_65' title="bbox 955 411 1742 448">
    <p class='ocr_par' dir='ltr' id='par_1_65' title="bbox 955 411 1742 448">
     <span class='ocr_line' id='line_1_65' title="bbox 955 411 1742 448; baseline 0.001 -10"><span class='ocrx_word' id='word_1_487' title='bbox 955 419 1027 440; x_wconf 86' lang='lat' dir='ltr'><strong>anno</strong></span> <span class='ocrx_word' id='word_1_488' title='bbox 1040 411 1150 440; x_wconf 69' lang='lat' dir='ltr'><strong>Iuliano</strong></span> <span class='ocrx_word' id='word_1_489' title='bbox 1165 412 1210 445; x_wconf 85' lang='lat'><strong>76,</strong></span> <span class='ocrx_word' id='word_1_490' title='bbox 1229 412 1369 440; x_wconf 75' lang='lat' dir='ltr'><strong>desinente</strong></span> <span class='ocrx_word' id='word_1_491' title='bbox 1378 412 1484 439; x_wconf 85' lang='lat' dir='ltr'><strong>decimo</strong></span> <span class='ocrx_word' id='word_1_492' title='bbox 1498 412 1613 448; x_wconf 81' lang='lat' dir='ltr'><strong>septimo</strong></span> <span class='ocrx_word' id='word_1_493' title='bbox 1629 411 1742 444; x_wconf 75' lang='lat' dir='ltr'><strong>Tiberii,</strong></span> 
     </span>
    </p>
   </div>
   <div class='ocr_carea' id='block_1_66' title="bbox 955 459 1742 495">
    <p class='ocr_par' dir='ltr' id='par_1_66' title="bbox 955 459 1742 495">
     <span class='ocr_line' id='line_1_66' title="bbox 955 459 1742 495; baseline -0.001 -8"><span class='ocrx_word' id='word_1_494' title='bbox 955 469 1022 488; x_wconf 81' lang='lat' dir='ltr'><strong>xxiii</strong></span> <span class='ocrx_word' id='word_1_495' title='bbox 1035 460 1105 488; x_wconf 92' lang='lat' dir='ltr'><strong>iniit.</strong></span> <span class='ocrx_word' id='word_1_496' title='bbox 1119 460 1190 494; x_wconf 86' lang='lat' dir='ltr'><strong>Quin</strong></span> <span class='ocrx_word' id='word_1_497' title='bbox 1202 461 1283 488; x_wconf 89' lang='lat' dir='ltr'><strong>etiam</strong></span> <span class='ocrx_word' id='word_1_498' title='bbox 1298 461 1464 495; x_wconf 87' lang='lat' dir='ltr'><strong>Apollinaris</strong></span> <span class='ocrx_word' id='word_1_499' title='bbox 1490 459 1660 487; x_wconf 84' lang='lat' dir='ltr'><strong>Laodiceuus</strong></span> <span class='ocrx_word' id='word_1_500' title='bbox 1672 461 1742 495; x_wconf 90' lang='lat' dir='ltr'><strong>apud</strong></span> 
     </span>
    </p>
   </div>
   <div class='ocr_carea' id='block_1_67' title="bbox 956 505 1746 542">
    <p class='ocr_par' dir='ltr' id='par_1_67' title="bbox 956 505 1746 542">
     <span class='ocr_line' id='line_1_67' title="bbox 956 505 1746 542; baseline -0.001 -9"><span class='ocrx_word' id='word_1_501' title='bbox 956 505 1325 542; x_wconf 85' lang='lat' dir='ltr'><strong>Hieronymum.Comment.</strong></span> <span class='ocrx_word' id='word_1_502' title='bbox 1340 506 1374 533; x_wconf 89' lang='lat' dir='ltr'><strong>ad</strong></span> <span class='ocrx_word' id='word_1_503' title='bbox 1390 513 1450 541; x_wconf 87' lang='lat' dir='ltr'><strong>cap.</strong></span> <span class='ocrx_word' id='word_1_504' title='bbox 1470 514 1495 533; x_wconf 84' lang='grc' dir='ltr'><strong>ιιι</strong></span> <span class='ocrx_word' id='word_1_505' title='bbox 1511 505 1589 536; x_wconf 80' lang='lat' dir='ltr'><strong>Dan.,</strong></span> <span class='ocrx_word' id='word_1_506' title='bbox 1604 513 1666 532; x_wconf 92' lang='lat' dir='ltr'><strong>cum</strong></span> <span class='ocrx_word' id='word_1_507' title='bbox 1684 510 1746 540; x_wconf 89' lang='lat' dir='ltr'><strong>post</strong></span> 
     </span>
    </p>
   </div>
   <div class='ocr_carea' id='block_1_68' title="bbox 955 551 1744 580">
    <p class='ocr_par' dir='ltr' id='par_1_68' title="bbox 955 551 1744 580">
     <span class='ocr_line' id='line_1_68' title="bbox 955 551 1744 580; baseline -0.003 -1"><span class='ocrx_word' id='word_1_508' title='bbox 955 560 1057 580; x_wconf 91' lang='lat' dir='ltr'><strong>annum</strong></span> <span class='ocrx_word' id='word_1_509' title='bbox 1071 552 1210 580; x_wconf 75' lang='lat' dir='ltr'><strong>Passionis</strong></span> <span class='ocrx_word' id='word_1_510' title='bbox 1223 552 1370 579; x_wconf 78' lang='lat' dir='ltr'><strong>Dominicze</strong></span> <span class='ocrx_word' id='word_1_511' title='bbox 1394 559 1440 579; x_wconf 85' lang='lat' dir='ltr'><strong>sex</strong></span> <span class='ocrx_word' id='word_1_512' title='bbox 1456 551 1556 579; x_wconf 88' lang='lat' dir='ltr'><strong>Tiberii</strong></span> <span class='ocrx_word' id='word_1_513' title='bbox 1572 559 1659 579; x_wconf 88' lang='lat' dir='ltr'><strong>annos</strong></span> <span class='ocrx_word' id='word_1_514' title='bbox 1675 558 1744 577; x_wconf 89' lang='lat' dir='ltr'><strong>enu-</strong></span> 
     </span>
    </p>
   </div>
   <div class='ocr_carea' id='block_1_69' title="bbox 956 597 1742 632">
    <p class='ocr_par' dir='ltr' id='par_1_69' title="bbox 956 597 1742 632">
     <span class='ocr_line' id='line_1_69' title="bbox 956 597 1742 632; baseline -0.004 -6"><span class='ocrx_word' id='word_1_515' title='bbox 956 603 1055 630; x_wconf 82' lang='lat' dir='ltr'><strong>merat,</strong></span> <span class='ocrx_word' id='word_1_516' title='bbox 1072 597 1188 626; x_wconf 82' lang='lat' dir='ltr'><strong>ouinino</strong></span> <span class='ocrx_word' id='word_1_517' title='bbox 1217 606 1328 632; x_wconf 88' lang='lat' dir='ltr'><strong>passum</strong></span> <span class='ocrx_word' id='word_1_518' title='bbox 1357 598 1509 625; x_wconf 87' lang='lat' dir='ltr'><strong>arbitratur</strong></span> <span class='ocrx_word' id='word_1_519' title='bbox 1535 602 1652 625; x_wconf 79' lang='lat' dir='ltr'><strong>exeunte</strong></span> <span class='ocrx_word' id='word_1_520' title='bbox 1676 604 1742 623; x_wconf 88' lang='lat' dir='ltr'><strong>xvu.</strong></span> 
     </span>
    </p>
   </div>
   <div class='ocr_carea' id='block_1_70' title="bbox 957 644 1744 679">
    <p class='ocr_par' dir='ltr' id='par_1_70' title="bbox 957 644 1744 679">
     <span class='ocr_line' id='line_1_70' title="bbox 957 644 1744 679; baseline -0.004 -7"><span class='ocrx_word' id='word_1_521' title='bbox 957 645 1098 673; x_wconf 83' lang='lat' dir='ltr'><strong>Accedunt</strong></span> <span class='ocrx_word' id='word_1_522' title='bbox 1113 649 1140 673; x_wconf 82' lang='lat' dir='ltr'><strong>et</strong></span> <span class='ocrx_word' id='word_1_523' title='bbox 1155 650 1291 672; x_wconf 82' lang='lat' dir='ltr'><strong>certorum</strong></span> <span class='ocrx_word' id='word_1_524' title='bbox 1315 644 1455 672; x_wconf 87' lang='lat' dir='ltr'><strong>intervalla</strong></span> <span class='ocrx_word' id='word_1_525' title='bbox 1475 650 1639 679; x_wconf 87' lang='lat' dir='ltr'><strong>temporum,</strong></span> <span class='ocrx_word' id='word_1_526' title='bbox 1655 650 1716 678; x_wconf 69' lang='lat' dir='ltr'><strong>qua:</strong></span> <span class='ocrx_word' id='word_1_527' title='bbox 1728 650 1744 669; x_wconf 89' lang='lat' dir='ltr'><strong>a</strong></span> 
     </span>
    </p>
   </div>
   <div class='ocr_carea' id='block_1_71' title="bbox 958 688 1745 724">
    <p class='ocr_par' dir='ltr' id='par_1_71' title="bbox 958 688 1745 724">
     <span class='ocr_line' id='line_1_71' title="bbox 958 688 1745 724; baseline -0.005 -6"><span class='ocrx_word' id='word_1_528' title='bbox 958 691 1088 718; x_wconf 84' lang='lat' dir='ltr'><strong>Passione</strong></span> <span class='ocrx_word' id='word_1_529' title='bbox 1103 695 1306 724; x_wconf 74' lang='lat' dir='ltr'><strong>computantur.</strong></span> <span class='ocrx_word' id='word_1_530' title='bbox 1321 689 1357 717; x_wconf 90' lang='lat' dir='ltr'><strong>Ut</strong></span> <span class='ocrx_word' id='word_1_531' title='bbox 1377 697 1438 717; x_wconf 89' lang='lat' dir='ltr'><strong>cum</strong></span> <span class='ocrx_word' id='word_1_532' title='bbox 1454 689 1572 716; x_wconf 68' lang='lat' dir='ltr'><strong>Iacobus</strong></span> <span class='ocrx_word' id='word_1_533' title='bbox 1588 688 1677 716; x_wconf 91' lang='lat' dir='ltr'><strong>minor</strong></span> <span class='ocrx_word' id='word_1_534' title='bbox 1691 695 1745 714; x_wconf 80' lang='lat' dir='ltr'><strong>xxx</strong></span> 
     </span>
    </p>
   </div>
   <div class='ocr_carea' id='block_1_72' title="bbox 957 733 1747 770">
    <p class='ocr_par' dir='ltr' id='par_1_72' title="bbox 957 733 1747 770">
     <span class='ocr_line' id='line_1_72' title="bbox 957 733 1747 770; baseline -0.004 -8"><span class='ocrx_word' id='word_1_535' title='bbox 957 743 1044 763; x_wconf 88' lang='lat' dir='ltr'><strong>annos</strong></span> <span class='ocrx_word' id='word_1_536' title='bbox 1069 734 1266 770; x_wconf 81' lang='lat' dir='ltr'><strong>Hierosolymis</strong></span> <span class='ocrx_word' id='word_1_537' title='bbox 1280 734 1431 770; x_wconf 65' lang='lat' dir='ltr'><strong>praefuisse,</strong></span> <span class='ocrx_word' id='word_1_538' title='bbox 1447 739 1474 761; x_wconf 88' lang='lat' dir='ltr'><strong>et</strong></span> <span class='ocrx_word' id='word_1_539' title='bbox 1488 733 1603 761; x_wconf 87' lang='lat' dir='ltr'><strong>Neronis</strong></span> <span class='ocrx_word' id='word_1_540' title='bbox 1614 741 1687 761; x_wconf 88' lang='lat' dir='ltr'><strong>anno</strong></span> <span class='ocrx_word' id='word_1_541' title='bbox 1703 740 1747 760; x_wconf 79' lang='lat' dir='ltr'><strong>se~</strong></span> 
     </span>
    </p>
   </div>
   <div class='ocr_carea' id='block_1_73' title="bbox 957 779 1747 816">
    <p class='ocr_par' dir='ltr' id='par_1_73' title="bbox 957 779 1747 816">
     <span class='ocr_line' id='line_1_73' title="bbox 957 779 1747 816; baseline -0.003 -9"><span class='ocrx_word' id='word_1_542' title='bbox 957 782 1042 816; x_wconf 91' lang='lat' dir='ltr'><strong>ptimo</strong></span> <span class='ocrx_word' id='word_1_543' title='bbox 1059 781 1111 808; x_wconf 88' lang='lat' dir='ltr'><strong>sub</strong></span> <span class='ocrx_word' id='word_1_544' title='bbox 1129 781 1284 816; x_wconf 78' lang='lat' dir='ltr'><strong>paschalem</strong></span> <span class='ocrx_word' id='word_1_545' title='bbox 1305 781 1489 808; x_wconf 84' lang='lat' dir='ltr'><strong>celebritatem</strong></span> <span class='ocrx_word' id='word_1_546' title='bbox 1512 779 1671 806; x_wconf 80' lang='lat' dir='ltr'><strong>interfectus</strong></span> <span class='ocrx_word' id='word_1_547' title='bbox 1684 785 1747 806; x_wconf 87' lang='lat' dir='ltr'><strong>esse</strong></span> 
     </span>
    </p>
   </div>
   <div class='ocr_carea' id='block_1_74' title="bbox 957 823 1747 863">
    <p class='ocr_par' dir='ltr' id='par_1_74' title="bbox 957 823 1747 863">
     <span class='ocr_line' id='line_1_74' title="bbox 957 823 1747 863; baseline -0.003 -10"><span class='ocrx_word' id='word_1_548' title='bbox 957 827 1057 853; x_wconf 89' lang='lat' dir='ltr'><strong>dicitur</strong></span> <span class='ocrx_word' id='word_1_549' title='bbox 1067 827 1101 853; x_wconf 91' lang='lat' dir='ltr'><strong>ab</strong></span> <span class='ocrx_word' id='word_1_550' title='bbox 1114 825 1279 862; x_wconf 82' lang='lat' dir='ltr'><strong>Hieronymo</strong></span> <span class='ocrx_word' id='word_1_551' title='bbox 1293 826 1340 853; x_wconf 87' lang='lat' dir='ltr'><strong>lib.</strong></span> <span class='ocrx_word' id='word_1_552' title='bbox 1357 826 1393 853; x_wconf 83' lang='lat' dir='ltr'><strong>De</strong></span> <span class='ocrx_word' id='word_1_553' title='bbox 1407 826 1497 860; x_wconf 77' lang='lat' dir='ltr'><strong>script.</strong></span> <span class='ocrx_word' id='word_1_554' title='bbox 1510 825 1687 863; x_wconf 54' lang='lat' dir='ltr'><strong>erclcs.,qttotl</strong></span> <span class='ocrx_word' id='word_1_555' title='bbox 1699 823 1747 851; x_wconf 84' lang='lat' dir='ltr'><strong>Ju-</strong></span> 
     </span>
    </p>
   </div>
   <div class='ocr_carea' id='block_1_75' title="bbox 958 871 1749 908">
    <p class='ocr_par' dir='ltr' id='par_1_75' title="bbox 958 871 1749 908">
     <span class='ocr_line' id='line_1_75' title="bbox 958 871 1749 908; baseline -0.003 -9"><span class='ocrx_word' id='word_1_556' title='bbox 958 872 1032 900; x_wconf 88' lang='lat' dir='ltr'><strong>liano</strong></span> <span class='ocrx_word' id='word_1_557' title='bbox 1045 872 1095 900; x_wconf 83' lang='grc'><strong>106</strong></span> <span class='ocrx_word' id='word_1_558' title='bbox 1111 872 1245 907; x_wconf 85' lang='lat' dir='ltr'><strong>congruit.</strong></span> <span class='ocrx_word' id='word_1_559' title='bbox 1261 873 1347 908; x_wconf 78' lang='lat' dir='ltr'><strong>Igitur</strong></span> <span class='ocrx_word' id='word_1_560' title='bbox 1367 879 1438 899; x_wconf 88' lang='lat' dir='ltr'><strong>anno</strong></span> <span class='ocrx_word' id='word_1_561' title='bbox 1461 871 1494 898; x_wconf 83' lang='lat'><strong>76</strong></span> <span class='ocrx_word' id='word_1_562' title='bbox 1512 871 1619 899; x_wconf 83' lang='lat' dir='ltr'><strong>Juliauo</strong></span> <span class='ocrx_word' id='word_1_563' title='bbox 1632 878 1749 906; x_wconf 64' lang='lat' dir='ltr'><strong>praeesse</strong></span> 
     </span>
    </p>
   </div>
   <div class='ocr_carea' id='block_1_76' title="bbox 958 915 1749 954">
    <p class='ocr_par' dir='ltr' id='par_1_76' title="bbox 958 915 1749 954">
     <span class='ocr_line' id='line_1_76' title="bbox 958 915 1749 954; baseline -0.004 -9"><span class='ocrx_word' id='word_1_564' title='bbox 958 918 1050 954; x_wconf 64' lang='lat' dir='ltr'><strong>coepit.</strong></span> <span class='ocrx_word' id='word_1_565' title='bbox 1063 918 1129 946; x_wconf 82' lang='lat' dir='ltr'><strong>item</strong></span> <span class='ocrx_word' id='word_1_566' title='bbox 1146 918 1248 946; x_wconf 85' lang='lat' dir='ltr'><strong>Paulus</strong></span> <span class='ocrx_word' id='word_1_567' title='bbox 1268 917 1409 953; x_wconf 87' lang='lat' dir='ltr'><strong>apostolus</strong></span> <span class='ocrx_word' id='word_1_568' title='bbox 1428 917 1499 951; x_wconf 87' lang='lat' dir='ltr'><strong>apud</strong></span> <span class='ocrx_word' id='word_1_569' title='bbox 1512 917 1637 944; x_wconf 85' lang='lat' dir='ltr'><strong>eumdem</strong></span> <span class='ocrx_word' id='word_1_570' title='bbox 1652 915 1749 942; x_wconf 18' lang='lat' dir='ltr'><strong>llieroa-</strong></span> 
     </span>
    </p>
   </div>
   <div class='ocr_carea' id='block_1_77' title="bbox 923 961 1751 999">
    <p class='ocr_par' dir='ltr' id='par_1_77' title="bbox 923 961 1751 999">
     <span class='ocr_line' id='line_1_77' title="bbox 923 961 1751 999; baseline -0.002 -9"><span class='ocrx_word' id='word_1_571' title='bbox 923 961 943 988; x_wconf 86' lang='grc' dir='ltr'>Β</span> <span class='ocrx_word' id='word_1_572' title='bbox 960 971 1070 999; x_wconf 84' lang='lat' dir='ltr'><strong>nymum</strong></span> <span class='ocrx_word' id='word_1_573' title='bbox 1096 970 1169 990; x_wconf 87' lang='lat' dir='ltr'><strong>anno</strong></span> <span class='ocrx_word' id='word_1_574' title='bbox 1196 971 1248 990; x_wconf 74' lang='lat' dir='ltr'><strong>xxv</strong></span> <span class='ocrx_word' id='word_1_575' title='bbox 1271 968 1332 998; x_wconf 90' lang='lat' dir='ltr'><strong>post</strong></span> <span class='ocrx_word' id='word_1_576' title='bbox 1354 962 1512 990; x_wconf 78' lang='lat' dir='ltr'><strong>Passionem</strong></span> <span class='ocrx_word' id='word_1_577' title='bbox 1530 962 1649 994; x_wconf 80' lang='lat' dir='ltr'><strong>Domini,</strong></span> <span class='ocrx_word' id='word_1_578' title='bbox 1666 961 1751 989; x_wconf 87' lang='lat' dir='ltr'><strong>Nero-</strong></span> 
     </span>
    </p>
   </div>
   <div class='ocr_carea' id='block_1_78' title="bbox 961 1007 1751 1037">
    <p class='ocr_par' dir='ltr' id='par_1_78' title="bbox 961 1007 1751 1037">
     <span class='ocr_line' id='line_1_78' title="bbox 961 1007 1751 1037; baseline -0.003 -1"><span class='ocrx_word' id='word_1_579' title='bbox 961 1009 1003 1036; x_wconf 88' lang='lat' dir='ltr'><strong>nis</strong></span> <span class='ocrx_word' id='word_1_580' title='bbox 1015 1008 1158 1037; x_wconf 74' lang='lat' dir='ltr'><strong>tt.\&#39;inclus</strong></span> <span class='ocrx_word' id='word_1_581' title='bbox 1175 1008 1290 1036; x_wconf 80' lang='lat' dir='ltr'><strong>Romam</strong></span> <span class='ocrx_word' id='word_1_582' title='bbox 1306 1009 1425 1036; x_wconf 87' lang='lat' dir='ltr'><strong>mittitur</strong></span> <span class='ocrx_word' id='word_1_583' title='bbox 1440 1019 1446 1036; x_wconf 88' lang='lat'><strong>:</strong></span> <span class='ocrx_word' id='word_1_584' title='bbox 1460 1009 1505 1036; x_wconf 90' lang='lat' dir='ltr'><strong>ubi</strong></span> <span class='ocrx_word' id='word_1_585' title='bbox 1522 1013 1549 1036; x_wconf 87' lang='lat' dir='ltr'><strong>et</strong></span> <span class='ocrx_word' id='word_1_586' title='bbox 1573 1007 1688 1035; x_wconf 73' lang='lat' dir='ltr'><strong>Neronis</strong></span> <span class='ocrx_word' id='word_1_587' title='bbox 1702 1016 1751 1034; x_wconf 90' lang='lat' dir='ltr'><strong>au-</strong></span> 
     </span>
    </p>
   </div>
   <div class='ocr_carea' id='block_1_79' title="bbox 963 1049 1749 1089">
    <p class='ocr_par' dir='ltr' id='par_1_79' title="bbox 963 1049 1749 1089">
     <span class='ocr_line' id='line_1_79' title="bbox 963 1049 1749 1089; baseline -0.003 -7"><span class='ocrx_word' id='word_1_588' title='bbox 963 1063 998 1083; x_wconf 89' lang='lat' dir='ltr'><strong>no</strong></span> <span class='ocrx_word' id='word_1_589' title='bbox 1011 1062 1066 1087; x_wconf 83' lang='lat' dir='ltr'><strong>xw,</strong></span> <span class='ocrx_word' id='word_1_590' title='bbox 1083 1060 1143 1088; x_wconf 86' lang='lat' dir='ltr'><strong>post</strong></span> <span class='ocrx_word' id='word_1_591' title='bbox 1151 1054 1310 1082; x_wconf 85' lang='lat' dir='ltr'><strong>Passioncm</strong></span> <span class='ocrx_word' id='word_1_592' title='bbox 1322 1062 1427 1087; x_wconf 77' lang='lat' dir='ltr'><strong>xxxv&quot;,</strong></span> <span class='ocrx_word' id='word_1_593' title='bbox 1442 1055 1531 1089; x_wconf 82' lang='lat' dir='ltr'><strong>capite</strong></span> <span class='ocrx_word' id='word_1_594' title='bbox 1544 1049 1686 1080; x_wconf 84' lang='lat' dir='ltr'><strong>truncatus</strong></span> <span class='ocrx_word' id='word_1_595' title='bbox 1698 1058 1749 1084; x_wconf 80' lang='lat' dir='ltr'><strong>est.</strong></span> 
     </span>
    </p>
   </div>
   <div class='ocr_carea' id='block_1_80' title="bbox 962 1097 1749 1133">
    <p class='ocr_par' dir='ltr' id='par_1_80' title="bbox 962 1097 1749 1133">
     <span class='ocr_line' id='line_1_80' title="bbox 962 1097 1749 1133; baseline -0.004 -8"><span class='ocrx_word' id='word_1_596' title='bbox 962 1098 1095 1133; x_wconf 78' lang='lat' dir='ltr'><strong>Capitone</strong></span> <span class='ocrx_word' id='word_1_597' title='bbox 1106 1103 1133 1126; x_wconf 91' lang='lat' dir='ltr'><strong>et</strong></span> <span class='ocrx_word' id='word_1_598' title='bbox 1146 1098 1216 1126; x_wconf 78' lang='lat' dir='ltr'><strong>Rufo</strong></span> <span class='ocrx_word' id='word_1_599' title='bbox 1227 1106 1312 1130; x_wconf 87' lang='lat' dir='ltr'><strong>coss.,</strong></span> <span class='ocrx_word' id='word_1_600' title='bbox 1322 1097 1431 1125; x_wconf 85' lang='lat' dir='ltr'><strong>Juliauo</strong></span> <span class='ocrx_word' id='word_1_601' title='bbox 1443 1098 1450 1124; x_wconf 94' lang='lat' dir='ltr'><strong>l</strong></span> <span class='ocrx_word' id='word_1_602' title='bbox 1460 1097 1501 1124; x_wconf 81' lang='lat' dir='ltr'><strong>l‘2.</strong></span> <span class='ocrx_word' id='word_1_603' title='bbox 1514 1097 1629 1124; x_wconf 76' lang='lat' dir='ltr'><strong>Neronis</strong></span> <span class='ocrx_word' id='word_1_604' title='bbox 1644 1097 1749 1123; x_wconf 84' lang='lat' dir='ltr'><strong>initium</strong></span> 
     </span>
    </p>
   </div>
   <div class='ocr_carea' id='block_1_81' title="bbox 962 1142 1751 1179">
    <p class='ocr_par' dir='ltr' id='par_1_81' title="bbox 962 1142 1751 1179">
     <span class='ocr_line' id='line_1_81' title="bbox 962 1142 1751 1179; baseline -0.005 -8"><span class='ocrx_word' id='word_1_605' title='bbox 962 1145 1075 1179; x_wconf 80' lang='lat' dir='ltr'><strong>conligit</strong></span> <span class='ocrx_word' id='word_1_606' title='bbox 1093 1149 1153 1179; x_wconf 87' lang='lat' dir='ltr'><strong>post</strong></span> <span class='ocrx_word' id='word_1_607' title='bbox 1170 1150 1286 1172; x_wconf 85' lang='lat' dir='ltr'><strong>mortem</strong></span> <span class='ocrx_word' id='word_1_608' title='bbox 1311 1142 1416 1171; x_wconf 78' lang='lat' dir='ltr'><strong>Claudii</strong></span> <span class='ocrx_word' id='word_1_609' title='bbox 1433 1164 1440 1177; x_wconf 90' lang='lat'><strong>,</strong></span> <span class='ocrx_word' id='word_1_610' title='bbox 1455 1143 1565 1171; x_wconf 80' lang='lat' dir='ltr'><strong>Juliano</strong></span> <span class='ocrx_word' id='word_1_611' title='bbox 1580 1143 1625 1172; x_wconf 80' lang='lat'><strong>99.</strong></span> <span class='ocrx_word' id='word_1_612' title='bbox 1645 1148 1704 1177; x_wconf 86' lang='lat' dir='ltr'><strong>post</strong></span> <span class='ocrx_word' id='word_1_613' title='bbox 1722 1150 1751 1168; x_wconf 88' lang='grc' dir='ltr'><strong>ιιι</strong></span> 
     </span>
    </p>
   </div>
   <div class='ocr_carea' id='block_1_82' title="bbox 963 1187 1752 1224">
    <p class='ocr_par' dir='ltr' id='par_1_82' title="bbox 963 1187 1752 1224">
     <span class='ocr_line' id='line_1_82' title="bbox 963 1187 1752 1224; baseline -0.001 -9"><span class='ocrx_word' id='word_1_614' title='bbox 963 1188 1002 1216; x_wconf 88' lang='lat' dir='ltr'><strong>Id.</strong></span> <span class='ocrx_word' id='word_1_615' title='bbox 1029 1188 1125 1217; x_wconf 85' lang='lat' dir='ltr'><strong>Octob.</strong></span> <span class='ocrx_word' id='word_1_616' title='bbox 1142 1188 1212 1224; x_wconf 77' lang='lat' dir='ltr'><strong>Ergo</strong></span> <span class='ocrx_word' id='word_1_617' title='bbox 1240 1197 1329 1216; x_wconf 85' lang='lat' dir='ltr'><strong>annus</strong></span> <span class='ocrx_word' id='word_1_618' title='bbox 1343 1197 1387 1216; x_wconf 85' lang='lat' dir='ltr'><strong>xlv</strong></span> <span class='ocrx_word' id='word_1_619' title='bbox 1402 1189 1486 1224; x_wconf 78' lang='lat' dir='ltr'><strong>cmpit</strong></span> <span class='ocrx_word' id='word_1_620' title='bbox 1511 1189 1546 1216; x_wconf 82' lang='lat' dir='ltr'><strong>ab</strong></span> <span class='ocrx_word' id='word_1_621' title='bbox 1561 1187 1671 1215; x_wconf 88' lang='lat' dir='ltr'><strong>Octobri</strong></span> <span class='ocrx_word' id='word_1_622' title='bbox 1686 1187 1752 1214; x_wconf 82' lang='lat' dir='ltr'><strong>anili</strong></span> 
     </span>
    </p>
   </div>
   <div class='ocr_carea' id='block_1_83' title="bbox 961 1234 1752 1270">
    <p class='ocr_par' dir='ltr' id='par_1_83' title="bbox 961 1234 1752 1270">
     <span class='ocr_line' id='line_1_83' title="bbox 961 1234 1752 1270; baseline -0.004 -8"><span class='ocrx_word' id='word_1_623' title='bbox 961 1234 1060 1263; x_wconf 76' lang='lat' dir='ltr'><strong>Juliani</strong></span> <span class='ocrx_word' id='word_1_624' title='bbox 1081 1235 1142 1262; x_wconf 72' lang='lat'><strong>“2.</strong></span> <span class='ocrx_word' id='word_1_625' title='bbox 1159 1235 1212 1262; x_wconf 84' lang='lat' dir='ltr'><strong>Sed</strong></span> <span class='ocrx_word' id='word_1_626' title='bbox 1229 1234 1412 1270; x_wconf 88' lang='lat' dir='ltr'><strong>Hieronymus</strong></span> <span class='ocrx_word' id='word_1_627' title='bbox 1434 1234 1578 1262; x_wconf 76' lang='lat' dir='ltr'><strong>manifeste</strong></span> <span class='ocrx_word' id='word_1_628' title='bbox 1591 1241 1679 1261; x_wconf 80' lang='lat' dir='ltr'><strong>annos</strong></span> <span class='ocrx_word' id='word_1_629' title='bbox 1703 1241 1752 1260; x_wconf 86' lang='lat' dir='ltr'><strong>ex-</strong></span> 
     </span>
    </p>
   </div>
   <div class='ocr_carea' id='block_1_84' title="bbox 962 1278 1753 1314">
    <p class='ocr_par' dir='ltr' id='par_1_84' title="bbox 962 1278 1753 1314">
     <span class='ocr_line' id='line_1_84' title="bbox 962 1278 1753 1314; baseline -0.005 -6"><span class='ocrx_word' id='word_1_630' title='bbox 962 1281 1069 1308; x_wconf 79' lang='lat' dir='ltr'><strong>orditur</strong></span> <span class='ocrx_word' id='word_1_631' title='bbox 1093 1281 1128 1308; x_wconf 86' lang='lat' dir='ltr'><strong>ab</strong></span> <span class='ocrx_word' id='word_1_632' title='bbox 1143 1282 1313 1308; x_wconf 83' lang='lat' dir='ltr'><strong>antecedenti</strong></span> <span class='ocrx_word' id='word_1_633' title='bbox 1341 1279 1483 1307; x_wconf 75' lang='lat' dir='ltr'><strong>l’asehate.</strong></span> <span class='ocrx_word' id='word_1_634' title='bbox 1500 1279 1630 1314; x_wconf 81' lang='lat' dir='ltr'><strong>Adeoque</strong></span> <span class='ocrx_word' id='word_1_635' title='bbox 1647 1287 1678 1306; x_wconf 78' lang='lat' dir='ltr'><strong>ex</strong></span> <span class='ocrx_word' id='word_1_636' title='bbox 1692 1278 1753 1313; x_wconf 86' lang='lat' dir='ltr'><strong>ejus</strong></span> 
     </span>
    </p>
   </div>
   <div class='ocr_carea' id='block_1_85' title="bbox 963 1323 1753 1353">
    <p class='ocr_par' dir='ltr' id='par_1_85' title="bbox 963 1323 1753 1353">
     <span class='ocr_line' id='line_1_85' title="bbox 963 1323 1753 1353; baseline -0.005 0"><span class='ocrx_word' id='word_1_637' title='bbox 963 1326 1107 1353; x_wconf 87' lang='lat' dir='ltr'><strong>ratiocinio</strong></span> <span class='ocrx_word' id='word_1_638' title='bbox 1130 1325 1256 1353; x_wconf 77' lang='lat' dir='ltr'><strong>Passieni</strong></span> <span class='ocrx_word' id='word_1_639' title='bbox 1272 1324 1378 1352; x_wconf 88' lang='lat' dir='ltr'><strong>Domini</strong></span> <span class='ocrx_word' id='word_1_640' title='bbox 1396 1333 1485 1352; x_wconf 87' lang='lat' dir='ltr'><strong>anuus</strong></span> <span class='ocrx_word' id='word_1_641' title='bbox 1497 1325 1631 1352; x_wconf 86' lang='lat' dir='ltr'><strong>astruitur</strong></span> <span class='ocrx_word' id='word_1_642' title='bbox 1653 1323 1696 1350; x_wconf 83' lang='lat'><strong>76.</strong></span> <span class='ocrx_word' id='word_1_643' title='bbox 1715 1323 1753 1350; x_wconf 87' lang='lat' dir='ltr'><strong>lla</strong></span> 
     </span>
    </p>
   </div>
   <div class='ocr_carea' id='block_1_86' title="bbox 963 1369 1754 1407">
    <p class='ocr_par' dir='ltr' id='par_1_86' title="bbox 963 1369 1754 1407">
     <span class='ocr_line' id='line_1_86' title="bbox 963 1369 1754 1407; baseline -0.003 -9"><span class='ocrx_word' id='word_1_644' title='bbox 963 1371 1070 1403; x_wconf 85' lang='lat' dir='ltr'><strong>Petrus,</strong></span> <span class='ocrx_word' id='word_1_645' title='bbox 1083 1372 1179 1400; x_wconf 86' lang='lat' dir='ltr'><strong>eodem</strong></span> <span class='ocrx_word' id='word_1_646' title='bbox 1193 1370 1359 1407; x_wconf 87' lang='lat' dir='ltr'><strong>Hieronymo</strong></span> <span class='ocrx_word' id='word_1_647' title='bbox 1369 1375 1448 1403; x_wconf 80' lang='lat' dir='ltr'><strong>teste,</strong></span> <span class='ocrx_word' id='word_1_648' title='bbox 1464 1379 1536 1398; x_wconf 89' lang='lat' dir='ltr'><strong>anno</strong></span> <span class='ocrx_word' id='word_1_649' title='bbox 1553 1379 1570 1398; x_wconf 91' lang='grc' dir='ltr'><strong>ιι</strong></span> <span class='ocrx_word' id='word_1_650' title='bbox 1581 1370 1686 1398; x_wconf 85' lang='lat' dir='ltr'><strong>Claudii</strong></span> <span class='ocrx_word' id='word_1_651' title='bbox 1700 1369 1754 1396; x_wconf 79' lang='grc' dir='ltr'>ιιο-</span> 
     </span>
    </p>
   </div>
   <div class='ocr_carea' id='block_1_87' title="bbox 964 1415 1756 1450">
    <p class='ocr_par' dir='ltr' id='par_1_87' title="bbox 964 1415 1756 1450">
     <span class='ocr_line' id='line_1_87' title="bbox 964 1415 1756 1450; baseline -0.004 -6"><span class='ocrx_word' id='word_1_652' title='bbox 964 1425 1037 1445; x_wconf 87' lang='lat' dir='ltr'><strong>mam</strong></span> <span class='ocrx_word' id='word_1_653' title='bbox 1055 1417 1175 1449; x_wconf 82' lang='lat' dir='ltr'><strong>advenit,</strong></span> <span class='ocrx_word' id='word_1_654' title='bbox 1197 1417 1242 1444; x_wconf 83' lang='lat' dir='ltr'><strong>tibi</strong></span> <span class='ocrx_word' id='word_1_655' title='bbox 1255 1424 1307 1443; x_wconf 84' lang='lat' dir='ltr'><strong>xxv</strong></span> <span class='ocrx_word' id='word_1_656' title='bbox 1331 1424 1418 1443; x_wconf 89' lang='lat' dir='ltr'><strong>annos</strong></span> <span class='ocrx_word' id='word_1_657' title='bbox 1439 1416 1566 1444; x_wconf 65' lang='lat' dir='ltr'><strong>Ecclesiae</strong></span> <span class='ocrx_word' id='word_1_658' title='bbox 1581 1415 1700 1450; x_wconf 75' lang='lat' dir='ltr'><strong>pr.el‘uit,</strong></span> <span class='ocrx_word' id='word_1_659' title='bbox 1729 1419 1756 1442; x_wconf 89' lang='lat' dir='ltr'><strong>et</strong></span> 
     </span>
    </p>
   </div>
   <div class='ocr_carea' id='block_1_88' title="bbox 963 1461 1756 1499">
    <p class='ocr_par' dir='ltr' id='par_1_88' title="bbox 963 1461 1756 1499">
     <span class='ocr_line' id='line_1_88' title="bbox 963 1461 1756 1499; baseline -0.005 -8"><span class='ocrx_word' id='word_1_660' title='bbox 963 1472 1056 1491; x_wconf 71' lang='lat' dir='ltr'><strong>xxxvii</strong></span> <span class='ocrx_word' id='word_1_661' title='bbox 1065 1468 1127 1499; x_wconf 88' lang='lat' dir='ltr'><strong>post</strong></span> <span class='ocrx_word' id='word_1_662' title='bbox 1136 1463 1295 1491; x_wconf 86' lang='lat' dir='ltr'><strong>Passionem</strong></span> <span class='ocrx_word' id='word_1_663' title='bbox 1310 1470 1394 1495; x_wconf 83' lang='lat' dir='ltr'><strong>anno,</strong></span> <span class='ocrx_word' id='word_1_664' title='bbox 1408 1461 1526 1490; x_wconf 81' lang='lat' dir='ltr'><strong>Neronis</strong></span> <span class='ocrx_word' id='word_1_665' title='bbox 1536 1469 1659 1494; x_wconf 85' lang='lat' dir='ltr'><strong>xtv,cum</strong></span> <span class='ocrx_word' id='word_1_666' title='bbox 1670 1461 1756 1488; x_wconf 81' lang='lat' dir='ltr'><strong>Paulo</strong></span> 
     </span>
    </p>
   </div>
   <div class='ocr_carea' id='block_1_89' title="bbox 966 1508 1756 1545">
    <p class='ocr_par' dir='ltr' id='par_1_89' title="bbox 966 1508 1756 1545">
     <span class='ocr_line' id='line_1_89' title="bbox 966 1508 1756 1545; baseline -0.005 -7"><span class='ocrx_word' id='word_1_667' title='bbox 966 1517 1078 1538; x_wconf 70' lang='lat' dir='ltr'><strong>necatus</strong></span> <span class='ocrx_word' id='word_1_668' title='bbox 1094 1514 1146 1538; x_wconf 89' lang='lat' dir='ltr'><strong>est.</strong></span> <span class='ocrx_word' id='word_1_669' title='bbox 1167 1509 1290 1544; x_wconf 78' lang='lat' dir='ltr'><strong>Denique</strong></span> <span class='ocrx_word' id='word_1_670' title='bbox 1314 1508 1561 1545; x_wconf 77' lang='lat' dir='ltr'><strong>llierosolymitaua</strong></span> <span class='ocrx_word' id='word_1_671' title='bbox 1574 1508 1665 1535; x_wconf 83' lang='lat' dir='ltr'><strong>clades</strong></span> <span class='ocrx_word' id='word_1_672' title='bbox 1681 1508 1756 1536; x_wconf 85' lang='lat' dir='ltr'><strong>acei-</strong></span> 
     </span>
    </p>
   </div>
   <div class='ocr_carea' id='block_1_90' title="bbox 965 1554 1757 1589">
    <p class='ocr_par' dir='ltr' id='par_1_90' title="bbox 965 1554 1757 1589">
     <span class='ocr_line' id='line_1_90' title="bbox 965 1554 1757 1589; baseline -0.004 -7"><span class='ocrx_word' id='word_1_673' title='bbox 965 1556 1005 1583; x_wconf 89' lang='lat' dir='ltr'><strong>dit</strong></span> <span class='ocrx_word' id='word_1_674' title='bbox 1023 1563 1095 1583; x_wconf 91' lang='lat' dir='ltr'><strong>anno</strong></span> <span class='ocrx_word' id='word_1_675' title='bbox 1123 1563 1156 1582; x_wconf 82' lang='lat' dir='ltr'><strong>xt.</strong></span> <span class='ocrx_word' id='word_1_676' title='bbox 1182 1560 1241 1589; x_wconf 89' lang='lat' dir='ltr'><strong>post</strong></span> <span class='ocrx_word' id='word_1_677' title='bbox 1259 1554 1429 1587; x_wconf 84' lang='lat' dir='ltr'><strong>Passionein,</strong></span> <span class='ocrx_word' id='word_1_678' title='bbox 1447 1559 1476 1582; x_wconf 96' lang='lat' dir='ltr'><strong>ut</strong></span> <span class='ocrx_word' id='word_1_679' title='bbox 1503 1559 1608 1581; x_wconf 85' lang='lat' dir='ltr'><strong>veteres</strong></span> <span class='ocrx_word' id='word_1_680' title='bbox 1635 1554 1757 1588; x_wconf 84' lang='lat' dir='ltr'><strong>plerique</strong></span> 
     </span>
    </p>
   </div>
   <div class='ocr_carea' id='block_1_91' title="bbox 965 1598 1756 1635">
    <p class='ocr_par' dir='ltr' id='par_1_91' title="bbox 965 1598 1756 1635">
     <span class='ocr_line' id='line_1_91' title="bbox 965 1598 1756 1635; baseline -0.004 -8"><span class='ocrx_word' id='word_1_681' title='bbox 965 1605 1113 1633; x_wconf 83' lang='lat' dir='ltr'><strong>testantur,</strong></span> <span class='ocrx_word' id='word_1_682' title='bbox 1143 1599 1335 1635; x_wconf 86' lang='lat' dir='ltr'><strong>Hieronymus,</strong></span> <span class='ocrx_word' id='word_1_683' title='bbox 1351 1598 1485 1626; x_wconf 84' lang='lat' dir='ltr'><strong>Eusebius</strong></span> <span class='ocrx_word' id='word_1_684' title='bbox 1503 1599 1521 1625; x_wconf 94' lang='grc'>1.</span> <span class='ocrx_word' id='word_1_685' title='bbox 1539 1607 1568 1625; x_wconf 93' lang='grc' dir='ltr'><strong>ιιι</strong></span> <span class='ocrx_word' id='word_1_686' title='bbox 1588 1598 1674 1630; x_wconf 75' lang='lat' dir='ltr'><strong>llist.,</strong></span> <span class='ocrx_word' id='word_1_687' title='bbox 1690 1606 1715 1624; x_wconf 81' lang='grc'><strong>‹·.</strong></span> <span class='ocrx_word' id='word_1_688' title='bbox 1727 1599 1756 1631; x_wconf 83' lang='lat'><strong>8,</strong></span> 
     </span>
    </p>
   </div>
   <div class='ocr_carea' id='block_1_92' title="bbox 965 1643 1757 1680">
    <p class='ocr_par' dir='ltr' id='par_1_92' title="bbox 965 1643 1757 1680">
     <span class='ocr_line' id='line_1_92' title="bbox 965 1643 1757 1680; baseline -0.004 -7"><span class='ocrx_word' id='word_1_689' title='bbox 965 1651 992 1674; x_wconf 89' lang='lat' dir='ltr'><strong>et</strong></span> <span class='ocrx_word' id='word_1_690' title='bbox 1002 1646 1049 1673; x_wconf 89' lang='lat' dir='ltr'><strong>lib.</strong></span> <span class='ocrx_word' id='word_1_691' title='bbox 1068 1654 1094 1673; x_wconf 85' lang='lat' dir='ltr'><strong>vt</strong></span> <span class='ocrx_word' id='word_1_692' title='bbox 1113 1645 1151 1672; x_wconf 86' lang='lat' dir='ltr'><strong>De</strong></span> <span class='ocrx_word' id='word_1_693' title='bbox 1165 1646 1334 1678; x_wconf 79' lang='lat' dir='ltr'><strong>dernonst.,c.</strong></span> <span class='ocrx_word' id='word_1_694' title='bbox 1352 1645 1395 1676; x_wconf 82' lang='grc'><strong>16,</strong></span> <span class='ocrx_word' id='word_1_695' title='bbox 1407 1643 1632 1680; x_wconf 84' lang='lat' dir='ltr'><strong>Chrysostomus,</strong></span> <span class='ocrx_word' id='word_1_696' title='bbox 1646 1651 1679 1671; x_wconf 89' lang='lat' dir='ltr'><strong>ac</strong></span> <span class='ocrx_word' id='word_1_697' title='bbox 1693 1643 1757 1670; x_wconf 80' lang='lat' dir='ltr'><strong>reli-</strong></span> 
     </span>
    </p>
   </div>
   <div class='ocr_carea' id='block_1_93' title="bbox 965 1688 1758 1726">
    <p class='ocr_par' dir='ltr' id='par_1_93' title="bbox 965 1688 1758 1726">
     <span class='ocr_line' id='line_1_93' title="bbox 965 1688 1758 1726; baseline -0.005 -8"><span class='ocrx_word' id='word_1_698' title='bbox 965 1691 1023 1726; x_wconf 93' lang='lat' dir='ltr'><strong>qui.</strong></span> <span class='ocrx_word' id='word_1_699' title='bbox 1039 1691 1139 1718; x_wconf 86' lang='lat' dir='ltr'><strong>Eversa</strong></span> <span class='ocrx_word' id='word_1_700' title='bbox 1160 1695 1225 1718; x_wconf 90' lang='lat' dir='ltr'><strong>suut</strong></span> <span class='ocrx_word' id='word_1_701' title='bbox 1240 1695 1331 1717; x_wconf 86' lang='lat' dir='ltr'><strong>autem</strong></span> <span class='ocrx_word' id='word_1_702' title='bbox 1343 1689 1529 1725; x_wconf 79' lang='lat' dir='ltr'><strong>Hierosolyma</strong></span> <span class='ocrx_word' id='word_1_703' title='bbox 1547 1697 1620 1716; x_wconf 87' lang='lat' dir='ltr'><strong>anno</strong></span> <span class='ocrx_word' id='word_1_704' title='bbox 1637 1688 1758 1717; x_wconf 85' lang='lat' dir='ltr'><strong>secundo</strong></span> 
     </span>
    </p>
   </div>
   <div class='ocr_carea' id='block_1_94' title="bbox 967 1733 1759 1771">
    <p class='ocr_par' dir='ltr' id='par_1_94' title="bbox 967 1733 1759 1771">
     <span class='ocr_line' id='line_1_94' title="bbox 967 1733 1759 1771; baseline -0.004 -7"><span class='ocrx_word' id='word_1_705' title='bbox 967 1736 1140 1771; x_wconf 85' lang='lat' dir='ltr'><strong>Vespasiani,</strong></span> <span class='ocrx_word' id='word_1_706' title='bbox 1157 1735 1267 1763; x_wconf 80' lang='lat' dir='ltr'><strong>Juliano</strong></span> <span class='ocrx_word' id='word_1_707' title='bbox 1295 1743 1368 1762; x_wconf 87' lang='lat' dir='ltr'><strong>anno</strong></span> <span class='ocrx_word' id='word_1_708' title='bbox 1395 1735 1456 1767; x_wconf 79' lang='lat'><strong>“5,</strong></span> <span class='ocrx_word' id='word_1_709' title='bbox 1481 1735 1596 1770; x_wconf 88' lang='lat' dir='ltr'><strong>proinde</strong></span> <span class='ocrx_word' id='word_1_710' title='bbox 1620 1743 1692 1762; x_wconf 83' lang='lat' dir='ltr'><strong>attito</strong></span> <span class='ocrx_word' id='word_1_711' title='bbox 1724 1733 1759 1761; x_wconf 85' lang='lat'><strong>76</strong></span> 
     </span>
    </p>
   </div>
   <div class='ocr_carea' id='block_1_95' title="bbox 966 1779 1759 1816">
    <p class='ocr_par' dir='ltr' id='par_1_95' title="bbox 966 1779 1759 1816">
     <span class='ocr_line' id='line_1_95' title="bbox 966 1779 1759 1816; baseline -0.004 -7"><span class='ocrx_word' id='word_1_712' title='bbox 966 1782 1068 1809; x_wconf 80' lang='lat' dir='ltr'><strong>Christi</strong></span> <span class='ocrx_word' id='word_1_713' title='bbox 1089 1781 1185 1809; x_wconf 86' lang='lat' dir='ltr'><strong>Passio</strong></span> <span class='ocrx_word' id='word_1_714' title='bbox 1199 1781 1335 1816; x_wconf 77' lang='lat' dir='ltr'><strong>congruit.</strong></span> <span class='ocrx_word' id='word_1_715' title='bbox 1353 1781 1457 1808; x_wconf 69' lang='lat' dir='ltr'><strong>Caetera</strong></span> <span class='ocrx_word' id='word_1_716' title='bbox 1477 1787 1509 1807; x_wconf 84' lang='lat' dir='ltr'><strong>ex</strong></span> <span class='ocrx_word' id='word_1_717' title='bbox 1534 1779 1642 1807; x_wconf 87' lang='lat' dir='ltr'><strong>Dekerii</strong></span> <span class='ocrx_word' id='word_1_718' title='bbox 1665 1783 1693 1806; x_wconf 86' lang='lat' dir='ltr'><strong>et</strong></span> <span class='ocrx_word' id='word_1_719' title='bbox 1706 1779 1759 1807; x_wconf 85' lang='lat' dir='ltr'><strong>Kc-</strong></span> 
     </span>
    </p>
   </div>
   <div class='ocr_carea' id='block_1_96' title="bbox 968 1827 1509 1864">
    <p class='ocr_par' dir='ltr' id='par_1_96' title="bbox 968 1827 1509 1864">
     <span class='ocr_line' id='line_1_96' title="bbox 968 1827 1509 1864; baseline -0.007 -8"><span class='ocrx_word' id='word_1_720' title='bbox 968 1829 1033 1864; x_wconf 83' lang='lat' dir='ltr'><strong>pleri</strong></span> <span class='ocrx_word' id='word_1_721' title='bbox 1050 1827 1260 1855; x_wconf 80' lang='lat' dir='ltr'><strong>Commentariis</strong></span> <span class='ocrx_word' id='word_1_722' title='bbox 1277 1828 1420 1860; x_wconf 78' lang='lat' dir='ltr'><strong>repetenda</strong></span> <span class='ocrx_word' id='word_1_723' title='bbox 1435 1830 1509 1853; x_wconf 91' lang='lat' dir='ltr'><strong>sunt.</strong></span> 
     </span>
    </p>
   </div>
   <div class='ocr_carea' id='block_1_97' title="bbox 1004 1871 1760 1910">
    <p class='ocr_par' dir='ltr' id='par_1_97' title="bbox 1004 1871 1760 1910">
     <span class='ocr_line' id='line_1_97' title="bbox 1004 1871 1760 1910; baseline -0.004 -8"><span class='ocrx_word' id='word_1_724' title='bbox 1004 1875 1037 1902; x_wconf 89' lang='lat' dir='ltr'><strong>At</strong></span> <span class='ocrx_word' id='word_1_725' title='bbox 1059 1881 1188 1910; x_wconf 76' lang='lat' dir='ltr'><strong>urgemur</strong></span> <span class='ocrx_word' id='word_1_726' title='bbox 1203 1872 1360 1908; x_wconf 69' lang='lat' dir='ltr'><strong>Phlegontis</strong></span> <span class='ocrx_word' id='word_1_727' title='bbox 1373 1872 1400 1900; x_wconf 87' lang='lat' dir='ltr'><strong>in</strong></span> <span class='ocrx_word' id='word_1_728' title='bbox 1419 1872 1525 1907; x_wconf 87' lang='lat' dir='ltr'><strong>primis,</strong></span> <span class='ocrx_word' id='word_1_729' title='bbox 1539 1877 1564 1899; x_wconf 87' lang='lat' dir='ltr'><strong>ct</strong></span> <span class='ocrx_word' id='word_1_730' title='bbox 1579 1871 1668 1899; x_wconf 88' lang='lat' dir='ltr'><strong>Thalli</strong></span> <span class='ocrx_word' id='word_1_731' title='bbox 1684 1873 1760 1899; x_wconf 87' lang='lat' dir='ltr'><strong>testi-</strong></span> 
     </span>
    </p>
   </div>
   <div class='ocr_carea' id='block_1_98' title="bbox 970 1917 1760 1955">
    <p class='ocr_par' dir='ltr' id='par_1_98' title="bbox 970 1917 1760 1955">
     <span class='ocr_line' id='line_1_98' title="bbox 970 1917 1760 1955; baseline -0.005 -7"><span class='ocrx_word' id='word_1_732' title='bbox 970 1921 1073 1953; x_wconf 87' lang='lat' dir='ltr'><strong>monio,</strong></span> <span class='ocrx_word' id='word_1_733' title='bbox 1097 1920 1143 1955; x_wconf 89' lang='lat' dir='ltr'><strong>qui</strong></span> <span class='ocrx_word' id='word_1_734' title='bbox 1168 1927 1241 1947; x_wconf 89' lang='lat' dir='ltr'><strong>anno</strong></span> <span class='ocrx_word' id='word_1_735' title='bbox 1264 1926 1291 1946; x_wconf 91' lang='lat' dir='ltr'><strong>tv</strong></span> <span class='ocrx_word' id='word_1_736' title='bbox 1314 1919 1417 1953; x_wconf 83' lang='lat' dir='ltr'><strong>olytup.</strong></span> <span class='ocrx_word' id='word_1_737' title='bbox 1443 1917 1496 1944; x_wconf 67' lang='lat'><strong>202</strong></span> <span class='ocrx_word' id='word_1_738' title='bbox 1510 1917 1668 1945; x_wconf 87' lang='lat' dir='ltr'><strong>horribilem</strong></span> <span class='ocrx_word' id='word_1_739' title='bbox 1694 1917 1760 1945; x_wconf 82' lang='lat' dir='ltr'><strong>solis</strong></span> 
     </span>
    </p>
   </div>
   <div class='ocr_carea' id='block_1_99' title="bbox 969 1962 1760 1999">
    <p class='ocr_par' dir='ltr' id='par_1_99' title="bbox 969 1962 1760 1999">
     <span class='ocr_line' id='line_1_99' title="bbox 969 1962 1760 1999; baseline -0.004 -7"><span class='ocrx_word' id='word_1_740' title='bbox 969 1965 1083 1999; x_wconf 82' lang='lat' dir='ltr'><strong>eclipsin</strong></span> <span class='ocrx_word' id='word_1_741' title='bbox 1106 1963 1240 1991; x_wconf 82' lang='lat' dir='ltr'><strong>accidisse</strong></span> <span class='ocrx_word' id='word_1_742' title='bbox 1266 1967 1431 1996; x_wconf 89' lang='lat' dir='ltr'><strong>memorant,</strong></span> <span class='ocrx_word' id='word_1_743' title='bbox 1456 1963 1507 1990; x_wconf 89' lang='lat' dir='ltr'><strong>hoc</strong></span> <span class='ocrx_word' id='word_1_744' title='bbox 1524 1967 1566 1990; x_wconf 82' lang='lat' dir='ltr'><strong>cst</strong></span> <span class='ocrx_word' id='word_1_745' title='bbox 1579 1962 1689 1990; x_wconf 82' lang='lat' dir='ltr'><strong>Juliano</strong></span> <span class='ocrx_word' id='word_1_746' title='bbox 1703 1962 1737 1989; x_wconf 80' lang='lat'><strong>78</strong></span> <span class='ocrx_word' id='word_1_747' title='bbox 1753 1972 1760 1989; x_wconf 90' lang='lat'>:</span> 
     </span>
    </p>
   </div>
   <div class='ocr_carea' id='block_1_100' title="bbox 970 2009 1761 2047">
    <p class='ocr_par' dir='ltr' id='par_1_100' title="bbox 970 2009 1761 2047">
     <span class='ocr_line' id='line_1_100' title="bbox 970 2009 1761 2047; baseline -0.003 -9"><span class='ocrx_word' id='word_1_748' title='bbox 970 2019 1052 2047; x_wconf 83' lang='lat' dir='ltr'><strong>quain</strong></span> <span class='ocrx_word' id='word_1_749' title='bbox 1079 2011 1152 2038; x_wconf 84' lang='lat' dir='ltr'><strong>illam</strong></span> <span class='ocrx_word' id='word_1_750' title='bbox 1181 2010 1266 2045; x_wconf 87' lang='lat' dir='ltr'><strong>ipsam</strong></span> <span class='ocrx_word' id='word_1_751' title='bbox 1283 2017 1354 2043; x_wconf 86' lang='lat' dir='ltr'><strong>esse,</strong></span> <span class='ocrx_word' id='word_1_752' title='bbox 1369 2018 1430 2044; x_wconf 82' lang='lat' dir='ltr'><strong>qme</strong></span> <span class='ocrx_word' id='word_1_753' title='bbox 1457 2009 1509 2037; x_wconf 90' lang='lat' dir='ltr'><strong>sub</strong></span> <span class='ocrx_word' id='word_1_754' title='bbox 1532 2009 1641 2036; x_wconf 91' lang='lat' dir='ltr'><strong>Domini</strong></span> <span class='ocrx_word' id='word_1_755' title='bbox 1667 2017 1761 2036; x_wconf 88' lang='lat' dir='ltr'><strong>necem</strong></span> 
     </span>
    </p>
   </div>
   <div class='ocr_carea' id='block_1_101' title="bbox 970 2055 1761 2093">
    <p class='ocr_par' dir='ltr' id='par_1_101' title="bbox 970 2055 1761 2093">
     <span class='ocr_line' id='line_1_101' title="bbox 970 2055 1761 2093; baseline -0.004 -8"><span class='ocrx_word' id='word_1_756' title='bbox 970 2058 1095 2093; x_wconf 78' lang='lat' dir='ltr'><strong>contigit,</strong></span> <span class='ocrx_word' id='word_1_757' title='bbox 1113 2057 1218 2092; x_wconf 89' lang='lat' dir='ltr'><strong>antiqui</strong></span> <span class='ocrx_word' id='word_1_758' title='bbox 1240 2056 1336 2084; x_wconf 88' lang='lat' dir='ltr'><strong>Patres</strong></span> <span class='ocrx_word' id='word_1_759' title='bbox 1363 2056 1587 2090; x_wconf 77' lang='lat' dir='ltr'><strong>interpretantur,</strong></span> <span class='ocrx_word' id='word_1_760' title='bbox 1603 2055 1761 2088; x_wconf 82' lang='lat' dir='ltr'><strong>Africanus,</strong></span> 
     </span>
    </p>
   </div>
   <div class='ocr_carea' id='block_1_102' title="bbox 971 2100 1763 2138">
    <p class='ocr_par' dir='ltr' id='par_1_102' title="bbox 971 2100 1763 2138">
     <span class='ocr_line' id='line_1_102' title="bbox 971 2100 1763 2138; baseline -0.005 -8"><span class='ocrx_word' id='word_1_761' title='bbox 971 2103 1165 2138; x_wconf 82' lang='lat' dir='ltr'><strong>Hieronymus,</strong></span> <span class='ocrx_word' id='word_1_762' title='bbox 1180 2101 1323 2134; x_wconf 80' lang='lat' dir='ltr'><strong>Eusebius,</strong></span> <span class='ocrx_word' id='word_1_763' title='bbox 1340 2105 1367 2128; x_wconf 90' lang='lat' dir='ltr'><strong>ct</strong></span> <span class='ocrx_word' id='word_1_764' title='bbox 1382 2101 1437 2128; x_wconf 83' lang='lat' dir='ltr'><strong>alii.</strong></span> <span class='ocrx_word' id='word_1_765' title='bbox 1463 2100 1519 2128; x_wconf 92' lang='lat' dir='ltr'><strong>lloe</strong></span> <span class='ocrx_word' id='word_1_766' title='bbox 1541 2105 1703 2134; x_wconf 79' lang='lat' dir='ltr'><strong>argumento</strong></span> <span class='ocrx_word' id='word_1_767' title='bbox 1721 2101 1763 2126; x_wconf 86' lang='lat' dir='ltr'><strong>iii-</strong></span> 
     </span>
    </p>
   </div>
   <div class='ocr_carea' id='block_1_103' title="bbox 972 2145 1761 2183">
    <p class='ocr_par' dir='ltr' id='par_1_103' title="bbox 972 2145 1761 2183">
     <span class='ocr_line' id='line_1_103' title="bbox 972 2145 1761 2183; baseline -0.005 -7"><span class='ocrx_word' id='word_1_768' title='bbox 972 2154 1046 2177; x_wconf 89' lang='lat' dir='ltr'><strong>stant</strong></span> <span class='ocrx_word' id='word_1_769' title='bbox 1065 2149 1103 2176; x_wconf 92' lang='lat' dir='ltr'><strong>illi</strong></span> <span class='ocrx_word' id='word_1_770' title='bbox 1123 2148 1259 2183; x_wconf 64' lang='lat' dir='ltr'><strong>praacipue</strong></span> <span class='ocrx_word' id='word_1_771' title='bbox 1282 2147 1328 2182; x_wconf 90' lang='lat' dir='ltr'><strong>qui</strong></span> <span class='ocrx_word' id='word_1_772' title='bbox 1354 2147 1429 2181; x_wconf 88' lang='lat' dir='ltr'><strong>plura</strong></span> <span class='ocrx_word' id='word_1_773' title='bbox 1447 2154 1530 2181; x_wconf 82' lang='lat' dir='ltr'><strong>quam</strong></span> <span class='ocrx_word' id='word_1_774' title='bbox 1551 2146 1602 2173; x_wconf 88' lang='lat' dir='ltr'><strong>tria</strong></span> <span class='ocrx_word' id='word_1_775' title='bbox 1628 2145 1761 2173; x_wconf 85' lang='lat' dir='ltr'><strong>l‘aschata</strong></span> 
     </span>
    </p>
   </div>
   <div class='ocr_carea' id='block_1_104' title="bbox 973 2192 1763 2230">
    <p class='ocr_par' dir='ltr' id='par_1_104' title="bbox 973 2192 1763 2230">
     <span class='ocr_line' id='line_1_104' title="bbox 973 2192 1763 2230; baseline -0.005 -7"><span class='ocrx_word' id='word_1_776' title='bbox 973 2196 1119 2223; x_wconf 88' lang='lat' dir='ltr'><strong>Dominum</strong></span> <span class='ocrx_word' id='word_1_777' title='bbox 1135 2196 1259 2230; x_wconf 79' lang='lat' dir='ltr'><strong>exegisse</strong></span> <span class='ocrx_word' id='word_1_778' title='bbox 1281 2194 1460 2224; x_wconf 86' lang='lat' dir='ltr'><strong>contendunt,</strong></span> <span class='ocrx_word' id='word_1_779' title='bbox 1475 2200 1564 2227; x_wconf 86' lang='lat' dir='ltr'><strong>neque</strong></span> <span class='ocrx_word' id='word_1_780' title='bbox 1578 2192 1645 2219; x_wconf 88' lang='lat' dir='ltr'><strong>satis</strong></span> <span class='ocrx_word' id='word_1_781' title='bbox 1659 2192 1763 2226; x_wconf 87' lang='lat' dir='ltr'><strong>puden-</strong></span> 
     </span>
    </p>
   </div>
   <div class='ocr_carea' id='block_1_105' title="bbox 974 2237 1764 2272">
    <p class='ocr_par' dir='ltr' id='par_1_105' title="bbox 974 2237 1764 2272">
     <span class='ocr_line' id='line_1_105' title="bbox 974 2237 1764 2272; baseline -0.008 -3"><span class='ocrx_word' id='word_1_782' title='bbox 974 2242 1008 2270; x_wconf 89' lang='lat' dir='ltr'><strong>tis</strong></span> <span class='ocrx_word' id='word_1_783' title='bbox 1019 2249 1080 2269; x_wconf 88' lang='lat' dir='ltr'><strong>cssc</strong></span> <span class='ocrx_word' id='word_1_784' title='bbox 1096 2240 1217 2268; x_wconf 84' lang='lat' dir='ltr'><strong>hominis</strong></span> <span class='ocrx_word' id='word_1_785' title='bbox 1231 2239 1398 2271; x_wconf 84' lang='lat' dir='ltr'><strong>existimant,</strong></span> <span class='ocrx_word' id='word_1_786' title='bbox 1412 2243 1494 2265; x_wconf 76' lang='lat' dir='ltr'><strong>tanta:</strong></span> <span class='ocrx_word' id='word_1_787' title='bbox 1506 2237 1679 2265; x_wconf 87' lang='lat' dir='ltr'><strong>auctoritatis</strong></span> <span class='ocrx_word' id='word_1_788' title='bbox 1695 2245 1764 2272; x_wconf 79' lang='lat' dir='ltr'><strong>pra:-</strong></span> 
     </span>
    </p>
   </div>
   <div class='ocr_carea' id='block_1_106' title="bbox 937 2282 1760 2327">
    <p class='ocr_par' dir='ltr' id='par_1_106' title="bbox 937 2282 1760 2327">
     <span class='ocr_line' id='line_1_106' title="bbox 937 2282 1760 2327; baseline -0.007 -13"><span class='ocrx_word' id='word_1_789' title='bbox 937 2286 1077 2327; x_wconf 73' lang='lat' dir='ltr'><strong>njudicio</strong></span> <span class='ocrx_word' id='word_1_790' title='bbox 1105 2293 1137 2313; x_wconf 86' lang='lat' dir='ltr'><strong>ac</strong></span> <span class='ocrx_word' id='word_1_791' title='bbox 1165 2290 1204 2312; x_wconf 90' lang='lat' dir='ltr'><strong>tot</strong></span> <span class='ocrx_word' id='word_1_792' title='bbox 1236 2285 1399 2319; x_wconf 86' lang='lat' dir='ltr'><strong>scriptorum</strong></span> <span class='ocrx_word' id='word_1_793' title='bbox 1420 2283 1595 2311; x_wconf 87' lang='lat' dir='ltr'><strong>consettsioni</strong></span> <span class='ocrx_word' id='word_1_794' title='bbox 1618 2282 1760 2317; x_wconf 80' lang='lat' dir='ltr'><strong>refragari.</strong></span> 
     </span>
    </p>
   </div>
   <div class='ocr_carea' id='block_1_107' title="bbox 977 2328 1763 2365">
    <p class='ocr_par' dir='ltr' id='par_1_107' title="bbox 977 2328 1763 2365">
     <span class='ocr_line' id='line_1_107' title="bbox 977 2328 1763 2365; baseline -0.005 -6"><span class='ocrx_word' id='word_1_795' title='bbox 977 2331 1028 2360; x_wconf 78' lang='lat' dir='ltr'><strong>Sed</strong></span> <span class='ocrx_word' id='word_1_796' title='bbox 1045 2331 1111 2358; x_wconf 86' lang='lat' dir='ltr'><strong>illud</strong></span> <span class='ocrx_word' id='word_1_797' title='bbox 1127 2330 1262 2365; x_wconf 87' lang='lat' dir='ltr'><strong>inprimis</strong></span> <span class='ocrx_word' id='word_1_798' title='bbox 1285 2329 1347 2356; x_wconf 89' lang='lat' dir='ltr'><strong>volo</strong></span> <span class='ocrx_word' id='word_1_799' title='bbox 1372 2328 1438 2355; x_wconf 90' lang='lat' dir='ltr'><strong>mihi</strong></span> <span class='ocrx_word' id='word_1_800' title='bbox 1463 2328 1655 2363; x_wconf 89' lang='lat' dir='ltr'><strong>respondeant,</strong></span> <span class='ocrx_word' id='word_1_801' title='bbox 1680 2335 1763 2355; x_wconf 84' lang='lat' dir='ltr'><strong>eosne</strong></span> 
     </span>
    </p>
   </div>
   <div class='ocr_carea' id='block_1_108' title="bbox 976 2373 1766 2413">
    <p class='ocr_par' dir='ltr' id='par_1_108' title="bbox 976 2373 1766 2413">
     <span class='ocr_line' id='line_1_108' title="bbox 976 2373 1766 2413; baseline -0.004 -10"><span class='ocrx_word' id='word_1_802' title='bbox 976 2382 1105 2413; x_wconf 85' lang='lat' dir='ltr'><strong>puteut,a</strong></span> <span class='ocrx_word' id='word_1_803' title='bbox 1117 2376 1218 2411; x_wconf 88' lang='lat' dir='ltr'><strong>quibus</strong></span> <span class='ocrx_word' id='word_1_804' title='bbox 1233 2374 1390 2409; x_wconf 80' lang='lat' dir='ltr'><strong>Phlegontis</strong></span> <span class='ocrx_word' id='word_1_805' title='bbox 1402 2373 1587 2402; x_wconf 83' lang='lat' dir='ltr'><strong>testimonium</strong></span> <span class='ocrx_word' id='word_1_806' title='bbox 1599 2373 1766 2406; x_wconf 84' lang='lat' dir='ltr'><strong>didicerunt,</strong></span> 
     </span>
    </p>
   </div>
   <div class='ocr_carea' id='block_1_109' title="bbox 977 2419 1765 2459">
    <p class='ocr_par' dir='ltr' id='par_1_109' title="bbox 977 2419 1765 2459">
     <span class='ocr_line' id='line_1_109' title="bbox 977 2419 1765 2459; baseline -0.008 -8"><span class='ocrx_word' id='word_1_807' title='bbox 977 2424 1153 2459; x_wconf 79' lang='lat' dir='ltr'><strong>l’hlegontem</strong></span> <span class='ocrx_word' id='word_1_808' title='bbox 1177 2423 1266 2457; x_wconf 91' lang='lat' dir='ltr'><strong>ipsum</strong></span> <span class='ocrx_word' id='word_1_809' title='bbox 1282 2421 1392 2456; x_wconf 74' lang='lat' dir='ltr'><strong>legisse.</strong></span> <span class='ocrx_word' id='word_1_810' title='bbox 1417 2419 1495 2453; x_wconf 87' lang='lat' dir='ltr'><strong>Quod</strong></span> <span class='ocrx_word' id='word_1_811' title='bbox 1508 2420 1554 2446; x_wconf 90' lang='lat' dir='ltr'><strong>ubi</strong></span> <span class='ocrx_word' id='word_1_812' title='bbox 1572 2419 1690 2447; x_wconf 78' lang='lat' dir='ltr'><strong>confessi</strong></span> <span class='ocrx_word' id='word_1_813' title='bbox 1706 2419 1765 2446; x_wconf 88' lang='lat' dir='ltr'><strong>l&#39;ne-</strong></span> 
     </span>
    </p>
   </div>
   <div class='ocr_carea' id='block_1_110' title="bbox 977 2464 1765 2503">
    <p class='ocr_par' dir='ltr' id='par_1_110' title="bbox 977 2464 1765 2503">
     <span class='ocr_line' id='line_1_110' title="bbox 977 2464 1765 2503; baseline -0.008 -7"><span class='ocrx_word' id='word_1_814' title='bbox 977 2469 1047 2500; x_wconf 88' lang='lat' dir='ltr'><strong>rint,</strong></span> <span class='ocrx_word' id='word_1_815' title='bbox 1065 2473 1121 2495; x_wconf 89' lang='lat' dir='ltr'><strong>tutn</strong></span> <span class='ocrx_word' id='word_1_816' title='bbox 1138 2467 1203 2503; x_wconf 88' lang='lat' dir='ltr'><strong>quid</strong></span> <span class='ocrx_word' id='word_1_817' title='bbox 1220 2473 1311 2494; x_wconf 74' lang='lat' dir='ltr'><strong>causze</strong></span> <span class='ocrx_word' id='word_1_818' title='bbox 1329 2469 1365 2493; x_wconf 72' lang='lat' dir='ltr'><strong>snt</strong></span> <span class='ocrx_word' id='word_1_819' title='bbox 1379 2465 1527 2500; x_wconf 84' lang='lat' dir='ltr'><strong>explicent,</strong></span> <span class='ocrx_word' id='word_1_820' title='bbox 1541 2473 1591 2491; x_wconf 79' lang='lat' dir='ltr'><strong>cur</strong></span> <span class='ocrx_word' id='word_1_821' title='bbox 1610 2464 1702 2496; x_wconf 82' lang='lat' dir='ltr'><strong>iidem,</strong></span> <span class='ocrx_word' id='word_1_822' title='bbox 1717 2464 1765 2498; x_wconf 91' lang='lat' dir='ltr'><strong>qui</strong></span> 
     </span>
    </p>
   </div>
   <div class='ocr_carea' id='block_1_111' title="bbox 978 2510 1766 2549">
    <p class='ocr_par' dir='ltr' id='par_1_111' title="bbox 978 2510 1766 2549">
     <span class='ocr_line' id='line_1_111' title="bbox 978 2510 1766 2549; baseline -0.008 -7"><span class='ocrx_word' id='word_1_823' title='bbox 978 2515 1068 2543; x_wconf 84' lang='lat' dir='ltr'><strong>solare</strong></span> <span class='ocrx_word' id='word_1_824' title='bbox 1080 2514 1241 2549; x_wconf 80' lang='lat' dir='ltr'><strong>deliquium,</strong></span> <span class='ocrx_word' id='word_1_825' title='bbox 1258 2512 1330 2548; x_wconf 90' lang='lat' dir='ltr'><strong>quod</strong></span> <span class='ocrx_word' id='word_1_826' title='bbox 1344 2510 1513 2547; x_wconf 74' lang='lat' dir='ltr'><strong>aPhlegonte</strong></span> <span class='ocrx_word' id='word_1_827' title='bbox 1521 2513 1766 2546; x_wconf 59' lang='lat' dir='ltr'><strong>commemoratur,</strong></span> 
     </span>
    </p>
   </div>
   <div class='ocr_carea' id='block_1_112' title="bbox 978 2555 1766 2593">
    <p class='ocr_par' dir='ltr' id='par_1_112' title="bbox 978 2555 1766 2593">
     <span class='ocr_line' id='line_1_112' title="bbox 978 2555 1766 2593; baseline -0.013 -4"><span class='ocrx_word' id='word_1_828' title='bbox 978 2562 1043 2588; x_wconf 85' lang='lat' dir='ltr'><strong>illud</strong></span> <span class='ocrx_word' id='word_1_829' title='bbox 1064 2568 1125 2588; x_wconf 78' lang='lat' dir='ltr'><strong>esse</strong></span> <span class='ocrx_word' id='word_1_830' title='bbox 1153 2564 1288 2591; x_wconf 88' lang='lat' dir='ltr'><strong>statuunt,</strong></span> <span class='ocrx_word' id='word_1_831' title='bbox 1314 2557 1387 2593; x_wconf 91' lang='lat' dir='ltr'><strong>quod</strong></span> <span class='ocrx_word' id='word_1_832' title='bbox 1413 2557 1465 2584; x_wconf 84' lang='lat' dir='ltr'><strong>sub</strong></span> <span class='ocrx_word' id='word_1_833' title='bbox 1484 2556 1585 2583; x_wconf 78' lang='lat' dir='ltr'><strong>Christi</strong></span> <span class='ocrx_word' id='word_1_834' title='bbox 1606 2555 1766 2584; x_wconf 73' lang='lat' dir='ltr'><strong>Passioucm</strong></span> 
     </span>
    </p>
   </div>
   <div class='ocr_carea' id='block_1_113' title="bbox 978 2599 1767 2641">
    <p class='ocr_par' dir='ltr' id='par_1_113' title="bbox 978 2599 1767 2641">
     <span class='ocr_line' id='line_1_113' title="bbox 978 2599 1767 2641; baseline -0.013 -7"><span class='ocrx_word' id='word_1_835' title='bbox 978 2607 1102 2641; x_wconf 63' lang='lat' dir='ltr'><strong>conligi,</strong></span> <span class='ocrx_word' id='word_1_836' title='bbox 1118 2604 1243 2633; x_wconf 75' lang='lat' dir='ltr'><strong>Passieni</strong></span> <span class='ocrx_word' id='word_1_837' title='bbox 1255 2609 1344 2631; x_wconf 88' lang='lat' dir='ltr'><strong>tamen</strong></span> <span class='ocrx_word' id='word_1_838' title='bbox 1358 2603 1409 2638; x_wconf 88' lang='lat' dir='ltr'><strong>ipsi</strong></span> <span class='ocrx_word' id='word_1_839' title='bbox 1422 2610 1476 2630; x_wconf 90' lang='lat' dir='ltr'><strong>non</strong></span> <span class='ocrx_word' id='word_1_840' title='bbox 1490 2606 1616 2637; x_wconf 82' lang='lat' dir='ltr'><strong>quartum</strong></span> <span class='ocrx_word' id='word_1_841' title='bbox 1634 2599 1767 2635; x_wconf 83' lang='lat' dir='ltr'><strong>olympia-</strong></span> 
     </span>
    </p>
   </div>
   <div class='ocr_carea' id='block_1_114' title="bbox 979 2644 1765 2682">
    <p class='ocr_par' dir='ltr' id='par_1_114' title="bbox 979 2644 1765 2682">
     <span class='ocr_line' id='line_1_114' title="bbox 979 2644 1765 2682; baseline -0.015 -1"><span class='ocrx_word' id='word_1_842' title='bbox 979 2654 1021 2681; x_wconf 84' lang='lat' dir='ltr'><strong>dis</strong></span> <span class='ocrx_word' id='word_1_843' title='bbox 1046 2660 1147 2680; x_wconf 88' lang='lat' dir='ltr'><strong>annum</strong></span> <span class='ocrx_word' id='word_1_844' title='bbox 1181 2651 1228 2678; x_wconf 74' lang='grc' dir='ltr'>ει-ιι</span> <span class='ocrx_word' id='word_1_845' title='bbox 1250 2649 1412 2682; x_wconf 82' lang='lat' dir='ltr'><strong>secundum,</strong></span> <span class='ocrx_word' id='word_1_846' title='bbox 1438 2648 1582 2676; x_wconf 86' lang='lat' dir='ltr'><strong>tertiumvc</strong></span> <span class='ocrx_word' id='word_1_847' title='bbox 1602 2644 1765 2680; x_wconf 69' lang='lat' dir='ltr'><strong>pricliniant.</strong></span> 
     </span>
    </p>
   </div>
   <div class='ocr_carea' id='block_1_115' title="bbox 979 2689 1767 2731">
    <p class='ocr_par' dir='ltr' id='par_1_115' title="bbox 979 2689 1767 2731">
     <span class='ocr_line' id='line_1_115' title="bbox 979 2689 1767 2731; baseline -0.015 -4"><span class='ocrx_word' id='word_1_848' title='bbox 979 2699 1124 2727; x_wconf 77' lang='lat' dir='ltr'><strong>Africanus</strong></span> <span class='ocrx_word' id='word_1_849' title='bbox 1136 2697 1208 2725; x_wconf 88' lang='lat' dir='ltr'><strong>enim</strong></span> <span class='ocrx_word' id='word_1_850' title='bbox 1224 2696 1295 2731; x_wconf 87' lang='lat' dir='ltr'><strong>apud</strong></span> <span class='ocrx_word' id='word_1_851' title='bbox 1311 2695 1505 2730; x_wconf 88' lang='lat' dir='ltr'><strong>Hieronymum</strong></span> <span class='ocrx_word' id='word_1_852' title='bbox 1523 2692 1549 2720; x_wconf 95' lang='lat' dir='ltr'><strong>in</strong></span> <span class='ocrx_word' id='word_1_853' title='bbox 1565 2694 1682 2726; x_wconf 83' lang='lat' dir='ltr'><strong>caputtx</strong></span> <span class='ocrx_word' id='word_1_854' title='bbox 1698 2689 1767 2716; x_wconf 87' lang='lat' dir='ltr'><strong>Dan.</strong></span> 
     </span>
    </p>
   </div>
   <div class='ocr_carea' id='block_1_116' title="bbox 980 2737 1768 2778">
    <p class='ocr_par' dir='ltr' id='par_1_116' title="bbox 980 2737 1768 2778">
     <span class='ocr_line' id='line_1_116' title="bbox 980 2737 1768 2778; baseline -0.015 -6"><span class='ocrx_word' id='word_1_855' title='bbox 980 2750 1007 2772; x_wconf 80' lang='lat' dir='ltr'><strong>et</strong></span> <span class='ocrx_word' id='word_1_856' title='bbox 1019 2746 1044 2772; x_wconf 91' lang='lat' dir='ltr'><strong>in</strong></span> <span class='ocrx_word' id='word_1_857' title='bbox 1058 2743 1167 2771; x_wconf 87' lang='lat' dir='ltr'><strong>Eusebii</strong></span> <span class='ocrx_word' id='word_1_858' title='bbox 1185 2741 1356 2778; x_wconf 79' lang='lat' dir='ltr'><strong>fragmentis,</strong></span> <span class='ocrx_word' id='word_1_859' title='bbox 1371 2748 1432 2775; x_wconf 79' lang='lat' dir='ltr'><strong>pag.</strong></span> <span class='ocrx_word' id='word_1_860' title='bbox 1445 2739 1489 2770; x_wconf 81' lang='lat'><strong>63,</strong></span> <span class='ocrx_word' id='word_1_861' title='bbox 1502 2737 1639 2765; x_wconf 81' lang='lat' dir='ltr'><strong>Christum</strong></span> <span class='ocrx_word' id='word_1_862' title='bbox 1655 2742 1768 2770; x_wconf 86' lang='lat' dir='ltr'><strong>passum</strong></span> 
     </span>
    </p>
   </div>
   <div class='ocr_carea' id='block_1_117' title="bbox 981 2781 1772 2821">
    <p class='ocr_par' dir='ltr' id='par_1_117' title="bbox 981 2781 1772 2821">
     <span class='ocr_line' id='line_1_117' title="bbox 981 2781 1772 2821; baseline -0.015 -3"><span class='ocrx_word' id='word_1_863' title='bbox 981 2791 1100 2818; x_wconf 84' lang='lat' dir='ltr'><strong>asseruit</strong></span> <span class='ocrx_word' id='word_1_864' title='bbox 1124 2796 1197 2816; x_wconf 83' lang='lat' dir='ltr'><strong>anno</strong></span> <span class='ocrx_word' id='word_1_865' title='bbox 1209 2787 1330 2815; x_wconf 78' lang='lat' dir='ltr'><strong>secundo</strong></span> <span class='ocrx_word' id='word_1_866' title='bbox 1360 2786 1462 2821; x_wconf 81' lang='lat' dir='ltr'><strong>olymp.</strong></span> <span class='ocrx_word' id='word_1_867' title='bbox 1486 2783 1556 2815; x_wconf 68' lang='lat'><strong>202,</strong></span> <span class='ocrx_word' id='word_1_868' title='bbox 1574 2781 1709 2809; x_wconf 86' lang='lat' dir='ltr'><strong>Eusebius</strong></span> <span class='ocrx_word' id='word_1_869' title='bbox 1743 2785 1772 2806; x_wconf 85' lang='lat' dir='ltr'><strong>et</strong></span> 
     </span>
    </p>
   </div>
   <div class='ocr_carea' id='block_1_118' title="bbox 982 2825 1773 2870">
    <p class='ocr_par' dir='ltr' id='par_1_118' title="bbox 982 2825 1773 2870">
     <span class='ocr_line' id='line_1_118' title="bbox 982 2825 1773 2870; baseline -0.014 -8"><span class='ocrx_word' id='word_1_870' title='bbox 982 2833 1166 2870; x_wconf 90' lang='lat' dir='ltr'><strong>Hieronymus</strong></span> <span class='ocrx_word' id='word_1_871' title='bbox 1192 2840 1265 2860; x_wconf 89' lang='lat' dir='ltr'><strong>anno</strong></span> <span class='ocrx_word' id='word_1_872' title='bbox 1298 2831 1388 2858; x_wconf 87' lang='lat' dir='ltr'><strong>tertio.</strong></span> <span class='ocrx_word' id='word_1_873' title='bbox 1412 2829 1482 2862; x_wconf 83' lang='lat' dir='ltr'><strong>Quid</strong></span> <span class='ocrx_word' id='word_1_874' title='bbox 1508 2832 1600 2855; x_wconf 79' lang='lat' dir='ltr'><strong>autem</strong></span> <span class='ocrx_word' id='word_1_875' title='bbox 1624 2825 1773 2854; x_wconf 81' lang='lat' dir='ltr'><strong>absurdius</strong></span> 
     </span>
    </p>
   </div>
   <div class='ocr_carea' id='block_1_119' title="bbox 981 2873 1771 2917">
    <p class='ocr_par' dir='ltr' id='par_1_119' title="bbox 981 2873 1771 2917">
     <span class='ocr_line' id='line_1_119' title="bbox 981 2873 1771 2917; baseline -0.013 -8"><span class='ocrx_word' id='word_1_876' title='bbox 981 2887 1034 2913; x_wconf 79' lang='lat' dir='ltr'><strong>est.</strong></span> <span class='ocrx_word' id='word_1_877' title='bbox 1047 2889 1130 2917; x_wconf 86' lang='lat' dir='ltr'><strong>quam</strong></span> <span class='ocrx_word' id='word_1_878' title='bbox 1151 2879 1308 2914; x_wconf 73' lang='lat' dir='ltr'><strong>Phlegontis</strong></span> <span class='ocrx_word' id='word_1_879' title='bbox 1320 2877 1451 2904; x_wconf 67' lang='lat' dir='ltr'><strong>adversus</strong></span> <span class='ocrx_word' id='word_1_880' title='bbox 1469 2874 1582 2911; x_wconf 72' lang='lat' dir='ltr'><strong>gentiles</strong></span> <span class='ocrx_word' id='word_1_881' title='bbox 1599 2873 1771 2902; x_wconf 74' lang='lat' dir='ltr'><strong>auctoritate.</strong></span> 
     </span>
    </p>
   </div>
   <div class='ocr_carea' id='block_1_120' title="bbox 983 2921 1772 2964">
    <p class='ocr_par' dir='ltr' id='par_1_120' title="bbox 983 2921 1772 2964">
     <span class='ocr_line' id='line_1_120' title="bbox 983 2921 1772 2964; baseline -0.014 -9"><span class='ocrx_word' id='word_1_882' title='bbox 983 2933 1063 2964; x_wconf 84' lang='lat' dir='ltr'><strong>atque</strong></span> <span class='ocrx_word' id='word_1_883' title='bbox 1077 2926 1170 2962; x_wconf 89' lang='lat' dir='ltr'><strong>eclipsi</strong></span> <span class='ocrx_word' id='word_1_884' title='bbox 1179 2925 1225 2954; x_wconf 83' lang='lat' dir='ltr'><strong>illa</strong></span> <span class='ocrx_word' id='word_1_885' title='bbox 1241 2925 1307 2953; x_wconf 86' lang='lat' dir='ltr'><strong>solis</strong></span> <span class='ocrx_word' id='word_1_886' title='bbox 1325 2927 1456 2955; x_wconf 80' lang='lat' dir='ltr'><strong>utentem,</strong></span> <span class='ocrx_word' id='word_1_887' title='bbox 1477 2929 1559 2958; x_wconf 87' lang='lat' dir='ltr'><strong>quam</strong></span> <span class='ocrx_word' id='word_1_888' title='bbox 1575 2921 1599 2948; x_wconf 88' lang='lat' dir='ltr'><strong>is</strong></span> <span class='ocrx_word' id='word_1_889' title='bbox 1611 2923 1710 2954; x_wconf 77' lang='lat' dir='ltr'><strong>quarto</strong></span> <span class='ocrx_word' id='word_1_890' title='bbox 1723 2925 1772 2945; x_wconf 85' lang='lat' dir='ltr'><strong>au—</strong></span> 
     </span>
    </p>
   </div>
  </div>
