1925 3043
197 211 244 239 979

745 206 920 236 APPENDIX
941 205 1256 236 DISSERTA'I‘IONUM.

1769 205 1820 234 98»

194 276 230 296 no
249 267 398 301 contigisse
410 266 527 298 dixerat,
546 274 599 293 non
623 265 711 293 cidem
732 273 804 293 anno
822 264 982 292 Passionem
997 267 1021 294 Α
1035 273 1109 292 anno
1125 265 1170 292 illo
1186 265 1221 292 54
1240 265 1315 300 cyclo
1342 265 1413 292 luna!
1437 272 1493 297 xvi,
1511 264 1578 291 solis
1600 271 1632 290 xv
1649 263 1819 291 n0viiunium

193 312 334 340 tribuere?
350 312 532 344 Quamobrem
545 319 578 338 ne
603 311 669 338 tanti
696 310 826 345 stuporis,
847 314 929 343 atque
942 308 984 335 in-

193 358 290 390 scitire,
317 358 372 384 imo
396 356 632 391 praevaricationis
656 355 811 391 gravissimi
830 355 867 382 illi
887 354 984 381 Patres

192 407 355 438 arguantur,
379 410 412 430 eo
433 403 542 429 demum
577 402 733 430 necessario
762 401 930 434 redigimur,
955 404 985 426 ut

194 448 350 483 Pblegontis
377 449 562 476 testimonium
580 449 646 475 illud
672 448 769 475 vitiose
795 447 829 474 ab
852 445 983 478 librariis,

193 500 240 522 aut
263 494 430 531 Hieronymo
446 495 505 530 ipso
534 495 660 522 dicamus
676 495 704 521 in
720 492 864 520 Chronicis
874 499 985 526 expres-

193 549 265 568 sutn.
280 540 352 567 Sane
369 549 395 567 In
418 539 513 568 Graeco
538 541 648 568 Eusebii
671 539 811 571 Chronico,
834 545 897 572 pag.
922 535 982 567 118,

193 586 229 613 ita
256 586 387 621 scriptum
422 591 490 613 est:
523 585 568 620 Τῷ
594 585 621 612 δὲ
651 584 705 611 ἔτει
733 585 783 619 τῆς
808 583 848 618 σβ⁹
885 581 984 616 Ὀλυμ-

193 632 296 663 mirae;-
314 636 342 658 ut
357 636 486 666 appareat
500 631 626 657 cxtritatn
644 630 729 657 fuisse
755 628 922 656 uumeralem
936 635 984 654 no-

194 683 261 710 tam,
285 685 333 712 pro
358 684 412 712 qua
436 681 601 712 anagnostes
636 674 798 710 llieronymi
831 673 863 706 δ’,
890 673 916 700 id
942 677 985 700 est

192 728 320 757 quartum
349 730 452 749 annum
478 722 583 757 legerit,
605 729 667 748 cum
688 724 760 748 esset
776 718 933 754 coniunctio
943 718 982 745 δέ.

192 769 226 795 At
241 767 369 802 Keplerus
378 768 405 794 in
415 767 519 802 Eclogis
531 766 705 801 Pblegontcm
721 764 876 800 suspicatur
888 763 921 790 de
930 763 983 790 alia

194 813 260 840 solis
275 813 369 847 eclipsi
384 813 516 845 locutum,
540 819 601 847 qua:
617 819 690 838 anno
711 811 799 846 primo
818 808 984 844 olymp.202

193 860 318 894 contigit,
344 858 411 887 Nov.
441 866 515 891 xxiv,
541 866 613 885 anno
636 857 747 884 Juliauo
763 856 807 889 74,
828 854 982 891 quicquam

193 905 269 937 Asia,
283 905 326 932 vel
343 905 420 941 Syria
441 905 533 932 tot-alis
548 904 609 937 fuit,
625 905 691 931 hora
706 911 770 936 una,
785 909 866 937 atque
896 901 981 929 altera

1036 320 1131 340 verum
1149 313 1244 340 incidit
1261 313 1288 340 in
1301 312 1389 340 Martii
1404 321 1442 345 ix,
1460 311 1537 340 horis
1552 319 1566 337 v
1577 319 1640 338 cum
1654 311 1752 339 triente
1766 310 1821 338 fere

1035 366 1050 384 a
1068 358 1156 385 media
1183 362 1272 390 nocte,
1298 363 1361 385 octo
1379 358 1489 385 circiter
1514 357 1588 385 horis
1617 361 1679 392 post
1703 355 1820 383 mediam

1033 403 1265 437 conjunctionem,
1283 410 1344 437 qua:
1355 410 1446 430 veram
1460 402 1617 434 antecessit,
1628 402 1655 428 in
1670 399 1822 427 meridiano

1034 446 1292 483 llierosolymitano.
1310 446 1401 480 Quare
1427 447 1525 474 falsum
1552 451 1595 474 est
1615 445 1694 473 tertio
1711 445 1821 473 demum

1033 494 1088 525 die,
1100 495 1150 521 hoc
1160 498 1202 521 est
1215 502 1253 522 ιιι
1266 493 1366 526 Martii,
1382 494 1554 522 neomeniam
1568 501 1629 520 esse
1639 492 1769 520 deﬁxam.

1068 539 1127 566 Col.
1141 539 1193 566 955
1209 539 1240 567 C.
1252 539 1366 574 Πάσχει
1377 539 1451 566 δὲέν
1459 538 1495 574 τῇ
1502 538 1736 573 πρὸὸεκατριῶν.
1745 536 1822 564 Nulla

1035 583 1144 619 Sibylla:
1156 583 1230 616 folia,
1244 592 1331 619 neque
1346 583 1476 620 Sphingis
1495 584 1639 619 arnigmata
1651 591 1714 610 cum
1724 590 1821 610 eorum

1034 638 1096 665 quae
1106 635 1257 665 sequuntur
1269 631 1436 658 obscuritate
1443 630 1561 657 conferri
1570 633 1701 665 possunt:
1719 637 1781 664 quae
1788 636 1823 656 ne

1034 676 1078 703 ille
1096 675 1205 710 quidem
1230 675 1434 703 eruditissimus
1448 676 1658 703 mathematicus
1676 680 1823 703 assecutus

1033 726 1088 754 est,
1101 722 1147 757 qui
1160 722 1232 749 hunc
1242 722 1348 757 cyclum
1363 721 1541 750 solertissime
1551 721 1708 749 declaravit.
1721 722 1750 748 In
1770 721 1824 756 pri-

1033 767 1085 794 mis
1097 766 1168 793 enitn
1182 766 1290 794 Judams
1304 766 1342 794 ait
1356 766 1516 802 ὑπερϐάσει,
1530 766 1581 794 hoc
1588 771 1630 793 est
1643 766 1823 794 translatione

1033 812 1139 840 Pascha
1149 812 1336 846 submovisse;
1349 812 1488 840 Christum
1503 819 1568 839 vero
1582 819 1691 847 passum
1701 811 1765 838 luna
1777 819 1822 838 xrv

1034 858 1179 892 νυκτερινῇ
1189 857 1268 892 μέσῃ.
1279 856 1384 891 Optime
1393 856 1622 892 Kepleruslunam
1631 856 1675 884 hic
1682 855 1823 883 Nicaenam

1034 902 1169 937 intelligit.
1193 902 1294 930 Passus
1314 906 1355 929 est.
1377 908 1482 935 autent,
1500 906 1529 929 ut
1542 903 1627 929 credit
1640 902 1821 937 Epiphanius,

193 955 256 977 ante
271 939 420 977 meridiem.
434 949 510 983 Quod
522 957 584 977 cum
608 949 764 980 Africanus,
778 952 804 975 et
817 948 861 974 alii
876 947 908 973 ad
921 954 981 973 eam
998 939 1019 966 Β
1037 956 1085 975 xm
1102 948 1161 975 Kal.
1177 949 1253 984 Apta,
1269 949 1295 976 id
1308 953 1351 976 est
1366 948 1454 976 Martii
1466 958 1511 976 xx.
1528 948 1609 984 Atqui
1626 949 1690 976 luna
1705 953 1762 976 tum
1775 947 1822 975 Ni-

193 996 393 1030 olympiadem.
412 1003 465 1030 qua
492 1003 588 1030 passus
613 999 655 1022 est
675 993 817 1024 Dominus,
836 993 982 1020 convenire

193 1046 343 1072 cernerent.
359 1041 429 1069 idem
446 1041 512 1068 illud
528 1040 677 1075 deliquium
695 1040 761 1067 solis
779 1047 840 1066 esse
853 1039 903 1066 sibi
921 1046 982 1073 per-

193 1092 352 1120 suaserunt,
367 1087 450 1121 quod,
466 1086 577 1114 Christo
592 1086 723 1120 patiente,
747 1089 843 1120 praeter
854 1088 980 1110 naturam

192 1137 329 1161 evenerat.
345 1133 488 1161 Postremo
506 1140 568 1160 cum
584 1132 714 1160 obductio
727 1131 771 1158 illa
784 1128 854 1158 lucis
868 1135 982 1157 natura-

192 1179 225 1206 lis
241 1187 294 1206 non
315 1178 410 1211 fuerit,
422 1186 512 1213 neque
524 1186 556 1205 ex
577 1177 778 1205 mathematicis
790 1176 889 1204 tabulis
904 1176 981 1203 inda-

191 1225 249 1259 gari
262 1225 390 1259 potuerit,
407 1232 460 1251 non
477 1223 586 1250 aliunde
602 1223 732 1258 Phlegon,
749 1222 773 1249 si
788 1222 849 1256 ejus
862 1221 979 1248 tuentiu-

191 1279 252 1299 neui
270 1272 369 1306 attigitl
387 1279 471 1306 quam
497 1279 530 1298 ex
550 1271 666 1298 aliorum
688 1270 879 1298 testilicatione
905 1269 979 1296 illam

190 1317 344 1351 comperit:
364 1317 390 1343 in
406 1325 460 1351 quo
477 1315 556 1344 facile
569 1316 648 1343 locus
665 1316 752 1343 errori
770 1314 832 1347 fuit,
855 1319 884 1342 ut
912 1315 981 1342 alter

190 1371 240 1398 pro
258 1363 344 1390 altero
371 1370 461 1390 anuus
487 1363 521 1389 ab
546 1370 579 1390 eo
605 1362 831 1389 substitueretur.
849 1361 929 1388 Aliud
946 1368 980 1388 ex

189 1407 311 1444 Dionysii
330 1408 499 1443 Areopagitze
516 1408 629 1435 historia
642 1408 712 1435 solet
728 1407 822 1442 objici.
840 1406 889 1434 llic
906 1406 977 1433 enim

189 1453 269 1487 epist.
293 1461 330 1480 vn
356 1454 390 1480 ad
410 1452 587 1489 Polycarpum
606 1461 746 1488 exponens
761 1461 822 1488 qua).
841 1453 900 1488 ipso
915 1452 980 1480 Pas-

190 1498 277 1526 sionis
294 1504 417 1533 tempore
433 1507 495 1526 eum
510 1499 698 1534 Apollophane
715 1498 847 1534 Hcliopoli
863 1498 978 1529 viderat,

189 1544 368 1578 plenilunium
384 1550 449 1572 tunc
471 1544 557 1572 fuisse
576 1545 723 1580 signiﬁcat.
744 1543 811 1571 Nam
831 1548 893 1579 post
912 1544 979 1571 ecli—

189 1591 263 1625 psin,
280 1591 327 1617 καὶ
343 1591 392 1625 τὴν
405 1590 614 1626 ὲπιπρόσῢησιν,
629 1591 669 1622 εἰς
683 1591 713 1617 τὺ
728 1590 776 1617 τοῦ
793 1590 868 1626 ἡλίου
883 1590 981 1625 διάμε-
995 1613 1015 1641 C

187 1645 253 1673 τρον
263 1636 603 1672 ἀντικαταστῆναιλιιιιίιηι
622 1637 731 1669 asserit,
748 1637 800 1664 hoc
813 1642 854 1664 est
866 1637 894 1663 in
913 1644 976 1663 eum

188 1682 250 1710 θα)ιί
279 1683 370 1710 locum
396 1689 564 1716 pervenisse,
580 1682 628 1717 qui
645 1690 660 1709 e
679 1682 813 1709 diametro
837 1682 921 1709 solem
937 1690 980 1708 re-

188 1729 316 1764 spiceret.
327 1728 379 1756 Sed
395 1735 427 1756 ex
448 1728 501 1755 illis
520 1727 642 1763 Dionysii
656 1727 746 1755 verbis
756 1727 825 1755 nihil
840 1727 874 1756 de
892 1727 980 1762 pleni—

187 1773 266 1801 lunio
288 1774 441 1810 colligitur;
468 1778 498 1802 ut
526 1774 599 1802 enim
633 1774 726 1801 lunam
750 1778 816 1801 tunc
839 1773 979 1808 ἀμφίκυρ-

186 1827 233 1845 τον
249 1819 333 1847 fuisse
351 1821 457 1853 demus,
470 1828 531 1848 cum
548 1829 579 1848 ea
600 1823 661 1855 post
674 1819 872 1855 ὲπιπρὸσθησιν
890 1819 980 1854 pristi-

187 1871 254 1890 num
270 1865 303 1891 ad
318 1864 407 1891 locum
432 1865 632 1900 regrederetur,
648 1871 696 1900 per
709 1871 768 1891 eam
785 1864 847 1891 cteli
859 1864 977 1898 plagam,

188 1918 250 1945 quae
266 1910 317 1937 soli
333 1918 366 1937 ex
376 1910 491 1937 adverso
508 1916 567 1937 erat
581 1909 717 1945 opposita,
734 1909 877 1936 transiisse
889 1909 978 1936 solum

187 1957 301 1988 dicitur,
321 1963 375 1983 non
391 1958 417 1983 in
435 1964 467 1983 ea
481 1956 650 1984 constitisse.
662 1955 728 1984 Plus
743 1955 815 1983 enim
834 1954 979 1982 dimidiato

189 2002 257 2031 orbe
278 2003 423 2038 percurrit.
445 2003 580 2036 Quocirca
595 2003 664 2030 nihil
680 2003 804 2038 estquod
820 2001 977 2038 Epipbanii,

187 2049 310 2085 adeoque
331 2049 470 2077 comtnuni
496 2049 671 2084 antiquorum
695 2048 807 2076 Patrum
835 2053 978 2077 sententia:

187 2095 221 2124 de
238 2103 302 2124 vero
328 2095 469 2124 Passionis
486 2103 559 2123 anno
576 2097 714 2131 negotium
737 2095 867 2124 facessat.
898 2095 977 2124 Nunc

186 2142 308 2170 aurtoris
334 2142 415 2169 verba
443 2142 601 2177 singillatim
618 2143 823 2177 expendemus;
844 2143 867 2170 si
887 2143 975 2177 prius,

186 2189 259 2224 quod
286 2189 482 2224 propemodum
496 2189 645 2221 exciderat,
673 2189 781 2217 Onufrii
800 2197 833 2218 ex
857 2190 976 2218 Gaurico

185 2235 350 2263 sententiam
382 2235 415 2263 de
442 2235 544 2263 Christi
571 2234 704 2263 Passione
732 2236 900 2263 refellamus.
926 2236 976 2264 Hic

1034 1002 1119 1026 esena,
1140 995 1235 1022 eodem
1250 994 1403 1030 Epiphanio
1417 999 1540 1025 auctore.
1560 995 1611 1022 fuit
1628 1003 1689 1029 xlii,
1708 995 1761 1022 sub
1777 1003 1822 1022 ve-

1033 1048 1141 1075 speram
1162 1032 1252 1068 autem
1269 1042 1350 1076 cmpit
1367 1048 1423 1073 xiv,
1441 1048 1502 1068 curn
1523 1041 1549 1068 in
1564 1041 1641 1076 cyelo
1653 1040 1769 1068 Judaico
1781 1040 1822 1067 vi-

1032 1088 1102 1115 tioso
1116 1092 1189 1115 esset
1208 1096 1252 1119 xv,
1270 1093 1400 1122 sequente
1415 1096 1472 1115 xvr.
1487 1088 1539 1116 Sed
1550 1087 1610 1114 καθ’
1624 1087 1777 1122 ὑπέρϐασιν
1787 1087 1822 1114 ab

1033 1131 1130 1159 iisdem
1153 1140 1196 1158 xiv
1217 1131 1289 1159 facta
1309 1136 1359 1164 est,
1377 1139 1439 1160 cum
1455 1132 1483 1159 in
1499 1139 1559 1160 eam
1575 1131 1680 1159 Pascha
1697 1131 1821 1166 traiecis-

1031 1182 1103 1206 sent.
1119 1178 1219 1206 Verum
1241 1178 1274 1206 de
1295 1179 1346 1205 hac
1369 1178 1521 1213 posteriore
1534 1178 1619 1213 accipi
1636 1185 1690 1205 non
1706 1182 1798 1212 potest
1813 1187 1821 1205 τ

1032 1225 1095 1259 quia
1111 1225 1271 1260 νυκτερινήν
1283 1225 1356 1252 illam
1373 1224 1571 1252 vocatJudaeis
1584 1231 1648 1252 vero
1661 1229 1723 1259 post
1739 1223 1822 1260 μετά-

1032 1270 1110 1305 ϐασιν
1122 1279 1166 1298 xw
1178 1271 1259 1298 desiit
1270 1271 1296 1298 in
1309 1280 1358 1298 xv:
1369 1272 1483 1307 ideoque
1498 1272 1549 1299 fuit
1560 1270 1677 1307 ἡμερινὴ
1692 1279 1737 1298 xv.
1749 1271 1821 1298 Fieri

1031 1320 1132 1350 potest,
1148 1320 1178 1343 ut
1187 1317 1405 1344 emendationem
1418 1318 1463 1344 hic
1478 1318 1554 1345 locus
1568 1317 1667 1352 potius,
1680 1325 1763 1352 quam
1777 1317 1822 1344 in-

1031 1362 1253 1396 terpretationem
1267 1363 1405 1397 requirat:
1419 1362 1616 1398 legendumque
1626 1363 1678 1395 sit;
1693 1370 1821 1398 τρισκαι-

1030 1406 1130 1442 δεκάτη
1142 1407 1258 1443 ἡμερινὴ
1275 1408 1355 1444 μέση·
1378 1408 1429 1436 hoc
1438 1413 1481 1436 cst
1495 1409 1556 1435 luna
1570 1416 1629 1438 xm,
1641 1416 1702 1443 quae
1713 1409 1748 1435 ab
1759 1413 1821 1435 ortu

1031 1453 1098 1481 solis
1113 1454 1217 1489 incipit,
1235 1454 1353 1487 labente,
1371 1454 1426 1481 imo
1443 1454 1598 1490 μεσαζούσῃ
1614 1455 1665 1482 sub
1679 1454 1821 1481 meridiem

1030 1499 1156 1527 videlicet
1181 1499 1245 1533 diei,
1269 1507 1325 1535 quo
1345 1500 1460 1528 civiliter
1488 1508 1535 1527 xm
1559 1500 1621 1527 luna
1647 1505 1821 1527 numeratur.

1030 1544 1107 1578 Quod
1126 1545 1179 1573 nisi
1191 1545 1228 1573 ita
1241 1550 1293 1578 est,
1310 1545 1377 1572 nihil
1397 1546 1516 1574 occurrit
1535 1546 1635 1580 aptius,
1650 1553 1732 1580 quam
1745 1545 1822 1580 quod

1033 1590 1147 1625 Krplero
1168 1591 1279 1626 placuit,
1301 1591 1434 1618 decimam
1457 1596 1580 1626 quartam
1601 1591 1750 1624 Nicaeuam,
1773 1598 1822 1617 vo-

1032 1636 1090 1663 cari
1110 1644 1177 1670 xm;
1197 1637 1270 1672 quod
1292 1637 1317 1664 in
1343 1645 1403 1664 eam
1420 1642 1528 1665 noctem
1543 1637 1658 1668 desinat,
1674 1645 1688 1663 a
1704 1644 1759 1672 qua
1776 1644 1822 1663 xiv

1031 1681 1138 1708 initium
1155 1682 1278 1716 accepit:
1293 1683 1522 1717 quemadmodum
1534 1681 1593 1709 dies
1608 1682 1774 1717 Azymorum
1787 1682 1823 1708 ab

1030 1728 1204 1762 evangelistis
1221 1727 1371 1755 Parasceve
1392 1729 1448 1763 ipsa
1467 1727 1620 1760 Paschalis,
1641 1727 1697 1755 sive
1713 1727 1822 1754 decima

1030 1778 1127 1808 quarta
1149 1773 1251 1801 mensis
1269 1774 1421 1809 appellatur
1435 1774 1505 1801 κατὰ
1521 1773 1664 1809 πρόληψιν.
1691 1773 1744 1800 Sed
1762 1777 1821 1799 llllll

1032 1819 1102 1854 μέση
1120 1827 1183 1852 vox,
1199 1820 1221 1847 si
1236 1819 1375 1847 meridiem
1389 1819 1534 1855 signiticet,
1549 1827 1645 1854 parum
1657 1823 1719 1853 apte
1728 1819 1822 1846 COIl2£~

1030 1865 1109 1892 rebit.
1127 1864 1184 1891 Non
1201 1865 1272 1892 enirn
1290 1869 1332 1893 est
1350 1864 1494 1901 νυκτερινὴ
1515 1864 1597 1900 μέση,
1622 1872 1682 1899 quae
1708 1864 1821 1891 nonnisi

1029 1916 1092 1946 post
1106 1919 1246 1946 vesperam
1261 1912 1353 1946 coepit.
1378 1911 1430 1939 Sed
1452 1919 1541 1946 neque
1556 1910 1661 1938 medios
1678 1910 1711 1937 ad
1728 1915 1822 1937 motus

1029 1958 1230 1986 astronomicos
1251 1966 1311 1986 mea
1336 1958 1469 1986 sententia
1495 1957 1616 1993 respexit
1638 1956 1822 1992 Epiphanius.

1030 2004 1211 2038 Quamobrem
1224 2005 1255 2031 τὸ
1271 2005 1340 2041 μέση
1353 2005 1447 2033 abesse
1460 2013 1508 2040 per
1520 2012 1562 2032 me
1575 2004 1685 2039 quidem
1700 2008 1802 2038 potest.

1066 2050 1133 2078 Ibid.
1148 2051 1321 2085 Προέλαὸον
1336 2051 1401 2086 γὰρ,
1420 2051 1469 2079 καὶ
1479 2051 1602 2086 ἔφαγον.
1612 2051 1663 2078 llic
1675 2051 1721 2078 ille
1732 2051 1821 2078 nodus

1027 2103 1069 2126 est
1080 2097 1275 2134 propemodum
1283 2097 1489 2128 inextricabilis,
1496 2105 1578 2132 quem
1586 2097 1766 2125 acutissimus
1776 2097 1821 2124 ille

1028 2145 1238 2172 mathematicus
1260 2151 1315 2172 non
1331 2143 1466 2171 dissolvit.
1489 2142 1534 2170 Sic
1556 2143 1628 2170 enim
1653 2143 1819 2177 intcrprcta~

1028 2195 1072 2218 tur
1088 2201 1095 2218 :
1111 2191 1238 2219 Christus
1255 2199 1317 2219 cum
1334 2190 1436 2218 Iudaeis
1449 2189 1614 2226 quibusdam
1630 2188 1737 2217 Pascha
1753 2189 1819 2216 obiit

1029 2237 1091 2263 luna
1110 2236 1224 2264 Iudaica
1240 2237 1338 2264 vitiosa
1359 2245 1404 2263 xw
1421 2241 1547 2268 exeunte,
1565 2235 1678 2264 Nieaaua
1693 2243 1744 2267 xu,
1766 2235 1818 2262 hoc

184 2281 257 2308 enim
278 2288 340 2308 cum
358 2289 430 2308 anno
444 2289 506 2309 atrae
520 2281 695 2317 Dionysi-anne
711 2282 746 2309 54
758 2282 831 2310 illam
844 2283 976 2311 accidisse
993 2291 1014 2319 ῃ
1032 2287 1074 2309 est
1086 2290 1130 2309 xiv
1146 2281 1207 2310 Kal.
1228 2282 1305 2317 Δρικ,
1321 2282 1407 2317 pridie
1429 2283 1489 2317 ejus
1509 2282 1562 2309 diei
1580 2289 1635 2317 quo
1649 2289 1749 2316 passus
1764 2286 1816 2310 est.

185 2327 337 2358 conﬁrmet,
353 2327 442 2355 Martii
458 2336 533 2360 xx",
545 2328 609 2355 luna
625 2337 703 2362 xvut,
719 2337 781 2364 qua;
798 2331 976 2358 antecedente

1027 2329 1115 2355 Biduo
1141 2328 1225 2363 igitur
1241 2328 1379 2356 Nicaenam
1400 2329 1492 2356 lunam
1518 2328 1688 2363 alitieipavit.
1714 2327 1817 2356 Idcirco

186 2380 299 2407 vespera
312 2373 369 2407 jam
394 2374 521 2401 incltoata
540 2373 640 2408 fuerat,
660 2375 769 2403 Judaeos
788 2377 887 2404 asserit
908 2385 974 2403 neo-
998 2375 1189 2411 \npoéita60v,
1205 2376 1294 2410 inquit
1305 2376 1484 2411 Epiphanius,
1501 2376 1548 2402 καὶ
1558 2375 1659 2410 ἔφαγον
1675 2374 1707 2402 τδ
1720 2375 1818 2410 Πάσχα.

185 2417 303 2446 meniam
319 2426 373 2446 non
384 2426 398 2446 a
415 2419 489 2446 coitu
505 2420 691 2453 luminarium,
711 2422 758 2449 sed
776 2430 791 2448 a
808 2423 975 2450 cornienlata

185 2463 272 2498 eﬂigie
286 2464 415 2499 coepisse,
440 2466 492 2493 hoc
503 2470 546 2493 est
556 2467 636 2494 tertio
652 2467 696 2494 die
708 2472 768 2502 post
784 2468 954 2495 novilunium
966 2477 973 2483 -

183 2508 258 2545 quod
275 2518 302 2537 ix
318 2511 362 2537 die
378 2510 467 2538 Martii
484 2511 557 2539 circa
573 2512 639 2540 solis
652 2521 780 2541 occasum
796 2515 973 2542 commissum

183 2560 236 2584 est.
265 2556 343 2584 Unde
370 2557 459 2585 civilis
485 2566 580 2586 eorum
605 2560 746 2587 ncomenia
772 2560 826 2587 ἀπὸ
852 2561 901 2596 τῆς
921 2562 974 2596 φά-

185 2610 254 2633 σεως
271 2601 333 2629 iniit
349 2602 436 2629 Martii
455 2611 503 2630 xu.
521 2603 604 2639 Igitur
624 2605 728 2632 decima
749 2606 844 2641 quinta
860 2607 975 2634 incurrit

184 2649 210 2676 in
225 2656 288 2676 xxvi
301 2647 400 2676 Martii.
415 2648 477 2676 Haec
492 2649 635 2678 Onuirius.
653 2650 719 2683 Qua:
732 2660 794 2679 cum
810 2661 843 2680 ex
859 2652 973 2681 Judaica

183 2693 308 2721 doctrina
320 2693 447 2721 hausisse
467 2701 496 2721 se
510 2694 679 2729 proﬁteatur,
697 2697 813 2724 multum
828 2701 919 2725 tamen
939 2698 973 2725 ab

183 2747 214 2767 ea
226 2739 392 2774 discrepant.
406 2739 498 2775 Neque
515 2741 587 2768 enim
609 2743 752 2770 ncomenia
770 2751 834 2771 cum
848 2744 903 2770 ἀπὸ
922 2745 972 2780 τῆς

182 2786 289 2819 φάσεως
307 2787 527 2820 constitueretur,
540 2788 628 2815 triduo
641 2790 676 2816 ab
687 2797 750 2817 vero
765 2791 837 2818 coitu
851 2799 970 2826 unquam

182 2830 280 2863 abfuit,
297 2832 344 2859 sed
367 2841 421 2860 uno
433 2833 466 2860 ad
495 2841 629 2861 summam
647 2835 691 2863 die
705 2841 766 2870 post
793 2837 868 2864 illum
883 2838 972 2865 civilis

182 2877 324 2904 ncomenia
338 2878 493 2907 denuntiari
519 2880 632 2912 solebat,
648 2885 678 2908 ut
703 2890 735 2909 ex
752 2882 784 2908 Β.
803 2883 878 2912 Mose
904 2892 971 2912 con-

183 2925 245 2949 stat.
263 2921 301 2950 De
311 2931 366 2958 quo
382 2925 443 2953 vide
459 2925 584 2955 Glossam
600 2935 661 2963 cap.
683 2928 694 2955 t
724 2928 870 2957 Kiddusc/i.
888 2930 969 2966 Atqui

1026 2422 1110 2449 biduo
1124 2426 1186 2449 ante
1200 2422 1349 2457 legitimum
1363 2426 1480 2456 tempus,
1497 2421 1569 2456 quod
1579 2425 1638 2448 erat
1648 2427 1694 2447 xiv
1708 2419 1817 2448 Nicena

1026 2468 1126 2495 cadens
1142 2467 1167 2494 in
1182 2475 1221 2495 xu
1238 2467 1297 2494 Kal.
1308 2467 1392 2500 Quasi
1405 2468 1461 2494 haec
1472 2468 1565 2500 verba,
1577 2466 1739 2502 προέλαϐον,
1752 2471 1816 2498 etc.,

1026 2521 1079 2540 non
1105 2512 1138 2540 de
1158 2511 1259 2540 Iudaeis
1280 2512 1408 2540 omnibus
1431 2511 1589 2547 accipienda
1612 2511 1683 2544 sint,
1711 2512 1759 2539 sed
1785 2512 1817 2538 de

1025 2559 1133 2586 Christo
1147 2563 1174 2586 et
1188 2559 1330 2594 apostolis,
1347 2567 1379 2586 ac
1395 2559 1416 2586 si
1442 2559 1488 2593 qui
1503 2564 1567 2586 sunt
1582 2558 1640 2591 alii,
1660 2557 1709 2592 qui
1730 2557 1816 2593 majo-

1025 2612 1085 2631 rum
1103 2605 1173 2632 ritus
1186 2605 1402 2632 observaverint.
1420 2603 1487 2631 Nam
1502 2603 1574 2639 quod
1591 2603 1625 2631 ad
1647 2601 1759 2630 Iudaeos
1775 2610 1815 2629 re-

1025 2650 1116 2686 liquos
1129 2651 1235 2684 attinet,
1251 2650 1355 2678 Pascha
1371 2658 1450 2677 suum
1467 2651 1493 2677 iu
1509 2654 1646 2684 posterum
1661 2649 1746 2679 diem,
1765 2649 1814 2675 hoc

1024 2703 1064 2725 est
1077 2706 1124 2724 xm
1139 2697 1274 2732 Kal.,quo
1294 2705 1392 2732 passus
1407 2701 1448 2724 est
1463 2696 1601 2727 Christus,
1616 2696 1677 2723 καθ’
1693 2695 1814 2731 ὑπέρϐα-

1025 2753 1066 2771 σιν
1088 2745 1264 2779 lrajecerunt.
1289 2745 1367 2772 Unde
1383 2753 1436 2771 non
1453 2745 1546 2777 biduo,
1571 2748 1601 2771 ut
1621 2744 1677 2775 alii,
1694 2744 1741 2770 sed
1760 2749 1813 2769 uno

1024 2796 1130 2819 tantum
1144 2791 1188 2818 die
1203 2791 1341 2819 Nicaanam
1365 2799 1408 2819 xtv
1431 2791 1659 2825 anticipaverunt,
1679 2789 1744 2824 quia
1764 2787 1812 2815 Ju-

1022 2837 1101 2864 daica
1117 2836 1214 2864 vitiosa
1236 2844 1280 2868 xv,
1305 2835 1413 2863 Νἰοωιιίι
1439 2843 1487 2862 xm
1514 2835 1697 2862 celebrarunt.
1724 2833 1814 2866 Quare

1022 2883 1133 2918 scripsit
1157 2882 1337 2918 Epiphanius,
1368 2881 1598 2918 ὑπερϐεϐηκότων
1626 2881 1717 2908 αὐτῶν
1750 2880 1813 2915 μίαν

1023 2929 1139 2965 ἡμέραν·
1155 2929 1228 2964 quod
1244 2935 1270 2958 et
1290 2929 1390 2964 reperit
1407 2937 1482 2957 num.
1499 2929 1543 2956 27.
1565 2929 1664 2956 \‘cruiu
1682 2928 1758 2964 quod
1773 2935 1813 2955 se-
