1925 3043
100 153 151 181 98!

565 154 609 181 DE
628 154 722 182 ANNO
742 153 785 181 ET
803 154 861 181 DIE
890 152 1066 182 DOMINICAE
1086 151 1275 181 PASSIONIS.

1683 146 1735 175 983

101 212 213 246 quitur,
231 211 298 240 feria
316 212 394 240 tertia
411 212 515 240 Pascha
527 215 689 248 comedisse,
703 216 775 250 quod
792 215 859 243 feria
875 224 891 243 v
905 221 929 248 Λ
944 216 996 243 hoc
1012 220 1104 242 tamen
1120 213 1278 249 signiﬁcare
1302 211 1419 243 videtur,
1444 209 1553 237 Judmos
1578 207 1736 238 nonnullos,

103 258 206 286 factum
218 258 350 293 oportuit,
366 258 393 286 in
409 267 491 294 quam
510 268 554 287 xiv
569 260 634 287 luna
654 260 788 296 (Iudaica,
808 267 835 289 et
854 262 895 289 vi-

102 303 185 338 tiosa)
199 309 375 335 convenerat,
395 313 492 340 parum
510 306 560 334 sibi
578 312 705 335 constare
724 313 816 336 censet
831 308 894 343 Epi-

103 350 255 384 phanium;
273 350 319 386 qui
336 351 447 386 quidem
463 351 530 379 feria
545 352 622 380 tertia
638 353 776 381 Christum
790 354 892 382 Pascha

103 393 242 430 peregisse
253 396 327 428 velit,
339 404 400 423 cum
413 397 477 424 luna
488 396 515 423 in
529 405 572 424 xtv
583 398 749 431 praestiterit.
765 398 811 426 Est
820 399 893 426 enim

103 444 199 467 contra
214 439 354 475 Evangelii
372 440 463 473 fideiu.
486 441 625 469 Christum
647 442 714 470 feria
737 451 767 470 ιιι
791 443 894 471 Pascha

103 485 267 514 celebrasse.
291 486 436 522 Propterea
459 488 495 515 ita
517 489 711 523 corrigendum
729 490 892 517 existimat:

104 531 244 559 Christum
259 532 284 560 id
300 533 387 567 egisse
400 533 466 561 feria
479 542 505 567 v,
522 535 593 569 quod
609 536 759 570 oportuerit
776 544 824 564 vn.
839 537 894 570 Ego

104 585 170 605 vero
186 586 249 606 cum
271 579 392 606 nondum
412 580 568 615 suspicarer
586 581 767 616 Epiphanium
782 583 836 609 alio
853 583 895 610 die

104 623 245 651 Christum
261 624 339 657 velle,
356 632 437 659 quam
456 625 522 652 feria
540 633 556 653 v
571 624 674 654 Pascha
686 635 767 654 suum
781 628 893 660 obiisse,

106 670 164 697 bac
183 677 244 705 quae
257 669 290 698 de
305 677 347 704 nt,
363 678 389 698 Iv
406 671 568 706 ceterisque
587 672 664 700 feriis
682 673 778 708 injicit,
795 674 894 700 simili-

106 715 210 743 tudinis
223 724 306 744 causa
320 722 449 751 usurpata
465 718 645 746 credideram.
667 718 734 746 Nam
751 720 815 754 quia
830 721 893 747 luna

105 761 218 790 Iudaica
235 770 289 795 xw,
306 762 414 790 Nicaena
428 771 494 791 vero
508 772 546 791 xn
566 764 759 797 celebraverat,
785 770 814 792 ut
834 773 893 792 eam

105 808 174 844 cycli
198 809 357 843 pravitatem
374 808 461 836 oculis
474 809 632 844 subjiceret,
652 810 726 838 bunc
739 811 766 837 iu
785 812 894 838 modum

106 854 248 881 declarare
267 854 405 882 voluisse:
419 854 530 889 perinde
548 855 620 882 istud
639 863 710 888 esse,
728 862 761 883 ac
774 856 796 883 si
811 856 896 892 linga-

106 907 170 928 tnus
188 899 334 927 Judaicum
352 900 458 936 cyclum
474 900 530 928 vuii
547 901 614 928 nihil
630 901 770 935 habuisse,
788 909 897 929 rerera-
915 898 935 925 Β
950 903 1001 930 boc
1026 901 1108 930 modo
1132 900 1323 929 constituenda
1345 907 1351 925 :

105 953 161 980 que
173 945 264 972 lunam
280 953 325 973 xiv
343 945 482 974 Nicaanam
497 946 523 973 in
540 945 629 974 Martii
647 955 693 974 xtx
711 947 852 980 incidisse,
865 955 897 975 ac

107 996 166 1018 uim
181 991 331 1026 cogitemus
345 991 485 1019 Christum
500 991 584 1020 biduo
597 992 670 1020 illam
685 997 897 1021 anteverteutein

108 1044 153 1063 xvr
167 1035 228 1063 Kal.
244 1036 302 1063 sive
309 1035 398 1063 Martii
415 1044 470 1064 xvn
487 1036 589 1065 Pascha
600 1037 762 1070 comedisse,
776 1037 842 1065 feria
855 1045 897 1070 in,

107 1081 183 1116 quod
198 1081 266 1108 feria
278 1089 304 1113 v,
323 1081 376 1109 hoc
390 1086 432 1109 est
444 1081 534 1109 Martii
550 1090 606 1114 xix,
622 1082 679 1109 ﬁeri
693 1082 816 1110 decebat.
832 1081 898 1109 Tam

107 1134 174 1161 ergo
187 1126 285 1153 vitiose
297 1126 390 1161 cyclus
402 1126 447 1153 ille
461 1125 593 1154 Judaicus
609 1126 792 1154 decimonono
809 1125 899 1154 Martii

108 1171 202 1198 lunam
223 1179 267 1199 xtv
284 1171 409 1199 exhibuit.
424 1180 430 1199 :
445 1177 557 1207 tamque
568 1171 709 1199 abnormis
724 1180 739 1198 a
754 1179 818 1199 vero
829 1172 900 1199 lunae

109 1217 256 1245 ratiocinio
277 1217 328 1244 fuit
348 1218 394 1245 illa
409 1226 423 1244 v
440 1218 507 1245 feria
530 1217 619 1245 Martii
641 1225 698 1250 xix,
723 1225 805 1253 quam
822 1218 900 1246 tertia

107 1271 172 1291 cum
187 1264 283 1298 quinta
294 1268 469 1298 comparata;
486 1263 510 1291 si
525 1263 583 1291 haec
596 1263 653 1298 ipsa
668 1263 778 1290 Nicaana
793 1263 899 1291 fuisset.

108 1310 234 1345 Denique
254 1314 310 1337 tota
331 1310 388 1337 btec
408 1309 553 1345 Epiphanii
570 1309 720 1345 disputatio
740 1309 899 1345 ὑποθετικὴ,

108 1361 138 1383 et
151 1355 231 1389 λόγου
247 1356 328 1391 χάριν
347 1361 487 1390 assumpta
510 1355 576 1383 mibi
595 1355 749 1382 videbatur.
766 1354 837 1382 Sane
852 1362 901 1382 ne-

109 1401 168 1435 gari
185 1408 239 1427 non
258 1403 356 1435 potest,
374 1408 457 1435 quam
482 1400 505 1427 si
521 1399 588 1427 feria
610 1407 626 1427 v
647 1400 801 1427 celebrasse
822 1399 902 1427 Chri-

110 1451 184 1473 stum
202 1445 413 1478 existimaverit,
429 1445 607 1480 probabiliter
623 1445 675 1473 ista
688 1445 824 1473 dicantur.

148 1501 249 1529 Verum
272 1503 336 1529 dum
358 1503 417 1530 hate
437 1502 569 1530 attentius
589 1506 759 1537 perscrutor,
781 1501 903 1536 comperi

111 1548 194 1576 aliam
207 1548 373 1576 sanctissimi
390 1548 479 1577 Patris
489 1549 645 1584 opinionem
659 1547 754 1580 fuisse,
769 1552 797 1575 et
805 1547 900 1575 falsam

112 1594 186 1622 illam
204 1595 325 1629 quidem,
347 1594 395 1622 sed
411 1594 445 1622 ab
459 1602 494 1622 eo
508 1600 599 1622 tamen
622 1593 768 1629 aliquoties
783 1593 903 1621 inculca-

112 1645 168 1667 tam
181 1648 189 1667 :
209 1640 339 1667 nimirum
354 1639 465 1667 Judazos
480 1640 626 1675 plerosque
641 1647 704 1667 cum
722 1638 833 1667 Christo
849 1638 902 1666 Pa-

113 1686 181 1713 scha
195 1693 275 1712 suum
289 1685 392 1713 ohiisse
407 1693 461 1713 nou
477 1685 546 1713 feria
561 1693 587 1717 ι’,
601 1685 658 1712 sive
670 1684 757 1719 pridie
766 1684 826 1719 ejus
837 1680 902 1717 diei,

113 1739 169 1766 quo
185 1739 284 1766 passus
295 1736 348 1763 est,
369 1731 416 1758 sed
436 1730 503 1758 feria
519 1730 608 1758 tertia.
623 1729 701 1763 Quod
714 1729 804 1764 ipsum
814 1728 903 1756 diser-

113 1777 229 1805 tissimis
241 1776 332 1804 verbis
346 1777 427 1804 docet
441 1776 467 1803 in
481 1776 555 1804 calce
572 1775 685 1802 Pauarii
702 1774 795 1810 hujus,
808 1773 835 1800 iu
852 1773 888 1800 Ex
900 1788 905 1792 -

114 1823 252 1859 positione
278 1823 350 1856 ﬁdei,
364 1830 441 1851 num.
462 1822 508 1854 2‘2,
533 1822 579 1849 ubi
598 1822 632 1849 de
655 1820 782 1848 Ecclesiae
806 1820 905 1847 ritibus

115 1876 199 1904 agens
210 1868 335 1896 meminit
346 1869 416 1896 inter
426 1860 524 1895 caetera
539 1867 636 1903 jejunii
649 1871 764 1903 quartae,
779 1873 812 1893 ac
822 1872 906 1894 serue

116 1915 202 1948 ferite,
221 1916 301 1950 cujus
322 1914 438 1942 instituti
460 1921 573 1942 causam
596 1914 707 1949 aperit:
741 1912 906 1948 Ἐπειδήπερ

116 1960 312 1996 ἐπιφωσκούσῃ
335 1960 442 1996 τετράδι
464 1959 618 1996 συνελήφθη
640 1960 655 1986 ὁ
677 1958 789 1995 Κύριος,
805 1958 853 1985 καὶ
867 1957 907 1993 τῷ

118 2005 301 2042 προσαϐϐἀτῳ
328 2005 500 2044 ὲσταυρῲθη.
528 2005 660 2038 Quoniam
685 2005 790 2031 ineunte
809 2007 908 2039 quarta

118 2054 187 2088 feria
203 2052 404 2086 comprehensus
427 2057 466 2079 est
492 2052 631 2084 Dominus,
648 2057 672 2079 et
693 2052 761 2086 feria
786 2059 800 2078 v
821 2051 908 2078 cruci-

118 2100 200 2133 ﬁxus.
219 2099 279 2132 Quo
295 2099 383 2133 posito
401 2106 573 2133 consequens
591 2102 642 2130 est,
660 2097 799 2125 Christum
814 2105 846 2124 ea
860 2104 909 2124 no-

119 2151 172 2178 cte,
188 2154 249 2181 qua:
263 2145 356 2173 feriam
377 2153 406 2172 III
422 2145 557 2180 sequitur,
573 2149 599 2172 et
613 2143 727 2171 Judaicc
740 2143 814 2170 feriae
825 2151 850 2170 Iv
863 2143 910 2170 tri-

121 2193 223 2225 buitur,
242 2199 350 2227 captum
367 2199 438 2224 esse,
455 2199 517 2219 cum
538 2190 620 2226 paulo
640 2195 702 2217 ante
717 2189 821 2217 Pascha
840 2189 910 2216 cele-

946 262 1071 289 videlicet
1086 261 1250 290 Pharismos.
1280 265 1312 286 ac
1335 256 1456 289 Scribas,
1474 262 1647 284 communem
1664 254 1736 280 hunc

945 315 1066 335 errorem
1090 307 1236 334 emendare
1259 302 1520 340 cupientesJ‘ascha
1543 308 1624 328 suum
1650 300 1677 327 in
1702 307 1734 326 xx

946 353 1034 381 Martii
1050 353 1121 381 diem
1137 352 1288 383 distulisse,
1311 357 1366 385 quo
1392 355 1490 384 passus
1517 352 1559 374 est
1586 345 1734 373 Christus:

945 407 1001 435 quo
1018 399 1149 426 nimirum
1165 397 1278 434 propius
1298 395 1332 423 ad
1351 393 1544 430 aequinoctium
1564 391 1736 424 accederent,

945 447 987 474 vel
1003 446 1084 474 etiam
1100 445 1210 473 caeleste
1225 442 1417 479 plenilunium.
1433 439 1501 467 Nam
1518 439 1569 466 hoc
1584 438 1665 466 verba
1678 438 1735 472 ipsa

946 493 1028 520 tacite
1049 492 1241 519 demonstrant
1256 499 1262 517 :
1280 489 1334 516 Καὶ
1357 486 1486 522 ιπιμερία
1503 485 1555 521 πρὸ
1568 485 1664 511 ἕνδεκα
1678 485 1738 511 Κα-

945 537 1047 564 λανδῶν
1072 536 1243 572 Ἀπριλλίων,
1267 535 1300 562 δι’
1320 534 1354 570 ἢν
1381 531 1562 567 πλανηθέντες
1585 530 1737 565 ὑπέρΰατσν

948 584 1012 619 μίαν
1029 583 1135 618 ἡμέραν
1156 582 1298 617 ἐποίησαν.
1322 579 1393 614 Ergo
1408 577 1452 604 διὰ
1472 577 1525 613 τὴν·
1542 576 1695 612 ἰσημερίαν.
1710 579 1738 602 et

946 628 1063 655 fortasse
1079 631 1188 662 propter
1200 625 1401 672 lunaméetiam,
1417 632 1450 651 ne
1462 627 1603 656 tantopere
1615 621 1649 648 ab
1662 625 1737 647 utro-

945 683 998 710 que
1015 674 1181 706 recederent,
1196 673 1266 699 dicm
1294 667 1466 698 diffuderunt.
1483 668 1591 696 Poterat
1606 667 1677 694 enim
1696 667 1737 693 vel

946 720 1005 755 ipse
1029 719 1127 747 sideris
1156 723 1281 753 aspectus
1306 717 1365 744 vitii
1392 716 1454 743 illos
1477 715 1639 746 admonere;
1664 711 1738 747 quod

947 767 1042 794 saltem
1062 765 1238 793 minuendum
1255 771 1315 791 esse
1331 763 1522 790 decreverunt.

981 812 1050 839 Cum
1074 812 1131 839 haec
1148 810 1317 846 Epiphanius
1341 807 1484 836 manifeste
1507 806 1617 837 sentiat,
1641 808 1736 831 uetera

947 865 1008 893 qua:
1028 857 1062 885 ab
1083 864 1116 884 eo
1136 857 1263 884 dicuntur
1286 854 1380 882 eodem
1405 851 1545 887 dirigenda
1567 855 1641 882 sunt,
1657 855 1738 883 atque

1378 897 1505 925 Christus
1529 895 1614 930 legale
1633 894 1738 922 Paseha

950 948 1094 976 celebravit
1110 955 1172 975 cum
1185 947 1326 982 plerisque
1339 943 1442 972 ludatis
1457 950 1500 969 xvr
1521 941 1580 968 Kal.
1594 940 1738 975 Apr.,fcria

952 1003 993 1026 ιιι,
1009 995 1073 1022 luna
1090 993 1204 1021 Judaica
1224 992 1321 1019 vitiosa
1343 997 1394 1023 xit,
1407 997 1468 1017 cum
1491 988 1556 1014 feria
1575 995 1589 1011 v
1608 987 1671 1013 luna
1695 993 1738 1012 xtv

950 1041 1047 1068 vitiosa
1066 1039 1159 1075 perfici
1175 1037 1310 1066 debuerit.
1327 1036 1413 1063 Biduo
1437 1035 1519 1070 igitur
1537 1033 1690 1061 antevertit.
1706 1033 1740 1058 At

950 1085 1095 1117 Pharisaei,
1109 1083 1252 1118 Judaaique
1266 1082 1311 1109 alii
1328 1081 1392 1108 luna
1411 1079 1522 1108 Judaica
1537 1086 1571 1105 xv
1588 1077 1676 1104 Martii
1693 1084 1739 1106 xx,

951 1139 1005 1167 quo
1025 1131 1069 1158 die
1090 1137 1187 1165 passus
1205 1133 1248 1156 est
1269 1127 1405 1159 Christus,
1427 1125 1487 1152 καθ’
1513 1123 1665 1158 ὑπέρϐασιν
1686 1121 1740 1149 dici

952 1179 1034 1205 unius
1049 1184 1064 1204 a
1076 1177 1140 1204 luna
1156 1182 1200 1202 xw
1217 1175 1250 1202 ad
1266 1182 1309 1201 xv.
1330 1172 1368 1199 Ex
1385 1173 1419 1199 iis
1434 1171 1518 1198 falsos
1528 1177 1576 1197 eos
1592 1175 1652 1196 esse
1673 1175 1739 1194 con-

952 1227 1018 1256 stat,
1042 1221 1089 1257 qui
1110 1220 1265 1256 Epiphanio
1288 1219 1445 1247 Cra-corum
1468 1215 1630 1244 sententiam
1655 1213 1740 1241 ascri-

953 1268 1037 1301 bunt;
1057 1267 1131 1302 quod
1150 1265 1276 1294 Christus
1297 1263 1401 1291 Pascha
1425 1263 1487 1289 luna
1513 1268 1562 1288 xnt
1584 1258 1743 1288 celebrat-it.

951 1319 1015 1343 ante
1027 1313 1148 1346 Judteos,
1168 1311 1215 1348 qui
1231 1311 1257 1338 id
1270 1309 1400 1346 postridie
1411 1308 1574 1344 peregerint.
1591 1305 1650 1333 Non
1667 1305 1741 1332 cutim

952 1367 1001 1387 xm
1013 1359 1089 1390 luna,
1105 1357 1153 1385 sed
1166 1365 1203 1384 χιι
1218 1355 1359 1383 Christum
1376 1354 1403 1382 id
1417 1355 1506 1388 egisse
1523 1354 1628 1382 censet,
1642 1355 1739 1384 quate-

954 1413 1005 1433 nus
1020 1404 1085 1432 feria
1101 1411 1131 1431 ιιι
1149 1402 1297 1437 contigisse
1310 1405 1396 1436 putat.
1413 1397 1491 1432 Quod
1507 1397 1530 1425 si
1544 1405 1576 1423 ex
1589 1395 1739 1424 communi,

952 1450 1161 1484 certissimaque
1176 1447 1311 1475 sententia
1324 1445 1390 1474 feria
1405 1453 1421 1472 v
1437 1443 1591 1471 celebrasse
1601 1441 1740 1469 Christum

953 1496 1104 1523 arbitratus
1121 1497 1205 1525 esset,
1225 1499 1279 1519 non
1302 1491 1355 1518 alia
1378 1490 1453 1522 luna,
1475 1496 1557 1524 quam
1573 1494 1634 1521 qua:
1651 1493 1685 1512 cx
1701 1485 1741 1511 vi-

954 1541 1025 1568 tioso
1045 1539 1121 1575 cyclo
1142 1546 1187 1566 xlv
1213 1537 1294 1570 foret,
1314 1535 1416 1563 factum
1443 1537 1586 1561 assereret.
1612 1530 1688 1559 Unde
1708 1537 1740 1556 ex

953 1574 1121 1620 castigatiori
1133 1582 1276 1618 Epiphanii
1286 1580 1391 1616 judicio
1402 1578 1586 1607 definiendum
1598 1581 1648 1606 cst,
1661 1574 1742 1602 Chri-

954 1637 1025 1659 stum
1042 1631 1109 1658 feria
1124 1637 1151 1662 v,
1167 1629 1231 1656 luua
1247 1635 1293 1655 xiv
1306 1633 1369 1655 cum
1382 1624 1521 1652 nonnullis
1533 1621 1647 1652 Judwis,
1663 1625 1742 1647 czetc-

954 1685 1000 1705 ros
1020 1684 1083 1704 vero
1099 1683 1160 1704 cum
1173 1673 1329 1705 Pharismis,
1343 1671 1408 1699 feria
1419 1679 1444 1698 vi
1462 1669 1567 1697 Pascha
1579 1667 1740 1695 conn-disse.

954 1724 1012 1756 Qua
1033 1731 1066 1749 ex
1091 1720 1236 1756 Epiphanii
1256 1719 1385 1754 opinione
1406 1719 1460 1743 duo
1482 1715 1656 1749 colliguntur,
1682 1720 1743 1747 qua:

954 1775 1016 1796 eum
1031 1768 1064 1794 de
1082 1765 1221 1793 Passionis
1241 1771 1313 1790 anno
1332 1761 1473 1797 qumritur,
1496 1759 1628 1787 acerrime
1649 1757 1742 1792 dispu-

955 1813 1006 1840 tari
1027 1811 1115 1839 solect
1132 1819 1139 1837 :
1156 1810 1273 1837 alterum
1295 1807 1454 1835 Judaeorum
1471 1804 1610 1840 principes
1626 1811 1680 1829 non
1697 1810 1743 1829 co-

955 1859 1016 1886 dein
1030 1865 1092 1885 cum
1105 1856 1215 1884 Christo
1226 1854 1270 1882 die
1281 1853 1399 1889 legitimo
1408 1851 1470 1886 agni
1480 1851 1560 1885 epulo
1571 1849 1742 1884 perfunctos;

956 1904 1072 1931 alterum
1085 1909 1148 1930 cum
1165 1901 1225 1928 sine
1244 1898 1456 1927 commutatione
1477 1895 1569 1929 aliqua
1590 1900 1742 1928 temporum

957 1958 988 1977 ac
1009 1949 1140 1976 festorum
1162 1946 1187 1974 id
1212 1945 1337 1973 accidere
1359 1950 1413 1970 non
1435 1941 1564 1977 potuerit,
1588 1939 1743 1968 translatio-

957 2003 1018 2024 nem
1043 1995 1161 2028 aliquam
1183 1991 1236 2020 illis
1252 1989 1420 2025 temporibus
1440 1987 1588 2015 exstitisse.
1601 1986 1693 2018 Quaie
1712 1985 1745 2011 ad

959 2042 1030 2068 hanc
1040 2038 1184 2074 Epiphanii
1198 2035 1410 2072 disputationem
1426 2033 1617 2061 illustrandum
1634 2031 1745 2059 totidem

960 2086 1012 2113 illa:
1025 2084 1190 2120 quaestiones
1205 2081 1298 2117 paucis
1311 2081 1362 2108 hoc
1382 2080 1442 2106 loco
1455 2078 1637 2112 disceptandze
1653 2080 1727 2103 sunt.

963 2141 1057 2169 Utrum
1068 2139 1156 2167 Judaei
1168 2137 1343 2165 translatione
1359 2135 1487 2170 festorum
1499 2133 1563 2160 olim
1580 2133 1621 2159 usi
1635 2132 1744 2167 fuerint.

995 2186 1023 2212 la
1039 2184 1181 2212 recentiori
1192 2182 1348 2210 Judmorum
1364 2183 1494 2214 computo
1515 2177 1703 2212 scrupulosus,
1719 2182 1745 2203 ct

122 2240 238 2266 hrasset.
256 2238 386 2266 Audierat
400 2238 502 2273 itaque,
517 2241 546 2264 et.
563 2245 579 2264 a
596 2237 747 2272 majoribus
767 2242 907 2271 acceperat
926 2243 946 2270 ι)
961 2231 1059 2259 anxius
1076 2229 1187 2265 quidam
1209 2233 1250 2255 est
1270 2227 1375 2254 dierum
1394 2225 1516 2252 delectus
1531 2223 1564 2250 ad
1589 2222 1746 2249 neomenias

122 2284 301 2320 Epiphanius,
327 2285 396 2311 duas
419 2283 479 2310 illas
506 2283 588 2311 ferias
608 2282 756 2309 Dominicae
781 2281 908 2310 Passieni

122 2332 274 2360 recolendze
285 2332 450 2366 praestitutus
462 2329 558 2362 fuisse,
570 2337 601 2356 ac
609 2329 714 2364 jejunio
725 2333 908 2356 consecratas.

121 2378 190 2406 Cum
213 2383 303 2405 autem
328 2382 403 2405 certo
416 2381 566 2408 constaret,
592 2376 659 2403 feria
675 2383 702 2402 vt
718 2375 745 2402 in
760 2382 841 2402 cruce
855 2373 911 2401 suf-

124 2425 207 2451 tixum
223 2431 294 2457 esse,
307 2423 380 2450 nulla
397 2422 533 2458 passionis
547 2422 607 2457 ejus
619 2425 722 2449 restare
736 2420 793 2448 visa
806 2425 848 2448 est
859 2420 911 2447 alia

125 2477 197 2504 pars,
214 2475 296 2503 quam
314 2467 534 2502 comprehensio,
549 2471 575 2494 et
592 2466 722 2501 alligatio.
741 2465 857 2492 Proinde
872 2464 913 2492 fe-

125 2514 164 2541 ria
180 2521 207 2540 IV
226 2517 369 2547 appetente
385 2516 464 2547 captu
478 2520 493 2538 n
516 2516 598 2546 atque
613 2510 732 2538 vinctum
748 2517 808 2537 esse
825 2508 914 2536 Domi-

127 2566 192 2585 num
207 2557 332 2585 credi-lit.
349 2556 442 2592 Neque
463 2564 529 2584 vero
547 2556 601 2582 alio
619 2559 749 2590 tempore,
762 2562 843 2589 quam
859 2561 913 2589 quo

126 2604 212 2632 lnda-i
226 2603 357 2639 plerique,
373 2602 510 2630 celebrare
525 2602 620 2629 voluit.
635 2601 718 2637 Igitur
733 2601 814 2628 etiam
826 2600 914 2627 Judaei

128 2650 194 2677 feria
220 2650 298 2677 tertia
329 2653 501 2684 peregerunt.
530 2647 643 2679 Vitiosc,
660 2647 721 2682 quis
739 2646 835 2682 negat?
863 2646 915 2673 Sed

127 2693 200 2729 quod
216 2693 334 2720 maxima
351 2701 413 2727 pars
425 2701 458 2720 co
476 2692 521 2719 die
533 2692 636 2720 Pascha
653 2691 816 2722 comedet-ct,
834 2691 916 2718 hidno

127 2747 189 2766 cum
207 2738 260 2766 illis
279 2738 447 2773 anticipavit.
467 2737 530 2765 Erat
542 2739 615 2764 cnim
640 2737 705 2764 feria
722 2745 735 2762 v
759 2736 846 2764 Martii
872 2745 915 2764 x‘tx

128 2784 331 2816 celebrandum,
346 2791 409 2811 cum
424 2784 452 2811 in
469 2784 540 2810 hunc
554 2783 624 2810 diem
640 2791 683 2810 xiv
697 2781 809 2810 Iudaica
821 2782 917 2810 vitiosa

129 2835 313 2858 concurreret.
326 2829 383 2857 Cur
395 2836 486 2858 autem
502 2830 570 2857 adeo
588 2837 759 2865 priepropere
772 2829 859 2856 Jud:ci
873 2830 916 2856 hli

131 2875 235 2904 l‘aseba
261 2876 444 2910 comedcrcut,
471 2883 582 2906 causam
609 2875 699 2902 attulit
728 2875 839 2902 nullam.
865 2875 916 2901 Sed

962 2276 1092 2312 ﬁgendas.
1112 2274 1148 2301 De
1161 2281 1214 2308 quo
1228 2272 1311 2299 multa
1327 2272 1354 2298 in
1367 2269 1557 2297 Thalmudicis
1576 2271 1746 2296 commenta-

961 2323 1017 2351 riis,
1036 2320 1163 2347 Tractatu
1181 2320 1211 2345 de
1226 2319 1288 2344 anni
1306 2317 1402 2352 capite,
1417 2320 1445 2343 et
1459 2316 1486 2342 in
1498 2320 1571 2341 tomo
1594 2313 1683 2349 primo
1699 2312 1748 2340 Jad

963 2368 993 2395 ll.
1008 2366 1092 2396 Mose,
1108 2364 1198 2392 Tract.
1213 2362 1351 2390 Kiddusc/t
1364 2360 1547 2389 hakliodesch:
1564 2367 1668 2387 necnon
1684 2359 1748 2386 etin

962 2417 1036 2442 ωιῃυ
1050 2416 1120 2444 any
1137 2410 1170 2437 Β,
1184 2409 1304 2441 lsachar,
1321 2409 1374 2436 ben
1394 2406 1560 2436 Mordecbai,
1581 2406 1698 2440 aliisque
1718 2404 1750 2431 li‘

963 2460 1020 2488 bris
1034 2468 1040 2486 :
1059 2459 1086 2486 in
1102 2457 1203 2493 quibus
1218 2456 1332 2483 inﬁnita:
1348 2453 1458 2490 regulaa,
1473 2460 1505 2480 ac
1521 2452 1663 2480 cautiones
1681 2459 1750 2486 pra:-

963 2507 1070 2541 seriptae
1083 2509 1156 2532 sunt.
1177 2502 1295 2530 Duorum
1310 2508 1375 2528 vero
1400 2498 1547 2531 mensium,
1562 2497 1633 2525 Tisri
1652 2505 1685 2524 ac
1702 2495 1750 2523 Ni-

964 2561 1024 2585 san,
1041 2552 1068 2578 in
1079 2551 1173 2586 primis
1194 2547 1343 2576 ncomenize
1359 2547 1393 2573 ab
1408 2545 1461 2573 illis
1476 2545 1667 2575 observantur,
1682 2550 1749 2576 qua-

965 2607 1024 2626 rum
1041 2596 1290 2625 trausfcremlaruni
1301 2601 1385 2621 causa
1396 2592 1494 2627 duplex
1507 2591 1606 2618 ibidem
1618 2589 1729 2616 atl‘ertur
1742 2597 1748 2615 :

966 2645 1109 2675 naturalis,
1128 2647 1175 2669 aut
1189 2641 1284 2669 civilis.
1302 2639 1408 2666 Etenim
1426 2645 1489 2665 cum
1503 2644 1586 2671 supra
1602 2635 1683 2662 ferias
1701 2641 1750 2661 ex-

967 2696 1107 2719 curi-cntes
1123 2688 1245 2715 minutias
1269 2687 1302 2714 ad
1321 2687 1403 2713 horas
1427 2685 1460 2711 is
1476 2682 1647 2719 perveniunt,
1668 2686 1691 2707 et
1709 2681 1749 2706 ln-

967 2737 1042 2764 naris
1057 2734 1196 2771 ψηφισμός
1220 2732 1360 2760 meridiem
1379 2729 1432 2757 diei
1456 2728 1624 2762 insequentis
1646 2725 1753 2760 attingit

969 2785 1042 2819 (nam
1067 2780 1153 2809 Jndzei
1169 2780 1243 2807 diem
1267 2778 1300 2806 ab
1318 2777 1397 2804 initio
1422 2774 1509 2802 noctis
1531 2773 1719 2808 auspicantur,
1738 2780 1752 2798 ιι

969 2836 1023 2863 quo
1041 2828 1073 2854 18
1090 2827 1164 2854 hora:
1182 2828 1344 2859 computata:
1359 2821 1411 2848 diei
1430 2820 1518 2848 civilis
1538 2818 1678 2853 sequentis
1695 2825 1752 2844 me—

971 2874 1065 2902 ridiem
1082 2870 1294 2906 assequuntur);
1308 2873 1363 2895 tum
1379 2868 1404 2893 iu
1425 2866 1537 2892 alterum
1555 2864 1648 2891 feriant
1668 2868 1750 2890 natu-
