  <div class='ocr_page' id='page_1' title='image "/cluster/home/n/w/nwhite01/storage/ocr_20150623/42/njp.32101077772588/523.png"; bbox 0 0 1925 3043; ppageno 0'>
   <div class='ocr_carea' id='block_1_1' title="bbox 202 176 253 205">
    <p class='ocr_par' dir='ltr' id='par_1_1' title="bbox 202 176 253 205">
     <span class='ocr_line' id='line_1_1' title="bbox 202 176 253 205; baseline -0.039 0"><span class='ocrx_word' id='word_1_1' title='bbox 202 176 253 205; x_wconf 83' lang='grc'><strong>987</strong></span> 
     </span>
    </p>
   </div>
   <div class='ocr_carea' id='block_1_2' title="bbox 748 171 1254 206">
    <p class='ocr_par' dir='ltr' id='par_1_2' title="bbox 748 171 1254 206">
     <span class='ocr_line' id='line_1_2' title="bbox 748 171 1254 206; baseline -0.002 -5"><span class='ocrx_word' id='word_1_2' title='bbox 748 172 920 202; x_wconf 74' lang='lat' dir='ltr'><strong>APPENDIX</strong></span> <span class='ocrx_word' id='word_1_3' title='bbox 939 171 1254 206; x_wconf 68' lang='lat' dir='ltr'><strong>DISSEB’J‘ATIONUM.</strong></span> 
     </span>
    </p>
   </div>
   <div class='ocr_carea' id='block_1_3' title="bbox 1787 173 1843 201">
    <p class='ocr_par' dir='ltr' id='par_1_3' title="bbox 1787 173 1843 201">
     <span class='ocr_line' id='line_1_3' title="bbox 1787 173 1843 201; baseline 0 -1"><span class='ocrx_word' id='word_1_4' title='bbox 1787 173 1843 201; x_wconf 81' lang='lat'><strong>988</strong></span> 
     </span>
    </p>
   </div>
   <div class='ocr_carea' id='block_1_4' title="bbox 203 229 1835 266">
    <p class='ocr_par' dir='ltr' id='par_1_4' title="bbox 203 229 1835 266">
     <span class='ocr_line' id='line_1_4' title="bbox 203 229 1835 266; baseline -0.001 -6"><span class='ocrx_word' id='word_1_5' title='bbox 203 235 310 266; x_wconf 87' lang='lat' dir='ltr'><strong>dercnt,</strong></span> <span class='ocrx_word' id='word_1_6' title='bbox 327 231 354 259; x_wconf 91' lang='lat' dir='ltr'><strong>in</strong></span> <span class='ocrx_word' id='word_1_7' title='bbox 375 233 444 260; x_wconf 87' lang='lat' dir='ltr'><strong>alios</strong></span> <span class='ocrx_word' id='word_1_8' title='bbox 465 231 523 258; x_wconf 88' lang='lat' dir='ltr'><strong>dies</strong></span> <span class='ocrx_word' id='word_1_9' title='bbox 547 230 686 258; x_wconf 83' lang='lat' dir='ltr'><strong>incidisse.</strong></span> <span class='ocrx_word' id='word_1_10' title='bbox 706 230 797 266; x_wconf 85' lang='lat' dir='ltr'><strong>Quare</strong></span> <span class='ocrx_word' id='word_1_11' title='bbox 815 239 877 258; x_wconf 86' lang='lat' dir='ltr'><strong>eum</strong></span> <span class='ocrx_word' id='word_1_12' title='bbox 902 235 989 258; x_wconf 92' lang='lat' dir='ltr'><strong>totum</strong></span> <span class='ocrx_word' id='word_1_13' title='bbox 1007 233 1030 260; x_wconf 76' lang='grc' dir='ltr'><strong>Δ</strong></span> <span class='ocrx_word' id='word_1_14' title='bbox 1043 231 1169 259; x_wconf 85' lang='lat' dir='ltr'><strong>ctoritatc</strong></span> <span class='ocrx_word' id='word_1_15' title='bbox 1183 231 1317 263; x_wconf 89' lang='lat' dir='ltr'><strong>nituntur,</strong></span> <span class='ocrx_word' id='word_1_16' title='bbox 1334 230 1464 262; x_wconf 78' lang='lat' dir='ltr'><strong>Matthzei,</strong></span> <span class='ocrx_word' id='word_1_17' title='bbox 1478 229 1560 257; x_wconf 77' lang='lat' dir='ltr'><strong>Marci</strong></span> <span class='ocrx_word' id='word_1_18' title='bbox 1587 237 1619 257; x_wconf 84' lang='lat' dir='ltr'><strong>ac</strong></span> <span class='ocrx_word' id='word_1_19' title='bbox 1638 230 1728 258; x_wconf 69' lang='lat' dir='ltr'><strong>anze.</strong></span> <span class='ocrx_word' id='word_1_20' title='bbox 1753 230 1835 263; x_wconf 79' lang='lat' dir='ltr'><strong>Quo-</strong></span> 
     </span>
    </p>
   </div>
   <div class='ocr_carea' id='block_1_5' title="bbox 204 277 996 314">
    <p class='ocr_par' dir='ltr' id='par_1_5' title="bbox 204 277 996 314">
     <span class='ocr_line' id='line_1_5' title="bbox 204 277 996 314; baseline -0.003 -8"><span class='ocrx_word' id='word_1_21' title='bbox 204 281 258 306; x_wconf 88' lang='lat' dir='ltr'><strong>hoc</strong></span> <span class='ocrx_word' id='word_1_22' title='bbox 271 278 411 314; x_wconf 75' lang='lat' dir='ltr'><strong>negotium</strong></span> <span class='ocrx_word' id='word_1_23' title='bbox 438 284 580 312; x_wconf 78' lang='lat' dir='ltr'><strong>perperam</strong></span> <span class='ocrx_word' id='word_1_24' title='bbox 592 284 608 304; x_wconf 92' lang='lat' dir='ltr'><strong>a</strong></span> <span class='ocrx_word' id='word_1_25' title='bbox 623 277 813 305; x_wconf 86' lang='lat' dir='ltr'><strong>stolidissimis</strong></span> <span class='ocrx_word' id='word_1_26' title='bbox 828 277 996 312; x_wconf 84' lang='lat' dir='ltr'><strong>magistrati-</strong></span> 
     </span>
    </p>
   </div>
   <div class='ocr_carea' id='block_1_6' title="bbox 204 322 996 357">
    <p class='ocr_par' dir='ltr' id='par_1_6' title="bbox 204 322 996 357">
     <span class='ocr_line' id='line_1_6' title="bbox 204 322 996 357; baseline -0.003 -5"><span class='ocrx_word' id='word_1_27' title='bbox 204 325 266 356; x_wconf 81' lang='lat' dir='ltr'><strong>bus,</strong></span> <span class='ocrx_word' id='word_1_28' title='bbox 280 329 307 352; x_wconf 86' lang='lat' dir='ltr'><strong>et</strong></span> <span class='ocrx_word' id='word_1_29' title='bbox 320 328 415 351; x_wconf 86' lang='lat' dir='ltr'><strong>contra</strong></span> <span class='ocrx_word' id='word_1_30' title='bbox 426 322 560 357; x_wconf 81' lang='lat' dir='ltr'><strong>majorum</strong></span> <span class='ocrx_word' id='word_1_31' title='bbox 573 322 643 349; x_wconf 89' lang='lat' dir='ltr'><strong>ritus</strong></span> <span class='ocrx_word' id='word_1_32' title='bbox 656 322 906 354; x_wconf 75' lang='lat' dir='ltr'><strong>administraretur,</strong></span> <span class='ocrx_word' id='word_1_33' title='bbox 920 330 996 357; x_wconf 70' lang='lat' dir='ltr'><strong>gras-</strong></span> 
     </span>
    </p>
   </div>
   <div class='ocr_carea' id='block_1_7' title="bbox 204 369 994 405">
    <p class='ocr_par' dir='ltr' id='par_1_7' title="bbox 204 369 994 405">
     <span class='ocr_line' id='line_1_7' title="bbox 204 369 994 405; baseline -0.004 -7"><span class='ocrx_word' id='word_1_34' title='bbox 204 376 283 398; x_wconf 86' lang='lat' dir='ltr'><strong>sante</strong></span> <span class='ocrx_word' id='word_1_35' title='bbox 299 369 504 405; x_wconf 75' lang='lat' dir='ltr'><strong>superstitione,</strong></span> <span class='ocrx_word' id='word_1_36' title='bbox 521 369 796 404; x_wconf 87' lang='lat' dir='ltr'><strong>corruptissimisque</strong></span> <span class='ocrx_word' id='word_1_37' title='bbox 816 369 994 404; x_wconf 84' lang='lat' dir='ltr'><strong>temporibus,</strong></span> 
     </span>
    </p>
   </div>
   <div class='ocr_carea' id='block_1_8' title="bbox 203 415 997 449">
    <p class='ocr_par' dir='ltr' id='par_1_8' title="bbox 203 415 997 449">
     <span class='ocr_line' id='line_1_8' title="bbox 203 415 997 449; baseline 0.001 -8"><span class='ocrx_word' id='word_1_38' title='bbox 203 415 351 443; x_wconf 89' lang='lat' dir='ltr'><strong>verisimile</strong></span> <span class='ocrx_word' id='word_1_39' title='bbox 368 420 410 442; x_wconf 90' lang='lat' dir='ltr'><strong>est</strong></span> <span class='ocrx_word' id='word_1_40' title='bbox 430 415 538 449; x_wconf 89' lang='lat' dir='ltr'><strong>aliquos</strong></span> <span class='ocrx_word' id='word_1_41' title='bbox 560 419 693 449; x_wconf 82' lang='lat' dir='ltr'><strong>repertos,</strong></span> <span class='ocrx_word' id='word_1_42' title='bbox 713 415 759 449; x_wconf 90' lang='lat' dir='ltr'><strong>qui</strong></span> <span class='ocrx_word' id='word_1_43' title='bbox 779 415 849 442; x_wconf 88' lang='lat' dir='ltr'><strong>hanc</strong></span> <span class='ocrx_word' id='word_1_44' title='bbox 869 423 997 442; x_wconf 71' lang='lat' dir='ltr'><strong>etererno-</strong></span> 
     </span>
    </p>
   </div>
   <div class='ocr_carea' id='block_1_9' title="bbox 204 461 993 496">
    <p class='ocr_par' dir='ltr' id='par_1_9' title="bbox 204 461 993 496">
     <span class='ocr_line' id='line_1_9' title="bbox 204 461 993 496; baseline 0 -8"><span class='ocrx_word' id='word_1_45' title='bbox 204 462 331 492; x_wconf 83' lang='lat' dir='ltr'><strong>uiarum,</strong></span> <span class='ocrx_word' id='word_1_46' title='bbox 355 461 514 496; x_wconf 81' lang='lat' dir='ltr'><strong>rituumque</strong></span> <span class='ocrx_word' id='word_1_47' title='bbox 534 461 785 495; x_wconf 70' lang='lat' dir='ltr'><strong>perturbationum,</strong></span> <span class='ocrx_word' id='word_1_48' title='bbox 808 467 944 496; x_wconf 78' lang='lat' dir='ltr'><strong>quatenus</strong></span> <span class='ocrx_word' id='word_1_49' title='bbox 968 462 993 489; x_wconf 93' lang='lat' dir='ltr'><strong>in</strong></span> 
     </span>
    </p>
   </div>
   <div class='ocr_carea' id='block_1_10' title="bbox 205 505 994 541">
    <p class='ocr_par' dir='ltr' id='par_1_10' title="bbox 205 505 994 541">
     <span class='ocr_line' id='line_1_10' title="bbox 205 505 994 541; baseline 0.003 -9"><span class='ocrx_word' id='word_1_50' title='bbox 205 505 271 541; x_wconf 88' lang='lat' dir='ltr'><strong>ipsis</strong></span> <span class='ocrx_word' id='word_1_51' title='bbox 291 510 367 537; x_wconf 83' lang='lat' dir='ltr'><strong>erat,</strong></span> <span class='ocrx_word' id='word_1_52' title='bbox 390 506 537 533; x_wconf 88' lang='lat' dir='ltr'><strong>emendare</strong></span> <span class='ocrx_word' id='word_1_53' title='bbox 561 505 715 538; x_wconf 88' lang='lat' dir='ltr'><strong>studerent,</strong></span> <span class='ocrx_word' id='word_1_54' title='bbox 738 511 765 534; x_wconf 81' lang='lat' dir='ltr'><strong>et</strong></span> <span class='ocrx_word' id='word_1_55' title='bbox 785 515 846 541; x_wconf 73' lang='lat' dir='ltr'><strong>qua:</strong></span> <span class='ocrx_word' id='word_1_56' title='bbox 869 507 994 541; x_wconf 83' lang='lat' dir='ltr'><strong>privatim</strong></span> 
     </span>
    </p>
   </div>
   <div class='ocr_carea' id='block_1_11' title="bbox 204 551 996 587">
    <p class='ocr_par' dir='ltr' id='par_1_11' title="bbox 204 551 996 587">
     <span class='ocr_line' id='line_1_11' title="bbox 204 551 996 587; baseline 0.001 -9"><span class='ocrx_word' id='word_1_57' title='bbox 204 552 281 578; x_wconf 90' lang='lat' dir='ltr'><strong>obire</strong></span> <span class='ocrx_word' id='word_1_58' title='bbox 296 555 423 585; x_wconf 77' lang='lat' dir='ltr'><strong>poterant</strong></span> <span class='ocrx_word' id='word_1_59' title='bbox 440 559 519 578; x_wconf 90' lang='lat' dir='ltr'><strong>sacra</strong></span> <span class='ocrx_word' id='word_1_60' title='bbox 543 551 673 586; x_wconf 70' lang='lat' dir='ltr'><strong>legitimis</strong></span> <span class='ocrx_word' id='word_1_61' title='bbox 698 552 867 587; x_wconf 82' lang='lat' dir='ltr'><strong>temporibus</strong></span> <span class='ocrx_word' id='word_1_62' title='bbox 885 553 996 587; x_wconf 88' lang='lat' dir='ltr'><strong>perlice-</strong></span> 
     </span>
    </p>
   </div>
   <div class='ocr_carea' id='block_1_12' title="bbox 203 597 995 634">
    <p class='ocr_par' dir='ltr' id='par_1_12' title="bbox 203 597 995 634">
     <span class='ocr_line' id='line_1_12' title="bbox 203 597 995 634; baseline 0.003 -10"><span class='ocrx_word' id='word_1_63' title='bbox 203 602 273 624; x_wconf 91' lang='lat' dir='ltr'><strong>rent.</strong></span> <span class='ocrx_word' id='word_1_64' title='bbox 291 597 452 632; x_wconf 89' lang='lat' dir='ltr'><strong>Cujusmodi</strong></span> <span class='ocrx_word' id='word_1_65' title='bbox 473 598 611 632; x_wconf 80' lang='lat' dir='ltr'><strong>paschalis</strong></span> <span class='ocrx_word' id='word_1_66' title='bbox 633 598 694 633; x_wconf 83' lang='lat' dir='ltr'><strong>agni</strong></span> <span class='ocrx_word' id='word_1_67' title='bbox 719 606 798 626; x_wconf 71' lang='lat' dir='ltr'><strong>cmna</strong></span> <span class='ocrx_word' id='word_1_68' title='bbox 816 598 867 626; x_wconf 83' lang='lat' dir='ltr'><strong>fuit</strong></span> <span class='ocrx_word' id='word_1_69' title='bbox 889 608 895 626; x_wconf 86' lang='lat'><strong>:</strong></span> <span class='ocrx_word' id='word_1_70' title='bbox 912 607 995 634; x_wconf 89' lang='lat' dir='ltr'><strong>quam</strong></span> 
     </span>
    </p>
   </div>
   <div class='ocr_carea' id='block_1_13' title="bbox 203 643 996 680">
    <p class='ocr_par' dir='ltr' id='par_1_13' title="bbox 203 643 996 680">
     <span class='ocr_line' id='line_1_13' title="bbox 203 643 996 680; baseline 0.003 -10"><span class='ocrx_word' id='word_1_71' title='bbox 203 651 276 670; x_wconf 83' lang='lat' dir='ltr'><strong>anno</strong></span> <span class='ocrx_word' id='word_1_72' title='bbox 289 651 346 671; x_wconf 63' lang='lat' dir='ltr'><strong>suae</strong></span> <span class='ocrx_word' id='word_1_73' title='bbox 361 643 501 671; x_wconf 76' lang='lat' dir='ltr'><strong>Passionis</strong></span> <span class='ocrx_word' id='word_1_74' title='bbox 517 644 642 671; x_wconf 83' lang='lat' dir='ltr'><strong>Christus</strong></span> <span class='ocrx_word' id='word_1_75' title='bbox 663 652 726 671; x_wconf 90' lang='lat' dir='ltr'><strong>cum</strong></span> <span class='ocrx_word' id='word_1_76' title='bbox 753 644 896 679; x_wconf 78' lang='lat' dir='ltr'><strong>apostolis,</strong></span> <span class='ocrx_word' id='word_1_77' title='bbox 912 650 996 680; x_wconf 87' lang='lat' dir='ltr'><strong>atque</strong></span> 
     </span>
    </p>
   </div>
   <div class='ocr_carea' id='block_1_14' title="bbox 203 689 996 726">
    <p class='ocr_par' dir='ltr' id='par_1_14' title="bbox 203 689 996 726">
     <span class='ocr_line' id='line_1_14' title="bbox 203 689 996 726; baseline 0.003 -10"><span class='ocrx_word' id='word_1_78' title='bbox 203 689 266 717; x_wconf 90' lang='lat' dir='ltr'><strong>aliis</strong></span> <span class='ocrx_word' id='word_1_79' title='bbox 278 690 361 717; x_wconf 87' lang='lat' dir='ltr'><strong>etiam</strong></span> <span class='ocrx_word' id='word_1_80' title='bbox 380 689 497 717; x_wconf 82' lang='lat' dir='ltr'><strong>fortasse</strong></span> <span class='ocrx_word' id='word_1_81' title='bbox 506 689 606 717; x_wconf 65' lang='lat' dir='ltr'><strong>Judaeis</strong></span> <span class='ocrx_word' id='word_1_82' title='bbox 621 690 720 725; x_wconf 87' lang='lat' dir='ltr'><strong>pridie,</strong></span> <span class='ocrx_word' id='word_1_83' title='bbox 729 698 811 725; x_wconf 89' lang='lat' dir='ltr'><strong>quam</strong></span> <span class='ocrx_word' id='word_1_84' title='bbox 823 691 913 718; x_wconf 73' lang='lat' dir='ltr'><strong>caeteri</strong></span> <span class='ocrx_word' id='word_1_85' title='bbox 928 699 996 726; x_wconf 67' lang='lat' dir='ltr'><strong>prte-</strong></span> 
     </span>
    </p>
   </div>
   <div class='ocr_carea' id='block_1_15' title="bbox 205 733 995 770">
    <p class='ocr_par' dir='ltr' id='par_1_15' title="bbox 205 733 995 770">
     <span class='ocr_line' id='line_1_15' title="bbox 205 733 995 770; baseline 0.004 -10"><span class='ocrx_word' id='word_1_86' title='bbox 205 738 316 768; x_wconf 85' lang='lat' dir='ltr'><strong>postcre</strong></span> <span class='ocrx_word' id='word_1_87' title='bbox 340 733 366 761; x_wconf 89' lang='lat' dir='ltr'><strong>id</strong></span> <span class='ocrx_word' id='word_1_88' title='bbox 391 733 523 767; x_wconf 85' lang='lat' dir='ltr'><strong>facerent,</strong></span> <span class='ocrx_word' id='word_1_89' title='bbox 543 742 677 769; x_wconf 88' lang='lat' dir='ltr'><strong>usurpare</strong></span> <span class='ocrx_word' id='word_1_90' title='bbox 704 735 810 762; x_wconf 92' lang='lat' dir='ltr'><strong>maluit.</strong></span> <span class='ocrx_word' id='word_1_91' title='bbox 829 735 922 770; x_wconf 85' lang='lat' dir='ltr'><strong>Neque</strong></span> <span class='ocrx_word' id='word_1_92' title='bbox 945 737 995 764; x_wconf 90' lang='lat' dir='ltr'><strong>hoc</strong></span> 
     </span>
    </p>
   </div>
   <div class='ocr_carea' id='block_1_16' title="bbox 204 778 995 810">
    <p class='ocr_par' dir='ltr' id='par_1_16' title="bbox 204 778 995 810">
     <span class='ocr_line' id='line_1_16' title="bbox 204 778 995 810; baseline 0.004 -4"><span class='ocrx_word' id='word_1_93' title='bbox 204 778 298 810; x_wconf 86' lang='lat' dir='ltr'><strong>unius,</strong></span> <span class='ocrx_word' id='word_1_94' title='bbox 319 779 466 806; x_wconf 83' lang='lat' dir='ltr'><strong>alteriuSve</strong></span> <span class='ocrx_word' id='word_1_95' title='bbox 488 779 541 806; x_wconf 83' lang='lat' dir='ltr'><strong>diei</strong></span> <span class='ocrx_word' id='word_1_96' title='bbox 559 779 707 807; x_wconf 86' lang='lat' dir='ltr'><strong>discrimen</strong></span> <span class='ocrx_word' id='word_1_97' title='bbox 732 780 920 808; x_wconf 85' lang='lat' dir='ltr'><strong>admirabilius</strong></span> <span class='ocrx_word' id='word_1_98' title='bbox 935 789 995 809; x_wconf 86' lang='lat' dir='ltr'><strong>esse</strong></span> 
     </span>
    </p>
   </div>
   <div class='ocr_carea' id='block_1_17' title="bbox 203 823 995 858">
    <p class='ocr_par' dir='ltr' id='par_1_17' title="bbox 203 823 995 858">
     <span class='ocr_line' id='line_1_17' title="bbox 203 823 995 858; baseline 0.005 -9"><span class='ocrx_word' id='word_1_99' title='bbox 203 823 295 855; x_wconf 87' lang='lat' dir='ltr'><strong>debet,</strong></span> <span class='ocrx_word' id='word_1_100' title='bbox 314 831 395 858; x_wconf 89' lang='lat' dir='ltr'><strong>quam</strong></span> <span class='ocrx_word' id='word_1_101' title='bbox 410 824 482 858; x_wconf 89' lang='lat' dir='ltr'><strong>quod</strong></span> <span class='ocrx_word' id='word_1_102' title='bbox 495 824 661 851; x_wconf 83' lang='lat' dir='ltr'><strong>Christianis</strong></span> <span class='ocrx_word' id='word_1_103' title='bbox 679 824 746 858; x_wconf 88' lang='lat' dir='ltr'><strong>ipsis</strong></span> <span class='ocrx_word' id='word_1_104' title='bbox 763 832 817 851; x_wconf 92' lang='lat' dir='ltr'><strong>non</strong></span> <span class='ocrx_word' id='word_1_105' title='bbox 838 825 919 852; x_wconf 90' lang='lat' dir='ltr'><strong>modo</strong></span> <span class='ocrx_word' id='word_1_106' title='bbox 933 830 995 853; x_wconf 82' lang='lat' dir='ltr'><strong>ante</strong></span> 
     </span>
    </p>
   </div>
   <div class='ocr_carea' id='block_1_18' title="bbox 205 867 994 903">
    <p class='ocr_par' dir='ltr' id='par_1_18' title="bbox 205 867 994 903">
     <span class='ocr_line' id='line_1_18' title="bbox 205 867 994 903; baseline 0.004 -8"><span class='ocrx_word' id='word_1_107' title='bbox 205 867 323 896; x_wconf 84' lang='lat' dir='ltr'><strong>Victoris</strong></span> <span class='ocrx_word' id='word_1_108' title='bbox 345 876 420 903; x_wconf 78' lang='lat' dir='ltr'><strong>papae</strong></span> <span class='ocrx_word' id='word_1_109' title='bbox 437 869 589 902; x_wconf 89' lang='lat' dir='ltr'><strong>decretum,</strong></span> <span class='ocrx_word' id='word_1_110' title='bbox 610 874 658 896; x_wconf 89' lang='lat' dir='ltr'><strong>aut</strong></span> <span class='ocrx_word' id='word_1_111' title='bbox 672 868 812 897; x_wconf 71' lang='lat' dir='ltr'><strong>Niczenum</strong></span> <span class='ocrx_word' id='word_1_112' title='bbox 829 870 994 902; x_wconf 80' lang='lat' dir='ltr'><strong>concilium;</strong></span> 
     </span>
    </p>
   </div>
   <div class='ocr_carea' id='block_1_19' title="bbox 1049 274 1840 313">
    <p class='ocr_par' dir='ltr' id='par_1_19' title="bbox 1049 274 1840 313">
     <span class='ocr_line' id='line_1_19' title="bbox 1049 274 1840 313; baseline -0.001 -10"><span class='ocrx_word' id='word_1_113' title='bbox 1049 285 1109 304; x_wconf 89' lang='lat' dir='ltr'><strong>rum</strong></span> <span class='ocrx_word' id='word_1_114' title='bbox 1134 277 1239 312; x_wconf 88' lang='lat' dir='ltr'><strong>primus</strong></span> <span class='ocrx_word' id='word_1_115' title='bbox 1264 285 1324 312; x_wconf 85' lang='lat' dir='ltr'><strong>cap.</strong></span> <span class='ocrx_word' id='word_1_116' title='bbox 1353 284 1427 309; x_wconf 80' lang='lat' dir='ltr'><strong>xxvl,</strong></span> <span class='ocrx_word' id='word_1_117' title='bbox 1443 276 1460 304; x_wconf 81' lang='lat'>5</span> <span class='ocrx_word' id='word_1_118' title='bbox 1477 286 1483 303; x_wconf 89' lang='lat'>:</span> <span class='ocrx_word' id='word_1_119' title='bbox 1509 277 1547 312; x_wconf 81' lang='grc' dir='ltr'><strong>Τῇ</strong></span> <span class='ocrx_word' id='word_1_120' title='bbox 1568 274 1599 302; x_wconf 84' lang='grc' dir='ltr'><strong>δὲ</strong></span> <span class='ocrx_word' id='word_1_121' title='bbox 1616 276 1721 313; x_wconf 85' lang='grc' dir='ltr'><strong>πρώτῃ.</strong></span> <span class='ocrx_word' id='word_1_122' title='bbox 1738 276 1840 310; x_wconf 85' lang='lat' dir='ltr'><strong>inquit,</strong></span> 
     </span>
    </p>
   </div>
   <div class='ocr_carea' id='block_1_20' title="bbox 1048 321 1844 357">
    <p class='ocr_par' dir='ltr' id='par_1_20' title="bbox 1048 321 1844 357">
     <span class='ocr_line' id='line_1_20' title="bbox 1048 321 1844 357; baseline -0.003 -8"><span class='ocrx_word' id='word_1_123' title='bbox 1048 322 1102 349; x_wconf 82' lang='grc' dir='ltr'><strong>τῶν</strong></span> <span class='ocrx_word' id='word_1_124' title='bbox 1123 321 1248 357; x_wconf 74' lang='grc' dir='ltr'><strong>’Λζύμων</strong></span> <span class='ocrx_word' id='word_1_125' title='bbox 1265 321 1417 357; x_wconf 79' lang='grc' dir='ltr'><strong>προσῆλθον</strong></span> <span class='ocrx_word' id='word_1_126' title='bbox 1430 322 1454 348; x_wconf 83' lang='grc' dir='ltr'><strong>οἱ</strong></span> <span class='ocrx_word' id='word_1_127' title='bbox 1465 321 1596 356; x_wconf 71' lang='grc' dir='ltr'><strong>μαθηταὶ,</strong></span> <span class='ocrx_word' id='word_1_128' title='bbox 1612 321 1703 348; x_wconf 85' lang='lat' dir='ltr'><strong>Prima</strong></span> <span class='ocrx_word' id='word_1_129' title='bbox 1718 322 1761 347; x_wconf 87' lang='lat' dir='ltr'><strong>die</strong></span> <span class='ocrx_word' id='word_1_130' title='bbox 1776 329 1844 355; x_wconf 76' lang='lat' dir='ltr'><strong>azy-</strong></span> 
     </span>
    </p>
   </div>
   <div class='ocr_carea' id='block_1_21' title="bbox 1049 367 1843 402">
    <p class='ocr_par' dir='ltr' id='par_1_21' title="bbox 1049 367 1843 402">
     <span class='ocr_line' id='line_1_21' title="bbox 1049 367 1843 402; baseline -0.003 -7"><span class='ocrx_word' id='word_1_131' title='bbox 1049 377 1151 396; x_wconf 82' lang='lat' dir='ltr'><strong>morum</strong></span> <span class='ocrx_word' id='word_1_132' title='bbox 1166 373 1329 395; x_wconf 81' lang='lat' dir='ltr'><strong>accessernnt</strong></span> <span class='ocrx_word' id='word_1_133' title='bbox 1342 368 1486 402; x_wconf 74' lang='lat' dir='ltr'><strong>disripuli;</strong></span> <span class='ocrx_word' id='word_1_134' title='bbox 1502 367 1609 394; x_wconf 85' lang='lat' dir='ltr'><strong>Marcus</strong></span> <span class='ocrx_word' id='word_1_135' title='bbox 1626 375 1689 394; x_wconf 90' lang='lat' dir='ltr'><strong>vero</strong></span> <span class='ocrx_word' id='word_1_136' title='bbox 1705 376 1767 402; x_wconf 90' lang='lat' dir='ltr'><strong>cap.</strong></span> <span class='ocrx_word' id='word_1_137' title='bbox 1785 376 1843 398; x_wconf 80' lang='lat' dir='ltr'><strong>xtv,</strong></span> 
     </span>
    </p>
   </div>
   <div class='ocr_carea' id='block_1_22' title="bbox 1050 412 1844 449">
    <p class='ocr_par' dir='ltr' id='par_1_22' title="bbox 1050 412 1844 449">
     <span class='ocr_line' id='line_1_22' title="bbox 1050 412 1844 449; baseline -0.004 -8"><span class='ocrx_word' id='word_1_138' title='bbox 1050 414 1084 440; x_wconf 71' lang='grc'><strong>12</strong></span> <span class='ocrx_word' id='word_1_139' title='bbox 1094 424 1100 441; x_wconf 83' lang='lat'><strong>2</strong></span> <span class='ocrx_word' id='word_1_140' title='bbox 1111 414 1166 441; x_wconf 72' lang='grc' dir='ltr'><strong>Καὶ</strong></span> <span class='ocrx_word' id='word_1_141' title='bbox 1177 416 1209 449; x_wconf 87' lang='grc' dir='ltr'><strong>τῇ</strong></span> <span class='ocrx_word' id='word_1_142' title='bbox 1222 412 1316 449; x_wconf 76' lang='grc' dir='ltr'>πρώτῃ</span> <span class='ocrx_word' id='word_1_143' title='bbox 1327 413 1418 448; x_wconf 70' lang='grc' dir='ltr'><strong>ἡμέρᾳ</strong></span> <span class='ocrx_word' id='word_1_144' title='bbox 1432 413 1486 439; x_wconf 78' lang='grc' dir='ltr'><strong>τῶν</strong></span> <span class='ocrx_word' id='word_1_145' title='bbox 1505 412 1639 448; x_wconf 75' lang='grc' dir='ltr'><strong>’Δζύμων,</strong></span> <span class='ocrx_word' id='word_1_146' title='bbox 1651 413 1694 438; x_wconf 76' lang='grc' dir='ltr'><strong>ὅτε</strong></span> <span class='ocrx_word' id='word_1_147' title='bbox 1706 412 1736 438; x_wconf 70' lang='grc' dir='ltr'><strong>τὸ</strong></span> <span class='ocrx_word' id='word_1_148' title='bbox 1746 412 1844 447; x_wconf 76' lang='grc' dir='ltr'><strong>Πάσχα.</strong></span> 
     </span>
    </p>
   </div>
   <div class='ocr_carea' id='block_1_23' title="bbox 1049 457 1843 492">
    <p class='ocr_par' dir='ltr' id='par_1_23' title="bbox 1049 457 1843 492">
     <span class='ocr_line' id='line_1_23' title="bbox 1049 457 1843 492; baseline -0.001 -8"><span class='ocrx_word' id='word_1_149' title='bbox 1049 458 1138 490; x_wconf 77' lang='grc' dir='ltr'><strong>ἔθυον,</strong></span> <span class='ocrx_word' id='word_1_150' title='bbox 1156 458 1249 485; x_wconf 82' lang='lat' dir='ltr'><strong>Prima</strong></span> <span class='ocrx_word' id='word_1_151' title='bbox 1261 458 1304 484; x_wconf 74' lang='lat' dir='ltr'><strong>die</strong></span> <span class='ocrx_word' id='word_1_152' title='bbox 1320 465 1492 492; x_wconf 79' lang='lat' dir='ltr'><strong>azymorum,</strong></span> <span class='ocrx_word' id='word_1_153' title='bbox 1509 457 1614 492; x_wconf 80' lang='lat' dir='ltr'><strong>quando</strong></span> <span class='ocrx_word' id='word_1_154' title='bbox 1630 457 1735 484; x_wconf 81' lang='lat' dir='ltr'><strong>Pasrlta</strong></span> <span class='ocrx_word' id='word_1_155' title='bbox 1755 458 1843 483; x_wconf 72' lang='lat' dir='ltr'><strong>sacri-</strong></span> 
     </span>
    </p>
   </div>
   <div class='ocr_carea' id='block_1_24' title="bbox 1048 500 1844 539">
    <p class='ocr_par' dir='ltr' id='par_1_24' title="bbox 1048 500 1844 539">
     <span class='ocr_line' id='line_1_24' title="bbox 1048 500 1844 539; baseline -0.005 -8"><span class='ocrx_word' id='word_1_156' title='bbox 1048 505 1163 539; x_wconf 67' lang='lat' dir='ltr'><strong>ﬁcabant</strong></span> <span class='ocrx_word' id='word_1_157' title='bbox 1173 512 1183 535; x_wconf 88' lang='lat'><strong><em>;</em></strong></span> <span class='ocrx_word' id='word_1_158' title='bbox 1195 504 1311 538; x_wconf 86' lang='lat' dir='ltr'><strong>denique</strong></span> <span class='ocrx_word' id='word_1_159' title='bbox 1320 503 1409 530; x_wconf 87' lang='lat' dir='ltr'><strong>Lucas</strong></span> <span class='ocrx_word' id='word_1_160' title='bbox 1423 511 1482 537; x_wconf 89' lang='lat' dir='ltr'><strong>cap.</strong></span> <span class='ocrx_word' id='word_1_161' title='bbox 1499 511 1544 535; x_wconf 78' lang='lat' dir='ltr'><strong>xx,</strong></span> <span class='ocrx_word' id='word_1_162' title='bbox 1558 503 1573 528; x_wconf 87' lang='lat'><strong>7</strong></span> <span class='ocrx_word' id='word_1_163' title='bbox 1587 511 1594 529; x_wconf 86' lang='lat'>:</span> <span class='ocrx_word' id='word_1_164' title='bbox 1608 500 1693 528; x_wconf 75' lang='grc' dir='ltr'>Ἦλθε</span> <span class='ocrx_word' id='word_1_165' title='bbox 1708 502 1736 527; x_wconf 81' lang='grc' dir='ltr'><strong>δὲ</strong></span> <span class='ocrx_word' id='word_1_166' title='bbox 1749 501 1844 537; x_wconf 67' lang='grc' dir='ltr'>ἡμέρα</span> 
     </span>
    </p>
   </div>
   <div class='ocr_carea' id='block_1_25' title="bbox 1048 547 1843 586">
    <p class='ocr_par' dir='ltr' id='par_1_25' title="bbox 1048 547 1843 586">
     <span class='ocr_line' id='line_1_25' title="bbox 1048 547 1843 586; baseline -0.001 -10"><span class='ocrx_word' id='word_1_167' title='bbox 1048 550 1102 577; x_wconf 81' lang='grc' dir='ltr'><strong>τῶν</strong></span> <span class='ocrx_word' id='word_1_168' title='bbox 1120 550 1255 585; x_wconf 79' lang='grc' dir='ltr'><strong>’Δζύμων,</strong></span> <span class='ocrx_word' id='word_1_169' title='bbox 1270 551 1299 576; x_wconf 83' lang='grc' dir='ltr'><strong>ἐν</strong></span> <span class='ocrx_word' id='word_1_170' title='bbox 1344 549 1398 576; x_wconf 80' lang='grc' dir='ltr'><strong>ἔδει</strong></span> <span class='ocrx_word' id='word_1_171' title='bbox 1412 548 1522 575; x_wconf 81' lang='grc' dir='ltr'><strong>Θύεσθαι</strong></span> <span class='ocrx_word' id='word_1_172' title='bbox 1538 548 1568 574; x_wconf 81' lang='grc' dir='ltr'>τὸ</span> <span class='ocrx_word' id='word_1_173' title='bbox 1583 548 1688 583; x_wconf 73' lang='grc' dir='ltr'><strong>Πάσχα,</strong></span> <span class='ocrx_word' id='word_1_174' title='bbox 1700 547 1776 574; x_wconf 80' lang='lat' dir='ltr'><strong>Venit</strong></span> <span class='ocrx_word' id='word_1_175' title='bbox 1786 548 1843 575; x_wconf 79' lang='lat' dir='ltr'><strong>dies</strong></span> 
     </span>
    </p>
   </div>
   <div class='ocr_carea' id='block_1_26' title="bbox 1048 593 1843 631">
    <p class='ocr_par' dir='ltr' id='par_1_26' title="bbox 1048 593 1843 631">
     <span class='ocr_line' id='line_1_26' title="bbox 1048 593 1843 631; baseline -0.004 -9"><span class='ocrx_word' id='word_1_176' title='bbox 1048 604 1214 631; x_wconf 71' lang='lat' dir='ltr'><strong>azymorum,</strong></span> <span class='ocrx_word' id='word_1_177' title='bbox 1229 597 1257 621; x_wconf 91' lang='lat' dir='ltr'><strong>in</strong></span> <span class='ocrx_word' id='word_1_178' title='bbox 1271 604 1322 630; x_wconf 86' lang='lat' dir='ltr'><strong>qua</strong></span> <span class='ocrx_word' id='word_1_179' title='bbox 1341 595 1477 630; x_wconf 82' lang='lat' dir='ltr'><strong>oportebat</strong></span> <span class='ocrx_word' id='word_1_180' title='bbox 1499 594 1638 620; x_wconf 75' lang='lat' dir='ltr'><strong>immolare</strong></span> <span class='ocrx_word' id='word_1_181' title='bbox 1652 593 1767 621; x_wconf 79' lang='lat' dir='ltr'><strong>Pascha.</strong></span> <span class='ocrx_word' id='word_1_182' title='bbox 1784 593 1843 620; x_wconf 81' lang='lat' dir='ltr'><strong>Ma-</strong></span> 
     </span>
    </p>
   </div>
   <div class='ocr_carea' id='block_1_27' title="bbox 1048 640 1843 676">
    <p class='ocr_par' dir='ltr' id='par_1_27' title="bbox 1048 640 1843 676">
     <span class='ocr_line' id='line_1_27' title="bbox 1048 640 1843 676; baseline -0.005 -7"><span class='ocrx_word' id='word_1_183' title='bbox 1048 641 1147 669; x_wconf 86' lang='lat' dir='ltr'><strong>nifeste</strong></span> <span class='ocrx_word' id='word_1_184' title='bbox 1167 642 1281 676; x_wconf 78' lang='lat' dir='ltr'><strong>primam</strong></span> <span class='ocrx_word' id='word_1_185' title='bbox 1300 641 1464 676; x_wconf 82' lang='lat' dir='ltr'><strong>Azymorum</strong></span> <span class='ocrx_word' id='word_1_186' title='bbox 1478 640 1624 675; x_wconf 81' lang='lat' dir='ltr'><strong>appellant,</strong></span> <span class='ocrx_word' id='word_1_187' title='bbox 1639 647 1700 674; x_wconf 68' lang='lat' dir='ltr'><strong>qtrce</strong></span> <span class='ocrx_word' id='word_1_188' title='bbox 1717 647 1732 666; x_wconf 87' lang='lat' dir='ltr'><strong>a</strong></span> <span class='ocrx_word' id='word_1_189' title='bbox 1747 647 1843 674; x_wconf 79' lang='lat' dir='ltr'><strong>vespe-</strong></span> 
     </span>
    </p>
   </div>
   <div class='ocr_carea' id='block_1_28' title="bbox 1048 685 1843 722">
    <p class='ocr_par' dir='ltr' id='par_1_28' title="bbox 1048 685 1843 722">
     <span class='ocr_line' id='line_1_28' title="bbox 1048 685 1843 722; baseline -0.005 -7"><span class='ocrx_word' id='word_1_190' title='bbox 1048 695 1077 715; x_wconf 84' lang='lat' dir='ltr'><strong>ra</strong></span> <span class='ocrx_word' id='word_1_191' title='bbox 1088 687 1188 714; x_wconf 72' lang='lat' dir='ltr'><strong>ferizev</strong></span> <span class='ocrx_word' id='word_1_192' title='bbox 1202 687 1293 722; x_wconf 71' lang='lat' dir='ltr'><strong>erepit.</strong></span> <span class='ocrx_word' id='word_1_193' title='bbox 1308 695 1361 721; x_wconf 89' lang='lat' dir='ltr'><strong>qua</strong></span> <span class='ocrx_word' id='word_1_194' title='bbox 1379 686 1423 713; x_wconf 89' lang='lat' dir='ltr'><strong>die</strong></span> <span class='ocrx_word' id='word_1_195' title='bbox 1437 685 1542 713; x_wconf 84' lang='lat' dir='ltr'><strong>Pascha</strong></span> <span class='ocrx_word' id='word_1_196' title='bbox 1564 686 1597 712; x_wconf 86' lang='lat' dir='ltr'><strong>de</strong></span> <span class='ocrx_word' id='word_1_197' title='bbox 1615 693 1690 712; x_wconf 87' lang='lat' dir='ltr'><strong>more</strong></span> <span class='ocrx_word' id='word_1_198' title='bbox 1715 686 1750 712; x_wconf 85' lang='lat' dir='ltr'><strong>ah</strong></span> <span class='ocrx_word' id='word_1_199' title='bbox 1775 693 1843 720; x_wconf 80' lang='lat' dir='ltr'><strong>apo—</strong></span> 
     </span>
    </p>
   </div>
   <div class='ocr_carea' id='block_1_29' title="bbox 1049 731 1841 768">
    <p class='ocr_par' dir='ltr' id='par_1_29' title="bbox 1049 731 1841 768">
     <span class='ocr_line' id='line_1_29' title="bbox 1049 731 1841 768; baseline -0.006 -7"><span class='ocrx_word' id='word_1_200' title='bbox 1049 733 1127 761; x_wconf 77' lang='lat' dir='ltr'><strong>stolis</strong></span> <span class='ocrx_word' id='word_1_201' title='bbox 1152 737 1352 768; x_wconf 66' lang='lat' dir='ltr'><strong>prmparatum,</strong></span> <span class='ocrx_word' id='word_1_202' title='bbox 1379 738 1404 760; x_wconf 90' lang='lat' dir='ltr'><strong>et</strong></span> <span class='ocrx_word' id='word_1_203' title='bbox 1431 731 1621 767; x_wconf 78' lang='lat' dir='ltr'><strong>patrifamilias</strong></span> <span class='ocrx_word' id='word_1_204' title='bbox 1648 731 1841 758; x_wconf 88' lang='lat' dir='ltr'><strong>denuntiatum</strong></span> 
     </span>
    </p>
   </div>
   <div class='ocr_carea' id='block_1_30' title="bbox 1048 780 1165 807">
    <p class='ocr_par' dir='ltr' id='par_1_30' title="bbox 1048 780 1165 807">
     <span class='ocr_line' id='line_1_30' title="bbox 1048 780 1165 807; baseline -0.009 -1"><span class='ocrx_word' id='word_1_205' title='bbox 1048 780 1138 807; x_wconf 88' lang='lat' dir='ltr'><strong>videtu</strong></span> <span class='ocrx_word' id='word_1_206' title='bbox 1144 788 1165 806; x_wconf 93' lang='lat' dir='ltr'><strong>r.</strong></span> 
     </span>
    </p>
   </div>
   <div class='ocr_carea' id='block_1_31' title="bbox 1083 822 1841 858">
    <p class='ocr_par' dir='ltr' id='par_1_31' title="bbox 1083 822 1841 858">
     <span class='ocr_line' id='line_1_31' title="bbox 1083 822 1841 858; baseline -0.001 -7"><span class='ocrx_word' id='word_1_207' title='bbox 1083 824 1135 851; x_wconf 83' lang='lat' dir='ltr'><strong>Alii</strong></span> <span class='ocrx_word' id='word_1_208' title='bbox 1149 832 1223 855; x_wconf 85' lang='lat' dir='ltr'><strong>vero,</strong></span> <span class='ocrx_word' id='word_1_209' title='bbox 1236 823 1282 858; x_wconf 89' lang='lat' dir='ltr'><strong>qui</strong></span> <span class='ocrx_word' id='word_1_210' title='bbox 1295 831 1357 850; x_wconf 88' lang='lat' dir='ltr'><strong>cum</strong></span> <span class='ocrx_word' id='word_1_211' title='bbox 1373 822 1539 857; x_wconf 82' lang='lat' dir='ltr'><strong>Epiphanio,</strong></span> <span class='ocrx_word' id='word_1_212' title='bbox 1557 823 1719 855; x_wconf 71' lang='lat' dir='ltr'><strong>czcterisque</strong></span> <span class='ocrx_word' id='word_1_213' title='bbox 1733 823 1841 857; x_wconf 78' lang='lat' dir='ltr'><strong>gravis-</strong></span> 
     </span>
    </p>
   </div>
   <div class='ocr_carea' id='block_1_32' title="bbox 1049 867 1842 904">
    <p class='ocr_par' dir='ltr' id='par_1_32' title="bbox 1049 867 1842 904">
     <span class='ocr_line' id='line_1_32' title="bbox 1049 867 1842 904; baseline -0.005 -6"><span class='ocrx_word' id='word_1_214' title='bbox 1049 871 1125 899; x_wconf 86' lang='lat' dir='ltr'><strong>simis</strong></span> <span class='ocrx_word' id='word_1_215' title='bbox 1151 870 1330 904; x_wconf 87' lang='lat' dir='ltr'><strong>scriptorilms</strong></span> <span class='ocrx_word' id='word_1_216' title='bbox 1358 874 1458 903; x_wconf 84' lang='lat' dir='ltr'><strong>negant</strong></span> <span class='ocrx_word' id='word_1_217' title='bbox 1474 868 1569 895; x_wconf 89' lang='lat' dir='ltr'><strong>eodem</strong></span> <span class='ocrx_word' id='word_1_218' title='bbox 1589 868 1633 895; x_wconf 88' lang='lat' dir='ltr'><strong>die</strong></span> <span class='ocrx_word' id='word_1_219' title='bbox 1651 867 1756 895; x_wconf 85' lang='lat' dir='ltr'><strong>Pascha</strong></span> <span class='ocrx_word' id='word_1_220' title='bbox 1769 871 1842 895; x_wconf 85' lang='lat' dir='ltr'><strong>cele-</strong></span> 
     </span>
    </p>
   </div>
   <div class='ocr_carea' id='block_1_33' title="bbox 204 913 1840 951">
    <p class='ocr_par' dir='ltr' id='par_1_33' title="bbox 204 913 1840 951">
     <span class='ocr_line' id='line_1_33' title="bbox 204 913 1840 951; baseline 0 -11"><span class='ocrx_word' id='word_1_221' title='bbox 204 922 298 941; x_wconf 86' lang='lat' dir='ltr'><strong>verum</strong></span> <span class='ocrx_word' id='word_1_222' title='bbox 319 914 401 941; x_wconf 89' lang='lat' dir='ltr'><strong>etiam</strong></span> <span class='ocrx_word' id='word_1_223' title='bbox 419 915 525 950; x_wconf 87' lang='lat' dir='ltr'><strong>aliquot</strong></span> <span class='ocrx_word' id='word_1_224' title='bbox 546 920 638 950; x_wconf 89' lang='lat' dir='ltr'><strong>postea</strong></span> <span class='ocrx_word' id='word_1_225' title='bbox 663 917 772 944; x_wconf 69' lang='lat' dir='ltr'><strong>saeculis</strong></span> <span class='ocrx_word' id='word_1_226' title='bbox 794 918 903 951; x_wconf 88' lang='lat' dir='ltr'><strong>accidit,</strong></span> <span class='ocrx_word' id='word_1_227' title='bbox 919 922 949 944; x_wconf 89' lang='lat' dir='ltr'><strong>ut</strong></span> <span class='ocrx_word' id='word_1_228' title='bbox 966 917 993 944; x_wconf 93' lang='lat' dir='ltr'><strong>in</strong></span> <span class='ocrx_word' id='word_1_229' title='bbox 1010 914 1030 941; x_wconf 80' lang='grc' dir='ltr'><strong>Β</strong></span> <span class='ocrx_word' id='word_1_230' title='bbox 1045 918 1164 948; x_wconf 89' lang='lat' dir='ltr'><strong>hratum,</strong></span> <span class='ocrx_word' id='word_1_231' title='bbox 1187 915 1302 943; x_wconf 82' lang='lat' dir='ltr'><strong>Joannis</strong></span> <span class='ocrx_word' id='word_1_232' title='bbox 1333 915 1521 941; x_wconf 79' lang='lat' dir='ltr'><strong>testimonium</strong></span> <span class='ocrx_word' id='word_1_233' title='bbox 1551 913 1712 949; x_wconf 85' lang='lat' dir='ltr'><strong>proferunt;</strong></span> <span class='ocrx_word' id='word_1_234' title='bbox 1740 915 1787 948; x_wconf 89' lang='lat' dir='ltr'><strong>qni</strong></span> <span class='ocrx_word' id='word_1_235' title='bbox 1815 914 1840 940; x_wconf 89' lang='lat' dir='ltr'><strong>id</strong></span> 
     </span>
    </p>
   </div>
   <div class='ocr_carea' id='block_1_34' title="bbox 204 959 995 999">
    <p class='ocr_par' dir='ltr' id='par_1_34' title="bbox 204 959 995 999">
     <span class='ocr_line' id='line_1_34' title="bbox 204 959 995 999; baseline 0.005 -12"><span class='ocrx_word' id='word_1_236' title='bbox 204 959 414 994; x_wconf 80' lang='lat' dir='ltr'><strong>religiosissima</strong></span> <span class='ocrx_word' id='word_1_237' title='bbox 435 960 578 988; x_wconf 84' lang='lat' dir='ltr'><strong>Paschalis</strong></span> <span class='ocrx_word' id='word_1_238' title='bbox 593 961 749 989; x_wconf 85' lang='lat' dir='ltr'><strong>celebritate</strong></span> <span class='ocrx_word' id='word_1_239' title='bbox 764 970 819 990; x_wconf 94' lang='lat' dir='ltr'><strong>uno</strong></span> <span class='ocrx_word' id='word_1_240' title='bbox 835 964 995 999; x_wconf 89' lang='lat' dir='ltr'><strong>plerumque</strong></span> 
     </span>
    </p>
   </div>
   <div class='ocr_carea' id='block_1_35' title="bbox 205 1007 994 1041">
    <p class='ocr_par' dir='ltr' id='par_1_35' title="bbox 205 1007 994 1041">
     <span class='ocr_line' id='line_1_35' title="bbox 205 1007 994 1041; baseline 0.006 -10"><span class='ocrx_word' id='word_1_241' title='bbox 205 1013 310 1037; x_wconf 85' lang='lat' dir='ltr'><strong>mense,</strong></span> <span class='ocrx_word' id='word_1_242' title='bbox 328 1013 525 1041; x_wconf 86' lang='lat' dir='ltr'><strong>nonnunquam</strong></span> <span class='ocrx_word' id='word_1_243' title='bbox 540 1007 637 1034; x_wconf 87' lang='lat' dir='ltr'><strong>diebus</strong></span> <span class='ocrx_word' id='word_1_244' title='bbox 652 1015 701 1037; x_wconf 89' lang='lat' dir='ltr'><strong>vn,</strong></span> <span class='ocrx_word' id='word_1_245' title='bbox 720 1015 735 1034; x_wconf 88' lang='lat' dir='ltr'><strong>a</strong></span> <span class='ocrx_word' id='word_1_246' title='bbox 762 1015 790 1035; x_wconf 89' lang='lat' dir='ltr'><strong>se</strong></span> <span class='ocrx_word' id='word_1_247' title='bbox 805 1008 920 1036; x_wconf 84' lang='lat' dir='ltr'><strong>invicem</strong></span> <span class='ocrx_word' id='word_1_248' title='bbox 940 1009 994 1036; x_wconf 92' lang='lat' dir='ltr'><strong>dif-</strong></span> 
     </span>
    </p>
   </div>
   <div class='ocr_carea' id='block_1_36' title="bbox 205 1050 994 1087">
    <p class='ocr_par' dir='ltr' id='par_1_36' title="bbox 205 1050 994 1087">
     <span class='ocr_line' id='line_1_36' title="bbox 205 1050 994 1087; baseline 0.004 -9"><span class='ocrx_word' id='word_1_249' title='bbox 205 1050 318 1078; x_wconf 83' lang='lat' dir='ltr'><strong>ferrent.</strong></span> <span class='ocrx_word' id='word_1_250' title='bbox 338 1050 374 1078; x_wconf 86' lang='lat' dir='ltr'><strong>De</strong></span> <span class='ocrx_word' id='word_1_251' title='bbox 390 1059 445 1086; x_wconf 88' lang='lat' dir='ltr'><strong>quo</strong></span> <span class='ocrx_word' id='word_1_252' title='bbox 461 1052 593 1079; x_wconf 89' lang='lat' dir='ltr'><strong>nonnulla</strong></span> <span class='ocrx_word' id='word_1_253' title='bbox 611 1052 644 1079; x_wconf 91' lang='lat' dir='ltr'><strong>ad</strong></span> <span class='ocrx_word' id='word_1_254' title='bbox 662 1051 806 1087; x_wconf 83' lang='lat' dir='ltr'><strong>Nicephori</strong></span> <span class='ocrx_word' id='word_1_255' title='bbox 824 1053 994 1082; x_wconf 88' lang='lat' dir='ltr'><strong>Breviarium</strong></span> 
     </span>
    </p>
   </div>
   <div class='ocr_carea' id='block_1_37' title="bbox 206 1097 994 1134">
    <p class='ocr_par' dir='ltr' id='par_1_37' title="bbox 206 1097 994 1134">
     <span class='ocr_line' id='line_1_37' title="bbox 206 1097 994 1134; baseline 0.006 -11"><span class='ocrx_word' id='word_1_256' title='bbox 206 1098 233 1124; x_wconf 94' lang='lat' dir='ltr'><strong>in</strong></span> <span class='ocrx_word' id='word_1_257' title='bbox 246 1097 407 1134; x_wconf 79' lang='grc' dir='ltr'><strong>Προοεωρίᾳ</strong></span> <span class='ocrx_word' id='word_1_258' title='bbox 419 1098 484 1125; x_wconf 92' lang='lat' dir='ltr'><strong>olim</strong></span> <span class='ocrx_word' id='word_1_259' title='bbox 499 1099 700 1127; x_wconf 87' lang='lat' dir='ltr'><strong>adnotavimus.</strong></span> <span class='ocrx_word' id='word_1_260' title='bbox 715 1099 766 1127; x_wconf 90' lang='lat' dir='ltr'><strong>Ubi</strong></span> <span class='ocrx_word' id='word_1_261' title='bbox 781 1109 834 1128; x_wconf 82' lang='lat' dir='ltr'><strong>non</strong></span> <span class='ocrx_word' id='word_1_262' title='bbox 850 1101 937 1128; x_wconf 89' lang='lat' dir='ltr'><strong>solmn</strong></span> <span class='ocrx_word' id='word_1_263' title='bbox 953 1102 994 1128; x_wconf 92' lang='lat' dir='ltr'><strong>in-</strong></span> 
     </span>
    </p>
   </div>
   <div class='ocr_carea' id='block_1_38' title="bbox 204 1143 993 1180">
    <p class='ocr_par' dir='ltr' id='par_1_38' title="bbox 204 1143 993 1180">
     <span class='ocr_line' id='line_1_38' title="bbox 204 1143 993 1180; baseline 0.008 -11"><span class='ocrx_word' id='word_1_264' title='bbox 204 1148 245 1170; x_wconf 88' lang='lat' dir='ltr'><strong>ter</strong></span> <span class='ocrx_word' id='word_1_265' title='bbox 262 1143 415 1177; x_wconf 73' lang='lat' dir='ltr'><strong>haereticos,</strong></span> <span class='ocrx_word' id='word_1_266' title='bbox 431 1144 487 1171; x_wconf 88' lang='lat' dir='ltr'><strong>sive</strong></span> <span class='ocrx_word' id='word_1_267' title='bbox 501 1144 765 1177; x_wconf 87' lang='lat' dir='ltr'><strong>Quartadecimanos</strong></span> <span class='ocrx_word' id='word_1_268' title='bbox 785 1150 812 1173; x_wconf 90' lang='lat' dir='ltr'><strong>et</strong></span> <span class='ocrx_word' id='word_1_269' title='bbox 829 1147 993 1180; x_wconf 85' lang='lat' dir='ltr'><strong>catholicos,</strong></span> 
     </span>
    </p>
   </div>
   <div class='ocr_carea' id='block_1_39' title="bbox 203 1188 995 1226">
    <p class='ocr_par' dir='ltr' id='par_1_39' title="bbox 203 1188 995 1226">
     <span class='ocr_line' id='line_1_39' title="bbox 203 1188 995 1226; baseline 0.006 -11"><span class='ocrx_word' id='word_1_270' title='bbox 203 1188 250 1215; x_wconf 76' lang='lat' dir='ltr'><strong>sed</strong></span> <span class='ocrx_word' id='word_1_271' title='bbox 265 1189 335 1215; x_wconf 87' lang='lat' dir='ltr'><strong>inter</strong></span> <span class='ocrx_word' id='word_1_272' title='bbox 349 1189 519 1217; x_wconf 82' lang='lat' dir='ltr'><strong>orthodoxos</strong></span> <span class='ocrx_word' id='word_1_273' title='bbox 534 1189 608 1224; x_wconf 87' lang='lat' dir='ltr'><strong>ipsos</strong></span> <span class='ocrx_word' id='word_1_274' title='bbox 623 1189 753 1226; x_wconf 79' lang='lat' dir='ltr'><strong>ﬂagrasse</strong></span> <span class='ocrx_word' id='word_1_275' title='bbox 765 1191 922 1220; x_wconf 84' lang='lat' dir='ltr'><strong>istiusmodi</strong></span> <span class='ocrx_word' id='word_1_276' title='bbox 938 1192 995 1220; x_wconf 87' lang='lat' dir='ltr'><strong>dis-</strong></span> 
     </span>
    </p>
   </div>
   <div class='ocr_carea' id='block_1_40' title="bbox 204 1234 550 1269">
    <p class='ocr_par' dir='ltr' id='par_1_40' title="bbox 204 1234 550 1269">
     <span class='ocr_line' id='line_1_40' title="bbox 204 1234 550 1269; baseline 0.006 -9"><span class='ocrx_word' id='word_1_277' title='bbox 204 1234 274 1261; x_wconf 88' lang='lat' dir='ltr'><strong>sidia</strong></span> <span class='ocrx_word' id='word_1_278' title='bbox 291 1235 404 1269; x_wconf 91' lang='lat' dir='ltr'><strong>planum</strong></span> <span class='ocrx_word' id='word_1_279' title='bbox 423 1234 550 1262; x_wconf 83' lang='lat' dir='ltr'><strong>fecimus.</strong></span> 
     </span>
    </p>
   </div>
   <div class='ocr_carea' id='block_1_41' title="bbox 205 1291 995 1326">
    <p class='ocr_par' dir='ltr' id='par_1_41' title="bbox 205 1291 995 1326">
     <span class='ocr_line' id='line_1_41' title="bbox 205 1291 995 1326; baseline 0.003 -7"><span class='ocrx_word' id='word_1_280' title='bbox 205 1291 301 1319; x_wconf 80' lang='lat' dir='ltr'><strong>Utrum</strong></span> <span class='ocrx_word' id='word_1_281' title='bbox 317 1292 440 1320; x_wconf 80' lang='lat' dir='ltr'><strong>Christus</strong></span> <span class='ocrx_word' id='word_1_282' title='bbox 454 1292 545 1319; x_wconf 84' lang='lat' dir='ltr'><strong>eodem</strong></span> <span class='ocrx_word' id='word_1_283' title='bbox 558 1300 608 1326; x_wconf 86' lang='lat' dir='ltr'><strong>quo</strong></span> <span class='ocrx_word' id='word_1_284' title='bbox 622 1291 641 1318; x_wconf 79' lang='grc'><strong><em>,1</em></strong></span> <span class='ocrx_word' id='word_1_285' title='bbox 644 1292 714 1320; x_wconf 76' lang='lat' dir='ltr'><strong>adrui</strong></span> <span class='ocrx_word' id='word_1_286' title='bbox 724 1293 813 1320; x_wconf 64' lang='lat' dir='ltr'><strong>caueri</strong></span> <span class='ocrx_word' id='word_1_287' title='bbox 827 1293 870 1321; x_wconf 87' lang='lat' dir='ltr'><strong>die</strong></span> <span class='ocrx_word' id='word_1_288' title='bbox 887 1293 995 1321; x_wconf 73' lang='lat' dir='ltr'><strong>Pascha</strong></span> 
     </span>
    </p>
   </div>
   <div class='ocr_carea' id='block_1_42' title="bbox 528 1327 677 1355">
    <p class='ocr_par' dir='ltr' id='par_1_42' title="bbox 528 1327 677 1355">
     <span class='ocr_line' id='line_1_42' title="bbox 528 1327 677 1355; baseline 0.007 -2"><span class='ocrx_word' id='word_1_289' title='bbox 528 1327 677 1355; x_wconf 77' lang='lat' dir='ltr'><strong>calebrurit.</strong></span> 
     </span>
    </p>
   </div>
   <div class='ocr_carea' id='block_1_43' title="bbox 239 1372 994 1409">
    <p class='ocr_par' dir='ltr' id='par_1_43' title="bbox 239 1372 994 1409">
     <span class='ocr_line' id='line_1_43' title="bbox 239 1372 994 1409; baseline 0.004 -10"><span class='ocrx_word' id='word_1_290' title='bbox 239 1372 381 1400; x_wconf 83' lang='lat' dir='ltr'><strong>Celebrem</strong></span> <span class='ocrx_word' id='word_1_291' title='bbox 395 1380 442 1407; x_wconf 68' lang='lat' dir='ltr'><strong>p-‘r</strong></span> <span class='ocrx_word' id='word_1_292' title='bbox 459 1381 518 1400; x_wconf 87' lang='lat' dir='ltr'><strong>sese</strong></span> <span class='ocrx_word' id='word_1_293' title='bbox 537 1373 718 1407; x_wconf 68' lang='lat' dir='ltr'><strong>quaestionem</strong></span> <span class='ocrx_word' id='word_1_294' title='bbox 739 1374 917 1409; x_wconf 81' lang='lat' dir='ltr'><strong>insigniorcm</strong></span> <span class='ocrx_word' id='word_1_295' title='bbox 934 1375 994 1402; x_wconf 90' lang='lat' dir='ltr'><strong>red-</strong></span> 
     </span>
    </p>
   </div>
   <div class='ocr_carea' id='block_1_44' title="bbox 204 1418 994 1454">
    <p class='ocr_par' dir='ltr' id='par_1_44' title="bbox 204 1418 994 1454">
     <span class='ocr_line' id='line_1_44' title="bbox 204 1418 994 1454; baseline 0.004 -9"><span class='ocrx_word' id='word_1_296' title='bbox 204 1418 272 1445; x_wconf 88' lang='lat' dir='ltr'><strong>didit</strong></span> <span class='ocrx_word' id='word_1_297' title='bbox 290 1418 448 1446; x_wconf 70' lang='lat' dir='ltr'><strong>Grrccorum</strong></span> <span class='ocrx_word' id='word_1_298' title='bbox 465 1418 681 1454; x_wconf 85' lang='lat' dir='ltr'><strong>Latinorumque</strong></span> <span class='ocrx_word' id='word_1_299' title='bbox 701 1421 886 1448; x_wconf 67' lang='lat' dir='ltr'><strong>controversia</strong></span> <span class='ocrx_word' id='word_1_300' title='bbox 908 1429 914 1448; x_wconf 91' lang='lat'>:</span> <span class='ocrx_word' id='word_1_301' title='bbox 932 1429 994 1448; x_wconf 90' lang='lat' dir='ltr'><strong>nam</strong></span> 
     </span>
    </p>
   </div>
   <div class='ocr_carea' id='block_1_45' title="bbox 205 1463 995 1501">
    <p class='ocr_par' dir='ltr' id='par_1_45' title="bbox 205 1463 995 1501">
     <span class='ocr_line' id='line_1_45' title="bbox 205 1463 995 1501; baseline 0.004 -11"><span class='ocrx_word' id='word_1_302' title='bbox 205 1464 255 1496; x_wconf 86' lang='lat' dir='ltr'><strong>illi,</strong></span> <span class='ocrx_word' id='word_1_303' title='bbox 273 1469 302 1490; x_wconf 92' lang='lat' dir='ltr'><strong>ut</strong></span> <span class='ocrx_word' id='word_1_304' title='bbox 317 1472 375 1491; x_wconf 69' lang='lat' dir='ltr'><strong>sum</strong></span> <span class='ocrx_word' id='word_1_305' title='bbox 391 1464 425 1491; x_wconf 91' lang='lat' dir='ltr'><strong>de</strong></span> <span class='ocrx_word' id='word_1_306' title='bbox 442 1463 606 1492; x_wconf 76' lang='lat' dir='ltr'><strong>fermentata</strong></span> <span class='ocrx_word' id='word_1_307' title='bbox 620 1473 690 1500; x_wconf 85' lang='lat' dir='ltr'><strong>pane</strong></span> <span class='ocrx_word' id='word_1_308' title='bbox 713 1466 856 1493; x_wconf 75' lang='lat' dir='ltr'><strong>sententia:</strong></span> <span class='ocrx_word' id='word_1_309' title='bbox 874 1467 995 1501; x_wconf 88' lang='lat' dir='ltr'><strong>patroci-</strong></span> 
     </span>
    </p>
   </div>
   <div class='ocr_carea' id='block_1_46' title="bbox 205 1509 994 1547">
    <p class='ocr_par' dir='ltr' id='par_1_46' title="bbox 205 1509 994 1547">
     <span class='ocr_line' id='line_1_46' title="bbox 205 1509 994 1547; baseline 0.006 -11"><span class='ocrx_word' id='word_1_310' title='bbox 205 1514 316 1541; x_wconf 86' lang='lat' dir='ltr'><strong>nentur,</strong></span> <span class='ocrx_word' id='word_1_311' title='bbox 329 1509 470 1536; x_wconf 85' lang='lat' dir='ltr'><strong>Christum</strong></span> <span class='ocrx_word' id='word_1_312' title='bbox 485 1509 633 1537; x_wconf 88' lang='lat' dir='ltr'><strong>Dominnm</strong></span> <span class='ocrx_word' id='word_1_313' title='bbox 648 1518 701 1538; x_wconf 89' lang='lat' dir='ltr'><strong>non</strong></span> <span class='ocrx_word' id='word_1_314' title='bbox 722 1511 788 1538; x_wconf 91' lang='lat' dir='ltr'><strong>luna</strong></span> <span class='ocrx_word' id='word_1_315' title='bbox 806 1520 861 1544; x_wconf 83' lang='lat' dir='ltr'><strong>xiv,</strong></span> <span class='ocrx_word' id='word_1_316' title='bbox 877 1513 923 1540; x_wconf 89' lang='lat' dir='ltr'><strong>sed</strong></span> <span class='ocrx_word' id='word_1_317' title='bbox 933 1521 994 1547; x_wconf 83' lang='lat' dir='ltr'><strong>xm,</strong></span> 
     </span>
    </p>
   </div>
   <div class='ocr_carea' id='block_1_47' title="bbox 204 1554 994 1591">
    <p class='ocr_par' dir='ltr' id='par_1_47' title="bbox 204 1554 994 1591">
     <span class='ocr_line' id='line_1_47' title="bbox 204 1554 994 1591; baseline 0.006 -9"><span class='ocrx_word' id='word_1_318' title='bbox 204 1554 310 1582; x_wconf 84' lang='lat' dir='ltr'><strong>Pascha</strong></span> <span class='ocrx_word' id='word_1_319' title='bbox 324 1556 414 1591; x_wconf 85' lang='lat' dir='ltr'><strong>egisse</strong></span> <span class='ocrx_word' id='word_1_320' title='bbox 429 1557 652 1591; x_wconf 79' lang='lat' dir='ltr'><strong>pertinacissime</strong></span> <span class='ocrx_word' id='word_1_321' title='bbox 666 1557 828 1590; x_wconf 86' lang='lat' dir='ltr'><strong>defendunt,</strong></span> <span class='ocrx_word' id='word_1_322' title='bbox 843 1567 905 1586; x_wconf 88' lang='lat' dir='ltr'><strong>eum</strong></span> <span class='ocrx_word' id='word_1_323' title='bbox 923 1567 994 1587; x_wconf 88' lang='lat' dir='ltr'><strong>non-</strong></span> 
     </span>
    </p>
   </div>
   <div class='ocr_carea' id='block_1_48' title="bbox 204 1601 995 1639">
    <p class='ocr_par' dir='ltr' id='par_1_48' title="bbox 204 1601 995 1639">
     <span class='ocr_line' id='line_1_48' title="bbox 204 1601 995 1639; baseline 0.006 -11"><span class='ocrx_word' id='word_1_324' title='bbox 204 1601 269 1628; x_wconf 88' lang='lat' dir='ltr'><strong>dum</strong></span> <span class='ocrx_word' id='word_1_325' title='bbox 289 1601 375 1629; x_wconf 70' lang='lat' dir='ltr'><strong>Judaei</strong></span> <span class='ocrx_word' id='word_1_326' title='bbox 401 1602 506 1638; x_wconf 84' lang='lat' dir='ltr'><strong>azymis</strong></span> <span class='ocrx_word' id='word_1_327' title='bbox 530 1608 684 1631; x_wconf 90' lang='lat' dir='ltr'><strong>uterentur.</strong></span> <span class='ocrx_word' id='word_1_328' title='bbox 708 1604 808 1631; x_wconf 88' lang='lat' dir='ltr'><strong>Contra</strong></span> <span class='ocrx_word' id='word_1_329' title='bbox 834 1605 936 1639; x_wconf 86' lang='lat' dir='ltr'><strong>Latini,</strong></span> <span class='ocrx_word' id='word_1_330' title='bbox 960 1613 995 1634; x_wconf 89' lang='lat' dir='ltr'><strong>ne</strong></span> 
     </span>
    </p>
   </div>
   <div class='ocr_carea' id='block_1_49' title="bbox 205 1645 994 1686">
    <p class='ocr_par' dir='ltr' id='par_1_49' title="bbox 205 1645 994 1686">
     <span class='ocr_line' id='line_1_49' title="bbox 205 1645 994 1686; baseline 0.009 -13"><span class='ocrx_word' id='word_1_331' title='bbox 205 1645 258 1674; x_wconf 85' lang='lat' dir='ltr'><strong>hoc</strong></span> <span class='ocrx_word' id='word_1_332' title='bbox 273 1646 325 1674; x_wconf 87' lang='lat' dir='ltr'><strong>sibi</strong></span> <span class='ocrx_word' id='word_1_333' title='bbox 347 1649 380 1674; x_wconf 90' lang='lat' dir='ltr'><strong>de</strong></span> <span class='ocrx_word' id='word_1_334' title='bbox 396 1648 505 1675; x_wconf 77' lang='lat' dir='ltr'><strong>Domitii</strong></span> <span class='ocrx_word' id='word_1_335' title='bbox 521 1650 646 1684; x_wconf 85' lang='lat' dir='ltr'><strong>exemplo</strong></span> <span class='ocrx_word' id='word_1_336' title='bbox 663 1650 820 1684; x_wconf 69' lang='lat' dir='ltr'><strong>praesidium</strong></span> <span class='ocrx_word' id='word_1_337' title='bbox 836 1652 994 1686; x_wconf 84' lang='lat' dir='ltr'><strong>extorqueri</strong></span> 
     </span>
    </p>
   </div>
   <div class='ocr_carea' id='block_1_50' title="bbox 205 1691 994 1729">
    <p class='ocr_par' dir='ltr' id='par_1_50' title="bbox 205 1691 994 1729">
     <span class='ocr_line' id='line_1_50' title="bbox 205 1691 994 1729; baseline 0.009 -12"><span class='ocrx_word' id='word_1_338' title='bbox 205 1691 339 1723; x_wconf 82' lang='lat' dir='ltr'><strong>sinerent,</strong></span> <span class='ocrx_word' id='word_1_339' title='bbox 362 1697 498 1727; x_wconf 78' lang='lat' dir='ltr'><strong>negarunt</strong></span> <span class='ocrx_word' id='word_1_340' title='bbox 519 1693 584 1726; x_wconf 88' lang='lat' dir='ltr'><strong>alio,</strong></span> <span class='ocrx_word' id='word_1_341' title='bbox 609 1702 693 1728; x_wconf 85' lang='lat' dir='ltr'><strong>quam</strong></span> <span class='ocrx_word' id='word_1_342' title='bbox 710 1703 765 1729; x_wconf 89' lang='lat' dir='ltr'><strong>quo</strong></span> <span class='ocrx_word' id='word_1_343' title='bbox 786 1694 871 1723; x_wconf 73' lang='lat' dir='ltr'><strong>Jttdtei</strong></span> <span class='ocrx_word' id='word_1_344' title='bbox 891 1697 994 1729; x_wconf 65' lang='lat' dir='ltr'><strong>caeteri,</strong></span> 
     </span>
    </p>
   </div>
   <div class='ocr_carea' id='block_1_51' title="bbox 204 1737 995 1773">
    <p class='ocr_par' dir='ltr' id='par_1_51' title="bbox 204 1737 995 1773">
     <span class='ocr_line' id='line_1_51' title="bbox 204 1737 995 1773; baseline 0.009 -10"><span class='ocrx_word' id='word_1_345' title='bbox 204 1737 258 1769; x_wconf 89' lang='lat' dir='ltr'><strong>die,</strong></span> <span class='ocrx_word' id='word_1_346' title='bbox 276 1737 426 1773; x_wconf 85' lang='lat' dir='ltr'><strong>legitimum</strong></span> <span class='ocrx_word' id='word_1_347' title='bbox 441 1746 541 1773; x_wconf 84' lang='lat' dir='ltr'><strong>agnum</strong></span> <span class='ocrx_word' id='word_1_348' title='bbox 557 1740 720 1773; x_wconf 86' lang='lat' dir='ltr'><strong>comedisse,</strong></span> <span class='ocrx_word' id='word_1_349' title='bbox 739 1742 791 1768; x_wconf 69' lang='lat' dir='ltr'><strong>hoc</strong></span> <span class='ocrx_word' id='word_1_350' title='bbox 812 1747 856 1769; x_wconf 91' lang='lat' dir='ltr'><strong>est</strong></span> <span class='ocrx_word' id='word_1_351' title='bbox 871 1750 915 1769; x_wconf 80' lang='lat' dir='ltr'><strong>xiv</strong></span> <span class='ocrx_word' id='word_1_352' title='bbox 931 1743 995 1770; x_wconf 92' lang='lat' dir='ltr'><strong>luna</strong></span> 
     </span>
    </p>
   </div>
   <div class='ocr_carea' id='block_1_52' title="bbox 205 1783 998 1823">
    <p class='ocr_par' dir='ltr' id='par_1_52' title="bbox 205 1783 998 1823">
     <span class='ocr_line' id='line_1_52' title="bbox 205 1783 998 1823; baseline 0.008 -13"><span class='ocrx_word' id='word_1_353' title='bbox 205 1783 258 1811; x_wconf 85' lang='lat' dir='ltr'><strong>sub</strong></span> <span class='ocrx_word' id='word_1_354' title='bbox 274 1791 425 1818; x_wconf 79' lang='lat' dir='ltr'><strong>vesperam.</strong></span> <span class='ocrx_word' id='word_1_355' title='bbox 447 1784 501 1812; x_wconf 87' lang='lat' dir='ltr'><strong>Sed</strong></span> <span class='ocrx_word' id='word_1_356' title='bbox 516 1785 566 1812; x_wconf 85' lang='lat' dir='ltr'><strong>ista</strong></span> <span class='ocrx_word' id='word_1_357' title='bbox 581 1785 713 1812; x_wconf 63' lang='lat' dir='ltr'><strong>Graecula:</strong></span> <span class='ocrx_word' id='word_1_358' title='bbox 728 1786 803 1815; x_wconf 69' lang='lat' dir='ltr'><strong>faecis</strong></span> <span class='ocrx_word' id='word_1_359' title='bbox 816 1788 919 1822; x_wconf 88' lang='lat' dir='ltr'><strong>opinio,</strong></span> <span class='ocrx_word' id='word_1_360' title='bbox 932 1797 998 1823; x_wconf 84' lang='lat' dir='ltr'><strong>qua-</strong></span> 
     </span>
    </p>
   </div>
   <div class='ocr_carea' id='block_1_53' title="bbox 206 1829 995 1866">
    <p class='ocr_par' dir='ltr' id='par_1_53' title="bbox 206 1829 995 1866">
     <span class='ocr_line' id='line_1_53' title="bbox 206 1829 995 1866; baseline 0.008 -10"><span class='ocrx_word' id='word_1_361' title='bbox 206 1833 285 1856; x_wconf 90' lang='lat' dir='ltr'><strong>tenus</strong></span> <span class='ocrx_word' id='word_1_362' title='bbox 298 1829 440 1857; x_wconf 88' lang='lat' dir='ltr'><strong>Christum</strong></span> <span class='ocrx_word' id='word_1_363' title='bbox 459 1831 519 1858; x_wconf 85' lang='lat' dir='ltr'><strong>sine</strong></span> <span class='ocrx_word' id='word_1_364' title='bbox 535 1832 639 1866; x_wconf 88' lang='lat' dir='ltr'><strong>azymis</strong></span> <span class='ocrx_word' id='word_1_365' title='bbox 652 1832 807 1861; x_wconf 81' lang='lat' dir='ltr'><strong>celebrasse</strong></span> <span class='ocrx_word' id='word_1_366' title='bbox 829 1833 934 1862; x_wconf 83' lang='lat' dir='ltr'><strong>Pascha</strong></span> <span class='ocrx_word' id='word_1_367' title='bbox 946 1835 995 1862; x_wconf 90' lang='lat' dir='ltr'><strong>do-</strong></span> 
     </span>
    </p>
   </div>
   <div class='ocr_carea' id='block_1_54' title="bbox 205 1876 995 1913">
    <p class='ocr_par' dir='ltr' id='par_1_54' title="bbox 205 1876 995 1913">
     <span class='ocr_line' id='line_1_54' title="bbox 205 1876 995 1913; baseline 0.009 -12"><span class='ocrx_word' id='word_1_368' title='bbox 205 1879 259 1906; x_wconf 86' lang='lat' dir='ltr'><strong>cet.</strong></span> <span class='ocrx_word' id='word_1_369' title='bbox 272 1876 387 1902; x_wconf 72' lang='lat' dir='ltr'><strong>inscitia:</strong></span> <span class='ocrx_word' id='word_1_370' title='bbox 399 1880 427 1903; x_wconf 87' lang='lat' dir='ltr'><strong>et</strong></span> <span class='ocrx_word' id='word_1_371' title='bbox 436 1876 616 1904; x_wconf 87' lang='lat' dir='ltr'><strong>absurditalis</strong></span> <span class='ocrx_word' id='word_1_372' title='bbox 626 1877 708 1905; x_wconf 85' lang='lat' dir='ltr'><strong>habet</strong></span> <span class='ocrx_word' id='word_1_373' title='bbox 720 1879 878 1913; x_wconf 88' lang='lat' dir='ltr'><strong>plurimum.</strong></span> <span class='ocrx_word' id='word_1_374' title='bbox 889 1880 995 1908; x_wconf 86' lang='lat' dir='ltr'><strong>Etenim</strong></span> 
     </span>
    </p>
   </div>
   <div class='ocr_carea' id='block_1_55' title="bbox 206 1924 993 1960">
    <p class='ocr_par' dir='ltr' id='par_1_55' title="bbox 206 1924 993 1960">
     <span class='ocr_line' id='line_1_55' title="bbox 206 1924 993 1960; baseline 0.006 -11"><span class='ocrx_word' id='word_1_375' title='bbox 206 1931 373 1958; x_wconf 88' lang='lat' dir='ltr'><strong>quocunque</strong></span> <span class='ocrx_word' id='word_1_376' title='bbox 398 1924 506 1951; x_wconf 89' lang='lat' dir='ltr'><strong>tandem</strong></span> <span class='ocrx_word' id='word_1_377' title='bbox 529 1924 574 1952; x_wconf 88' lang='lat' dir='ltr'><strong>die</strong></span> <span class='ocrx_word' id='word_1_378' title='bbox 603 1924 707 1952; x_wconf 86' lang='lat' dir='ltr'><strong>Pascha</strong></span> <span class='ocrx_word' id='word_1_379' title='bbox 736 1926 862 1954; x_wconf 86' lang='lat' dir='ltr'><strong>Christus</strong></span> <span class='ocrx_word' id='word_1_380' title='bbox 885 1927 993 1960; x_wconf 86' lang='lat' dir='ltr'><strong>ohierit,</strong></span> 
     </span>
    </p>
   </div>
   <div class='ocr_carea' id='block_1_56' title="bbox 206 1969 994 2004">
    <p class='ocr_par' dir='ltr' id='par_1_56' title="bbox 206 1969 994 2004">
     <span class='ocr_line' id='line_1_56' title="bbox 206 1969 994 2004; baseline 0.005 -9"><span class='ocrx_word' id='word_1_381' title='bbox 206 1976 269 1995; x_wconf 89' lang='lat' dir='ltr'><strong>cum</strong></span> <span class='ocrx_word' id='word_1_382' title='bbox 288 1976 340 1995; x_wconf 85' lang='lat' dir='ltr'><strong>una</strong></span> <span class='ocrx_word' id='word_1_383' title='bbox 356 1973 383 1995; x_wconf 87' lang='lat' dir='ltr'><strong>et</strong></span> <span class='ocrx_word' id='word_1_384' title='bbox 396 1969 561 2004; x_wconf 82' lang='lat' dir='ltr'><strong>Azymorurn</strong></span> <span class='ocrx_word' id='word_1_385' title='bbox 573 1969 735 1997; x_wconf 83' lang='lat' dir='ltr'><strong>solenmitas</strong></span> <span class='ocrx_word' id='word_1_386' title='bbox 745 1970 890 1998; x_wconf 85' lang='lat' dir='ltr'><strong>delibanda</strong></span> <span class='ocrx_word' id='word_1_387' title='bbox 902 1971 994 2003; x_wconf 88' lang='lat' dir='ltr'><strong>fuerit,</strong></span> 
     </span>
    </p>
   </div>
   <div class='ocr_carea' id='block_1_57' title="bbox 207 2013 994 2052">
    <p class='ocr_par' dir='ltr' id='par_1_57' title="bbox 207 2013 994 2052">
     <span class='ocr_line' id='line_1_57' title="bbox 207 2013 994 2052; baseline 0.006 -13"><span class='ocrx_word' id='word_1_388' title='bbox 207 2020 262 2040; x_wconf 90' lang='lat' dir='ltr'><strong>non</strong></span> <span class='ocrx_word' id='word_1_389' title='bbox 287 2013 376 2048; x_wconf 83' lang='lat' dir='ltr'><strong>magis</strong></span> <span class='ocrx_word' id='word_1_390' title='bbox 401 2013 460 2040; x_wconf 91' lang='lat' dir='ltr'><strong>sine</strong></span> <span class='ocrx_word' id='word_1_391' title='bbox 483 2014 587 2049; x_wconf 88' lang='lat' dir='ltr'><strong>azymis</strong></span> <span class='ocrx_word' id='word_1_392' title='bbox 610 2015 708 2049; x_wconf 89' lang='lat' dir='ltr'><strong>potuit,</strong></span> <span class='ocrx_word' id='word_1_393' title='bbox 729 2023 810 2050; x_wconf 89' lang='lat' dir='ltr'><strong>quam</strong></span> <span class='ocrx_word' id='word_1_394' title='bbox 834 2018 894 2044; x_wconf 91' lang='lat' dir='ltr'><strong>sine</strong></span> <span class='ocrx_word' id='word_1_395' title='bbox 913 2025 994 2052; x_wconf 72' lang='lat' dir='ltr'><strong>agno,</strong></span> 
     </span>
    </p>
   </div>
   <div class='ocr_carea' id='block_1_58' title="bbox 207 2058 996 2094">
    <p class='ocr_par' dir='ltr' id='par_1_58' title="bbox 207 2058 996 2094">
     <span class='ocr_line' id='line_1_58' title="bbox 207 2058 996 2094; baseline 0.006 -9"><span class='ocrx_word' id='word_1_396' title='bbox 207 2059 323 2086; x_wconf 89' lang='lat' dir='ltr'><strong>solemni</strong></span> <span class='ocrx_word' id='word_1_397' title='bbox 348 2059 413 2086; x_wconf 93' lang='lat' dir='ltr'><strong>huic</strong></span> <span class='ocrx_word' id='word_1_398' title='bbox 434 2058 559 2094; x_wconf 77' lang='lat' dir='ltr'><strong>religioni</strong></span> <span class='ocrx_word' id='word_1_399' title='bbox 596 2059 766 2089; x_wconf 85' lang='lat' dir='ltr'><strong>satisfacere.</strong></span> <span class='ocrx_word' id='word_1_400' title='bbox 793 2061 910 2090; x_wconf 83' lang='lat' dir='ltr'><strong>Proinde</strong></span> <span class='ocrx_word' id='word_1_401' title='bbox 941 2071 996 2090; x_wconf 89' lang='lat' dir='ltr'><strong>non</strong></span> 
     </span>
    </p>
   </div>
   <div class='ocr_carea' id='block_1_59' title="bbox 207 2103 996 2141">
    <p class='ocr_par' dir='ltr' id='par_1_59' title="bbox 207 2103 996 2141">
     <span class='ocr_line' id='line_1_59' title="bbox 207 2103 996 2141; baseline 0.008 -12"><span class='ocrx_word' id='word_1_402' title='bbox 207 2103 370 2130; x_wconf 86' lang='lat' dir='ltr'><strong>fermentato</strong></span> <span class='ocrx_word' id='word_1_403' title='bbox 389 2111 457 2131; x_wconf 89' lang='lat' dir='ltr'><strong>usus</strong></span> <span class='ocrx_word' id='word_1_404' title='bbox 474 2108 526 2136; x_wconf 91' lang='lat' dir='ltr'><strong>est,</strong></span> <span class='ocrx_word' id='word_1_405' title='bbox 544 2111 578 2131; x_wconf 91' lang='lat' dir='ltr'><strong>ne</strong></span> <span class='ocrx_word' id='word_1_406' title='bbox 602 2104 700 2139; x_wconf 82' lang='lat' dir='ltr'><strong>legem,</strong></span> <span class='ocrx_word' id='word_1_407' title='bbox 722 2105 802 2141; x_wconf 89' lang='lat' dir='ltr'><strong>cujus</strong></span> <span class='ocrx_word' id='word_1_408' title='bbox 817 2112 915 2134; x_wconf 88' lang='lat' dir='ltr'><strong>auctor</strong></span> <span class='ocrx_word' id='word_1_409' title='bbox 927 2112 996 2141; x_wconf 88' lang='lat' dir='ltr'><strong>erat,</strong></span> 
     </span>
    </p>
   </div>
   <div class='ocr_carea' id='block_1_60' title="bbox 204 2148 997 2187">
    <p class='ocr_par' dir='ltr' id='par_1_60' title="bbox 204 2148 997 2187">
     <span class='ocr_line' id='line_1_60' title="bbox 204 2148 997 2187; baseline 0.009 -13"><span class='ocrx_word' id='word_1_410' title='bbox 204 2148 376 2184; x_wconf 79' lang='lat' dir='ltr'><strong>infringeret.</strong></span> <span class='ocrx_word' id='word_1_411' title='bbox 395 2148 449 2176; x_wconf 90' lang='lat' dir='ltr'><strong>Sed</strong></span> <span class='ocrx_word' id='word_1_412' title='bbox 473 2157 561 2184; x_wconf 89' lang='lat' dir='ltr'><strong>neque</strong></span> <span class='ocrx_word' id='word_1_413' title='bbox 581 2158 674 2177; x_wconf 86' lang='lat' dir='ltr'><strong>verum</strong></span> <span class='ocrx_word' id='word_1_414' title='bbox 697 2157 750 2184; x_wconf 89' lang='lat' dir='ltr'><strong>est,</strong></span> <span class='ocrx_word' id='word_1_415' title='bbox 765 2152 838 2187; x_wconf 89' lang='lat' dir='ltr'><strong>quod</strong></span> <span class='ocrx_word' id='word_1_416' title='bbox 854 2152 951 2185; x_wconf 66' lang='lat' dir='ltr'><strong>Graeci,</strong></span> <span class='ocrx_word' id='word_1_417' title='bbox 971 2159 997 2181; x_wconf 84' lang='lat' dir='ltr'><strong>et</strong></span> 
     </span>
    </p>
   </div>
   <div class='ocr_carea' id='block_1_61' title="bbox 207 2194 995 2232">
    <p class='ocr_par' dir='ltr' id='par_1_61' title="bbox 207 2194 995 2232">
     <span class='ocr_line' id='line_1_61' title="bbox 207 2194 995 2232; baseline 0.008 -12"><span class='ocrx_word' id='word_1_418' title='bbox 207 2194 276 2221; x_wconf 90' lang='lat' dir='ltr'><strong>inter</strong></span> <span class='ocrx_word' id='word_1_419' title='bbox 288 2199 401 2223; x_wconf 68' lang='lat' dir='ltr'><strong>cancros</strong></span> <span class='ocrx_word' id='word_1_420' title='bbox 425 2195 576 2227; x_wconf 81' lang='lat' dir='ltr'><strong>Cedrenus,</strong></span> <span class='ocrx_word' id='word_1_421' title='bbox 597 2204 629 2223; x_wconf 88' lang='lat' dir='ltr'><strong>ac</strong></span> <span class='ocrx_word' id='word_1_422' title='bbox 652 2196 822 2232; x_wconf 86' lang='lat' dir='ltr'><strong>Nicephorus</strong></span> <span class='ocrx_word' id='word_1_423' title='bbox 845 2198 995 2232; x_wconf 84' lang='lat' dir='ltr'><strong>alIirmant,</strong></span> 
     </span>
    </p>
   </div>
   <div class='ocr_carea' id='block_1_62' title="bbox 206 2239 996 2279">
    <p class='ocr_par' dir='ltr' id='par_1_62' title="bbox 206 2239 996 2279">
     <span class='ocr_line' id='line_1_62' title="bbox 206 2239 996 2279; baseline 0.006 -12"><span class='ocrx_word' id='word_1_424' title='bbox 206 2239 346 2268; x_wconf 88' lang='lat' dir='ltr'><strong>Christum</strong></span> <span class='ocrx_word' id='word_1_425' title='bbox 360 2241 404 2268; x_wconf 83' lang='lat' dir='ltr'><strong>die.</strong></span> <span class='ocrx_word' id='word_1_426' title='bbox 414 2242 516 2269; x_wconf 85' lang='lat' dir='ltr'><strong>Inensis</strong></span> <span class='ocrx_word' id='word_1_427' title='bbox 527 2251 587 2276; x_wconf 86' lang='lat' dir='ltr'><strong>xm,</strong></span> <span class='ocrx_word' id='word_1_428' title='bbox 601 2251 653 2270; x_wconf 91' lang='lat' dir='ltr'><strong>non</strong></span> <span class='ocrx_word' id='word_1_429' title='bbox 674 2251 718 2270; x_wconf 85' lang='lat' dir='ltr'><strong>xrv</strong></span> <span class='ocrx_word' id='word_1_430' title='bbox 730 2244 884 2279; x_wconf 86' lang='lat' dir='ltr'><strong>paschalem</strong></span> <span class='ocrx_word' id='word_1_431' title='bbox 896 2246 996 2273; x_wconf 82' lang='lat' dir='ltr'><strong>obiissc</strong></span> 
     </span>
    </p>
   </div>
   <div class='ocr_carea' id='block_1_63' title="bbox 207 2288 994 2327">
    <p class='ocr_par' dir='ltr' id='par_1_63' title="bbox 207 2288 994 2327">
     <span class='ocr_line' id='line_1_63' title="bbox 207 2288 994 2327; baseline 0.008 -14"><span class='ocrx_word' id='word_1_432' title='bbox 207 2294 338 2314; x_wconf 61' lang='lat' dir='ltr'><strong>caenam:</strong></span> <span class='ocrx_word' id='word_1_433' title='bbox 363 2295 452 2323; x_wconf 89' lang='lat' dir='ltr'><strong>neque</strong></span> <span class='ocrx_word' id='word_1_434' title='bbox 472 2289 498 2315; x_wconf 91' lang='lat' dir='ltr'><strong>id</strong></span> <span class='ocrx_word' id='word_1_435' title='bbox 524 2288 693 2324; x_wconf 84' lang='lat' dir='ltr'><strong>Epiphanius</strong></span> <span class='ocrx_word' id='word_1_436' title='bbox 724 2290 824 2324; x_wconf 87' lang='lat' dir='ltr'><strong>sentit;</strong></span> <span class='ocrx_word' id='word_1_437' title='bbox 853 2295 883 2318; x_wconf 91' lang='lat' dir='ltr'><strong>ut</strong></span> <span class='ocrx_word' id='word_1_438' title='bbox 903 2293 994 2327; x_wconf 79' lang='lat' dir='ltr'><strong>magni</strong></span> 
     </span>
    </p>
   </div>
   <div class='ocr_carea' id='block_1_64' title="bbox 207 2332 993 2367">
    <p class='ocr_par' dir='ltr' id='par_1_64' title="bbox 207 2332 993 2367">
     <span class='ocr_line' id='line_1_64' title="bbox 207 2332 993 2367; baseline 0.008 -9"><span class='ocrx_word' id='word_1_439' title='bbox 207 2332 318 2367; x_wconf 84' lang='lat' dir='ltr'><strong>quidam</strong></span> <span class='ocrx_word' id='word_1_440' title='bbox 334 2333 385 2360; x_wconf 90' lang='lat' dir='ltr'><strong>viri</strong></span> <span class='ocrx_word' id='word_1_441' title='bbox 402 2334 589 2362; x_wconf 88' lang='lat' dir='ltr'><strong>crediderttnt.</strong></span> <span class='ocrx_word' id='word_1_442' title='bbox 604 2334 661 2362; x_wconf 92' lang='lat' dir='ltr'><strong>lmo</strong></span> <span class='ocrx_word' id='word_1_443' title='bbox 683 2344 747 2363; x_wconf 87' lang='lat' dir='ltr'><strong>vero</strong></span> <span class='ocrx_word' id='word_1_444' title='bbox 763 2337 844 2363; x_wconf 85' lang='lat' dir='ltr'><strong>etiam</strong></span> <span class='ocrx_word' id='word_1_445' title='bbox 864 2342 929 2364; x_wconf 87' lang='lat' dir='ltr'><strong>ante</strong></span> <span class='ocrx_word' id='word_1_446' title='bbox 945 2346 993 2364; x_wconf 82' lang='lat' dir='ltr'><strong>xm</strong></span> 
     </span>
    </p>
   </div>
   <div class='ocr_carea' id='block_1_65' title="bbox 207 2379 994 2415">
    <p class='ocr_par' dir='ltr' id='par_1_65' title="bbox 207 2379 994 2415">
     <span class='ocr_line' id='line_1_65' title="bbox 207 2379 994 2415; baseline 0.008 -10"><span class='ocrx_word' id='word_1_447' title='bbox 207 2379 300 2406; x_wconf 88' lang='lat' dir='ltr'><strong>lunam</strong></span> <span class='ocrx_word' id='word_1_448' title='bbox 317 2380 407 2415; x_wconf 80' lang='lat' dir='ltr'><strong>egisse</strong></span> <span class='ocrx_word' id='word_1_449' title='bbox 427 2379 532 2408; x_wconf 82' lang='lat' dir='ltr'><strong>Pascha</strong></span> <span class='ocrx_word' id='word_1_450' title='bbox 551 2382 656 2413; x_wconf 81' lang='lat' dir='ltr'><strong>statuit,</strong></span> <span class='ocrx_word' id='word_1_451' title='bbox 676 2382 728 2410; x_wconf 91' lang='lat' dir='ltr'><strong>hoc</strong></span> <span class='ocrx_word' id='word_1_452' title='bbox 746 2388 789 2410; x_wconf 89' lang='lat' dir='ltr'><strong>est</strong></span> <span class='ocrx_word' id='word_1_453' title='bbox 809 2388 925 2411; x_wconf 88' lang='lat' dir='ltr'><strong>exeunte</strong></span> <span class='ocrx_word' id='word_1_454' title='bbox 945 2383 994 2411; x_wconf 80' lang='lat' dir='ltr'><strong>Ju-</strong></span> 
     </span>
    </p>
   </div>
   <div class='ocr_carea' id='block_1_66' title="bbox 207 2425 995 2460">
    <p class='ocr_par' dir='ltr' id='par_1_66' title="bbox 207 2425 995 2460">
     <span class='ocr_line' id='line_1_66' title="bbox 207 2425 995 2460; baseline 0.008 -9"><span class='ocrx_word' id='word_1_455' title='bbox 207 2425 285 2452; x_wconf 87' lang='lat' dir='ltr'><strong>daiea</strong></span> <span class='ocrx_word' id='word_1_456' title='bbox 300 2425 365 2452; x_wconf 89' lang='lat' dir='ltr'><strong>luna</strong></span> <span class='ocrx_word' id='word_1_457' title='bbox 384 2434 434 2457; x_wconf 78' lang='lat' dir='ltr'><strong>xu,</strong></span> <span class='ocrx_word' id='word_1_458' title='bbox 455 2426 562 2454; x_wconf 71' lang='lat' dir='ltr'><strong>Merena</strong></span> <span class='ocrx_word' id='word_1_459' title='bbox 579 2435 643 2455; x_wconf 90' lang='lat' dir='ltr'><strong>vero</strong></span> <span class='ocrx_word' id='word_1_460' title='bbox 662 2436 699 2460; x_wconf 84' lang='lat' dir='ltr'><strong>xr,</strong></span> <span class='ocrx_word' id='word_1_461' title='bbox 717 2433 746 2456; x_wconf 89' lang='lat' dir='ltr'><strong>ut</strong></span> <span class='ocrx_word' id='word_1_462' title='bbox 765 2437 816 2456; x_wconf 86' lang='lat' dir='ltr'><strong>suo</strong></span> <span class='ocrx_word' id='word_1_463' title='bbox 832 2429 891 2457; x_wconf 89' lang='lat' dir='ltr'><strong>loco</strong></span> <span class='ocrx_word' id='word_1_464' title='bbox 906 2430 995 2458; x_wconf 85' lang='lat' dir='ltr'><strong>decla-</strong></span> 
     </span>
    </p>
   </div>
   <div class='ocr_carea' id='block_1_67' title="bbox 207 2471 995 2507">
    <p class='ocr_par' dir='ltr' id='par_1_67' title="bbox 207 2471 995 2507">
     <span class='ocr_line' id='line_1_67' title="bbox 207 2471 995 2507; baseline 0.009 -10"><span class='ocrx_word' id='word_1_465' title='bbox 207 2474 297 2498; x_wconf 90' lang='lat' dir='ltr'><strong>ratum</strong></span> <span class='ocrx_word' id='word_1_466' title='bbox 313 2475 364 2498; x_wconf 88' lang='lat' dir='ltr'><strong>est.</strong></span> <span class='ocrx_word' id='word_1_467' title='bbox 383 2471 435 2498; x_wconf 91' lang='lat' dir='ltr'><strong>Sed</strong></span> <span class='ocrx_word' id='word_1_468' title='bbox 455 2472 608 2501; x_wconf 90' lang='lat' dir='ltr'><strong>obscuritas</strong></span> <span class='ocrx_word' id='word_1_469' title='bbox 631 2474 683 2501; x_wconf 88' lang='lat' dir='ltr'><strong>loci</strong></span> <span class='ocrx_word' id='word_1_470' title='bbox 703 2473 778 2507; x_wconf 83' lang='lat' dir='ltr'><strong>facit,</strong></span> <span class='ocrx_word' id='word_1_471' title='bbox 799 2481 829 2502; x_wconf 89' lang='lat' dir='ltr'><strong>ut</strong></span> <span class='ocrx_word' id='word_1_472' title='bbox 844 2475 877 2502; x_wconf 86' lang='lat' dir='ltr'><strong>iis</strong></span> <span class='ocrx_word' id='word_1_473' title='bbox 898 2483 995 2503; x_wconf 84' lang='lat' dir='ltr'><strong>eonce-</strong></span> 
     </span>
    </p>
   </div>
   <div class='ocr_carea' id='block_1_68' title="bbox 207 2515 993 2554">
    <p class='ocr_par' dir='ltr' id='par_1_68' title="bbox 207 2515 993 2554">
     <span class='ocr_line' id='line_1_68' title="bbox 207 2515 993 2554; baseline 0.008 -12"><span class='ocrx_word' id='word_1_474' title='bbox 207 2515 295 2543; x_wconf 85' lang='lat' dir='ltr'><strong>denda</strong></span> <span class='ocrx_word' id='word_1_475' title='bbox 317 2516 394 2543; x_wconf 80' lang='lat' dir='ltr'><strong>venia</strong></span> <span class='ocrx_word' id='word_1_476' title='bbox 417 2518 463 2550; x_wconf 87' lang='lat' dir='ltr'><strong>sit,</strong></span> <span class='ocrx_word' id='word_1_477' title='bbox 494 2518 540 2552; x_wconf 91' lang='lat' dir='ltr'><strong>qui</strong></span> <span class='ocrx_word' id='word_1_478' title='bbox 566 2518 636 2546; x_wconf 92' lang='lat' dir='ltr'><strong>falso</strong></span> <span class='ocrx_word' id='word_1_479' title='bbox 662 2519 805 2554; x_wconf 86' lang='lat' dir='ltr'><strong>Epiphanii</strong></span> <span class='ocrx_word' id='word_1_480' title='bbox 832 2522 993 2548; x_wconf 88' lang='lat' dir='ltr'><strong>sententiam</strong></span> 
     </span>
    </p>
   </div>
   <div class='ocr_carea' id='block_1_69' title="bbox 208 2562 994 2597">
    <p class='ocr_par' dir='ltr' id='par_1_69' title="bbox 208 2562 994 2597">
     <span class='ocr_line' id='line_1_69' title="bbox 208 2562 994 2597; baseline 0.009 -9"><span class='ocrx_word' id='word_1_481' title='bbox 208 2562 377 2597; x_wconf 76' lang='lat' dir='ltr'><strong>interpretati</strong></span> <span class='ocrx_word' id='word_1_482' title='bbox 390 2569 464 2591; x_wconf 89' lang='lat' dir='ltr'><strong>sunt.</strong></span> <span class='ocrx_word' id='word_1_483' title='bbox 481 2564 582 2593; x_wconf 78' lang='lat' dir='ltr'><strong>Verum</strong></span> <span class='ocrx_word' id='word_1_484' title='bbox 600 2567 701 2593; x_wconf 85' lang='lat' dir='ltr'><strong>omissa</strong></span> <span class='ocrx_word' id='word_1_485' title='bbox 719 2566 906 2594; x_wconf 65' lang='lat' dir='ltr'><strong>Gratculorum</strong></span> <span class='ocrx_word' id='word_1_486' title='bbox 926 2576 994 2595; x_wconf 90' lang='lat' dir='ltr'><strong>con--</strong></span> 
     </span>
    </p>
   </div>
   <div class='ocr_carea' id='block_1_70' title="bbox 207 2608 994 2648">
    <p class='ocr_par' dir='ltr' id='par_1_70' title="bbox 207 2608 994 2648">
     <span class='ocr_line' id='line_1_70' title="bbox 207 2608 994 2648; baseline 0.009 -14"><span class='ocrx_word' id='word_1_487' title='bbox 207 2608 352 2641; x_wconf 68' lang='lat' dir='ltr'><strong>trarersia,</strong></span> <span class='ocrx_word' id='word_1_488' title='bbox 369 2617 430 2643; x_wconf 72' lang='lat' dir='ltr'><strong>qure</strong></span> <span class='ocrx_word' id='word_1_489' title='bbox 446 2609 612 2638; x_wconf 81' lang='lat' dir='ltr'><strong>dillicultatis</strong></span> <span class='ocrx_word' id='word_1_490' title='bbox 637 2611 718 2638; x_wconf 88' lang='lat' dir='ltr'><strong>habet</strong></span> <span class='ocrx_word' id='word_1_491' title='bbox 742 2612 821 2645; x_wconf 91' lang='lat' dir='ltr'><strong>nihil,</strong></span> <span class='ocrx_word' id='word_1_492' title='bbox 845 2613 871 2640; x_wconf 84' lang='lat' dir='ltr'><strong>in</strong></span> <span class='ocrx_word' id='word_1_493' title='bbox 889 2613 994 2648; x_wconf 77' lang='lat' dir='ltr'><strong>reliqua</strong></span> 
     </span>
    </p>
   </div>
   <div class='ocr_carea' id='block_1_71' title="bbox 205 2654 992 2694">
    <p class='ocr_par' dir='ltr' id='par_1_71' title="bbox 205 2654 992 2694">
     <span class='ocr_line' id='line_1_71' title="bbox 205 2654 992 2694; baseline 0.01 -15"><span class='ocrx_word' id='word_1_494' title='bbox 205 2654 280 2680; x_wconf 91' lang='lat' dir='ltr'><strong>omni</strong></span> <span class='ocrx_word' id='word_1_495' title='bbox 306 2655 458 2689; x_wconf 70' lang='lat' dir='ltr'><strong>quaestione</strong></span> <span class='ocrx_word' id='word_1_496' title='bbox 487 2657 629 2686; x_wconf 85' lang='lat' dir='ltr'><strong>tractanda</strong></span> <span class='ocrx_word' id='word_1_497' title='bbox 655 2665 688 2684; x_wconf 92' lang='lat' dir='ltr'><strong>eo</strong></span> <span class='ocrx_word' id='word_1_498' title='bbox 716 2657 855 2686; x_wconf 88' lang='lat' dir='ltr'><strong>breviores</strong></span> <span class='ocrx_word' id='word_1_499' title='bbox 879 2660 992 2694; x_wconf 87' lang='lat' dir='ltr'><strong>erimus,</strong></span> 
     </span>
    </p>
   </div>
   <div class='ocr_carea' id='block_1_72' title="bbox 206 2700 995 2740">
    <p class='ocr_par' dir='ltr' id='par_1_72' title="bbox 206 2700 995 2740">
     <span class='ocr_line' id='line_1_72' title="bbox 206 2700 995 2740; baseline 0.01 -15"><span class='ocrx_word' id='word_1_500' title='bbox 206 2700 277 2734; x_wconf 82' lang='lat' dir='ltr'><strong>quod</strong></span> <span class='ocrx_word' id='word_1_501' title='bbox 293 2701 414 2735; x_wconf 85' lang='lat' dir='ltr'><strong>plerique</strong></span> <span class='ocrx_word' id='word_1_502' title='bbox 428 2702 486 2730; x_wconf 88' lang='lat' dir='ltr'><strong>suis</strong></span> <span class='ocrx_word' id='word_1_503' title='bbox 501 2702 575 2729; x_wconf 86' lang='lat' dir='ltr'><strong>illam</strong></span> <span class='ocrx_word' id='word_1_504' title='bbox 592 2703 703 2738; x_wconf 83' lang='lat' dir='ltr'><strong>scriptis</strong></span> <span class='ocrx_word' id='word_1_505' title='bbox 721 2704 864 2739; x_wconf 81' lang='lat' dir='ltr'><strong>diligenter</strong></span> <span class='ocrx_word' id='word_1_506' title='bbox 877 2706 995 2740; x_wconf 85' lang='lat' dir='ltr'><strong>explica-</strong></span> 
     </span>
    </p>
   </div>
   <div class='ocr_carea' id='block_1_73' title="bbox 207 2745 993 2785">
    <p class='ocr_par' dir='ltr' id='par_1_73' title="bbox 207 2745 993 2785">
     <span class='ocr_line' id='line_1_73' title="bbox 207 2745 993 2785; baseline 0.011 -15"><span class='ocrx_word' id='word_1_507' title='bbox 207 2749 279 2771; x_wconf 86' lang='lat' dir='ltr'><strong>runt.</strong></span> <span class='ocrx_word' id='word_1_508' title='bbox 298 2745 481 2778; x_wconf 80' lang='lat' dir='ltr'><strong>Quamobrem</strong></span> <span class='ocrx_word' id='word_1_509' title='bbox 499 2748 642 2783; x_wconf 88' lang='lat' dir='ltr'><strong>utrittsque</strong></span> <span class='ocrx_word' id='word_1_510' title='bbox 661 2749 748 2783; x_wconf 90' lang='lat' dir='ltr'><strong>partis</strong></span> <span class='ocrx_word' id='word_1_511' title='bbox 764 2750 884 2778; x_wconf 86' lang='lat' dir='ltr'><strong>rationes</strong></span> <span class='ocrx_word' id='word_1_512' title='bbox 899 2751 993 2785; x_wconf 75' lang='lat' dir='ltr'><strong>paucis</strong></span> 
     </span>
    </p>
   </div>
   <div class='ocr_carea' id='block_1_74' title="bbox 206 2790 458 2819">
    <p class='ocr_par' dir='ltr' id='par_1_74' title="bbox 206 2790 458 2819">
     <span class='ocr_line' id='line_1_74' title="bbox 206 2790 458 2819; baseline 0.012 -3"><span class='ocrx_word' id='word_1_513' title='bbox 206 2790 372 2817; x_wconf 68' lang='lat' dir='ltr'><strong>testimandm</strong></span> <span class='ocrx_word' id='word_1_514' title='bbox 383 2796 458 2819; x_wconf 87' lang='lat' dir='ltr'><strong>sunt.</strong></span> 
     </span>
    </p>
   </div>
   <div class='ocr_carea' id='block_1_75' title="bbox 242 2834 992 2873">
    <p class='ocr_par' dir='ltr' id='par_1_75' title="bbox 242 2834 992 2873">
     <span class='ocr_line' id='line_1_75' title="bbox 242 2834 992 2873; baseline 0.009 -11"><span class='ocrx_word' id='word_1_515' title='bbox 242 2834 293 2868; x_wconf 84' lang='lat' dir='ltr'><strong>Qui</strong></span> <span class='ocrx_word' id='word_1_516' title='bbox 308 2836 401 2864; x_wconf 87' lang='lat' dir='ltr'><strong>eadem</strong></span> <span class='ocrx_word' id='word_1_517' title='bbox 417 2837 470 2869; x_wconf 83' lang='lat' dir='ltr'><strong>die,</strong></span> <span class='ocrx_word' id='word_1_518' title='bbox 486 2846 539 2873; x_wconf 92' lang='lat' dir='ltr'><strong>qua</strong></span> <span class='ocrx_word' id='word_1_519' title='bbox 561 2838 649 2866; x_wconf 64' lang='lat' dir='ltr'><strong>Judaei</strong></span> <span class='ocrx_word' id='word_1_520' title='bbox 670 2840 772 2871; x_wconf 57' lang='lat' dir='ltr'><strong>caeteri,</strong></span> <span class='ocrx_word' id='word_1_521' title='bbox 789 2840 891 2868; x_wconf 76' lang='lat' dir='ltr'><strong>Pascha</strong></span> <span class='ocrx_word' id='word_1_522' title='bbox 920 2843 992 2870; x_wconf 60' lang='lat' dir='ltr'><strong>cele-</strong></span> 
     </span>
    </p>
   </div>
   <div class='ocr_carea' id='block_1_76' title="bbox 208 2880 991 2919">
    <p class='ocr_par' dir='ltr' id='par_1_76' title="bbox 208 2880 991 2919">
     <span class='ocr_line' id='line_1_76' title="bbox 208 2880 991 2919; baseline 0.01 -12"><span class='ocrx_word' id='word_1_523' title='bbox 208 2880 301 2908; x_wconf 83' lang='lat' dir='ltr'><strong>brasse</strong></span> <span class='ocrx_word' id='word_1_524' title='bbox 317 2881 458 2910; x_wconf 85' lang='lat' dir='ltr'><strong>Christum</strong></span> <span class='ocrx_word' id='word_1_525' title='bbox 469 2883 579 2917; x_wconf 88' lang='lat' dir='ltr'><strong>volunt,</strong></span> <span class='ocrx_word' id='word_1_526' title='bbox 595 2886 821 2919; x_wconf 77' lang='lat' dir='ltr'><strong>evangelistarum</strong></span> <span class='ocrx_word' id='word_1_527' title='bbox 841 2889 921 2916; x_wconf 87' lang='lat' dir='ltr'><strong>trium</strong></span> <span class='ocrx_word' id='word_1_528' title='bbox 941 2897 991 2916; x_wconf 88' lang='lat' dir='ltr'><strong>an-</strong></span> 
     </span>
    </p>
   </div>
   <div class='ocr_carea' id='block_1_77' title="bbox 1045 960 1839 998">
    <p class='ocr_par' dir='ltr' id='par_1_77' title="bbox 1045 960 1839 998">
     <span class='ocr_line' id='line_1_77' title="bbox 1045 960 1839 998; baseline -0.006 -8"><span class='ocrx_word' id='word_1_529' title='bbox 1045 967 1147 998; x_wconf 81' lang='lat' dir='ltr'><strong>apcrte,</strong></span> <span class='ocrx_word' id='word_1_530' title='bbox 1164 970 1196 989; x_wconf 87' lang='lat' dir='ltr'><strong>ac</strong></span> <span class='ocrx_word' id='word_1_531' title='bbox 1211 962 1278 989; x_wconf 87' lang='lat' dir='ltr'><strong>citra</strong></span> <span class='ocrx_word' id='word_1_532' title='bbox 1298 961 1428 996; x_wconf 71' lang='lat' dir='ltr'><strong>ambages</strong></span> <span class='ocrx_word' id='word_1_533' title='bbox 1449 960 1585 994; x_wconf 70' lang='lat' dir='ltr'><strong>signiﬁcat</strong></span> <span class='ocrx_word' id='word_1_534' title='bbox 1602 967 1608 984; x_wconf 97' lang='lat'>:</span> <span class='ocrx_word' id='word_1_535' title='bbox 1633 960 1752 994; x_wconf 93' lang='lat' dir='ltr'><strong>primum</strong></span> <span class='ocrx_word' id='word_1_536' title='bbox 1777 967 1839 994; x_wconf 83' lang='lat' dir='ltr'><strong>cap.</strong></span> 
     </span>
    </p>
   </div>
   <div class='ocr_carea' id='block_1_78' title="bbox 1046 1004 1839 1042">
    <p class='ocr_par' dir='ltr' id='par_1_78' title="bbox 1046 1004 1839 1042">
     <span class='ocr_line' id='line_1_78' title="bbox 1046 1004 1839 1042; baseline -0.005 -8"><span class='ocrx_word' id='word_1_537' title='bbox 1046 1007 1125 1040; x_wconf 79' lang='lat' dir='ltr'><strong>xtn,l</strong></span> <span class='ocrx_word' id='word_1_538' title='bbox 1140 1016 1148 1034; x_wconf 81' lang='lat'><strong>-.</strong></span> <span class='ocrx_word' id='word_1_539' title='bbox 1163 1007 1219 1042; x_wconf 78' lang='grc' dir='ltr'><strong>Πρὸ</strong></span> <span class='ocrx_word' id='word_1_540' title='bbox 1238 1006 1287 1041; x_wconf 78' lang='grc' dir='ltr'><strong>τῆς</strong></span> <span class='ocrx_word' id='word_1_541' title='bbox 1298 1006 1394 1041; x_wconf 66' lang='grc' dir='ltr'><strong>ἑορτῆς</strong></span> <span class='ocrx_word' id='word_1_542' title='bbox 1406 1005 1452 1031; x_wconf 79' lang='grc' dir='ltr'><strong>τοῦ</strong></span> <span class='ocrx_word' id='word_1_543' title='bbox 1466 1005 1571 1040; x_wconf 74' lang='grc' dir='ltr'><strong>Πάςχα,</strong></span> <span class='ocrx_word' id='word_1_544' title='bbox 1586 1004 1681 1032; x_wconf 86' lang='lat' dir='ltr'><strong>scribit</strong></span> <span class='ocrx_word' id='word_1_545' title='bbox 1697 1004 1839 1031; x_wconf 82' lang='lat' dir='ltr'><strong>Christum</strong></span> 
     </span>
    </p>
   </div>
   <div class='ocr_carea' id='block_1_79' title="bbox 1044 1049 1840 1088">
    <p class='ocr_par' dir='ltr' id='par_1_79' title="bbox 1044 1049 1840 1088">
     <span class='ocr_line' id='line_1_79' title="bbox 1044 1049 1840 1088; baseline -0.006 -8"><span class='ocrx_word' id='word_1_546' title='bbox 1044 1053 1173 1088; x_wconf 76' lang='lat' dir='ltr'><strong>paschale</strong></span> <span class='ocrx_word' id='word_1_547' title='bbox 1194 1060 1244 1080; x_wconf 88' lang='lat' dir='ltr'><strong>suo</strong></span> <span class='ocrx_word' id='word_1_548' title='bbox 1261 1052 1419 1079; x_wconf 81' lang='lat' dir='ltr'><strong>defunctum</strong></span> <span class='ocrx_word' id='word_1_549' title='bbox 1435 1071 1442 1083; x_wconf 84' lang='lat'><strong>,</strong></span> <span class='ocrx_word' id='word_1_550' title='bbox 1468 1052 1492 1078; x_wconf 89' lang='lat' dir='ltr'><strong>id</strong></span> <span class='ocrx_word' id='word_1_551' title='bbox 1516 1055 1558 1078; x_wconf 89' lang='lat' dir='ltr'><strong>est</strong></span> <span class='ocrx_word' id='word_1_552' title='bbox 1575 1052 1642 1078; x_wconf 73' lang='lat' dir='ltr'><strong>Ante</strong></span> <span class='ocrx_word' id='word_1_553' title='bbox 1666 1049 1763 1085; x_wconf 74' lang='lat' dir='ltr'><strong>festum</strong></span> <span class='ocrx_word' id='word_1_554' title='bbox 1786 1050 1840 1076; x_wconf 81' lang='lat' dir='ltr'><strong>Pu-</strong></span> 
     </span>
    </p>
   </div>
   <div class='ocr_carea' id='block_1_80' title="bbox 1044 1097 1841 1133">
    <p class='ocr_par' dir='ltr' id='par_1_80' title="bbox 1044 1097 1841 1133">
     <span class='ocr_line' id='line_1_80' title="bbox 1044 1097 1841 1133; baseline -0.005 -7"><span class='ocrx_word' id='word_1_555' title='bbox 1044 1100 1122 1126; x_wconf 73' lang='lat' dir='ltr'><strong>sclur.</strong></span> <span class='ocrx_word' id='word_1_556' title='bbox 1141 1098 1206 1126; x_wconf 90' lang='lat' dir='ltr'><strong>ltern</strong></span> <span class='ocrx_word' id='word_1_557' title='bbox 1222 1106 1282 1133; x_wconf 91' lang='lat' dir='ltr'><strong>cap.</strong></span> <span class='ocrx_word' id='word_1_558' title='bbox 1301 1106 1381 1130; x_wconf 84' lang='lat' dir='ltr'><strong>xvrn,</strong></span> <span class='ocrx_word' id='word_1_559' title='bbox 1397 1097 1442 1128; x_wconf 68' lang='lat'><strong>28,</strong></span> <span class='ocrx_word' id='word_1_560' title='bbox 1456 1097 1566 1124; x_wconf 63' lang='lat' dir='ltr'><strong>Judmos</strong></span> <span class='ocrx_word' id='word_1_561' title='bbox 1581 1097 1620 1123; x_wconf 89' lang='lat' dir='ltr'><strong>ait</strong></span> <span class='ocrx_word' id='word_1_562' title='bbox 1646 1097 1707 1131; x_wconf 90' lang='lat' dir='ltr'><strong>ipso</strong></span> <span class='ocrx_word' id='word_1_563' title='bbox 1727 1097 1773 1123; x_wconf 88' lang='lat' dir='ltr'><strong>die</strong></span> <span class='ocrx_word' id='word_1_564' title='bbox 1791 1103 1841 1130; x_wconf 81' lang='lat' dir='ltr'><strong>pa-</strong></span> 
     </span>
    </p>
   </div>
   <div class='ocr_carea' id='block_1_81' title="bbox 1045 1142 1840 1178">
    <p class='ocr_par' dir='ltr' id='par_1_81' title="bbox 1045 1142 1840 1178">
     <span class='ocr_line' id='line_1_81' title="bbox 1045 1142 1840 1178; baseline -0.008 -6"><span class='ocrx_word' id='word_1_565' title='bbox 1045 1151 1170 1172; x_wconf 82' lang='lat' dir='ltr'><strong>rasceves</strong></span> <span class='ocrx_word' id='word_1_566' title='bbox 1184 1143 1285 1178; x_wconf 84' lang='lat' dir='ltr'><strong>ingredi</strong></span> <span class='ocrx_word' id='word_1_567' title='bbox 1297 1143 1413 1170; x_wconf 79' lang='lat' dir='ltr'><strong>noluisse</strong></span> <span class='ocrx_word' id='word_1_568' title='bbox 1423 1142 1594 1177; x_wconf 73' lang='lat' dir='ltr'><strong>prretoriunt,</strong></span> <span class='ocrx_word' id='word_1_569' title='bbox 1618 1149 1649 1168; x_wconf 78' lang='lat' dir='ltr'><strong>ne</strong></span> <span class='ocrx_word' id='word_1_570' title='bbox 1668 1142 1840 1167; x_wconf 80' lang='lat' dir='ltr'><strong>contamina-</strong></span> 
     </span>
    </p>
   </div>
   <div class='ocr_carea' id='block_1_82' title="bbox 1050 1186 1841 1221">
    <p class='ocr_par' dir='ltr' id='par_1_82' title="bbox 1050 1186 1841 1221">
     <span class='ocr_line' id='line_1_82' title="bbox 1050 1186 1841 1221; baseline -0.006 -5"><span class='ocrx_word' id='word_1_571' title='bbox 1050 1194 1151 1221; x_wconf 84' lang='lat' dir='ltr'><strong>rentur,</strong></span> <span class='ocrx_word' id='word_1_572' title='bbox 1168 1189 1213 1216; x_wconf 76' lang='lat' dir='ltr'><strong>scd</strong></span> <span class='ocrx_word' id='word_1_573' title='bbox 1223 1194 1251 1214; x_wconf 86' lang='lat' dir='ltr'><strong>ut</strong></span> <span class='ocrx_word' id='word_1_574' title='bbox 1263 1187 1425 1214; x_wconf 77' lang='lat' dir='ltr'><strong>comedet-ent</strong></span> <span class='ocrx_word' id='word_1_575' title='bbox 1444 1186 1556 1214; x_wconf 81' lang='lat' dir='ltr'><strong>Pascha.</strong></span> <span class='ocrx_word' id='word_1_576' title='bbox 1576 1186 1617 1213; x_wconf 85' lang='lat' dir='ltr'><strong>Ad</strong></span> <span class='ocrx_word' id='word_1_577' title='bbox 1629 1186 1686 1213; x_wconf 73' lang='lat' dir='ltr'><strong>haec</strong></span> <span class='ocrx_word' id='word_1_578' title='bbox 1700 1193 1761 1219; x_wconf 89' lang='lat' dir='ltr'><strong>cap.</strong></span> <span class='ocrx_word' id='word_1_579' title='bbox 1783 1193 1841 1217; x_wconf 72' lang='lat' dir='ltr'><strong>xu,</strong></span> 
     </span>
    </p>
   </div>
   <div class='ocr_carea' id='block_1_83' title="bbox 1046 1232 1840 1269">
    <p class='ocr_par' dir='ltr' id='par_1_83' title="bbox 1046 1232 1840 1269">
     <span class='ocr_line' id='line_1_83' title="bbox 1046 1232 1840 1269; baseline -0.008 -6"><span class='ocrx_word' id='word_1_580' title='bbox 1046 1236 1088 1264; x_wconf 77' lang='lat' dir='ltr'><strong>H:</strong></span> <span class='ocrx_word' id='word_1_581' title='bbox 1107 1235 1171 1265; x_wconf 80' lang='lat' dir='ltr'><strong>Erat</strong></span> <span class='ocrx_word' id='word_1_582' title='bbox 1181 1240 1269 1262; x_wconf 86' lang='lat' dir='ltr'><strong>autem</strong></span> <span class='ocrx_word' id='word_1_583' title='bbox 1279 1242 1419 1269; x_wconf 79' lang='lat' dir='ltr'><strong>paruscere</strong></span> <span class='ocrx_word' id='word_1_584' title='bbox 1437 1233 1556 1264; x_wconf 82' lang='lat' dir='ltr'><strong>Paschw,</strong></span> <span class='ocrx_word' id='word_1_585' title='bbox 1571 1232 1637 1258; x_wconf 80' lang='lat' dir='ltr'><strong>liora</strong></span> <span class='ocrx_word' id='word_1_586' title='bbox 1659 1232 1737 1267; x_wconf 83' lang='lat' dir='ltr'><strong>quasi</strong></span> <span class='ocrx_word' id='word_1_587' title='bbox 1754 1238 1840 1258; x_wconf 62' lang='lat' dir='ltr'><strong>sexta.</strong></span> 
     </span>
    </p>
   </div>
   <div class='ocr_carea' id='block_1_84' title="bbox 1044 1279 1839 1313">
    <p class='ocr_par' dir='ltr' id='par_1_84' title="bbox 1044 1279 1839 1313">
     <span class='ocr_line' id='line_1_84' title="bbox 1044 1279 1839 1313; baseline -0.008 -4"><span class='ocrx_word' id='word_1_588' title='bbox 1044 1282 1148 1309; x_wconf 65' lang='lat' dir='ltr'><strong>Cmtera</strong></span> <span class='ocrx_word' id='word_1_589' title='bbox 1173 1281 1214 1308; x_wconf 87' lang='lat' dir='ltr'><strong>vel</strong></span> <span class='ocrx_word' id='word_1_590' title='bbox 1245 1279 1413 1311; x_wconf 89' lang='lat' dir='ltr'><strong>testimonia,</strong></span> <span class='ocrx_word' id='word_1_591' title='bbox 1438 1279 1480 1306; x_wconf 87' lang='lat' dir='ltr'><strong>vel</strong></span> <span class='ocrx_word' id='word_1_592' title='bbox 1505 1282 1670 1313; x_wconf 79' lang='lat' dir='ltr'><strong>argumenta</strong></span> <span class='ocrx_word' id='word_1_593' title='bbox 1697 1282 1839 1312; x_wconf 72' lang='lat' dir='ltr'><strong>prmtereo.</strong></span> 
     </span>
    </p>
   </div>
   <div class='ocr_carea' id='block_1_85' title="bbox 1046 1328 1439 1363">
    <p class='ocr_par' dir='ltr' id='par_1_85' title="bbox 1046 1328 1439 1363">
     <span class='ocr_line' id='line_1_85' title="bbox 1046 1328 1439 1363; baseline -0.005 -7"><span class='ocrx_word' id='word_1_594' title='bbox 1046 1330 1116 1356; x_wconf 85' lang='lat' dir='ltr'><strong>Sunt</strong></span> <span class='ocrx_word' id='word_1_595' title='bbox 1131 1329 1203 1357; x_wconf 89' lang='lat' dir='ltr'><strong>enim</strong></span> <span class='ocrx_word' id='word_1_596' title='bbox 1217 1328 1268 1356; x_wconf 87' lang='lat' dir='ltr'><strong>ista</strong></span> <span class='ocrx_word' id='word_1_597' title='bbox 1290 1328 1439 1363; x_wconf 64' lang='lat' dir='ltr'><strong>praecipua.</strong></span> 
     </span>
    </p>
   </div>
   <div class='ocr_carea' id='block_1_86' title="bbox 1079 1372 1839 1408">
    <p class='ocr_par' dir='ltr' id='par_1_86' title="bbox 1079 1372 1839 1408">
     <span class='ocr_line' id='line_1_86' title="bbox 1079 1372 1839 1408; baseline -0.007 -6"><span class='ocrx_word' id='word_1_598' title='bbox 1079 1375 1140 1402; x_wconf 80' lang='lat' dir='ltr'><strong>Jam</strong></span> <span class='ocrx_word' id='word_1_599' title='bbox 1158 1375 1185 1402; x_wconf 88' lang='lat' dir='ltr'><strong>irt</strong></span> <span class='ocrx_word' id='word_1_600' title='bbox 1204 1378 1279 1401; x_wconf 86' lang='lat' dir='ltr'><strong>tanto</strong></span> <span class='ocrx_word' id='word_1_601' title='bbox 1310 1373 1470 1408; x_wconf 84' lang='lat' dir='ltr'><strong>opinionum</strong></span> <span class='ocrx_word' id='word_1_602' title='bbox 1492 1372 1741 1406; x_wconf 87' lang='lat' dir='ltr'><strong>auelorilatumque</strong></span> <span class='ocrx_word' id='word_1_603' title='bbox 1770 1379 1839 1398; x_wconf 86' lang='lat' dir='ltr'><strong>con-</strong></span> 
     </span>
    </p>
   </div>
   <div class='ocr_carea' id='block_1_87' title="bbox 1045 1418 1840 1454">
    <p class='ocr_par' dir='ltr' id='par_1_87' title="bbox 1045 1418 1840 1454">
     <span class='ocr_line' id='line_1_87' title="bbox 1045 1418 1840 1454; baseline -0.006 -6"><span class='ocrx_word' id='word_1_604' title='bbox 1045 1421 1130 1452; x_wconf 84' lang='lat' dir='ltr'><strong>flictu,</strong></span> <span class='ocrx_word' id='word_1_605' title='bbox 1139 1420 1166 1447; x_wconf 90' lang='lat' dir='ltr'><strong>in</strong></span> <span class='ocrx_word' id='word_1_606' title='bbox 1177 1428 1210 1448; x_wconf 87' lang='lat' dir='ltr'><strong>eo</strong></span> <span class='ocrx_word' id='word_1_607' title='bbox 1223 1419 1395 1454; x_wconf 88' lang='lat' dir='ltr'><strong>potissimtun</strong></span> <span class='ocrx_word' id='word_1_608' title='bbox 1406 1418 1635 1453; x_wconf 87' lang='lat' dir='ltr'><strong>acquiescendurn</strong></span> <span class='ocrx_word' id='word_1_609' title='bbox 1646 1418 1751 1451; x_wconf 83' lang='lat' dir='ltr'><strong>judico.</strong></span> <span class='ocrx_word' id='word_1_610' title='bbox 1765 1419 1840 1452; x_wconf 85' lang='lat' dir='ltr'><strong>quod</strong></span> 
     </span>
    </p>
   </div>
   <div class='ocr_carea' id='block_1_88' title="bbox 1046 1462 1841 1499">
    <p class='ocr_par' dir='ltr' id='par_1_88' title="bbox 1046 1462 1841 1499">
     <span class='ocr_line' id='line_1_88' title="bbox 1046 1462 1841 1499; baseline -0.006 -6"><span class='ocrx_word' id='word_1_611' title='bbox 1046 1467 1080 1493; x_wconf 91' lang='lat' dir='ltr'><strong>iis</strong></span> <span class='ocrx_word' id='word_1_612' title='bbox 1101 1465 1268 1493; x_wconf 86' lang='lat' dir='ltr'><strong>testimoniis</strong></span> <span class='ocrx_word' id='word_1_613' title='bbox 1290 1464 1459 1499; x_wconf 86' lang='lat' dir='ltr'><strong>approbatur</strong></span> <span class='ocrx_word' id='word_1_614' title='bbox 1473 1483 1479 1495; x_wconf 85' lang='lat'><strong>,</strong></span> <span class='ocrx_word' id='word_1_615' title='bbox 1507 1471 1568 1498; x_wconf 69' lang='lat' dir='ltr'><strong>quae</strong></span> <span class='ocrx_word' id='word_1_616' title='bbox 1583 1463 1611 1490; x_wconf 91' lang='lat' dir='ltr'><strong>in</strong></span> <span class='ocrx_word' id='word_1_617' title='bbox 1628 1463 1742 1489; x_wconf 87' lang='lat' dir='ltr'><strong>alteram</strong></span> <span class='ocrx_word' id='word_1_618' title='bbox 1768 1462 1841 1489; x_wconf 83' lang='lat' dir='ltr'><strong>trahi</strong></span> 
     </span>
    </p>
   </div>
   <div class='ocr_carea' id='block_1_89' title="bbox 1046 1508 1840 1545">
    <p class='ocr_par' dir='ltr' id='par_1_89' title="bbox 1046 1508 1840 1545">
     <span class='ocr_line' id='line_1_89' title="bbox 1046 1508 1840 1545; baseline -0.006 -6"><span class='ocrx_word' id='word_1_619' title='bbox 1046 1511 1208 1539; x_wconf 88' lang='lat' dir='ltr'><strong>sententiam</strong></span> <span class='ocrx_word' id='word_1_620' title='bbox 1225 1514 1373 1545; x_wconf 84' lang='lat' dir='ltr'><strong>nequeant,</strong></span> <span class='ocrx_word' id='word_1_621' title='bbox 1397 1517 1459 1537; x_wconf 87' lang='lat' dir='ltr'><strong>cum</strong></span> <span class='ocrx_word' id='word_1_622' title='bbox 1489 1513 1599 1541; x_wconf 75' lang='lat' dir='ltr'><strong>caetera,</strong></span> <span class='ocrx_word' id='word_1_623' title='bbox 1625 1516 1686 1543; x_wconf 72' lang='lat' dir='ltr'><strong>quae</strong></span> <span class='ocrx_word' id='word_1_624' title='bbox 1699 1508 1840 1535; x_wconf 88' lang='lat' dir='ltr'><strong>contraria</strong></span> 
     </span>
    </p>
   </div>
   <div class='ocr_carea' id='block_1_90' title="bbox 1046 1553 1842 1589">
    <p class='ocr_par' dir='ltr' id='par_1_90' title="bbox 1046 1553 1842 1589">
     <span class='ocr_line' id='line_1_90' title="bbox 1046 1553 1842 1589; baseline -0.005 -5"><span class='ocrx_word' id='word_1_625' title='bbox 1046 1557 1182 1589; x_wconf 88' lang='lat' dir='ltr'><strong>videntur,</strong></span> <span class='ocrx_word' id='word_1_626' title='bbox 1202 1555 1342 1583; x_wconf 87' lang='lat' dir='ltr'><strong>conciliari</strong></span> <span class='ocrx_word' id='word_1_627' title='bbox 1358 1555 1544 1589; x_wconf 83' lang='lat' dir='ltr'><strong>explicarique</strong></span> <span class='ocrx_word' id='word_1_628' title='bbox 1575 1554 1691 1589; x_wconf 77' lang='lat' dir='ltr'><strong>possint.</strong></span> <span class='ocrx_word' id='word_1_629' title='bbox 1714 1553 1749 1580; x_wconf 84' lang='lat' dir='ltr'><strong>At</strong></span> <span class='ocrx_word' id='word_1_630' title='bbox 1766 1553 1842 1588; x_wconf 81' lang='lat' dir='ltr'><strong>ejus—</strong></span> 
     </span>
    </p>
   </div>
   <div class='ocr_carea' id='block_1_91' title="bbox 1049 1599 1843 1637">
    <p class='ocr_par' dir='ltr' id='par_1_91' title="bbox 1049 1599 1843 1637">
     <span class='ocr_line' id='line_1_91' title="bbox 1049 1599 1843 1637; baseline -0.006 -6"><span class='ocrx_word' id='word_1_631' title='bbox 1049 1603 1122 1631; x_wconf 87' lang='lat' dir='ltr'><strong>modi</strong></span> <span class='ocrx_word' id='word_1_632' title='bbox 1138 1608 1179 1630; x_wconf 91' lang='lat' dir='ltr'><strong>est</strong></span> <span class='ocrx_word' id='word_1_633' title='bbox 1193 1602 1327 1637; x_wconf 87' lang='lat' dir='ltr'><strong>posterior</strong></span> <span class='ocrx_word' id='word_1_634' title='bbox 1343 1601 1399 1634; x_wconf 88' lang='lat' dir='ltr'><strong>illa,</strong></span> <span class='ocrx_word' id='word_1_635' title='bbox 1426 1608 1510 1635; x_wconf 89' lang='lat' dir='ltr'><strong>quam</strong></span> <span class='ocrx_word' id='word_1_636' title='bbox 1537 1599 1705 1635; x_wconf 86' lang='lat' dir='ltr'><strong>Epiphanius</strong></span> <span class='ocrx_word' id='word_1_637' title='bbox 1729 1605 1843 1627; x_wconf 86' lang='lat' dir='ltr'><strong>secutus</strong></span> 
     </span>
    </p>
   </div>
   <div class='ocr_carea' id='block_1_92' title="bbox 1046 1645 1843 1682">
    <p class='ocr_par' dir='ltr' id='par_1_92' title="bbox 1046 1645 1843 1682">
     <span class='ocr_line' id='line_1_92' title="bbox 1046 1645 1843 1682; baseline -0.005 -6"><span class='ocrx_word' id='word_1_638' title='bbox 1046 1653 1097 1682; x_wconf 87' lang='lat' dir='ltr'><strong>est,</strong></span> <span class='ocrx_word' id='word_1_639' title='bbox 1110 1648 1263 1676; x_wconf 85' lang='lat' dir='ltr'><strong>sententia:</strong></span> <span class='ocrx_word' id='word_1_640' title='bbox 1280 1647 1323 1675; x_wconf 89' lang='lat' dir='ltr'><strong>cui</strong></span> <span class='ocrx_word' id='word_1_641' title='bbox 1336 1655 1390 1674; x_wconf 89' lang='lat' dir='ltr'><strong>non</strong></span> <span class='ocrx_word' id='word_1_642' title='bbox 1407 1647 1500 1681; x_wconf 91' lang='lat' dir='ltr'><strong>pauci,</strong></span> <span class='ocrx_word' id='word_1_643' title='bbox 1527 1646 1663 1681; x_wconf 86' lang='lat' dir='ltr'><strong>iidemque</strong></span> <span class='ocrx_word' id='word_1_644' title='bbox 1677 1645 1843 1673; x_wconf 77' lang='lat' dir='ltr'><strong>auctoritate</strong></span> 
     </span>
    </p>
   </div>
   <div class='ocr_carea' id='block_1_93' title="bbox 1046 1692 1842 1729">
    <p class='ocr_par' dir='ltr' id='par_1_93' title="bbox 1046 1692 1842 1729">
     <span class='ocr_line' id='line_1_93' title="bbox 1046 1692 1842 1729; baseline -0.005 -7"><span class='ocrx_word' id='word_1_645' title='bbox 1046 1700 1072 1722; x_wconf 88' lang='lat' dir='ltr'><strong>et</strong></span> <span class='ocrx_word' id='word_1_646' title='bbox 1085 1695 1238 1722; x_wconf 86' lang='lat' dir='ltr'><strong>eruditione</strong></span> <span class='ocrx_word' id='word_1_647' title='bbox 1259 1693 1395 1729; x_wconf 88' lang='lat' dir='ltr'><strong>principes</strong></span> <span class='ocrx_word' id='word_1_648' title='bbox 1409 1693 1550 1728; x_wconf 82' lang='lat' dir='ltr'><strong>sullragati</strong></span> <span class='ocrx_word' id='word_1_649' title='bbox 1567 1697 1650 1720; x_wconf 88' lang='lat' dir='ltr'><strong>sunt:</strong></span> <span class='ocrx_word' id='word_1_650' title='bbox 1668 1692 1842 1727; x_wconf 73' lang='lat' dir='ltr'><strong>maximeque</strong></span> 
     </span>
    </p>
   </div>
   <div class='ocr_carea' id='block_1_94' title="bbox 1046 1738 1841 1775">
    <p class='ocr_par' dir='ltr' id='par_1_94' title="bbox 1046 1738 1841 1775">
     <span class='ocr_line' id='line_1_94' title="bbox 1046 1738 1841 1775; baseline -0.005 -7"><span class='ocrx_word' id='word_1_651' title='bbox 1046 1740 1148 1768; x_wconf 85' lang='lat' dir='ltr'><strong>Paulus</strong></span> <span class='ocrx_word' id='word_1_652' title='bbox 1162 1739 1324 1775; x_wconf 82' lang='lat' dir='ltr'><strong>Burgensis;</strong></span> <span class='ocrx_word' id='word_1_653' title='bbox 1343 1739 1445 1766; x_wconf 85' lang='lat' dir='ltr'><strong>Paulus</strong></span> <span class='ocrx_word' id='word_1_654' title='bbox 1467 1738 1756 1773; x_wconf 87' lang='lat' dir='ltr'><strong>Forosemproniensis</strong></span> <span class='ocrx_word' id='word_1_655' title='bbox 1784 1739 1841 1773; x_wconf 89' lang='lat' dir='ltr'><strong>epi-</strong></span> 
     </span>
    </p>
   </div>
   <div class='ocr_carea' id='block_1_95' title="bbox 1047 1783 1841 1820">
    <p class='ocr_par' dir='ltr' id='par_1_95' title="bbox 1047 1783 1841 1820">
     <span class='ocr_line' id='line_1_95' title="bbox 1047 1783 1841 1820; baseline -0.005 -5"><span class='ocrx_word' id='word_1_656' title='bbox 1047 1794 1163 1820; x_wconf 85' lang='lat' dir='ltr'><strong>scopus;</strong></span> <span class='ocrx_word' id='word_1_657' title='bbox 1179 1785 1299 1813; x_wconf 83' lang='lat' dir='ltr'><strong>Joannes</strong></span> <span class='ocrx_word' id='word_1_658' title='bbox 1310 1784 1437 1817; x_wconf 88' lang='lat' dir='ltr'><strong>Lucidus,</strong></span> <span class='ocrx_word' id='word_1_659' title='bbox 1451 1784 1595 1816; x_wconf 85' lang='lat' dir='ltr'><strong>Onnfrius,</strong></span> <span class='ocrx_word' id='word_1_660' title='bbox 1607 1783 1766 1816; x_wconf 85' lang='lat' dir='ltr'><strong>Jansenius,</strong></span> <span class='ocrx_word' id='word_1_661' title='bbox 1778 1784 1841 1811; x_wconf 83' lang='lat' dir='ltr'><strong>Mal-</strong></span> 
     </span>
    </p>
   </div>
   <div class='ocr_carea' id='block_1_96' title="bbox 1047 1829 1839 1865">
    <p class='ocr_par' dir='ltr' id='par_1_96' title="bbox 1047 1829 1839 1865">
     <span class='ocr_line' id='line_1_96' title="bbox 1047 1829 1839 1865; baseline -0.004 -6"><span class='ocrx_word' id='word_1_662' title='bbox 1047 1832 1165 1859; x_wconf 89' lang='lat' dir='ltr'><strong>donatus</strong></span> <span class='ocrx_word' id='word_1_663' title='bbox 1183 1835 1285 1863; x_wconf 88' lang='lat' dir='ltr'><strong>noster,</strong></span> <span class='ocrx_word' id='word_1_664' title='bbox 1309 1834 1336 1858; x_wconf 88' lang='lat' dir='ltr'><strong>et</strong></span> <span class='ocrx_word' id='word_1_665' title='bbox 1350 1830 1407 1857; x_wconf 89' lang='lat' dir='ltr'><strong>alii.</strong></span> <span class='ocrx_word' id='word_1_666' title='bbox 1425 1830 1587 1865; x_wconf 85' lang='lat' dir='ltr'><strong>Quanquam</strong></span> <span class='ocrx_word' id='word_1_667' title='bbox 1608 1836 1634 1857; x_wconf 87' lang='lat' dir='ltr'><strong>et</strong></span> <span class='ocrx_word' id='word_1_668' title='bbox 1649 1829 1679 1863; x_wconf 91' lang='lat' dir='ltr'><strong>ii,</strong></span> <span class='ocrx_word' id='word_1_669' title='bbox 1695 1834 1722 1856; x_wconf 92' lang='lat' dir='ltr'><strong>et</strong></span> <span class='ocrx_word' id='word_1_670' title='bbox 1742 1837 1839 1857; x_wconf 72' lang='lat' dir='ltr'><strong>omnes</strong></span> 
     </span>
    </p>
   </div>
   <div class='ocr_carea' id='block_1_97' title="bbox 1048 1876 1839 1912">
    <p class='ocr_par' dir='ltr' id='par_1_97' title="bbox 1048 1876 1839 1912">
     <span class='ocr_line' id='line_1_97' title="bbox 1048 1876 1839 1912; baseline -0.004 -7"><span class='ocrx_word' id='word_1_671' title='bbox 1048 1878 1113 1910; x_wconf 81' lang='lat' dir='ltr'><strong>fere.</strong></span> <span class='ocrx_word' id='word_1_672' title='bbox 1127 1878 1173 1912; x_wconf 90' lang='lat' dir='ltr'><strong>qui</strong></span> <span class='ocrx_word' id='word_1_673' title='bbox 1198 1877 1329 1904; x_wconf 79' lang='lat' dir='ltr'><strong>hactenus</strong></span> <span class='ocrx_word' id='word_1_674' title='bbox 1352 1876 1421 1903; x_wconf 91' lang='lat' dir='ltr'><strong>hanc</strong></span> <span class='ocrx_word' id='word_1_675' title='bbox 1445 1876 1603 1911; x_wconf 87' lang='lat' dir='ltr'><strong>opinionem</strong></span> <span class='ocrx_word' id='word_1_676' title='bbox 1620 1876 1738 1911; x_wconf 80' lang='lat' dir='ltr'><strong>amplexi</strong></span> <span class='ocrx_word' id='word_1_677' title='bbox 1765 1881 1839 1907; x_wconf 83' lang='lat' dir='ltr'><strong>sunt,</strong></span> 
     </span>
    </p>
   </div>
   <div class='ocr_carea' id='block_1_98' title="bbox 1047 1922 1840 1962">
    <p class='ocr_par' dir='ltr' id='par_1_98' title="bbox 1047 1922 1840 1962">
     <span class='ocr_line' id='line_1_98' title="bbox 1047 1922 1840 1962; baseline -0.003 -11"><span class='ocrx_word' id='word_1_678' title='bbox 1047 1925 1080 1951; x_wconf 90' lang='lat' dir='ltr'><strong>ad</strong></span> <span class='ocrx_word' id='word_1_679' title='bbox 1095 1924 1230 1962; x_wconf 74' lang='lat' dir='ltr'><strong>vulgatam</strong></span> <span class='ocrx_word' id='word_1_680' title='bbox 1249 1923 1322 1950; x_wconf 91' lang='lat' dir='ltr'><strong>illam</strong></span> <span class='ocrx_word' id='word_1_681' title='bbox 1336 1922 1466 1950; x_wconf 90' lang='lat' dir='ltr'><strong>festorum</strong></span> <span class='ocrx_word' id='word_1_682' title='bbox 1485 1923 1704 1955; x_wconf 87' lang='lat' dir='ltr'><strong>translationem,</strong></span> <span class='ocrx_word' id='word_1_683' title='bbox 1716 1929 1743 1950; x_wconf 91' lang='lat' dir='ltr'><strong>et</strong></span> <span class='ocrx_word' id='word_1_684' title='bbox 1759 1923 1840 1950; x_wconf 85' lang='lat' dir='ltr'><strong>feria-</strong></span> 
     </span>
    </p>
   </div>
   <div class='ocr_carea' id='block_1_99' title="bbox 1048 1966 1840 2002">
    <p class='ocr_par' dir='ltr' id='par_1_99' title="bbox 1048 1966 1840 2002">
     <span class='ocr_line' id='line_1_99' title="bbox 1048 1966 1840 2002; baseline -0.004 -6"><span class='ocrx_word' id='word_1_685' title='bbox 1048 1977 1108 1996; x_wconf 92' lang='lat' dir='ltr'><strong>rum</strong></span> <span class='ocrx_word' id='word_1_686' title='bbox 1124 1968 1257 1996; x_wconf 81' lang='lat' dir='ltr'><strong>delectum</strong></span> <span class='ocrx_word' id='word_1_687' title='bbox 1269 1966 1415 2001; x_wconf 79' lang='lat' dir='ltr'><strong>confugere</strong></span> <span class='ocrx_word' id='word_1_688' title='bbox 1426 1967 1525 2000; x_wconf 85' lang='lat' dir='ltr'><strong>solent,</strong></span> <span class='ocrx_word' id='word_1_689' title='bbox 1546 1968 1766 2002; x_wconf 82' lang='lat' dir='ltr'><strong>existimantque</strong></span> <span class='ocrx_word' id='word_1_690' title='bbox 1785 1968 1840 2002; x_wconf 86' lang='lat' dir='ltr'><strong>pri-</strong></span> 
     </span>
    </p>
   </div>
   <div class='ocr_carea' id='block_1_100' title="bbox 1048 2013 1839 2049">
    <p class='ocr_par' dir='ltr' id='par_1_100' title="bbox 1048 2013 1839 2049">
     <span class='ocr_line' id='line_1_100' title="bbox 1048 2013 1839 2049; baseline -0.005 -7"><span class='ocrx_word' id='word_1_691' title='bbox 1048 2022 1122 2042; x_wconf 90' lang='lat' dir='ltr'><strong>mum</strong></span> <span class='ocrx_word' id='word_1_692' title='bbox 1139 2022 1298 2049; x_wconf 76' lang='lat' dir='ltr'><strong>azymorum</strong></span> <span class='ocrx_word' id='word_1_693' title='bbox 1313 2013 1384 2041; x_wconf 92' lang='lat' dir='ltr'><strong>diem</strong></span> <span class='ocrx_word' id='word_1_694' title='bbox 1409 2021 1550 2048; x_wconf 87' lang='lat' dir='ltr'><strong>nunquam</strong></span> <span class='ocrx_word' id='word_1_695' title='bbox 1568 2021 1583 2040; x_wconf 89' lang='lat' dir='ltr'><strong>a</strong></span> <span class='ocrx_word' id='word_1_696' title='bbox 1598 2013 1700 2041; x_wconf 61' lang='lat' dir='ltr'><strong>ludatis</strong></span> <span class='ocrx_word' id='word_1_697' title='bbox 1728 2013 1796 2040; x_wconf 86' lang='lat' dir='ltr'><strong>feria</strong></span> <span class='ocrx_word' id='word_1_698' title='bbox 1815 2021 1839 2039; x_wconf 85' lang='lat' dir='ltr'><strong>vr</strong></span> 
     </span>
    </p>
   </div>
   <div class='ocr_carea' id='block_1_101' title="bbox 1047 2054 1838 2092">
    <p class='ocr_par' dir='ltr' id='par_1_101' title="bbox 1047 2054 1838 2092">
     <span class='ocr_line' id='line_1_101' title="bbox 1047 2054 1838 2092; baseline -0.004 -6"><span class='ocrx_word' id='word_1_699' title='bbox 1047 2059 1224 2087; x_wconf 87' lang='lat' dir='ltr'><strong>celebratum.</strong></span> <span class='ocrx_word' id='word_1_700' title='bbox 1239 2058 1341 2087; x_wconf 80' lang='lat' dir='ltr'><strong>Verum</strong></span> <span class='ocrx_word' id='word_1_701' title='bbox 1356 2058 1478 2086; x_wconf 90' lang='lat' dir='ltr'><strong>nondum</strong></span> <span class='ocrx_word' id='word_1_702' title='bbox 1501 2054 1575 2085; x_wconf 85' lang='lat' dir='ltr'><strong>istud</strong></span> <span class='ocrx_word' id='word_1_703' title='bbox 1592 2057 1694 2084; x_wconf 88' lang='lat' dir='ltr'><strong>Christi</strong></span> <span class='ocrx_word' id='word_1_704' title='bbox 1712 2061 1838 2092; x_wconf 87' lang='lat' dir='ltr'><strong>tempore</strong></span> 
     </span>
    </p>
   </div>
   <div class='ocr_carea' id='block_1_102' title="bbox 1047 2102 1838 2140">
    <p class='ocr_par' dir='ltr' id='par_1_102' title="bbox 1047 2102 1838 2140">
     <span class='ocr_line' id='line_1_102' title="bbox 1047 2102 1838 2140; baseline -0.004 -7"><span class='ocrx_word' id='word_1_705' title='bbox 1047 2106 1224 2134; x_wconf 88' lang='lat' dir='ltr'><strong>constitutum</strong></span> <span class='ocrx_word' id='word_1_706' title='bbox 1241 2105 1336 2139; x_wconf 87' lang='lat' dir='ltr'><strong>fuisse,</strong></span> <span class='ocrx_word' id='word_1_707' title='bbox 1348 2106 1446 2133; x_wconf 89' lang='lat' dir='ltr'><strong>docent</strong></span> <span class='ocrx_word' id='word_1_708' title='bbox 1463 2105 1573 2140; x_wconf 90' lang='lat' dir='ltr'><strong>ipsimet</strong></span> <span class='ocrx_word' id='word_1_709' title='bbox 1587 2102 1706 2130; x_wconf 70' lang='lat' dir='ltr'><strong>Hebrmi.</strong></span> <span class='ocrx_word' id='word_1_710' title='bbox 1722 2103 1763 2130; x_wconf 84' lang='lat' dir='ltr'><strong>Ac</strong></span> <span class='ocrx_word' id='word_1_711' title='bbox 1775 2110 1838 2137; x_wconf 83' lang='lat' dir='ltr'><strong>pro-</strong></span> 
     </span>
    </p>
   </div>
   <div class='ocr_carea' id='block_1_103' title="bbox 1049 2149 1838 2187">
    <p class='ocr_par' dir='ltr' id='par_1_103' title="bbox 1049 2149 1838 2187">
     <span class='ocr_line' id='line_1_103' title="bbox 1049 2149 1838 2187; baseline -0.005 -8"><span class='ocrx_word' id='word_1_712' title='bbox 1049 2153 1119 2180; x_wconf 79' lang='lat' dir='ltr'><strong>fecto</strong></span> <span class='ocrx_word' id='word_1_713' title='bbox 1134 2153 1156 2180; x_wconf 90' lang='lat' dir='ltr'><strong>si</strong></span> <span class='ocrx_word' id='word_1_714' title='bbox 1174 2152 1393 2187; x_wconf 87' lang='lat' dir='ltr'><strong>rejiciemlarum,</strong></span> <span class='ocrx_word' id='word_1_715' title='bbox 1410 2151 1688 2184; x_wconf 85' lang='lat' dir='ltr'><strong>asciscendarumque</strong></span> <span class='ocrx_word' id='word_1_716' title='bbox 1706 2149 1838 2176; x_wconf 89' lang='lat' dir='ltr'><strong>feriarum</strong></span> 
     </span>
    </p>
   </div>
   <div class='ocr_carea' id='block_1_104' title="bbox 1048 2192 1839 2231">
    <p class='ocr_par' dir='ltr' id='par_1_104' title="bbox 1048 2192 1839 2231">
     <span class='ocr_line' id='line_1_104' title="bbox 1048 2192 1839 2231; baseline -0.004 -6"><span class='ocrx_word' id='word_1_717' title='bbox 1048 2198 1183 2226; x_wconf 82' lang='lat' dir='ltr'><strong>ordinaria</strong></span> <span class='ocrx_word' id='word_1_718' title='bbox 1200 2192 1294 2225; x_wconf 78' lang='lat' dir='ltr'><strong>fuisset</strong></span> <span class='ocrx_word' id='word_1_719' title='bbox 1308 2198 1353 2224; x_wconf 88' lang='lat' dir='ltr'><strong>illa</strong></span> <span class='ocrx_word' id='word_1_720' title='bbox 1368 2197 1448 2230; x_wconf 88' lang='lat' dir='ltr'><strong>ratio,</strong></span> <span class='ocrx_word' id='word_1_721' title='bbox 1467 2201 1549 2231; x_wconf 86' lang='lat' dir='ltr'><strong>atque</strong></span> <span class='ocrx_word' id='word_1_722' title='bbox 1564 2195 1598 2223; x_wconf 86' lang='lat' dir='ltr'><strong>ab</strong></span> <span class='ocrx_word' id='word_1_723' title='bbox 1615 2195 1752 2223; x_wconf 83' lang='lat' dir='ltr'><strong>universis</strong></span> <span class='ocrx_word' id='word_1_724' title='bbox 1765 2203 1839 2222; x_wconf 86' lang='lat' dir='ltr'><strong>rece-</strong></span> 
     </span>
    </p>
   </div>
   <div class='ocr_carea' id='block_1_105' title="bbox 1014 2242 1837 2279">
    <p class='ocr_par' dir='ltr' id='par_1_105' title="bbox 1014 2242 1837 2279">
     <span class='ocr_line' id='line_1_105' title="bbox 1014 2242 1837 2279; baseline -0.004 -7"><span class='ocrx_word' id='word_1_725' title='bbox 1014 2247 1034 2273; x_wconf 94' lang='lat' dir='ltr'><strong>D</strong></span> <span class='ocrx_word' id='word_1_726' title='bbox 1050 2249 1104 2279; x_wconf 89' lang='lat' dir='ltr'><strong>pta,</strong></span> <span class='ocrx_word' id='word_1_727' title='bbox 1119 2252 1206 2279; x_wconf 86' lang='lat' dir='ltr'><strong>neque</strong></span> <span class='ocrx_word' id='word_1_728' title='bbox 1217 2244 1344 2272; x_wconf 86' lang='lat' dir='ltr'><strong>Christus</strong></span> <span class='ocrx_word' id='word_1_729' title='bbox 1358 2244 1499 2274; x_wconf 81' lang='lat' dir='ltr'><strong>Dominus.</strong></span> <span class='ocrx_word' id='word_1_730' title='bbox 1512 2251 1564 2271; x_wconf 89' lang='lat' dir='ltr'><strong>nec</strong></span> <span class='ocrx_word' id='word_1_731' title='bbox 1572 2243 1618 2270; x_wconf 91' lang='lat' dir='ltr'><strong>ulli</strong></span> <span class='ocrx_word' id='word_1_732' title='bbox 1630 2243 1743 2270; x_wconf 85' lang='lat' dir='ltr'><strong>omnino</strong></span> <span class='ocrx_word' id='word_1_733' title='bbox 1751 2242 1837 2270; x_wconf 74' lang='lat' dir='ltr'><strong>Juda-i</strong></span> 
     </span>
    </p>
   </div>
   <div class='ocr_carea' id='block_1_106' title="bbox 1050 2289 1837 2324">
    <p class='ocr_par' dir='ltr' id='par_1_106' title="bbox 1050 2289 1837 2324">
     <span class='ocr_line' id='line_1_106' title="bbox 1050 2289 1837 2324; baseline -0.001 -7"><span class='ocrx_word' id='word_1_734' title='bbox 1050 2291 1220 2322; x_wconf 86' lang='lat' dir='ltr'><strong>neomcnias,</strong></span> <span class='ocrx_word' id='word_1_735' title='bbox 1249 2289 1388 2324; x_wconf 82' lang='lat' dir='ltr'><strong>festosque</strong></span> <span class='ocrx_word' id='word_1_736' title='bbox 1409 2290 1468 2317; x_wconf 92' lang='lat' dir='ltr'><strong>dies</strong></span> <span class='ocrx_word' id='word_1_737' title='bbox 1497 2290 1596 2321; x_wconf 83' lang='lat' dir='ltr'><strong>aliter,</strong></span> <span class='ocrx_word' id='word_1_738' title='bbox 1613 2297 1695 2324; x_wconf 88' lang='lat' dir='ltr'><strong>quam</strong></span> <span class='ocrx_word' id='word_1_739' title='bbox 1710 2297 1743 2316; x_wconf 65' lang='lat' dir='ltr'><strong>ex</strong></span> <span class='ocrx_word' id='word_1_740' title='bbox 1773 2290 1837 2324; x_wconf 74' lang='lat' dir='ltr'><strong>legis</strong></span> 
     </span>
    </p>
   </div>
   <div class='ocr_carea' id='block_1_107' title="bbox 1050 2335 1836 2371">
    <p class='ocr_par' dir='ltr' id='par_1_107' title="bbox 1050 2335 1836 2371">
     <span class='ocr_line' id='line_1_107' title="bbox 1050 2335 1836 2371; baseline -0.003 -8"><span class='ocrx_word' id='word_1_741' title='bbox 1050 2337 1128 2364; x_wconf 83' lang='lat' dir='ltr'><strong>istius</strong></span> <span class='ocrx_word' id='word_1_742' title='bbox 1145 2336 1302 2371; x_wconf 65' lang='lat' dir='ltr'><strong>praescripto</strong></span> <span class='ocrx_word' id='word_1_743' title='bbox 1322 2335 1516 2363; x_wconf 89' lang='lat' dir='ltr'><strong>celebrassent.</strong></span> <span class='ocrx_word' id='word_1_744' title='bbox 1531 2335 1590 2362; x_wconf 84' lang='lat' dir='ltr'><strong>Non</strong></span> <span class='ocrx_word' id='word_1_745' title='bbox 1609 2335 1682 2362; x_wconf 92' lang='lat' dir='ltr'><strong>enim</strong></span> <span class='ocrx_word' id='word_1_746' title='bbox 1705 2343 1836 2370; x_wconf 70' lang='lat' dir='ltr'><strong>pneceps,</strong></span> 
     </span>
    </p>
   </div>
   <div class='ocr_carea' id='block_1_108' title="bbox 1049 2381 1836 2416">
    <p class='ocr_par' dir='ltr' id='par_1_108' title="bbox 1049 2381 1836 2416">
     <span class='ocr_line' id='line_1_108' title="bbox 1049 2381 1836 2416; baseline -0.003 -7"><span class='ocrx_word' id='word_1_747' title='bbox 1049 2390 1099 2410; x_wconf 68' lang='lat' dir='ltr'><strong>nec</strong></span> <span class='ocrx_word' id='word_1_748' title='bbox 1110 2382 1224 2416; x_wconf 88' lang='lat' dir='ltr'><strong>abrupta</strong></span> <span class='ocrx_word' id='word_1_749' title='bbox 1242 2381 1293 2408; x_wconf 85' lang='lat' dir='ltr'><strong>fuit</strong></span> <span class='ocrx_word' id='word_1_750' title='bbox 1305 2382 1433 2409; x_wconf 87' lang='lat' dir='ltr'><strong>feriarum</strong></span> <span class='ocrx_word' id='word_1_751' title='bbox 1449 2381 1494 2408; x_wconf 87' lang='lat' dir='ltr'><strong>illa</strong></span> <span class='ocrx_word' id='word_1_752' title='bbox 1507 2381 1631 2412; x_wconf 84' lang='lat' dir='ltr'><strong>tnutatio.</strong></span> <span class='ocrx_word' id='word_1_753' title='bbox 1646 2381 1694 2408; x_wconf 91' lang='lat' dir='ltr'><strong>sed</strong></span> <span class='ocrx_word' id='word_1_754' title='bbox 1705 2381 1762 2415; x_wconf 85' lang='lat' dir='ltr'><strong>jam</strong></span> <span class='ocrx_word' id='word_1_755' title='bbox 1781 2386 1836 2407; x_wconf 88' lang='lat' dir='ltr'><strong>tum</strong></span> 
     </span>
    </p>
   </div>
   <div class='ocr_carea' id='block_1_109' title="bbox 1049 2425 1836 2462">
    <p class='ocr_par' dir='ltr' id='par_1_109' title="bbox 1049 2425 1836 2462">
     <span class='ocr_line' id='line_1_109' title="bbox 1049 2425 1836 2462; baseline -0.005 -8"><span class='ocrx_word' id='word_1_756' title='bbox 1049 2428 1075 2454; x_wconf 94' lang='lat' dir='ltr'><strong>in</strong></span> <span class='ocrx_word' id='word_1_757' title='bbox 1094 2428 1153 2462; x_wconf 88' lang='lat' dir='ltr'><strong>ipso</strong></span> <span class='ocrx_word' id='word_1_758' title='bbox 1168 2427 1231 2454; x_wconf 88' lang='lat' dir='ltr'><strong>anni</strong></span> <span class='ocrx_word' id='word_1_759' title='bbox 1256 2426 1343 2461; x_wconf 88' lang='lat' dir='ltr'><strong>capite</strong></span> <span class='ocrx_word' id='word_1_760' title='bbox 1357 2426 1492 2461; x_wconf 79' lang='lat' dir='ltr'><strong>provideri</strong></span> <span class='ocrx_word' id='word_1_761' title='bbox 1527 2433 1560 2453; x_wconf 89' lang='lat' dir='ltr'><strong>ac</strong></span> <span class='ocrx_word' id='word_1_762' title='bbox 1574 2425 1709 2459; x_wconf 80' lang='lat' dir='ltr'><strong>designari</strong></span> <span class='ocrx_word' id='word_1_763' title='bbox 1721 2431 1836 2452; x_wconf 87' lang='lat' dir='ltr'><strong>consuc-</strong></span> 
     </span>
    </p>
   </div>
   <div class='ocr_carea' id='block_1_110' title="bbox 1048 2470 1836 2506">
    <p class='ocr_par' dir='ltr' id='par_1_110' title="bbox 1048 2470 1836 2506">
     <span class='ocr_line' id='line_1_110' title="bbox 1048 2470 1836 2506; baseline -0.005 -6"><span class='ocrx_word' id='word_1_764' title='bbox 1048 2478 1132 2500; x_wconf 87' lang='lat' dir='ltr'><strong>verat.</strong></span> <span class='ocrx_word' id='word_1_765' title='bbox 1145 2473 1222 2500; x_wconf 88' lang='lat' dir='ltr'><strong>Velut</strong></span> <span class='ocrx_word' id='word_1_766' title='bbox 1237 2480 1308 2499; x_wconf 86' lang='lat' dir='ltr'><strong>anno</strong></span> <span class='ocrx_word' id='word_1_767' title='bbox 1324 2472 1460 2506; x_wconf 83' lang='lat' dir='ltr'><strong>passionis</strong></span> <span class='ocrx_word' id='word_1_768' title='bbox 1471 2471 1572 2498; x_wconf 85' lang='lat' dir='ltr'><strong>factum</strong></span> <span class='ocrx_word' id='word_1_769' title='bbox 1588 2478 1649 2498; x_wconf 85' lang='lat' dir='ltr'><strong>esse</strong></span> <span class='ocrx_word' id='word_1_770' title='bbox 1661 2478 1693 2496; x_wconf 83' lang='lat' dir='ltr'><strong>ex</strong></span> <span class='ocrx_word' id='word_1_771' title='bbox 1708 2470 1836 2504; x_wconf 78' lang='lat' dir='ltr'><strong>opinione</strong></span> 
     </span>
    </p>
   </div>
   <div class='ocr_carea' id='block_1_111' title="bbox 1051 2515 1834 2553">
    <p class='ocr_par' dir='ltr' id='par_1_111' title="bbox 1051 2515 1834 2553">
     <span class='ocr_line' id='line_1_111' title="bbox 1051 2515 1834 2553; baseline -0.006 -7"><span class='ocrx_word' id='word_1_772' title='bbox 1051 2519 1181 2553; x_wconf 77' lang='lat' dir='ltr'><strong>Scaligeri</strong></span> <span class='ocrx_word' id='word_1_773' title='bbox 1197 2526 1278 2553; x_wconf 89' lang='lat' dir='ltr'><strong>supra</strong></span> <span class='ocrx_word' id='word_1_774' title='bbox 1291 2518 1412 2545; x_wconf 78' lang='lat' dir='ltr'><strong>diximus</strong></span> <span class='ocrx_word' id='word_1_775' title='bbox 1433 2526 1439 2544; x_wconf 75' lang='grc' dir='ltr'>ε</span> <span class='ocrx_word' id='word_1_776' title='bbox 1464 2518 1490 2543; x_wconf 93' lang='lat' dir='ltr'><strong>in</strong></span> <span class='ocrx_word' id='word_1_777' title='bbox 1503 2525 1558 2552; x_wconf 88' lang='lat' dir='ltr'><strong>quo</strong></span> <span class='ocrx_word' id='word_1_778' title='bbox 1576 2525 1638 2544; x_wconf 91' lang='lat' dir='ltr'><strong>cum</strong></span> <span class='ocrx_word' id='word_1_779' title='bbox 1651 2515 1723 2543; x_wconf 88' lang='lat' dir='ltr'><strong>Tisri</strong></span> <span class='ocrx_word' id='word_1_780' title='bbox 1740 2524 1756 2542; x_wconf 85' lang='lat' dir='ltr'><strong>a</strong></span> <span class='ocrx_word' id='word_1_781' title='bbox 1771 2516 1834 2542; x_wconf 59' lang='lat' dir='ltr'><strong>terra</strong></span> 
     </span>
    </p>
   </div>
   <div class='ocr_carea' id='block_1_112' title="bbox 1049 2561 1834 2598">
    <p class='ocr_par' dir='ltr' id='par_1_112' title="bbox 1049 2561 1834 2598">
     <span class='ocr_line' id='line_1_112' title="bbox 1049 2561 1834 2598; baseline -0.008 -5"><span class='ocrx_word' id='word_1_782' title='bbox 1049 2574 1074 2593; x_wconf 87' lang='lat' dir='ltr'><strong>IV</strong></span> <span class='ocrx_word' id='word_1_783' title='bbox 1088 2566 1114 2592; x_wconf 92' lang='lat' dir='ltr'><strong>in</strong></span> <span class='ocrx_word' id='word_1_784' title='bbox 1129 2573 1144 2591; x_wconf 84' lang='grc' dir='ltr'>ν</span> <span class='ocrx_word' id='word_1_785' title='bbox 1163 2565 1329 2596; x_wconf 86' lang='lat' dir='ltr'><strong>transiisset,</strong></span> <span class='ocrx_word' id='word_1_786' title='bbox 1346 2571 1518 2598; x_wconf 89' lang='lat' dir='ltr'><strong>consequens</strong></span> <span class='ocrx_word' id='word_1_787' title='bbox 1532 2563 1592 2594; x_wconf 85' lang='lat' dir='ltr'><strong>fuit,</strong></span> <span class='ocrx_word' id='word_1_788' title='bbox 1607 2567 1672 2589; x_wconf 85' lang='lat' dir='ltr'><strong>utet</strong></span> <span class='ocrx_word' id='word_1_789' title='bbox 1684 2561 1768 2588; x_wconf 76' lang='lat' dir='ltr'><strong>Nisan</strong></span> <span class='ocrx_word' id='word_1_790' title='bbox 1784 2570 1799 2588; x_wconf 91' lang='lat' dir='ltr'><strong>a</strong></span> <span class='ocrx_word' id='word_1_791' title='bbox 1812 2570 1834 2588; x_wconf 90' lang='lat' dir='ltr'><strong>vI</strong></span> 
     </span>
    </p>
   </div>
   <div class='ocr_carea' id='block_1_113' title="bbox 1054 2609 1835 2643">
    <p class='ocr_par' dir='ltr' id='par_1_113' title="bbox 1054 2609 1835 2643">
     <span class='ocr_line' id='line_1_113' title="bbox 1054 2609 1835 2643; baseline -0.005 -5"><span class='ocrx_word' id='word_1_792' title='bbox 1054 2612 1262 2642; x_wconf 81' lang='lat' dir='ltr'><strong>sulnnoveretnr</strong></span> <span class='ocrx_word' id='word_1_793' title='bbox 1285 2611 1312 2637; x_wconf 93' lang='lat' dir='ltr'><strong>in</strong></span> <span class='ocrx_word' id='word_1_794' title='bbox 1328 2617 1375 2637; x_wconf 86' lang='lat' dir='ltr'><strong>vn.</strong></span> <span class='ocrx_word' id='word_1_795' title='bbox 1392 2609 1448 2636; x_wconf 83' lang='lat' dir='ltr'><strong>lloc</strong></span> <span class='ocrx_word' id='word_1_796' title='bbox 1462 2609 1542 2643; x_wconf 82' lang='lat' dir='ltr'><strong>igitur</strong></span> <span class='ocrx_word' id='word_1_797' title='bbox 1560 2609 1581 2636; x_wconf 89' lang='lat' dir='ltr'><strong>si</strong></span> <span class='ocrx_word' id='word_1_798' title='bbox 1596 2609 1706 2643; x_wconf 75' lang='lat' dir='ltr'><strong>\ulgare</strong></span> <span class='ocrx_word' id='word_1_799' title='bbox 1723 2617 1757 2635; x_wconf 86' lang='lat' dir='ltr'><strong>ac</strong></span> <span class='ocrx_word' id='word_1_800' title='bbox 1777 2616 1835 2643; x_wconf 90' lang='lat' dir='ltr'><strong>per-</strong></span> 
     </span>
    </p>
   </div>
   <div class='ocr_carea' id='block_1_114' title="bbox 1048 2655 1835 2692">
    <p class='ocr_par' dir='ltr' id='par_1_114' title="bbox 1048 2655 1835 2692">
     <span class='ocr_line' id='line_1_114' title="bbox 1048 2655 1835 2692; baseline -0.004 -7"><span class='ocrx_word' id='word_1_801' title='bbox 1048 2662 1159 2692; x_wconf 87' lang='lat' dir='ltr'><strong>petuum</strong></span> <span class='ocrx_word' id='word_1_802' title='bbox 1176 2663 1260 2688; x_wconf 83' lang='lat' dir='ltr'><strong>esset,</strong></span> <span class='ocrx_word' id='word_1_803' title='bbox 1274 2663 1355 2683; x_wconf 84' lang='lat' dir='ltr'><strong>nemo</strong></span> <span class='ocrx_word' id='word_1_804' title='bbox 1367 2664 1381 2682; x_wconf 63' lang='grc' dir='ltr'>ει</span> <span class='ocrx_word' id='word_1_805' title='bbox 1396 2656 1535 2683; x_wconf 89' lang='lat' dir='ltr'><strong>communi</strong></span> <span class='ocrx_word' id='word_1_806' title='bbox 1548 2655 1747 2682; x_wconf 77' lang='lat' dir='ltr'><strong>consuetudine</strong></span> <span class='ocrx_word' id='word_1_807' title='bbox 1764 2663 1835 2682; x_wconf 83' lang='lat' dir='ltr'><strong>rece-</strong></span> 
     </span>
    </p>
   </div>
   <div class='ocr_carea' id='block_1_115' title="bbox 1048 2702 1834 2737">
    <p class='ocr_par' dir='ltr' id='par_1_115' title="bbox 1048 2702 1834 2737">
     <span class='ocr_line' id='line_1_115' title="bbox 1048 2702 1834 2737; baseline -0.005 -6"><span class='ocrx_word' id='word_1_808' title='bbox 1048 2704 1132 2731; x_wconf 85' lang='lat' dir='ltr'><strong>deret.</strong></span> <span class='ocrx_word' id='word_1_809' title='bbox 1149 2702 1283 2736; x_wconf 77' lang='lat' dir='ltr'><strong>Quocirca</strong></span> <span class='ocrx_word' id='word_1_810' title='bbox 1299 2702 1543 2730; x_wconf 80' lang='lat' dir='ltr'><strong>extraordinariam</strong></span> <span class='ocrx_word' id='word_1_811' title='bbox 1560 2702 1719 2737; x_wconf 77' lang='lat' dir='ltr'><strong>quamdam,</strong></span> <span class='ocrx_word' id='word_1_812' title='bbox 1735 2706 1763 2728; x_wconf 73' lang='lat' dir='ltr'><strong>et</strong></span> <span class='ocrx_word' id='word_1_813' title='bbox 1781 2703 1834 2729; x_wconf 89' lang='lat' dir='ltr'><strong>sin-</strong></span> 
     </span>
    </p>
   </div>
   <div class='ocr_carea' id='block_1_116' title="bbox 1049 2747 1832 2784">
    <p class='ocr_par' dir='ltr' id='par_1_116' title="bbox 1049 2747 1832 2784">
     <span class='ocr_line' id='line_1_116' title="bbox 1049 2747 1832 2784; baseline -0.005 -8"><span class='ocrx_word' id='word_1_814' title='bbox 1049 2749 1169 2784; x_wconf 76' lang='lat' dir='ltr'><strong>gularem</strong></span> <span class='ocrx_word' id='word_1_815' title='bbox 1189 2748 1420 2783; x_wconf 86' lang='lat' dir='ltr'><strong>perturbationem</strong></span> <span class='ocrx_word' id='word_1_816' title='bbox 1443 2748 1582 2774; x_wconf 75' lang='lat' dir='ltr'><strong>exstitisse</strong></span> <span class='ocrx_word' id='word_1_817' title='bbox 1608 2747 1758 2774; x_wconf 85' lang='lat' dir='ltr'><strong>verisimile</strong></span> <span class='ocrx_word' id='word_1_818' title='bbox 1785 2752 1832 2778; x_wconf 72' lang='lat' dir='ltr'><strong>est,</strong></span> 
     </span>
    </p>
   </div>
   <div class='ocr_carea' id='block_1_117' title="bbox 1056 2793 1833 2831">
    <p class='ocr_par' dir='ltr' id='par_1_117' title="bbox 1056 2793 1833 2831">
     <span class='ocr_line' id='line_1_117' title="bbox 1056 2793 1833 2831; baseline -0.003 -9"><span class='ocrx_word' id='word_1_819' title='bbox 1056 2803 1108 2831; x_wconf 65' lang='lat' dir='ltr'><strong>tua:</strong></span> <span class='ocrx_word' id='word_1_820' title='bbox 1125 2803 1158 2823; x_wconf 89' lang='lat' dir='ltr'><strong>eo</strong></span> <span class='ocrx_word' id='word_1_821' title='bbox 1182 2795 1313 2822; x_wconf 85' lang='lat' dir='ltr'><strong>duntaxat</strong></span> <span class='ocrx_word' id='word_1_822' title='bbox 1337 2802 1430 2821; x_wconf 85' lang='lat' dir='ltr'><strong>mense</strong></span> <span class='ocrx_word' id='word_1_823' title='bbox 1455 2794 1611 2828; x_wconf 79' lang='lat' dir='ltr'><strong>contigerit,</strong></span> <span class='ocrx_word' id='word_1_824' title='bbox 1636 2801 1692 2828; x_wconf 91' lang='lat' dir='ltr'><strong>quo</strong></span> <span class='ocrx_word' id='word_1_825' title='bbox 1707 2793 1833 2820; x_wconf 84' lang='lat' dir='ltr'><strong>Chrisms</strong></span> 
     </span>
    </p>
   </div>
   <div class='ocr_carea' id='block_1_118' title="bbox 1048 2840 1831 2878">
    <p class='ocr_par' dir='ltr' id='par_1_118' title="bbox 1048 2840 1831 2878">
     <span class='ocr_line' id='line_1_118' title="bbox 1048 2840 1831 2878; baseline -0.005 -8"><span class='ocrx_word' id='word_1_826' title='bbox 1048 2851 1146 2878; x_wconf 83' lang='lat' dir='ltr'><strong>passus</strong></span> <span class='ocrx_word' id='word_1_827' title='bbox 1159 2846 1201 2869; x_wconf 86' lang='lat' dir='ltr'><strong>est</strong></span> <span class='ocrx_word' id='word_1_828' title='bbox 1217 2851 1223 2868; x_wconf 93' lang='lat'>:</span> <span class='ocrx_word' id='word_1_829' title='bbox 1238 2841 1305 2868; x_wconf 88' lang='lat' dir='ltr'><strong>adeo</strong></span> <span class='ocrx_word' id='word_1_830' title='bbox 1319 2847 1349 2868; x_wconf 92' lang='lat' dir='ltr'><strong>ut</strong></span> <span class='ocrx_word' id='word_1_831' title='bbox 1369 2849 1422 2868; x_wconf 90' lang='lat' dir='ltr'><strong>non</strong></span> <span class='ocrx_word' id='word_1_832' title='bbox 1438 2840 1496 2875; x_wconf 88' lang='lat' dir='ltr'><strong>ipse</strong></span> <span class='ocrx_word' id='word_1_833' title='bbox 1511 2840 1599 2868; x_wconf 89' lang='lat' dir='ltr'><strong>solum</strong></span> <span class='ocrx_word' id='word_1_834' title='bbox 1615 2847 1678 2867; x_wconf 90' lang='lat' dir='ltr'><strong>cum</strong></span> <span class='ocrx_word' id='word_1_835' title='bbox 1694 2840 1831 2874; x_wconf 84' lang='lat' dir='ltr'><strong>apostolis.</strong></span> 
     </span>
    </p>
   </div>
   <div class='ocr_carea' id='block_1_119' title="bbox 1047 2885 1832 2916">
    <p class='ocr_par' dir='ltr' id='par_1_119' title="bbox 1047 2885 1832 2916">
     <span class='ocr_line' id='line_1_119' title="bbox 1047 2885 1832 2916; baseline -0.004 0"><span class='ocrx_word' id='word_1_836' title='bbox 1047 2889 1093 2916; x_wconf 88' lang='lat' dir='ltr'><strong>sed</strong></span> <span class='ocrx_word' id='word_1_837' title='bbox 1107 2893 1133 2916; x_wconf 78' lang='lat' dir='ltr'><strong>et</strong></span> <span class='ocrx_word' id='word_1_838' title='bbox 1146 2887 1191 2915; x_wconf 89' lang='lat' dir='ltr'><strong>alii</strong></span> <span class='ocrx_word' id='word_1_839' title='bbox 1203 2887 1312 2915; x_wconf 87' lang='lat' dir='ltr'><strong>diverso</strong></span> <span class='ocrx_word' id='word_1_840' title='bbox 1326 2895 1341 2914; x_wconf 91' lang='lat' dir='ltr'><strong>a</strong></span> <span class='ocrx_word' id='word_1_841' title='bbox 1356 2886 1461 2915; x_wconf 62' lang='lat' dir='ltr'><strong>caeteris</strong></span> <span class='ocrx_word' id='word_1_842' title='bbox 1473 2887 1516 2914; x_wconf 85' lang='lat' dir='ltr'><strong>die</strong></span> <span class='ocrx_word' id='word_1_843' title='bbox 1529 2886 1705 2915; x_wconf 83' lang='lat' dir='ltr'><strong>celebrarint.</strong></span> <span class='ocrx_word' id='word_1_844' title='bbox 1723 2885 1792 2914; x_wconf 78' lang='lat' dir='ltr'><strong>Natu</strong></span> <span class='ocrx_word' id='word_1_845' title='bbox 1808 2890 1832 2913; x_wconf 76' lang='lat' dir='ltr'><strong>et</strong></span> 
     </span>
    </p>
   </div>
  </div>
