1925 3043
88 198 142 228 989

557 198 599 225 DE
618 197 713 226 ANNO
734 197 778 225 ET
799 197 854 225 DIE
874 197 1052 225 DOMINICAE
1074 197 1261 226 PASSIONIS.

1667 198 1721 226 990

87 259 156 287 illud
173 258 319 294 Epiphanii
334 259 415 286 verba
431 259 488 294 ipsa
504 259 655 293 declarant,
674 267 735 286 cum
754 259 877 294 οόρυϐον,
895 263 916 290 Α
929 259 1104 294 evangelistis
1130 263 1225 286 contra
1255 257 1325 284 hanc
1350 255 1506 290 opinionem
1534 254 1718 288 adducuntur,

86 311 120 331 ac
134 304 334 331 dissensionem
363 304 391 331 in
419 305 543 332 obeunda
573 304 730 332 celebritate
750 304 878 332 incidisse

85 349 253 384 signiﬁcant.

122 395 202 423 Hunc
220 396 247 422 in
271 395 383 423 modum
406 396 541 430 explicata
563 404 577 423 a
594 397 674 425 nobis
705 406 738 426 ac
767 397 876 426 defensa

85 441 243 468 communis
259 441 303 468 illa
325 441 459 468 sententia
477 442 562 469 multo
580 450 661 477 quam
678 443 761 470 altera
779 444 878 478 proha-

84 487 170 514 bilior
195 487 262 514 ntihi
278 487 396 520 videtur,
411 495 474 514 cum
499 492 551 515 tam
568 488 668 516 diserta
694 496 877 523 expressaque

83 532 200 560 Joannis
223 533 378 560 testitnonia
398 533 470 564 sint,
497 533 569 560 nulla
595 541 624 561 ut
640 534 776 561 cavillatio
790 534 877 569 possit

83 577 206 605 cludere.
222 577 299 611 Quod
323 578 394 605 enim
410 578 480 605 diem
494 578 590 613 festum
618 578 727 606 Pascltw
742 587 790 613 pro
803 579 875 606 civili

84 623 146 658 ipso
162 623 206 650 die
217 644 224 656 ,
242 631 274 650 ac
290 623 336 650 τοῦ
354 623 526 659 νυχοημέρου
549 623 692 658 posteriori
712 627 788 659 parte
803 622 873 650 sumi

83 668 195 703 quidam
214 669 382 700 existimant,
400 677 487 704 quam
503 670 626 703 sequenti
641 673 702 696 ortu
722 668 788 696 solis
807 667 874 695 inci-

84 720 159 749 peret
173 723 180 741 :
197 713 223 741 id
239 715 284 741 alii
298 714 395 742 merito
411 715 564 749 repudi-ant.
589 713 683 748 Neque
705 714 778 741 enim
794 721 873 741 com-

83 760 181 787 modus
197 760 242 787 hic
268 768 366 788 sensus
387 761 493 787 videtur
508 768 514 786 :
528 760 597 787 Ante
619 760 715 794 fastum
733 759 872 786 Pan/tutis

82 806 205 834 Christus
221 805 328 833 Pascha
343 805 483 833 celebravit
496 814 505 833 :
521 807 592 841 quod
604 814 637 833 ex
648 807 698 833 ista
716 806 871 841 responsio-

81 859 116 879 ne
132 851 267 887 sequitur.
291 851 400 879 Falsum
421 857 447 879 et
462 852 527 878 illud
543 858 595 884 est,
612 852 685 886 quod
703 852 736 878 de
752 851 872 878 secundo

81 897 197 926 Joannis
214 898 372 925 testimonio
387 898 488 925 dicitur
504 907 510 924 :
527 897 692 925 Mamlucare
708 897 823 931 Pascha,
838 898 871 924 de

933 305 1007 332 nul‘o
1023 304 1132 338 negotio
1148 303 1341 331 conciliantur.
1358 301 1477 327 Primam
1494 300 1566 328 enim
1584 300 1620 328 illi
1647 301 1718 328 diem

932 351 1097 386 Azymorunt
1117 354 1215 377 vocant
1235 356 1294 375 eam
1312 347 1424 378 scilicet,
1439 347 1518 380 cujus
1537 347 1562 372 in
1578 354 1719 380 vesperam

931 396 1043 423 Pascha:
1060 395 1206 423 celebritas
1219 415 1226 426 ,
1241 399 1268 421 et
1284 393 1449 428 Azymorum
1465 392 1571 418 initittm
1595 392 1719 419 incurre-

930 446 981 473 ret,
997 442 1091 474 utique
1106 449 1138 468 ex
1154 441 1220 474 lege,
1242 439 1431 472 maiorumque
1450 436 1627 471 praescripto:
1645 436 1718 469 quod

930 488 1150 514 animadvertetis
1173 485 1260 511 Lucas
1283 483 1429 518 prudenter
1452 480 1565 516 adjecit,
1581 477 1641 516 ὲνῇ
1664 480 1719 506 ἔδει

930 533 1051 564 ούεσθαι,
1067 532 1146 567 quasi
1165 531 1277 558 Scrihas
1293 537 1326 558 ac
1345 529 1498 556 Pharismos
1513 528 1623 562 oblique
1643 532 1719 554 nota-

929 583 980 612 rei,
999 579 1045 613 qui
1062 579 1090 604 ὲν
1141 577 1192 604 οὐκ
1202 576 1255 603 ἔδει
1269 575 1500 603 sacriﬁcaverant.
1512 573 1716 608 Adjuvateom-

929 631 1040 651 munem
1058 623 1129 650 hanc
1154 621 1407 656 interpretationem
1434 619 1592 653 conjectura
1609 618 1654 644 illa
1670 625 1718 645 no-

927 673 996 699 stra.
1025 676 1108 703 qttatn
1140 672 1220 694 antea
1250 666 1463 701 proposuimus:
1488 663 1622 698 ejusmodi
1652 668 1717 690 tunc

927 714 1012 742 fuisse
1027 714 1211 742 eelebritatem
1231 712 1387 743 Paschatis,
1408 715 1438 738 ut
1465 718 1528 737 cum
1553 713 1716 744 praepostere

926 766 959 786 ac
976 758 1132 793 perturbate
1153 765 1168 784 a
1185 756 1304 784 concilio
1319 755 1510 783 denuntiatum
1525 758 1608 786 esset,
1634 757 1716 788 atque

926 803 1007 831 etiam
1024 803 1062 830 illi
1077 803 1196 830 fortasse
1206 802 1387 838 praestitutam
1404 800 1588 831 nentneniam,
1601 799 1715 826 Pascha-

926 849 1015 883 tisque
1032 849 1104 876 diem
1124 847 1320 878 relcxuissent,
1337 846 1459 881 plerique
1476 852 1538 872 cum
1561 844 1673 872 Christo
1688 848 1716 870 ct

925 894 1057 928 apostolis
1078 893 1148 920 diem
1165 893 1242 919 illum
1253 891 1453 919 observandum
1480 889 1645 924 putaverint,
1659 896 1714 924 quo

80 951 246 980 quocunque
267 944 440 972 victimarum
456 945 584 978 usurpari
610 952 709 979 genere
721 965 728 977 ,
749 951 808 979 quae
824 951 871 978 per
887 942 907 969 Β
923 940 1009 975 prius,
1025 939 1173 973 etquidem
1187 938 1308 972 legitimo
1324 942 1446 970 tempore
1462 935 1551 962 fuerat
1568 934 1712 966 indictum,

81 994 210 1024 septenos
223 989 282 1018 dies
294 989 481 1017 immolantur.
501 989 581 1022 Quod
600 997 632 1016 ex
650 988 797 1017 Denterou.
814 997 869 1021 xw,

80 1035 108 1067 2.
124 1039 152 1063 et
170 1034 190 1061 ll
207 1034 338 1070 Paralip.,
360 1041 420 1069 cap.
445 1042 498 1061 xxx
542 1042 574 1062 ac
605 1034 871 1068 xxxv,comprobare

80 1081 189 1108 nititur.
199 1079 296 1108 Nullus
308 1084 350 1108 est
360 1080 432 1107 enim
444 1079 592 1114 Scriptura:
603 1080 690 1112 locus,
699 1079 742 1106 ubi
756 1078 873 1106 Pascha-

81 1126 125 1158 tis,
140 1126 199 1154 sive
223 1125 312 1154 Phase
334 1125 466 1153 vocabulo
493 1126 652 1153 holocausta
679 1133 710 1152 ac
736 1124 869 1152 sacriﬁcia

79 1177 177 1200 caetera
209 1172 413 1208 significentur,
442 1175 471 1199 ut
487 1172 522 1198 sit
553 1171 622 1198 idem
644 1171 808 1202 sacriﬁcare,
830 1170 870 1196 vel

80 1218 248 1246 manducare
265 1217 363 1251 Phase,
382 1218 456 1253 quod
486 1225 533 1245 cas
549 1217 691 1244 imtnolare
711 1224 742 1243 ac
757 1215 871 1242 mandu-

79 1273 142 1292 care
157 1265 295 1297 victimas,
308 1272 368 1299 quae
383 1272 430 1299 per
444 1270 573 1298 septenos
589 1271 747 1299 azytnorutn
763 1262 821 1289 dies
843 1262 869 1288 in

79 1311 181 1345 templo
198 1310 397 1337 ntactabanlur.
422 1310 460 1337 Ac
486 1309 689 1336 Deuteronomii
705 1308 814 1343 quidem
831 1307 870 1334 lo-

79 1363 129 1382 cus
142 1355 178 1381 ita
192 1354 386 1389 cencipicndus
406 1359 448 1382 est
463 1363 469 1380 :
491 1353 697 1389 Immolabisque
716 1353 800 1380 Phase
816 1352 870 1379 Do-

79 1402 151 1428 mino
178 1401 230 1427 Deo
247 1405 310 1428 tuo:
327 1408 396 1433 oves,
422 1404 446 1427 et
470 1401 554 1427 boves.
569 1399 652 1431 LXX,
664 1399 715 1426 Kal.
734 1398 826 1430 θύσεις
839 1398 869 1425 τὸ

78 1447 176 1482 Πάσχα
187 1447 281 1482 Κυρίῳ
296 1446 336 1482 τῷ
352 1445 410 1482 Θεῷ
425 1455 482 1478 σου,
496 1446 617 1481 πρόϐατα
633 1445 679 1472 καὶ
694 1445 767 1480 βόας.
789 1444 870 1473 Jubet

79 1493 212 1520 nimirum
227 1497 323 1526 praeter
338 1492 443 1520 Pascha
461 1493 543 1520 etiam
560 1492 629 1519 alias
642 1491 778 1519 immolari
790 1491 869 1518 victi—

80 1546 140 1565 mas
153 1547 160 1572 ;
174 1546 228 1566 non
241 1543 331 1566 autetn
343 1547 390 1566 eas
405 1538 531 1565 victimas
545 1538 663 1573 appellat
683 1537 780 1564 Phase.
808 1536 867 1564 Jam

79 1585 157 1617 illud,
173 1585 244 1619 quod
261 1584 280 1611 ll
297 1584 399 1617 Paral.,
410 1593 434 1612 c.
459 1584 680 1619 xxxv,scriptum
709 1583 845 1610 afﬁrmant
859 1592 866 1615 ;

78 1631 148 1664 quod
161 1638 198 1657 vn
211 1630 303 1657 diebus
318 1630 443 1665 agebatur
457 1629 553 1660 Pltase,
571 1634 594 1655 et
607 1628 869 1655 contedebaturP/ta-

79 1684 116 1707 se,
128 1676 200 1703 unde
215 1676 370 1710 acceperint
388 1675 492 1702 nescio.
510 1674 648 1709 Nusquam
664 1675 737 1701 enim
761 1675 786 1701 id
802 1675 868 1708 legi-

79 1727 134 1748 tur.
150 1721 221 1754 Quin
241 1722 331 1756 potius
344 1721 449 1748 Pascha
465 1720 571 1747 caeteris
590 1721 625 1747 ab
646 1720 789 1747 sacriﬁciis
811 1727 868 1747 ma-

78 1768 178 1795 nifeste
194 1767 358 1794 discernitur
369 1788 376 1800 ,
397 1775 458 1802 cap.
475 1775 540 1798 xxx,
554 1774 626 1794 com.
645 1766 685 1796 l5,
701 1770 727 1792 et
743 1773 767 1793 c.
785 1773 866 1799 xxxv,

78 1822 149 1842 com.
170 1814 203 1841 16
214 1818 241 1841 et
258 1813 300 1841 Π.

115 1860 256 1888 Postremo
279 1859 458 1886 Parascevem
485 1858 597 1886 Pascha:
612 1858 735 1886 inaudita
750 1859 867 1893 quadam

79 1906 208 1942 loquendi
228 1906 335 1933 ratione
362 1905 462 1932 dictant
489 1905 584 1932 volunt
605 1904 784 1932 Parascevem
800 1903 867 1931 Sah-

79 1954 146 1985 bati,
164 1960 226 1987 quae
239 1953 334 1979 cadent
346 1957 373 1978 et
383 1951 496 1983 Pascha,
514 1951 572 1979 sive
586 1951 673 1986 ptima
688 1951 747 1978 dies
757 1959 867 1986 azymo-

79 2007 139 2026 rum
154 2003 238 2038 esset.
249 1997 343 2033 Neque
354 1997 426 2024 enim
435 1996 578 2024 Paschatis
593 1997 674 2024 ullam
690 1996 866 2024 Parascevem

79 2045 164 2072 fuisse
185 2050 310 2075 censent;
331 2043 460 2078 quoniam
477 2043 551 2069 nulla
576 2042 662 2077 pridie
676 2042 749 2069 illius
760 2042 812 2069 diei
829 2043 868 2069 ci-

77 2091 153 2118 baria
170 2090 347 2124 parabantur,
360 2096 422 2115 cutn
440 2088 465 2115 id
488 2088 548 2123 ipso
579 2087 647 2115 festo
661 2087 755 2115 liceret
777 2095 865 2122 agerc.

78 2135 179 2163 Verum
196 2135 258 2169 quis
272 2139 324 2168 est,
336 2134 383 2169 qui
399 2133 569 2161 tolerabilem
586 2134 656 2160 hanc
669 2133 796 2168 loquendi
815 2133 868 2160 for-

77 2190 148 2209 n:am
167 2186 242 2215 putet
268 2188 339 2214 esse,
358 2184 387 2207 ut
403 2179 556 2207 Parasceve
573 2179 716 2210 Paschalis
733 2180 769 2206 sit
785 2178 867 2206 Para-

76 2235 156 2256 sctzve
173 2226 296 2257 Sabbati,
311 2226 338 2253 in
364 2233 446 2261 quam
461 2225 588 2253 inciderit
607 2225 734 2253 Pascha?
746 2224 864 2252 Nimium

924 993 1013 1021 neque
1038 993 1137 1012 vanam
1165 984 1238 1011 illam
1270 983 1464 1018 magistrorum
1491 980 1713 1008 retractationem

922 1032 1089 1060 curaverint.
1112 1030 1149 1058 Ex
1171 1038 1227 1066 quo
1243 1029 1345 1057 factum
1363 1028 1397 1056 sit
1413 1049 1420 1060 ,
1438 1032 1467 1054 ιιι
1484 1026 1602 1062 apostoli
1620 1030 1714 1061 parata

925 1078 997 1113 apud
1011 1077 1087 1104 illum
1101 1077 1236 1111 hospitem
1253 1074 1346 1102 omnia
1365 1073 1528 1108 repererint.

956 1122 1077 1150 (101.933
1087 1122 1117 1149 D.
1129 1118 1415 1155 Συλλαμεάνεταιδὲ
1426 1118 1462 1152 τῇ
1475 1118 1568 1152 τρίτῃ.
1581 1116 1640 1144 Jam
1653 1117 1711 1144 haec

922 1168 1012 1195 facilia
1038 1172 1111 1198 sunt.
1142 1166 1278 1193 intellecta
1293 1164 1375 1192 semel
1399 1162 1542 1198 Epiphanii
1566 1163 1710 1189 sententia.

921 1214 1082 1248 Quanquam
1095 1211 1269 1239 librariorum
1281 1210 1360 1245 culpa
1370 1209 1494 1244 quatdam
1506 1214 1570 1248 sunt
1580 1213 1710 1241 concepta

922 1267 1079 1295 perperatn;
1093 1266 1154 1294 quae
1164 1257 1363 1292 Diagrammate
1370 1254 1529 1289 corrigenda
1538 1246 1612 1281 sunt.
1624 1252 1709 1280 Caete-

922 1314 982 1333 rum
995 1305 1130 1341 ἡμερινήν
1156 1311 1215 1330 eam
1238 1302 1331 1329 lunam
1348 1304 1437 1332 vocat,
1464 1308 1525 1334 quae
1543 1299 1658 1326 civiliter
1674 1302 1710 1328 ab

922 1356 982 1379 ortu
996 1351 1062 1378 solis
1079 1349 1112 1376 ad
1134 1355 1260 1376 occasum
1283 1347 1454 1381 perducitur;
1470 1345 1630 1380 νυκτερινήν
1644 1352 1709 1371 vero

925 1404 986 1432 qua:
1010 1400 1117 1422 noctem
1135 1397 1258 1426 occupat.
1276 1391 1334 1425 Qua
1350 1399 1383 1418 ex
1405 1390 1597 1417 observatione
1613 1396 1709 1416 corru-

921 1447 972 1476 pta:
986 1440 1111 1468 lectionis
1127 1439 1222 1466 vitium
1244 1445 1292 1473 per
1306 1444 1366 1464 sese
1386 1435 1519 1471 proditttr.
1546 1434 1642 1462 Scribe
1658 1434 1710 1469 igi-

921 1492 965 1515 tur
977 1508 984 1520 ,
1003 1491 1115 1514 auctore
1136 1484 1271 1519 Keplero:
1298 1482 1414 1517 Πέμπτη
1438 1481 1646 1517 τρισκαιδεκάτῃ
1661 1489 1710 1508 vu-

920 1532 1043 1568 κτερινὴ,
1055 1529 1173 1566 ήμερινὴ
1186 1530 1213 1556 δὲ
1236 1528 1386 1562 δωδεκάτη.
1402 1527 1479 1560 Quod
1502 1527 1597 1561 utique
1615 1534 1710 1553 neces-

919 1579 1022 1605 sarium
1038 1583 1090 1609 est,
1106 1577 1128 1603 si
1146 1576 1244 1611 τετράς
1270 1575 1362 1607 fuerit,
1379 1573 1517 1608 δωδεκάτη
1546 1573 1707 1608 νυκτερινή,

881 1612 903 1641 C
920 1631 981 1650 nam
999 1624 1040 1650 ha:
1054 1623 1104 1649 sibi
1127 1622 1242 1648 invicem
1266 1620 1426 1650 succedunt,
1452 1623 1550 1652 utqna:
1564 1618 1707 1653 νυκτερινὴ

919 1669 1012 1700 fuerit,
1031 1668 1076 1695 ﬁat
1095 1667 1220 1703 ήμερινή.
1235 1665 1332 1692 Notum
1346 1665 1418 1691 enim
1435 1669 1477 1691 est
1499 1663 1610 1690 Judaeos
1628 1671 1642 1690 a
1660 1672 1710 1690 no-

919 1720 961 1742 cte
977 1715 1048 1741 diem
1058 1713 1204 1748 auspicari.
1216 1712 1333 1739 Deinde:
1352 1710 1545 1746 Προσάδὸατον
1559 1719 1709 1746 τεσσαρεσ-

920 1759 1069 1794 καιδεκάτη
1080 1757 1223 1793 νυκτερινὴ
1243 1757 1297 1793 πρὸ
1311 1756 1459 1791 δεκατριῶν
1474 1756 1543 1782 Καλ.
1569 1755 1637 1782 Nam
1661 1764 1708 1783 su-

918 1806 1009 1841 perior
1032 1805 1090 1839 dies
1112 1804 1166 1840 πρὸ
1189 1804 1396 1838 δεκατεσσάρων
1421 1802 1478 1837 jam
1509 1802 1613 1829 habuit.
1640 1801 1706 1829 Item

918 1851 1055 1879 Σάϐὃατον
1069 1849 1297 1884 πεντεκαιδεκάτη
1306 1849 1461 1884 νυκτερινή.
1472 1847 1539 1875 Nam
1551 1848 1584 1875 de
1598 1847 1706 1875 Nicaana

919 1898 982 1924 luna
996 1896 1123 1931 loquitur,
1137 1904 1190 1922 non
1208 1895 1241 1922 de
1251 1894 1375 1921 .lndaica.
1394 1893 1460 1927 Qua:
1476 1894 1567 1921 omnia
1579 1901 1611 1920 ex
1630 1900 1707 1928 supc-

918 1943 983 1972 riorl
999 1943 1130 1971 laterculo
1146 1942 1290 1978 repetenda
1308 1945 1384 1968 sunt.

953 2000 1021 2028 Ibid.
1028 1999 1259 2034 Ὲπιφώσκουσα
1267 1998 1409 2033 Κῳιακή.
1419 1998 1470 2032 Qui
1480 1998 1551 2025 hunc
1563 1997 1706 2033 Epiphanii

917 2047 1008 2075 locum
1024 2046 1170 2082 percurrit,
1186 2046 1329 2081 diligenter
1344 2046 1368 2072 id
1381 2045 1597 2072 animadvertere
1610 2044 1705 2076 debet;

917 2091 989 2126 quod
1003 2090 1138 2126 superiori
1156 2089 1350 2117 dissertatione
1374 2090 1485 2124 copiose
1500 2088 1630 2116 traditum
1645 2093 1705 2120 est;

917 2137 986 2165 falsa
1001 2137 1057 2164 haec
1069 2144 1141 2168 esse,
1154 2144 1214 2171 qua:
1229 2136 1263 2162 de
1277 2136 1341 2162 luna
1365 2136 1494 2162 dicuntur
1517 2134 1621 2166 omnia,
1633 2137 1661 2160 et
1673 2141 1704 2160 ex

917 2182 1062 2217 Epiphanii
1078 2181 1290 2208 hallucinatione
1299 2180 1419 2215 profecta
1432 2189 1439 2214 ;
1452 2180 1499 2215 qui
1509 2179 1704 2214 aequinoctium

919 2236 934 2255 a
949 2236 999 2255 xxv
1028 2226 1118 2254 Martii
1135 2227 1167 2254 ad
1184 2234 1240 2253 xxu
1255 2235 1263 2258 ι
1277 2225 1455 2260 plenilunium
1472 2233 1535 2253 vero
1560 2225 1594 2252 ab
1609 2225 1703 2252 cadem

76 2275 127 2301 huc
142 2272 291 2300 absurdum
307 2276 358 2299 est.
373 2271 426 2299 Sed
443 2275 469 2298 ct
484 2271 549 2298 illud
568 2271 757 2303 falsissimum,
771 2271 865 2306 prima:
881 2280 903 2307 ο
919 2281 970 2300 xxv
983 2273 1027 2300 dic
1038 2281 1070 2300 ex
1087 2272 1194 2300 Nico-na
1216 2271 1344 2303 formula,
1362 2271 1402 2298 vel
1416 2271 1507 2306 potius
1520 2278 1535 2298 a
1555 2278 1617 2298 xvvt
1643 2278 1704 2305 per-

74 2319 127 2347 dici
144 2319 321 2354 Azymorum,
339 2322 557 2351 carterorumqne
579 2317 711 2344 festorum
735 2316 865 2345 Parascc—

74 2373 134 2391 vi-m
152 2365 254 2391 nullam
268 2363 363 2394 fuisse,
381 2363 454 2398 quod
466 2371 498 2390 ex
512 2362 687 2390 Hebraeorum
709 2363 818 2398 scriptis
830 2364 864 2391 ab

74 2411 135 2439 aliis
153 2410 301 2437 refutatum
316 2413 368 2441 cst.
385 2413 414 2436 ut
430 2411 456 2435 in
468 2417 501 2436 eo
513 2409 676 2436 commorari
689 2409 756 2436 nihil
769 2411 804 2436 sit
818 2418 865 2437 ne-

73 2465 162 2484 cesse.
182 2455 229 2482 Est
241 2454 307 2481 illud
323 2454 434 2489 quidem
448 2458 520 2481 recte
536 2454 562 2480 in
580 2454 726 2481 Annalibus
739 2455 865 2482 observa-

74 2510 144 2535 tutn,
160 2502 235 2529 nulla
246 2501 396 2528 Parasceve
409 2500 442 2527 ad
458 2501 535 2528 cibos
549 2502 575 2527 ir.
587 2501 684 2528 festum
696 2502 766 2528 dicttt
783 2510 864 2536 appa—

74 2550 175 2577 randns
189 2556 258 2583 opus
275 2548 370 2580 fuisse,
387 2547 460 2582 quod
474 2547 500 2573 in
515 2547 582 2574 solis
604 2547 730 2575 Sabbatis
746 2555 864 2582 coquere

73 2595 151 2622 cibos
180 2594 352 2621 interdictum
374 2597 458 2625 esset,
475 2592 568 2619 liceret
584 2593 610 2619 in
627 2593 750 2625 caeteris,
767 2594 793 2620 in
808 2601 863 2628 quo

74 2640 221 2673 plerosque
234 2639 308 2666 viros
332 2638 454 2666 eruditos
473 2638 654 2665 hallucinatos
677 2647 738 2666 esse
756 2639 863 2666 monui-

73 2693 145 2712 mus.
161 2684 213 2712 Se-l
228 2689 326 2719 przetcr
346 2684 447 2711 cibaria
464 2689 571 2712 constat
588 2685 640 2711 alia
656 2685 779 2719 qnmdam
794 2692 863 2720 piae-

73 2730 163 2765 parari
189 2729 364 2765 oportuisse,
390 2738 452 2765 que
469 2734 516 2757 aut
539 2731 641 2765 absque
667 2730 757 2758 senili
780 2738 862 2765 opere

73 2774 198 2810 prtestari
214 2782 267 2801 non
282 2780 461 2810 possent,aut
476 2775 509 2802 ad
528 2775 615 2810 ipsius
636 2775 695 2803 festi
720 2777 862 2804 celebrita—

72 2827 126 2849 tem
143 2821 289 2848 ineundum
311 2822 443 2848 anteveni
464 2821 602 2849 deberent
635 2822 768 2855 Quocirca
795 2823 861 2850 nihil

71 2871 125 2898 eat.
144 2867 218 2902 quod
232 2867 364 2895 adversus
378 2872 432 2895 tant
449 2868 600 2896 evidentem
619 2868 732 2896 Joannis
745 2870 861 2897 auctori-

72 2919 153 2941 tatem
176 2914 260 2949 possit
287 2914 384 2949 excipi.
406 2914 440 2941 At
469 2923 533 2942 vero
555 2923 616 2950 qua:
629 2924 660 2943 cx
684 2916 745 2943 aliis
771 2917 858 2944 tribus

916 2320 978 2347 inde
994 2320 1026 2346 ad
1040 2326 1096 2346 xxn
1111 2318 1289 2346 transtulerit.
1308 2317 1368 2351 Quo
1380 2318 1479 2353 posito,
1496 2317 1633 2353 cyclorum
1645 2325 1704 2345 om-

916 2365 991 2392 nium
1006 2373 1038 2392 ac
1052 2364 1182 2392 feriarum
1195 2364 1329 2392 rationem
1348 2363 1510 2398 permiscuit
1525 2371 1531 2388 :
1553 2371 1614 2398 quae
1634 2371 1704 2398 quo-

915 2419 977 2438 nam
997 2416 1078 2446 pacto
1093 2410 1193 2445 corrigi
1207 2413 1333 2443 possent,
1351 2414 1378 2436 ct
1402 2409 1428 2436 in
1454 2409 1524 2436 viam
1552 2409 1587 2436 ab
1610 2417 1704 2437 errore

913 2457 1022 2489 deduci,
1035 2464 1118 2491 supra
1134 2456 1344 2483 declaravimns.
1363 2455 1447 2489 lgitur
1471 2463 1503 2483 ex
1520 2460 1559 2483 tot
1577 2463 1703 2483 errorum

914 2502 1082 2538 argumentis
1095 2507 1156 2529 nata
1174 2506 1217 2529 est
1229 2501 1326 2528 vitiosa
1350 2501 1395 2528 illa
1422 2500 1489 2528 feria
1509 2509 1581 2528 anno
1593 2500 1703 2528 Juliano

915 2549 959 2582 76,
976 2549 1028 2575 hoc
1039 2552 1078 2574 est
1093 2546 1233 2574 Dominica
1250 2546 1339 2574 Martii
1352 2555 1420 2578 xxtt,
1434 2554 1496 2574 cum
1513 2555 1607 2574 revera
1630 2553 1703 2574 esset

914 2595 981 2622 feria
999 2602 1025 2622 ν.
1039 2592 1249 2628 Ἐπιφώσκουσα
1263 2601 1328 2627 ergo
1351 2593 1478 2629 Κυριακή
1501 2593 1592 2620 lunam
1608 2592 1702 2619 habuit

915 2648 946 2667 xv
971 2640 1109 2667 diurnam.
1136 2638 1187 2667 llic
1214 2639 1408 2674 ὲπιφώσκουσα
1438 2638 1545 2674 proprie
1571 2638 1698 2664 sumitur.

914 2686 1018 2722 Quippe
1036 2693 1092 2712 xxn
1106 2686 1150 2713 die
1158 2686 1192 2713 ab
1201 2691 1262 2712 ortu
1275 2686 1342 2713 solis
1356 2686 1439 2720 cmpit
1453 2693 1485 2712 xv
1501 2685 1615 2711 diurna:
1629 2683 1699 2709 unde

914 2733 1029 2769 ἡμερινή
1055 2740 1103 2767 pro
1132 2734 1275 2767 νυκτερινὴ
1303 2732 1505 2759 substituimus.
1531 2728 1658 2762 Alioquin
1681 2728 1698 2764 ἡ

913 2779 1040 2814 Κυριακὴ
1054 2786 1087 2805 xv
1100 2779 1240 2814 νυκτερινὴ
1258 2777 1310 2804 dici
1324 2781 1421 2812 potest,
1434 2775 1456 2803 si
1472 2775 1531 2809 ejus
1541 2774 1646 2802 initiutn
1664 2775 1698 2800 ah

913 2824 1089 2851 antecedente
1116 2829 1195 2850 nocte
1219 2827 1369 2857 reputatur.
1400 2820 1493 2854 Neque
1517 2827 1569 2846 vox
1591 2820 1693 2854 ἐπιφώι

913 2877 1017 2895 σκουσα
1033 2868 1181 2903 quidquam
1200 2868 1310 2899 obstat;
1329 2874 1389 2902 qua:
1409 2873 1528 2901 persmpc
1559 2864 1593 2892 de
1606 2864 1698 2893 illuce-

913 2919 1005 2944 scente
1021 2914 1075 2947 die,
1091 2922 1286 2949 nonnunquam
1305 2917 1331 2940 ct
1343 2913 1375 2940 de
1396 2912 1449 2939 diei
1468 2910 1583 2940 Judatco
1598 2912 1696 2947 princi-
