1925 3043
59 185 110 213 995

523 187 567 215 DE
586 185 679 214 ANNO
701 186 745 214 ET
765 186 820 214 DIE
840 187 1016 217 DOMINICJ’.
1035 190 1224 221 PASSIONIS.

1640 193 1694 224 994

59 248 201 278 usurpant.
223 251 266 271 eos
283 252 335 271 non
359 244 527 272 mediocriter
547 245 672 273 aberrare
696 246 851 274 statuimus.
869 247 891 275 A
905 250 976 281 poris
989 254 1119 276 metuente
1135 250 1183 277 illa
1200 254 1297 285 quarta
1312 258 1376 285 pars
1394 250 1458 281 diei.
1476 258 1536 285 qua.-
1555 251 1694 278 annuatim

56 289 127 317 Cum
142 290 227 325 igitur
241 291 435 325 aequinoctium
458 291 548 319 Martii
571 300 628 319 xm
647 292 765 325 ﬁxisset,
786 300 852 326 per-

57 337 159 363 mirum
174 337 226 364 hoc
244 337 382 372 plerisque
399 338 487 365 visum
502 343 554 367 cst.
575 339 622 373 qui
640 343 668 366 et
684 339 851 367 recentiores

57 383 261 411 Alexandrinos
274 384 432 418 scriptores,
449 389 486 415 et.
507 385 578 420 quod
602 390 683 420 caput
695 389 746 416 est,
761 384 849 412 Nicat-

58 437 122 456 nam
141 430 278 464 synodum
297 430 430 458 vicesimo
453 431 542 466 primo
564 430 653 458 Martii
674 431 850 458 constituisse

58 476 252 502 meminerant.
269 475 330 508 Qua
341 476 374 502 de
390 484 419 503 re
440 476 512 503 Beda
526 475 672 503 consultus
685 483 850 511 magnopere

56 527 173 553 mstuat;
194 526 222 549 et
245 529 259 549 a
279 521 378 549 Rufino
402 527 547 557 corrupta,
576 522 614 548 nti
636 521 709 554 dixi,
732 522 849 549 Anatolii

56 569 138 595 verba
153 568 304 603 proferens,
327 569 446 596 alienum
467 569 501 596 iis
522 576 631 596 sensum
649 569 848 596 accommodat.

57 613 174 640 Rufinus
186 614 259 640 enim
281 614 318 640 ita
336 614 428 649 priora
446 614 564 641 reddidit
583 623 589 640 :
609 613 656 640 Est
670 622 732 648 ergo
748 614 775 640 in
793 614 849 648 pri-

56 667 99 686 mo
118 667 189 686 anno
203 660 310 686 initium
325 660 405 694 primi
424 660 531 691 mentis,
547 659 653 694 quando
668 665 706 686 est
722 659 808 686 decem
823 664 847 686 et

56 713 147 732 norem
163 714 293 732 annorum
306 706 422 738 initium,
433 706 576 733 eectutdum
590 705 732 741 ίΕῃνριίοε
744 705 849 741 quidem

56 751 224 780 Phameuoth
240 759 323 786 :va;
343 752 487 779 secundum
503 751 633 781 Romanos
649 759 707 778 vero
728 759 753 778 ιι
782 750 846 777 Kal.

58 801 125 833 Apr.
146 799 177 825 In
188 807 239 834 qua
253 799 296 825 die
310 798 443 825 invenitur
454 797 494 824 sol
505 806 556 824 non
570 798 654 824 solum
667 798 848 824 cannea/tisse

56 850 171 883 primam
189 852 302 882 partem,
320 855 408 874 rerum
424 846 504 874 etiam
514 851 638 881 quartam
646 845 706 881 jam
717 846 744 872 in
755 846 847 873 eadem

56 895 98 921 die
110 893 218 926 habere,
234 893 262 919 id
275 897 314 920 est
328 893 356 919 in
372 892 460 926 prima
472 899 505 919 ex
520 898 558 919 ιιι
573 892 704 926 partibus,
718 896 770 919 etc.
781 891 846 925 Quae

56 939 127 967 Beda
140 939 181 967 sic
199 939 300 974 accipit
318 937 581 973 :Equinoctiumoh
594 937 743 966 bissextum
761 938 847 965 inter-
863 928 884 955 Β

56 986 120 1013 dum
138 985 166 1012 in
183 993 219 1012 ιιι
238 984 451 1016 Kal.,interdum
463 984 489 1011 in
511 991 537 1011 ιι
554 983 681 1011 incurrit.
697 983 766 1011 Nam
784 991 846 1011 cum

55 1031 184 1058 Julianus
200 1037 290 1058 annus
307 1027 499 1064 Egyptiacum
517 1033 544 1056 ct
564 1029 715 1064 simplicem
732 1029 807 1056 horis
820 1036 846 1056 vt

57 1081 178 1112 superet.
201 1075 357 1110 a'quinoctii
376 1075 569 1110 μετέμπτωσις
588 1075 616 1101 lit
633 1074 659 1100 in
678 1082 750 1101 anno
768 1081 846 1102 com-

57 1122 145 1150 muni.
170 1121 262 1156 Quare
289 1121 325 1149 sit
343 1120 537 1156 tequinoctium
565 1127 638 1147 anno
653 1120 711 1154 ipso
741 1119 847 1147 bissex-

57 1169 96 1196 tili
111 1176 159 1196 ιιι
180 1168 281 1200 Martii,
301 1175 384 1194 mane
409 1174 483 1194 anno
500 1166 588 1202 primo
607 1170 669 1201 post
695 1166 845 1194 bissextum

57 1214 161 1243 incidet
173 1214 200 1242 in
216 1214 357 1242 meridiem
377 1223 384 1241 :
404 1221 476 1241 anno
490 1221 508 1240 ιι
523 1218 584 1248 past
594 1213 743 1240 bissextum
756 1213 783 1240 in
798 1219 846 1240 oc-

55 1268 151 1289 casum
179 1260 233 1289 dlel
262 1267 326 1293 ut,
358 1267 431 1287 anno
458 1267 488 1287 ιιι
513 1260 541 1287 in
576 1259 694 1287 mediam
720 1264 844 1291 noctem;

55 1314 131 1336 anno
148 1315 175 1334 Iv
191 1315 239 1343 per
252 1306 488 1334 intercalationem
507 1313 522 1332 a
537 1313 594 1332 ιιιι
610 1305 709 1333 iterum
724 1305 751 1332 in
766 1309 847 1332 utet

56 1353 223 1380 matutinum
241 1357 349 1388 tempus
366 1352 484 1379 recedet.
505 1351 573 1378 Cum
593 1351 676 1386 igitur
696 1351 724 1378 in
749 1359 845 1386 vespe-

56 1407 127 1431 ram,
147 1398 191 1426 vei
211 1399 327 1426 mediam
351 1402 460 1425 noctem
482 1397 588 1430 incidit,
611 1396 644 1423 ad
662 1404 687 1424 ιι
711 1396 771 1424 Kal.
785 1404 847 1431 per-

57 1444 140 1476 tinet;
152 1451 185 1470 eo
193 1444 265 1478 quod
282 1450 334 1470 nox
347 1442 406 1478 ipsa
419 1441 642 1469 Christimtorum
655 1441 708 1468 ritu
722 1442 845 1476 sequenti

57 1490 132 1518 ferite
151 1490 290 1517 tribuitur.
310 1489 378 1516 Cum
398 1494 488 1516 autem
513 1489 545 1515 ad
571 1487 710 1515 meridiem
728 1487 769 1515 vel
788 1495 846 1514 ma-

55 1536 176 1564 tutinum
194 1539 301 1571 tempus
319 1535 454 1571 pervenit,
467 1533 556 1562 Martii
574 1541 630 1567 ιιι,
644 1534 702 1562 sive
714 1541 753 1561 ιιι
781 1533 844 1561 Kal.

55 1583 121 1617 Apr.
144 1585 298 1616 arrogatur.
326 1580 411 1614 Unde,
435 1580 535 1616 inquit,
563 1580 681 1608 consulte
705 1580 846 1607 Anatolius

56 1636 108 1654 non
121 1631 190 1655 vetat
204 1627 231 1654 in
248 1635 285 1658 ιι,
302 1628 349 1654 sed
362 1631 422 1654 ante
438 1635 465 1654 ιι
480 1625 545 1653 Kal.
576 1626 640 1661 Apr.
659 1626 764 1653 Pascha
785 1626 847 1652 cele-

56 1673 139 1700 brari.
156 1672 216 1700 Non
229 1664 298 1700 enim
312 1674 397 1704 prima
419 1673 489 1700 sedit
508 1672 701 1708 aequinoctialis
717 1677 846 1706 tempora,

56 1718 102 1744 sed
117 1717 212 1744 ultiuta
231 1718 344 1753 signavit
367 1726 375 1745 :
397 1718 446 1744 hoc
469 1723 508 1745 est
527 1726 569 1751 ea,
592 1726 608 1744 a
627 1717 721 1752 quibus
736 1717 847 1744 Pascha:

56 1763 257 1790 celebrationem
275 1763 389 1798 incipere
408 1771 483 1798 posse
507 1768 625 1790 noverat.
649 1763 715 1790 Cum
737 1763 806 1790 enim
827 1770 845 1789 ιι

57 1810 95 1836 uel
103 1817 133 1836 ιιι
147 1817 216 1836 anno
228 1814 284 1844 post
299 1809 443 1837 bissextum
460 1809 571 1837 Paro/ue
582 1809 638 1836 dies
656 1808 807 1836 Dominicns
820 1809 847 1835 in

56 1864 83 1883 ιι
100 1855 166 1883 Kal.
182 1856 246 1890 Apr.
265 1857 421 1889 occurrerit,
437 1860 541 1884 constat
554 1856 690 1888 nimirum,
702 1856 771 1892 quod
787 1864 846 1882 cum

56 1903 214 1936 tequinactio
226 1902 338 1930 Pascha:
348 1903 403 1930 dies
416 1903 557 1930 inchoatur
568 1910 576 1929 :
592 1902 668 1937 cujus
683 1901 847 1929 careutoniaz

56 1954 145 1984 partes
162 1949 328 1977 celebrantur
339 1950 425 1985 prima
433 1955 522 1982 nocte;
535 1957 593 1976 cum
601 1949 692 1976 eadem
702 1948 844 1980 mediante,

56 1997 95 2023 uel
109 1996 248 2022 inchoante
259 1995 414 2030 perﬁciatur
427 1995 623 2030 wquiuoctium.
643 1994 710 2021 Tant
724 2003 783 2021 vero
796 1995 846 2021 rite

59 2042 162 2069 Pascha
176 2042 327 2077 peragitur;
355 2043 416 2077 quia
434 2041 644 2073 resurrectionis,
656 2048 714 2075 qua:
727 2040 846 2068 diluculo

57 2090 129 2123 facta
142 2094 192 2121 est,
207 2089 341 2124 prwcipua
362 2096 424 2122 pars
443 2092 500 2122 post
522 2088 708 2122 a'quinoctium
729 2088 846 2114 celebra-

57 2140 109 2162 tur.
125 2134 188 2162 llzec
208 2135 263 2162 fere
279 2134 350 2161 Beda
362 2133 410 2161 lib.
429 2134 464 2161 De
484 2134 581 2168 a'quin.
599 2133 650 2166 Qui
667 2133 707 2161 sic
723 2133 844 2161 Anatolii

57 2182 138 2209 verba
151 2181 273 2209 declarat
287 2190 294 2208 :
311 2180 380 2208 Cum
397 2180 452 2208 duo
463 2181 518 2208 sint
532 2181 697 2216 aequinoctio
719 2180 844 2208 attributi

56 2229 125 2262 dies,
141 2228 300 2256 Anatolium
319 2227 352 2255 de
366 2227 518 2263 pusteriore
533 2227 623 2262 loqui;
651 2227 677 2254 in
699 2234 755 2262 quo
771 2227 845 2255 scili-

905 301 1052 321 arcrescere
1072 295 1150 327 solet,
1178 296 1321 323 secundum
1352 302 1477 323 naturam
1499 297 1616 331 perfecta
1639 305 1694 324 esse

905 340 1080 375 dignoscitur.
1109 341 1200 374 Quare
1221 342 1263 369 sol
1287 350 1348 370 cum
1369 342 1566 378 arquinoctium
1591 343 1692 378 attigit.

901 385 958 420 jam
983 385 1034 413 diei
1063 388 1242 421 quadrantem
1273 387 1398 416 absolvit.
1422 388 1507 421 Quasi
1529 388 1603 416 dicat
1626 389 1695 416 :Ab

903 431 1066 465 mquinoctio
1084 440 1139 459 uno
1152 441 1239 460 verno
1253 434 1286 461 ad
1303 435 1431 465 alterum.
1446 435 1505 462 dies
1520 435 1694 464 intercedunt

904 477 980 504 solidi
998 484 1110 511 cccuv,
1133 482 1162 506 ct
1179 479 1253 506 horae
1275 487 1311 507 νι.
1337 480 1438 508 Verum
1460 485 1489 509 ut
1511 486 1644 517 quantum
1657 482 1693 509 ab

903 522 1021 549 Anatolii
1043 531 1125 550 sensu
1153 523 1299 556 deerrarit.
1325 526 1472 561 intelligas,
1496 526 1613 561 insignis
1636 527 1693 561 pri-

903 576 978 595 mum
996 569 1041 596 ille
1058 569 1136 597 locus
1153 578 1168 597 a
1187 570 1267 598 nobis
1285 571 1477 606 explanandus
1493 577 1544 599 est.

936 613 1036 642 Censet
1062 615 1144 650 igitur
1168 616 1313 644 Anatolius
1339 625 1460 645 mensem
1489 618 1607 652 primum
1623 617 1690 645 anni

902 660 983 694 primi
1002 661 1085 689 totius
1105 662 1172 697 cycli
1190 663 1449 691 decemnovennalis
1470 664 1621 699 νουμηνίαν
1640 664 1691 691 ha-

902 704 965 732 bere
985 705 1011 732 in
1035 714 1098 733 uvr
1125 706 1306 739 Phamenoth,
1333 709 1390 736 sive
1413 708 1502 736 Martii
1520 717 1587 742 ιιιι,
1605 709 1648 736 vel
1662 717 1691 736 ιι

901 749 961 778 Kal.
980 751 1058 786 Apr.,
1080 760 1133 787 qua
1150 753 1194 780 die
1209 753 1250 780 sol
1268 754 1385 789 primum
1399 755 1503 782 zodiaci
1521 760 1690 790 segmentum

901 797 1044 830 percurrit.
1058 797 1138 830 Quod
1161 800 1476 834 segmentum,primum
1498 799 1690 835 δωδεκατημό-

902 849 969 876 ριον,
990 847 1018 870 et
1043 843 1214 879 ἰσημερινὸν,
1237 849 1265 872 et
1284 845 1447 880 principium
1467 846 1621 878 int-“slum,
1643 845 1692 873 ad-

900 895 987 922 eoque
1013 889 1080 924 cycli
1109 890 1195 918 totius
1227 891 1362 926 appellat,
1386 896 1413 918 et
1437 891 1534 926 ἅψεσιν
1561 891 1609 918 τοῦ
1636 890 1692 917 τῶν

900 933 1044 969 πλανητῶν
1058 935 1176 971 δρόμου,
1195 936 1247 964 hoc
1262 941 1315 967 est,
1331 938 1404 964 vrlot
1426 945 1551 964 carceres
1572 945 1604 964 ex
1631 937 1693 971 qui-

901 979 953 1007 bus
973 980 1146 1008 emittuntur.
1170 981 1238 1009 Nam
1269 982 1462 1010 absolutionem
1495 983 1610 1010 Rufinus
1637 990 1690 1009 non

900 1030 973 1054 recte
988 1027 1182 1062 interpretatus
1197 1034 1251 1059 est.
1268 1029 1323 1056 nisi
1339 1028 1443 1056 absolvi
1454 1029 1547 1056 stellas
1560 1029 1596 1056 sit
1608 1028 1690 1058 idem.

900 1072 972 1108 quod
983 1073 1081 1100 emitti.
1095 1073 1257 1109 Quanquam
1281 1074 1386 1109 epocha
1406 1074 1462 1106 illa,
1481 1075 1539 1102 sive
1559 1079 1690 1109 punctum

900 1120 1182 1155 mquinoctialeﬁdem
1201 1120 1341 1155 sequentis
1355 1128 1455 1148 cursus
1469 1120 1577 1148 initium
1593 1125 1645 1150 est.
1663 1125 1692 1147 et

900 1165 1087 1194 antecedentis
1102 1166 1236 1193 terminus
1252 1174 1260 1192 :
1278 1167 1352 1193 unde
1368 1166 1545 1193 vehementer
1560 1173 1609 1194 eos
1634 1165 1693 1193 hal-

901 1213 1016 1240 locinari
1045 1212 1145 1244 docet,
1178 1211 1225 1247 qui
1265 1212 1293 1238 in
1328 1212 1466 1239 anteriore
1497 1217 1691 1247 postremoque

900 1262 1040 1293 segmento
1071 1265 1192 1285 mensem
1229 1257 1366 1292 primum,
1396 1262 1423 1285 et
1457 1265 1502 1285 ιιν
1533 1258 1689 1293 paschalem

899 1303 1080 1331 constituunt.
1101 1303 1195 1330 Graeca
1215 1303 1288 1330 enim
1304 1304 1338 1330 ad
1354 1303 1428 1331 hunc
1447 1310 1559 1331 sensum
1578 1310 1690 1331 accom-

900 1350 1035 1377 modanda
1060 1357 1121 1377 esse
1142 1349 1229 1377 series
1255 1350 1314 1385 ipsa
1340 1350 1474 1377 orationis
1501 1350 1625 1377 indicat:
1645 1351 1691 1377 Διὸ

900 1397 947 1424 καὶ
959 1397 1023 1429 τοὺς
1035 1397 1064 1423 ὲν
1075 1396 1150 1432 αὐτῷ
1161 1396 1321 1432 τιθεμένους
1336 1397 1382 1423 τὸν
1399 1397 1507 1432 πρῶτον
1525 1396 1608 1432 μῆνα.
1624 1397 1692 1424 Pro-

902 1450 999 1470 nomen
1014 1442 1089 1478 αὺτῷ
1103 1443 1136 1470 ad
1147 1442 1302 1469 τελευταῖον
1314 1442 1562 1479 δωδεκατημόριον,
1575 1447 1602 1470 et
1613 1442 1691 1474 τέλος

896 1489 949 1524 τῆς
974 1489 1028 1515 τῶν
1057 1488 1201 1525 πλανητῶν
1229 1488 1354 1525 περιόδου
1382 1489 1508 1524 pertinet.
1534 1488 1590 1517 Nec
1618 1494 1692 1517 recte

901 1534 1010 1569 quidam
1034 1535 1182 1561 emendant
1209 1533 1262 1570 πρὸ
1285 1534 1380 1562 αὐτοῦ.
1408 1533 1477 1562 Nam
1498 1534 1533 1562 de
1550 1538 1691 1569 postremo

901 1585 1041 1616 segmento
1057 1581 1188 1616 loquitur.
1209 1581 1302 1616 Pergit
1318 1581 1416 1609 deinde
1433 1589 1441 1607 :
1459 1581 1515 1608 Καὶ
1529 1581 1579 1617 τὴν
1595 1582 1624 1608 ιδ’
1643 1581 1690 1608 τοῦ

899 1627 994 1662 Πάσχα
1014 1628 1074 1654 κατ’
1090 1627 1176 1662 αὐτὴν
1196 1627 1387 1662 λαμϐάνοντας
1401 1628 1432 1654 οὐ
1448 1627 1567 1662 μικρῶς,
1581 1628 1636 1654 οὐδ’
1652 1628 1691 1660 ὡς

897 1673 992 1708 ἔτυχεν
1017 1673 1186 1708 ἁμαρτάνειν
1211 1673 1312 1708 φαμέν.
1341 1673 1394 1700 Pro
1420 1673 1484 1700 κατ’
1512 1673 1599 1708 αὐτήν
1627 1682 1689 1701 om-

897 1718 964 1745 nino
988 1718 1048 1744 κατ’
1073 1717 1140 1745 αὑτό
1172 1718 1317 1753 legendum
1345 1719 1459 1746 allirmo.
1473 1717 1547 1745 Nihil
1559 1719 1633 1746 enim
1648 1725 1690 1747 rst

897 1772 952 1800 quo
991 1763 1135 1792 commode
1173 1772 1325 1799 pronomen
1363 1765 1428 1792 illud
1473 1764 1618 1792 referatur.
1653 1766 1690 1792 At

897 1811 1021 1847 proxime
1043 1810 1159 1839 dixerat.
1187 1809 1250 1841 τοὺς
1269 1810 1298 1836 ὲν
1325 1809 1398 1845 αὑτῷ
1419 1809 1588 1845 τιθεμένους,
1612 1810 1688 1838 vide-

897 1857 959 1884 licet
974 1856 1119 1891 τελευταίῳ
1136 1857 1271 1892 τμήματι.
1293 1855 1370 1889 Quod
1397 1857 1419 1883 si
1443 1856 1506 1891 quis
1524 1857 1557 1883 ad
1575 1864 1606 1884 ea
1627 1864 1688 1891 qua:

897 1903 1042 1930 remotiora
1063 1907 1138 1936 sunt,
1153 1907 1218 1938 puta
1238 1902 1331 1938 μηνῶν
1346 1903 1444 1939 ἀρχήν,
1462 1907 1488 1930 (ιι
1506 1903 1639 1938 κεφαλήν,
1661 1909 1689 1930 et.

896 1949 994 1984 ἄφεσιν
1021 1950 1156 1985 pertinere
1181 1949 1352 1982 contendat;
1379 1950 1551 1976 contrarium
1576 1949 1686 1984 quidem

897 1996 967 2031 ejus,
990 1996 1063 2031 quod
1090 2003 1254 2031 pugnamus,
1281 1995 1411 2031 quodque
1440 1996 1597 2023 Anatolimn
1625 2003 1689 2023 scn-

897 2043 968 2070 siSse
986 2043 1124 2074 volumus.
1139 2049 1171 2069 ex
1193 2050 1224 2069 ea
1239 2042 1365 2069 oratione
1388 2048 1528 2076 sequetur.
1552 2041 1686 2069 Nimirum

897 2096 951 2116 non
977 2088 1059 2116 licere
1091 2096 1135 2115 xw
1171 2088 1327 2122 paschalem
1358 2087 1447 2122 primo
1475 2088 1521 2114 illo
1543 2088 1604 2119 die,
1633 2096 1688 2122 quo

896 2134 1088 2169 aequinoctium
1103 2133 1259 2164 coniicitur,
1286 2133 1332 2160 sed
1360 2133 1387 2160 in
1407 2133 1543 2168 superiori
1559 2138 1688 2162 tmemate

896 2179 1028 2214 deﬁgere;
1055 2178 1170 2213 ideoque
1191 2177 1295 2205 Pascha
1313 2185 1370 2205 ιιιι
1388 2178 1431 2205 die
1446 2178 1577 2206 celebrari
1593 2186 1685 2214 posse.

898 2224 927 2252 Si
936 2224 1009 2251 enim
1022 2223 1100 2251 nefas
1111 2228 1152 2250 est
1166 2223 1228 2250 κατ’
1242 2223 1276 2250 αὑ
1283 2223 1328 2260 τὴν
1339 2223 1388 2259 τὴν
1401 2223 1507 2259 ἡμέραν
1517 2224 1685 2259 inquinet-lii,

56 2281 99 2303 cet
111 2279 192 2302 nocte
206 2274 263 2307 illa,
276 2281 337 2309 quae
351 2273 497 2301 xuMartii
513 2273 584 2300 diem
606 2272 741 2308 sequitur,
760 2272 844 2307 aaqui-
859 2276 882 2304 ι)
896 2277 942 2298 xlv
962 2270 1115 2305 paschalcm
1140 2277 1256 2304 ponere.
1281 2269 1343 2296 licet
1375 2269 1456 2304 igitur
1479 2270 1603 2303 proximo
1623 2275 1686 2297 ante

57 2322 178 2356 noctium
195 2319 337 2354 contingit.
355 2318 412 2345 lmo
434 2326 499 2346 vero
514 2319 548 2346 de
565 2317 718 2353 vespertino
735 2317 844 2352 potissi-

57 2374 132 2394 nmm
151 2365 316 2400 aequinoctio
337 2364 479 2399 intelligit;
501 2363 574 2399 quod
601 2362 747 2390 Anatolius
773 2362 846 2390 dicat

55 2412 250 2440 celebrandum
267 2411 372 2438 Pascha
383 2431 392 2444 ,
412 2409 522 2444 quando
539 2409 602 2436 luna
620 2409 670 2436 soli
692 2408 816 2443 opposita
830 2416 846 2435 e

57 2459 168 2494 regione
181 2456 406 2493 deprehenditur,
432 2457 473 2483 sic
496 2459 526 2482 nt
546 2455 665 2482 vernalis
688 2452 844 2489 aequinoctii

57 2507 162 2537 partem
181 2501 221 2528 sol
244 2501 382 2534 obtineat;
403 2500 468 2528 luna
485 2508 550 2527 vero
569 2499 735 2527 autumnalis
751 2508 757 2526 :
772 2498 843 2531 Quid

57 2557 129 2584 ergo.
145 2548 243 2584 inquit.
262 2547 424 2579 mirandum,
448 2548 470 2574 ei
492 2547 519 2573 in
535 2555 562 2574 ιι
587 2546 647 2573 Kal.
667 2547 764 2581 atquin.
785 2545 846 2581 fieri

57 2595 138 2625 dicat,
156 2601 216 2620 cum
239 2592 270 2620 de
297 2593 346 2619 illa
367 2592 438 2628 loqui
454 2600 481 2619 se
505 2592 571 2619 liora
591 2586 718 2622 declaret.
739 2591 845 2626 quando

57 2639 194 2667 occidente
216 2639 251 2665 ad
271 2647 403 2674 uesperam
422 2638 475 2665 sole
495 2638 559 2664 luna
578 2646 591 2664 ε
609 2638 744 2664 contrario
767 2645 844 2664 suum

58 2685 159 2712 attollit
171 2683 417 2718 exortunt?Pergit
433 2683 543 2714 deinde.
562 2687 589 2710 et
607 2683 679 2718 quod
702 2683 846 2710 Anatolius

60 2731 211 2766 scripserat
229 2739 235 2757 :
252 2730 280 2756 in
293 2738 320 2757 XI
338 2729 400 2757 Kal.
418 2730 483 2764 Apr.
502 2729 584 2756 solem
599 2738 648 2755 non
671 2733 774 2755 tantum
791 2729 846 2764 pri-

59 2785 129 2803 mam
150 2781 252 2810 partem
271 2775 318 2802 τοῦ
336 2773 572 2810 δωδεκατημορίου
594 2775 785 2806 conscendisse,
802 2783 846 2801 ve—

60 2829 117 2847 rum
139 2821 218 2847 etiam
236 2824 360 2855 quartam
380 2819 441 2854 jam
460 2820 486 2846 in
508 2819 602 2845 eodem
615 2819 657 2846 die
676 2820 787 2851 habere;
807 2820 847 2848 sic

60 2866 185 2900 exponit:
202 2865 272 2898 Quia
281 2865 384 2900 quoties
400 2863 584 2899 a’mtiuoctiale
601 2870 701 2899 tempus
711 2865 792 2900 juxta
805 2874 847 2892 ra-

60 2913 155 2940 tionem
169 2911 310 2947 prtefatam
322 2911 347 2938 in
355 2918 382 2938 ιι
397 2910 460 2937 Kal.
476 2909 580 2944 incidit,
593 2912 667 2938 toties
680 2912 706 2938 in
715 2912 771 2947 ipso
784 2916 846 2939 tent-

898 2316 972 2343 illam
996 2316 1049 2348 die,
1068 2320 1098 2343 ut
1121 2315 1245 2342 cilimum
1268 2314 1373 2342 Pascha
1395 2323 1450 2342 un
1469 2314 1558 2342 Martii
1583 2317 1686 2344 consti-

898 2367 1000 2396 tuatur,
1026 2361 1098 2396 quod
1126 2366 1153 2389 ct
1176 2369 1271 2388 verum
1296 2366 1338 2389 est
1365 2366 1427 2396 post
1452 2360 1554 2388 Nicami
1576 2362 1685 2390 concilii

898 2413 1019 2443 tempora
1031 2408 1134 2435 licitum
1147 2416 1217 2435 esse.
1240 2408 1339 2435 Verum
1352 2408 1403 2435 hoc
1416 2408 1572 2436 Anatolium
1587 2409 1684 2436 existi-

897 2461 997 2485 masse,
1009 2458 1057 2480 aut
1068 2454 1100 2480 ad
1109 2461 1168 2480 eam
1180 2459 1296 2481 mentem
1310 2454 1382 2481 illius
1393 2454 1488 2482 referri
1499 2456 1580 2482 verba
1592 2463 1684 2491 posse.

898 2499 924 2526 id
939 2506 1004 2526 vero
1023 2503 1179 2526 constanter
1194 2507 1272 2534 nego.
1289 2498 1316 2526 lu
1335 2499 1431 2533 primis
1446 2500 1518 2528 enim
1534 2501 1685 2529 absurdum

897 2550 949 2577 est,
977 2553 1126 2580 pronomen
1155 2546 1240 2582 αὑτήν
1267 2553 1329 2573 cum
1355 2546 1389 2574 iis
1416 2547 1597 2582 conjungere,
1624 2555 1686 2582 qua:

899 2596 974 2619 tanto
990 2596 1053 2619 ante
1068 2592 1202 2619 orationis
1219 2592 1360 2619 intervallo
1383 2593 1472 2627 posita
1491 2598 1565 2621 sunt.
1583 2593 1685 2620 Deinde

897 2637 996 2666 refellit
1017 2645 1064 2665 eos
1086 2637 1239 2672 Anatolius,
1265 2639 1310 2673 qui
1330 2643 1393 2666 ante
1413 2639 1531 2673 primum
1559 2645 1685 2674 segmen-

899 2689 967 2717 tum.
982 2689 1008 2712 et
1023 2684 1177 2720 mquinoctii
1190 2685 1262 2712 diem
1282 2685 1399 2720 primum
1415 2693 1537 2713 mensem
1560 2685 1684 2712 celebra-

898 2730 981 2763 bant;
994 2730 1066 2765 quod
1088 2737 1141 2757 non
1162 2729 1324 2762 facerent,si
1348 2738 1393 2756 ιιν
1414 2730 1567 2764 paschalem
1583 2729 1609 2756 in
1625 2729 1685 2763 ipso

866 2785 882 2792 --
891 2774 1079 2810 aequinoctiali
1090 2774 1132 2802 die
1150 2775 1312 2802 collocarent
1329 2784 1335 2802 :
1354 2775 1406 2801 hoc
1419 2774 1491 2801 enim
1508 2773 1588 2808 primi
1605 2780 1684 2800 men-

864 2811 886 2820 ς.

897 2821 935 2847 sis
950 2820 1057 2847 initium
1074 2825 1125 2848 est.
1143 2820 1183 2847 Ad
1202 2821 1258 2848 haec
1280 2828 1341 2855 qua:
1356 2828 1389 2847 ex
1407 2819 1563 2846 Judzeorum
1578 2818 1685 2853 placitis

897 2867 930 2894 ad
944 2874 1020 2894 suam
1038 2866 1109 2893 illam
1130 2867 1297 2901 probandum
1321 2867 1485 2893 sententiam
1508 2864 1596 2897 allen,
1621 2865 1685 2892 nul-

899 2912 953 2939 lum
975 2911 1116 2939 dubitandi
1134 2912 1223 2938 locum
1248 2912 1415 2946 relinquunt.
1433 2910 1598 2939 Statucbant
1611 2911 1685 2938 enim
