  <div class='ocr_page' id='page_1' title='image "/cluster/home/n/w/nwhite01/storage/ocr_20150623/42/njp.32101077772588/527.png"; bbox 0 0 1925 3043; ppageno 0'>
   <div class='ocr_carea' id='block_1_1' title="bbox 223 177 276 205">
    <p class='ocr_par' dir='ltr' id='par_1_1' title="bbox 223 177 276 205">
     <span class='ocr_line' id='line_1_1' title="bbox 223 177 276 205; baseline -0.019 0"><span class='ocrx_word' id='word_1_1' title='bbox 223 177 276 205; x_wconf 73' lang='lat'><strong>935</strong></span> 
     </span>
    </p>
   </div>
   <div class='ocr_carea' id='block_1_2' title="bbox 763 175 1278 204">
    <p class='ocr_par' dir='ltr' id='par_1_2' title="bbox 763 175 1278 204">
     <span class='ocr_line' id='line_1_2' title="bbox 763 175 1278 204; baseline 0 -1"><span class='ocrx_word' id='word_1_2' title='bbox 763 175 936 204; x_wconf 72' lang='lat' dir='ltr'><strong>A&#39;PPENDIX</strong></span> <span class='ocrx_word' id='word_1_3' title='bbox 959 175 1278 204; x_wconf 73' lang='lat' dir='ltr'><strong>DISSERTATIONUM.</strong></span> 
     </span>
    </p>
   </div>
   <div class='ocr_carea' id='block_1_3' title="bbox 1795 177 1848 205">
    <p class='ocr_par' dir='ltr' id='par_1_3' title="bbox 1795 177 1848 205">
     <span class='ocr_line' id='line_1_3' title="bbox 1795 177 1848 205; baseline 0 -1"><span class='ocrx_word' id='word_1_4' title='bbox 1795 177 1848 205; x_wconf 79' lang='lat'><strong>996</strong></span> 
     </span>
    </p>
   </div>
   <div class='ocr_carea' id='block_1_4' title="bbox 221 232 1848 269">
    <p class='ocr_par' dir='ltr' id='par_1_4' title="bbox 221 232 1848 269">
     <span class='ocr_line' id='line_1_4' title="bbox 221 232 1848 269; baseline -0.002 -5"><span class='ocrx_word' id='word_1_5' title='bbox 221 236 344 264; x_wconf 77' lang='lat' dir='ltr'><strong>seniores</strong></span> <span class='ocrx_word' id='word_1_6' title='bbox 363 235 417 267; x_wconf 87' lang='lat' dir='ltr'><strong>illi,</strong></span> <span class='ocrx_word' id='word_1_7' title='bbox 445 239 506 269; x_wconf 89' lang='lat' dir='ltr'><strong>post</strong></span> <span class='ocrx_word' id='word_1_8' title='bbox 528 234 705 261; x_wconf 89' lang='lat' dir='ltr'><strong>commissum</strong></span> <span class='ocrx_word' id='word_1_9' title='bbox 730 234 940 269; x_wconf 72' lang='lat' dir='ltr'><strong>aequinoctium.</strong></span> <span class='ocrx_word' id='word_1_10' title='bbox 972 233 1005 260; x_wconf 85' lang='lat' dir='ltr'><strong>ad</strong></span> <span class='ocrx_word' id='word_1_11' title='bbox 1021 237 1043 265; x_wconf 83' lang='lat' dir='ltr'><strong>A</strong></span> <span class='ocrx_word' id='word_1_12' title='bbox 1058 234 1129 261; x_wconf 73' lang='lat' dir='ltr'><strong>Beda</strong></span> <span class='ocrx_word' id='word_1_13' title='bbox 1149 235 1241 262; x_wconf 88' lang='lat' dir='ltr'><strong>minus</strong></span> <span class='ocrx_word' id='word_1_14' title='bbox 1261 233 1510 268; x_wconf 77' lang='lat' dir='ltr'><strong>animadvertisset,</strong></span> <span class='ocrx_word' id='word_1_15' title='bbox 1528 233 1597 262; x_wconf 85' lang='lat' dir='ltr'><strong>falso</strong></span> <span class='ocrx_word' id='word_1_16' title='bbox 1614 232 1729 261; x_wconf 87' lang='lat' dir='ltr'><strong>credidit</strong></span> <span class='ocrx_word' id='word_1_17' title='bbox 1744 233 1848 260; x_wconf 55' lang='lat' dir='ltr'><strong>Anato‘</strong></span> 
     </span>
    </p>
   </div>
   <div class='ocr_carea' id='block_1_5' title="bbox 221 280 1006 315">
    <p class='ocr_par' dir='ltr' id='par_1_5' title="bbox 221 280 1006 315">
     <span class='ocr_line' id='line_1_5' title="bbox 221 280 1006 315; baseline 0 -9"><span class='ocrx_word' id='word_1_18' title='bbox 221 288 374 315; x_wconf 58' lang='lat' dir='ltr'><strong>vesperam,</strong></span> <span class='ocrx_word' id='word_1_19' title='bbox 398 288 453 315; x_wconf 88' lang='lat' dir='ltr'><strong>qtto</strong></span> <span class='ocrx_word' id='word_1_20' title='bbox 470 285 591 314; x_wconf 86' lang='lat' dir='ltr'><strong>tempore</strong></span> <span class='ocrx_word' id='word_1_21' title='bbox 604 280 666 307; x_wconf 90' lang='lat' dir='ltr'><strong>lnna</strong></span> <span class='ocrx_word' id='word_1_22' title='bbox 683 281 709 307; x_wconf 91' lang='lat' dir='ltr'><strong>in</strong></span> <span class='ocrx_word' id='word_1_23' title='bbox 736 281 821 307; x_wconf 88' lang='lat' dir='ltr'><strong>altero</strong></span> <span class='ocrx_word' id='word_1_24' title='bbox 841 280 1006 314; x_wconf 78' lang='lat' dir='ltr'><strong>tequinoctio</strong></span> 
     </span>
    </p>
   </div>
   <div class='ocr_carea' id='block_1_6' title="bbox 221 325 1007 361">
    <p class='ocr_par' dir='ltr' id='par_1_6' title="bbox 221 325 1007 361">
     <span class='ocr_line' id='line_1_6' title="bbox 221 325 1007 361; baseline -0.004 -7"><span class='ocrx_word' id='word_1_25' title='bbox 221 335 237 354; x_wconf 87' lang='lat' dir='ltr'><strong>e</strong></span> <span class='ocrx_word' id='word_1_26' title='bbox 257 327 367 361; x_wconf 69' lang='lat' dir='ltr'><strong>regione</strong></span> <span class='ocrx_word' id='word_1_27' title='bbox 397 327 481 353; x_wconf 85' lang='lat' dir='ltr'><strong>solem</strong></span> <span class='ocrx_word' id='word_1_28' title='bbox 508 326 637 359; x_wconf 68' lang='lat' dir='ltr'><strong>respicit,</strong></span> <span class='ocrx_word' id='word_1_29' title='bbox 672 326 721 361; x_wconf 81' lang='grc' dir='ltr'><strong>τὴν</strong></span> <span class='ocrx_word' id='word_1_30' title='bbox 743 326 798 352; x_wconf 77' lang='grc' dir='ltr'><strong>τῶν</strong></span> <span class='ocrx_word' id='word_1_31' title='bbox 823 325 1007 360; x_wconf 74' lang='grc' dir='ltr'><strong>διαϐατηρίων</strong></span> 
     </span>
    </p>
   </div>
   <div class='ocr_carea' id='block_1_7' title="bbox 221 368 1008 406">
    <p class='ocr_par' dir='ltr' id='par_1_7' title="bbox 221 368 1008 406">
     <span class='ocr_line' id='line_1_7' title="bbox 221 368 1008 406; baseline -0.003 -9"><span class='ocrx_word' id='word_1_32' title='bbox 221 372 328 406; x_wconf 76' lang='grc' dir='ltr'><strong>ἑορτήν,</strong></span> <span class='ocrx_word' id='word_1_33' title='bbox 346 371 397 397; x_wconf 91' lang='lat' dir='ltr'><strong>hoc</strong></span> <span class='ocrx_word' id='word_1_34' title='bbox 414 375 456 397; x_wconf 81' lang='lat' dir='ltr'><strong>est</strong></span> <span class='ocrx_word' id='word_1_35' title='bbox 471 369 574 397; x_wconf 80' lang='lat' dir='ltr'><strong>Pascha</strong></span> <span class='ocrx_word' id='word_1_36' title='bbox 591 369 797 405; x_wconf 55' lang='lat' dir='ltr'><strong>Judaicumtagi</strong></span> <span class='ocrx_word' id='word_1_37' title='bbox 821 369 929 396; x_wconf 80' lang='lat' dir='ltr'><strong>debere.</strong></span> <span class='ocrx_word' id='word_1_38' title='bbox 952 368 1008 396; x_wconf 85' lang='lat' dir='ltr'><strong>lloc</strong></span> 
     </span>
    </p>
   </div>
   <div class='ocr_carea' id='block_1_8' title="bbox 220 414 1006 448">
    <p class='ocr_par' dir='ltr' id='par_1_8' title="bbox 220 414 1006 448">
     <span class='ocr_line' id='line_1_8' title="bbox 220 414 1006 448; baseline -0.001 -7"><span class='ocrx_word' id='word_1_39' title='bbox 220 420 311 442; x_wconf 85' lang='lat' dir='ltr'><strong>autem</strong></span> <span class='ocrx_word' id='word_1_40' title='bbox 343 421 388 440; x_wconf 99' lang='lat' dir='ltr'><strong>xw</strong></span> <span class='ocrx_word' id='word_1_41' title='bbox 418 414 480 441; x_wconf 92' lang='lat' dir='ltr'><strong>luna</strong></span> <span class='ocrx_word' id='word_1_42' title='bbox 513 414 546 440; x_wconf 88' lang='lat' dir='ltr'><strong>ad</strong></span> <span class='ocrx_word' id='word_1_43' title='bbox 577 421 718 448; x_wconf 77' lang='lat' dir='ltr'><strong>vesperam</strong></span> <span class='ocrx_word' id='word_1_44' title='bbox 760 414 924 441; x_wconf 84' lang='lat' dir='ltr'><strong>celebratum</strong></span> <span class='ocrx_word' id='word_1_45' title='bbox 954 418 1006 440; x_wconf 89' lang='lat' dir='ltr'><strong>est.</strong></span> 
     </span>
    </p>
   </div>
   <div class='ocr_carea' id='block_1_9' title="bbox 224 459 1008 495">
    <p class='ocr_par' dir='ltr' id='par_1_9' title="bbox 224 459 1008 495">
     <span class='ocr_line' id='line_1_9' title="bbox 224 459 1008 495; baseline 0 -9"><span class='ocrx_word' id='word_1_46' title='bbox 224 461 293 495; x_wconf 73' lang='lat' dir='ltr'><strong>Ergo</strong></span> <span class='ocrx_word' id='word_1_47' title='bbox 315 468 358 487; x_wconf 83' lang='lat' dir='ltr'><strong>xiv</strong></span> <span class='ocrx_word' id='word_1_48' title='bbox 380 460 406 486; x_wconf 92' lang='lat' dir='ltr'><strong>in</strong></span> <span class='ocrx_word' id='word_1_49' title='bbox 425 460 513 494; x_wconf 90' lang='lat' dir='ltr'><strong>ipsum</strong></span> <span class='ocrx_word' id='word_1_50' title='bbox 527 461 718 495; x_wconf 75' lang='lat' dir='ltr'><strong>aequinoctium</strong></span> <span class='ocrx_word' id='word_1_51' title='bbox 735 461 832 487; x_wconf 82' lang='lat' dir='ltr'><strong>cadere</strong></span> <span class='ocrx_word' id='word_1_52' title='bbox 848 459 938 490; x_wconf 78' lang='lat' dir='ltr'><strong>debet,</strong></span> <span class='ocrx_word' id='word_1_53' title='bbox 954 467 1008 486; x_wconf 89' lang='lat' dir='ltr'><strong>non</strong></span> 
     </span>
    </p>
   </div>
   <div class='ocr_carea' id='block_1_10' title="bbox 224 505 1009 542">
    <p class='ocr_par' dir='ltr' id='par_1_10' title="bbox 224 505 1009 542">
     <span class='ocr_line' id='line_1_10' title="bbox 224 505 1009 542; baseline 0 -10"><span class='ocrx_word' id='word_1_54' title='bbox 224 505 375 540; x_wconf 71' lang='lat' dir='ltr'><strong>praecedere</strong></span> <span class='ocrx_word' id='word_1_55' title='bbox 401 515 407 533; x_wconf 92' lang='lat'>:</span> <span class='ocrx_word' id='word_1_56' title='bbox 432 506 495 540; x_wconf 86' lang='lat' dir='ltr'><strong>quia</strong></span> <span class='ocrx_word' id='word_1_57' title='bbox 524 505 593 541; x_wconf 78' lang='grc' dir='ltr'><strong>μετὰ</strong></span> <span class='ocrx_word' id='word_1_58' title='bbox 612 506 661 542; x_wconf 82' lang='grc' dir='ltr'><strong>τὴν</strong></span> <span class='ocrx_word' id='word_1_59' title='bbox 688 505 843 541; x_wconf 77' lang='grc' dir='ltr'><strong>ἰσημερίαν,</strong></span> <span class='ocrx_word' id='word_1_60' title='bbox 862 510 892 532; x_wconf 94' lang='lat' dir='ltr'><strong>ut</strong></span> <span class='ocrx_word' id='word_1_61' title='bbox 909 506 1009 540; x_wconf 71' lang='lat' dir='ltr'><strong>saepius</strong></span> 
     </span>
    </p>
   </div>
   <div class='ocr_carea' id='block_1_11' title="bbox 223 549 837 585">
    <p class='ocr_par' dir='ltr' id='par_1_11' title="bbox 223 549 837 585">
     <span class='ocr_line' id='line_1_11' title="bbox 223 549 837 585; baseline 0.002 -9"><span class='ocrx_word' id='word_1_62' title='bbox 223 551 330 584; x_wconf 77' lang='lat' dir='ltr'><strong>repetit,</strong></span> <span class='ocrx_word' id='word_1_63' title='bbox 345 549 457 577; x_wconf 74' lang='lat' dir='ltr'><strong>Judaice</strong></span> <span class='ocrx_word' id='word_1_64' title='bbox 471 549 576 577; x_wconf 85' lang='lat' dir='ltr'><strong>Pascha</strong></span> <span class='ocrx_word' id='word_1_65' title='bbox 591 550 773 585; x_wconf 74' lang='lat' dir='ltr'><strong>peragendum</strong></span> <span class='ocrx_word' id='word_1_66' title='bbox 785 554 837 578; x_wconf 85' lang='lat' dir='ltr'><strong>est.</strong></span> 
     </span>
    </p>
   </div>
   <div class='ocr_carea' id='block_1_12' title="bbox 203 595 1008 631">
    <p class='ocr_par' dir='ltr' id='par_1_12' title="bbox 203 595 1008 631">
     <span class='ocr_line' id='line_1_12' title="bbox 203 595 1008 631; baseline -0.002 -8"><span class='ocrx_word' id='word_1_67' title='bbox 203 614 208 623; x_wconf 72' lang='grc' dir='ltr'><strong>ι</strong></span> <span class='ocrx_word' id='word_1_68' title='bbox 255 596 323 623; x_wconf 83' lang='lat' dir='ltr'><strong>Cum</strong></span> <span class='ocrx_word' id='word_1_69' title='bbox 334 595 528 631; x_wconf 79' lang='lat' dir='ltr'><strong>igituridquod</strong></span> <span class='ocrx_word' id='word_1_70' title='bbox 538 596 644 623; x_wconf 77' lang='lat' dir='ltr'><strong>dixerat</strong></span> <span class='ocrx_word' id='word_1_71' title='bbox 653 604 685 623; x_wconf 89' lang='lat' dir='ltr'><strong>ex</strong></span> <span class='ocrx_word' id='word_1_72' title='bbox 695 595 853 622; x_wconf 71' lang='lat' dir='ltr'><strong>Judteorum</strong></span> <span class='ocrx_word' id='word_1_73' title='bbox 866 595 1008 623; x_wconf 84' lang='lat' dir='ltr'><strong>doctorum</strong></span> 
     </span>
    </p>
   </div>
   <div class='ocr_carea' id='block_1_13' title="bbox 221 641 1010 676">
    <p class='ocr_par' dir='ltr' id='par_1_13' title="bbox 221 641 1010 676">
     <span class='ocr_line' id='line_1_13' title="bbox 221 641 1010 676; baseline -0.001 -8"><span class='ocrx_word' id='word_1_74' title='bbox 221 641 357 668; x_wconf 71' lang='lat' dir='ltr'><strong>sententia</strong></span> <span class='ocrx_word' id='word_1_75' title='bbox 380 641 531 676; x_wconf 83' lang='lat' dir='ltr'><strong>profectum</strong></span> <span class='ocrx_word' id='word_1_76' title='bbox 549 646 674 674; x_wconf 89' lang='lat' dir='ltr'><strong>asserat;</strong></span> <span class='ocrx_word' id='word_1_77' title='bbox 691 641 778 668; x_wconf 67' lang='lat' dir='ltr'><strong>Judaei</strong></span> <span class='ocrx_word' id='word_1_78' title='bbox 797 648 879 676; x_wconf 89' lang='lat' dir='ltr'><strong>porro</strong></span> <span class='ocrx_word' id='word_1_79' title='bbox 900 648 945 668; x_wconf 90' lang='lat' dir='ltr'><strong>xtv</strong></span> <span class='ocrx_word' id='word_1_80' title='bbox 961 648 1010 667; x_wconf 91' lang='lat' dir='ltr'><strong>ne-</strong></span> 
     </span>
    </p>
   </div>
   <div class='ocr_carea' id='block_1_14' title="bbox 221 685 1008 721">
    <p class='ocr_par' dir='ltr' id='par_1_14' title="bbox 221 685 1008 721">
     <span class='ocr_line' id='line_1_14' title="bbox 221 685 1008 721; baseline -0.001 -8"><span class='ocrx_word' id='word_1_81' title='bbox 221 691 285 721; x_wconf 76' lang='lat' dir='ltr'><strong>gent</strong></span> <span class='ocrx_word' id='word_1_82' title='bbox 305 692 368 713; x_wconf 91' lang='lat' dir='ltr'><strong>ante</strong></span> <span class='ocrx_word' id='word_1_83' title='bbox 388 687 583 721; x_wconf 73' lang='lat' dir='ltr'><strong>aequinoctium</strong></span> <span class='ocrx_word' id='word_1_84' title='bbox 607 687 689 713; x_wconf 89' lang='lat' dir='ltr'><strong>indici</strong></span> <span class='ocrx_word' id='word_1_85' title='bbox 716 694 797 721; x_wconf 86' lang='lat' dir='ltr'><strong>posse</strong></span> <span class='ocrx_word' id='word_1_86' title='bbox 813 685 1008 713; x_wconf 86' lang='lat' dir='ltr'><strong>:manifestum</strong></span> 
     </span>
    </p>
   </div>
   <div class='ocr_carea' id='block_1_15' title="bbox 221 731 1008 766">
    <p class='ocr_par' dir='ltr' id='par_1_15' title="bbox 221 731 1008 766">
     <span class='ocr_line' id='line_1_15' title="bbox 221 731 1008 766; baseline 0 -8"><span class='ocrx_word' id='word_1_87' title='bbox 221 736 271 764; x_wconf 82' lang='lat' dir='ltr'><strong>est,</strong></span> <span class='ocrx_word' id='word_1_88' title='bbox 296 733 453 759; x_wconf 81' lang='lat' dir='ltr'><strong>Anatolium</strong></span> <span class='ocrx_word' id='word_1_89' title='bbox 479 732 552 759; x_wconf 82' lang='lat' dir='ltr'><strong>nolle</strong></span> <span class='ocrx_word' id='word_1_90' title='bbox 577 739 622 758; x_wconf 87' lang='lat' dir='ltr'><strong>xw</strong></span> <span class='ocrx_word' id='word_1_91' title='bbox 646 737 710 758; x_wconf 88' lang='lat' dir='ltr'><strong>ante</strong></span> <span class='ocrx_word' id='word_1_92' title='bbox 735 731 824 766; x_wconf 88' lang='lat' dir='ltr'><strong>ipsunt</strong></span> <span class='ocrx_word' id='word_1_93' title='bbox 852 731 1008 766; x_wconf 61' lang='lat' dir='ltr'><strong>aequinoctii</strong></span> 
     </span>
    </p>
   </div>
   <div class='ocr_carea' id='block_1_16' title="bbox 221 776 1011 804">
    <p class='ocr_par' dir='ltr' id='par_1_16' title="bbox 221 776 1011 804">
     <span class='ocr_line' id='line_1_16' title="bbox 221 776 1011 804; baseline -0.001 0"><span class='ocrx_word' id='word_1_94' title='bbox 221 777 292 804; x_wconf 87' lang='lat' dir='ltr'><strong>diem</strong></span> <span class='ocrx_word' id='word_1_95' title='bbox 310 783 440 804; x_wconf 87' lang='lat' dir='ltr'><strong>statuere.</strong></span> <span class='ocrx_word' id='word_1_96' title='bbox 462 777 619 804; x_wconf 60' lang='lat' dir='ltr'><strong>Pratscrtitn</strong></span> <span class='ocrx_word' id='word_1_97' title='bbox 643 785 705 804; x_wconf 90' lang='lat' dir='ltr'><strong>cum</strong></span> <span class='ocrx_word' id='word_1_98' title='bbox 728 776 887 803; x_wconf 86' lang='lat' dir='ltr'><strong>Christiana</strong></span> <span class='ocrx_word' id='word_1_99' title='bbox 911 784 956 804; x_wconf 87' lang='lat' dir='ltr'><strong>xw</strong></span> <span class='ocrx_word' id='word_1_100' title='bbox 977 784 1011 803; x_wconf 82' lang='lat' dir='ltr'><strong>cx</strong></span> 
     </span>
    </p>
   </div>
   <div class='ocr_carea' id='block_1_17' title="bbox 220 821 1010 856">
    <p class='ocr_par' dir='ltr' id='par_1_17' title="bbox 220 821 1010 856">
     <span class='ocr_line' id='line_1_17' title="bbox 220 821 1010 856; baseline -0.003 -7"><span class='ocrx_word' id='word_1_101' title='bbox 220 823 404 850; x_wconf 83' lang='lat' dir='ltr'><strong>vetustissima</strong></span> <span class='ocrx_word' id='word_1_102' title='bbox 423 822 570 849; x_wconf 88' lang='lat' dir='ltr'><strong>tradilione</strong></span> <span class='ocrx_word' id='word_1_103' title='bbox 584 824 611 849; x_wconf 91' lang='lat' dir='ltr'><strong>in</strong></span> <span class='ocrx_word' id='word_1_104' title='bbox 632 822 828 856; x_wconf 81' lang='lat' dir='ltr'><strong>:equinoctitnn</strong></span> <span class='ocrx_word' id='word_1_105' title='bbox 842 821 941 855; x_wconf 84' lang='lat' dir='ltr'><strong>ipsum,</strong></span> <span class='ocrx_word' id='word_1_106' title='bbox 955 828 1010 847; x_wconf 91' lang='lat' dir='ltr'><strong>non</strong></span> 
     </span>
    </p>
   </div>
   <div class='ocr_carea' id='block_1_18' title="bbox 227 866 1009 900">
    <p class='ocr_par' dir='ltr' id='par_1_18' title="bbox 227 866 1009 900">
     <span class='ocr_line' id='line_1_18' title="bbox 227 866 1009 900; baseline -0.003 -5"><span class='ocrx_word' id='word_1_107' title='bbox 227 873 292 895; x_wconf 88' lang='lat' dir='ltr'><strong>attte</strong></span> <span class='ocrx_word' id='word_1_108' title='bbox 312 869 386 895; x_wconf 90' lang='lat' dir='ltr'><strong>hunc</strong></span> <span class='ocrx_word' id='word_1_109' title='bbox 405 868 477 895; x_wconf 89' lang='lat' dir='ltr'><strong>diem</strong></span> <span class='ocrx_word' id='word_1_110' title='bbox 496 868 617 896; x_wconf 81' lang='lat' dir='ltr'><strong>incidere</strong></span> <span class='ocrx_word' id='word_1_111' title='bbox 637 868 743 895; x_wconf 83' lang='lat' dir='ltr'><strong>debeat.</strong></span> <span class='ocrx_word' id='word_1_112' title='bbox 764 867 897 900; x_wconf 81' lang='lat' dir='ltr'><strong>Quocirca</strong></span> <span class='ocrx_word' id='word_1_113' title='bbox 914 866 1009 893; x_wconf 87' lang='lat' dir='ltr'><strong>vitiosa</strong></span> 
     </span>
    </p>
   </div>
   <div class='ocr_carea' id='block_1_19' title="bbox 221 912 1009 948">
    <p class='ocr_par' dir='ltr' id='par_1_19' title="bbox 221 912 1009 948">
     <span class='ocr_line' id='line_1_19' title="bbox 221 912 1009 948; baseline -0.004 -8"><span class='ocrx_word' id='word_1_114' title='bbox 221 918 264 941; x_wconf 87' lang='lat' dir='ltr'><strong>est</strong></span> <span class='ocrx_word' id='word_1_115' title='bbox 282 914 390 948; x_wconf 74' lang='lat' dir='ltr'><strong>vulgata</strong></span> <span class='ocrx_word' id='word_1_116' title='bbox 406 914 450 940; x_wconf 88' lang='lat' dir='ltr'><strong>illa</strong></span> <span class='ocrx_word' id='word_1_117' title='bbox 469 913 550 940; x_wconf 81' lang='lat' dir='ltr'><strong>lectio</strong></span> <span class='ocrx_word' id='word_1_118' title='bbox 569 914 627 940; x_wconf 79' lang='grc' dir='ltr'><strong>κατ’</strong></span> <span class='ocrx_word' id='word_1_119' title='bbox 647 913 741 947; x_wconf 69' lang='grc' dir='ltr'><strong>αὑτήν,</strong></span> <span class='ocrx_word' id='word_1_120' title='bbox 760 916 787 939; x_wconf 91' lang='lat' dir='ltr'><strong>ct</strong></span> <span class='ocrx_word' id='word_1_121' title='bbox 807 912 867 938; x_wconf 82' lang='grc' dir='ltr'><strong>κατ’</strong></span> <span class='ocrx_word' id='word_1_122' title='bbox 883 912 949 938; x_wconf 80' lang='grc' dir='ltr'><strong>αὑτό</strong></span> <span class='ocrx_word' id='word_1_123' title='bbox 967 920 1009 938; x_wconf 89' lang='lat' dir='ltr'><strong>re-</strong></span> 
     </span>
    </p>
   </div>
   <div class='ocr_carea' id='block_1_20' title="bbox 224 957 1007 987">
    <p class='ocr_par' dir='ltr' id='par_1_20' title="bbox 224 957 1007 987">
     <span class='ocr_line' id='line_1_20' title="bbox 224 957 1007 987; baseline -0.004 -1"><span class='ocrx_word' id='word_1_124' title='bbox 224 959 408 987; x_wconf 86' lang='lat' dir='ltr'><strong>scribendum.</strong></span> <span class='ocrx_word' id='word_1_125' title='bbox 430 958 508 986; x_wconf 79' lang='lat' dir='ltr'><strong>ilunc</strong></span> <span class='ocrx_word' id='word_1_126' title='bbox 524 959 645 986; x_wconf 88' lang='lat' dir='ltr'><strong>Anatolii</strong></span> <span class='ocrx_word' id='word_1_127' title='bbox 666 958 755 985; x_wconf 86' lang='lat' dir='ltr'><strong>loeum</strong></span> <span class='ocrx_word' id='word_1_128' title='bbox 781 957 949 985; x_wconf 87' lang='lat' dir='ltr'><strong>novissimus</strong></span> <span class='ocrx_word' id='word_1_129' title='bbox 964 957 1007 983; x_wconf 87' lang='lat' dir='ltr'><strong>iit-</strong></span> 
     </span>
    </p>
   </div>
   <div class='ocr_carea' id='block_1_21' title="bbox 224 1003 1008 1040">
    <p class='ocr_par' dir='ltr' id='par_1_21' title="bbox 224 1003 1008 1040">
     <span class='ocr_line' id='line_1_21' title="bbox 224 1003 1008 1040; baseline -0.005 -8"><span class='ocrx_word' id='word_1_130' title='bbox 224 1010 328 1040; x_wconf 89' lang='lat' dir='ltr'><strong>terpres</strong></span> <span class='ocrx_word' id='word_1_131' title='bbox 345 1006 420 1039; x_wconf 89' lang='lat' dir='ltr'><strong>(nam</strong></span> <span class='ocrx_word' id='word_1_132' title='bbox 437 1004 471 1032; x_wconf 88' lang='lat' dir='ltr'><strong>de</strong></span> <span class='ocrx_word' id='word_1_133' title='bbox 498 1004 598 1032; x_wconf 79' lang='lat' dir='ltr'><strong>Rufino</strong></span> <span class='ocrx_word' id='word_1_134' title='bbox 612 1003 788 1039; x_wconf 86' lang='lat' dir='ltr'><strong>postmodum</strong></span> <span class='ocrx_word' id='word_1_135' title='bbox 809 1003 934 1038; x_wconf 80' lang='lat' dir='ltr'><strong>agemus)</strong></span> <span class='ocrx_word' id='word_1_136' title='bbox 950 1010 1008 1030; x_wconf 86' lang='lat' dir='ltr'><strong>tua-</strong></span> 
     </span>
    </p>
   </div>
   <div class='ocr_carea' id='block_1_22' title="bbox 223 1048 1008 1086">
    <p class='ocr_par' dir='ltr' id='par_1_22' title="bbox 223 1048 1008 1086">
     <span class='ocr_line' id='line_1_22' title="bbox 223 1048 1008 1086; baseline -0.006 -8"><span class='ocrx_word' id='word_1_137' title='bbox 223 1058 341 1086; x_wconf 78' lang='lat' dir='ltr'><strong>gnopere</strong></span> <span class='ocrx_word' id='word_1_138' title='bbox 359 1051 526 1085; x_wconf 85' lang='lat' dir='ltr'><strong>depravavit.</strong></span> <span class='ocrx_word' id='word_1_139' title='bbox 549 1048 595 1077; x_wconf 89' lang='lat' dir='ltr'><strong>Sic</strong></span> <span class='ocrx_word' id='word_1_140' title='bbox 618 1050 691 1076; x_wconf 90' lang='lat' dir='ltr'><strong>cnim</strong></span> <span class='ocrx_word' id='word_1_141' title='bbox 721 1049 817 1076; x_wconf 85' lang='lat' dir='ltr'><strong>vertit:</strong></span> <span class='ocrx_word' id='word_1_142' title='bbox 839 1048 1008 1082; x_wconf 80' lang='lat' dir='ltr'><strong>Quapropter</strong></span> 
     </span>
    </p>
   </div>
   <div class='ocr_carea' id='block_1_23' title="bbox 219 1093 1007 1131">
    <p class='ocr_par' dir='ltr' id='par_1_23' title="bbox 219 1093 1007 1131">
     <span class='ocr_line' id='line_1_23' title="bbox 219 1093 1007 1131; baseline -0.003 -9"><span class='ocrx_word' id='word_1_143' title='bbox 219 1097 265 1129; x_wconf 75' lang='lat' dir='ltr'><strong>qui</strong></span> <span class='ocrx_word' id='word_1_144' title='bbox 278 1097 438 1131; x_wconf 79' lang='lat' dir='ltr'><strong>principium</strong></span> <span class='ocrx_word' id='word_1_145' title='bbox 450 1096 530 1130; x_wconf 81' lang='lat' dir='ltr'><strong>primi</strong></span> <span class='ocrx_word' id='word_1_146' title='bbox 546 1095 643 1122; x_wconf 68' lang='lat' dir='ltr'><strong>mensis</strong></span> <span class='ocrx_word' id='word_1_147' title='bbox 657 1095 685 1121; x_wconf 86' lang='lat' dir='ltr'><strong>in</strong></span> <span class='ocrx_word' id='word_1_148' title='bbox 700 1093 746 1121; x_wconf 87' lang='lat' dir='ltr'><strong>illo</strong></span> <span class='ocrx_word' id='word_1_149' title='bbox 762 1102 826 1121; x_wconf 86' lang='lat' dir='ltr'><strong>xxvt</strong></span> <span class='ocrx_word' id='word_1_150' title='bbox 837 1095 879 1121; x_wconf 74' lang='lat' dir='ltr'><strong>die</strong></span> <span class='ocrx_word' id='word_1_151' title='bbox 891 1094 1007 1121; x_wconf 85' lang='lat' dir='ltr'><strong>Phame-</strong></span> 
     </span>
    </p>
   </div>
   <div class='ocr_carea' id='block_1_24' title="bbox 221 1140 1007 1176">
    <p class='ocr_par' dir='ltr' id='par_1_24' title="bbox 221 1140 1007 1176">
     <span class='ocr_line' id='line_1_24' title="bbox 221 1140 1007 1176; baseline -0.004 -7"><span class='ocrx_word' id='word_1_152' title='bbox 221 1143 282 1169; x_wconf 82' lang='lat' dir='ltr'><strong>notlt</strong></span> <span class='ocrx_word' id='word_1_153' title='bbox 302 1150 357 1169; x_wconf 69' lang='lat' dir='ltr'><strong>esse</strong></span> <span class='ocrx_word' id='word_1_154' title='bbox 380 1146 486 1176; x_wconf 83' lang='lat' dir='ltr'><strong>putant,</strong></span> <span class='ocrx_word' id='word_1_155' title='bbox 513 1141 546 1167; x_wconf 84' lang='lat' dir='ltr'><strong>ad</strong></span> <span class='ocrx_word' id='word_1_156' title='bbox 565 1148 608 1167; x_wconf 81' lang='lat' dir='ltr'><strong>xtv</strong></span> <span class='ocrx_word' id='word_1_157' title='bbox 629 1140 699 1167; x_wconf 82' lang='lat' dir='ltr'><strong>diem</strong></span> <span class='ocrx_word' id='word_1_158' title='bbox 723 1140 843 1174; x_wconf 66' lang='lat' dir='ltr'><strong>proxime</strong></span> <span class='ocrx_word' id='word_1_159' title='bbox 863 1140 1007 1167; x_wconf 68' lang='lat' dir='ltr'><strong>secundum</strong></span> 
     </span>
    </p>
   </div>
   <div class='ocr_carea' id='block_1_25' title="bbox 220 1186 1008 1222">
    <p class='ocr_par' dir='ltr' id='par_1_25' title="bbox 220 1186 1008 1222">
     <span class='ocr_line' id='line_1_25' title="bbox 220 1186 1008 1222; baseline -0.003 -8"><span class='ocrx_word' id='word_1_160' title='bbox 220 1188 309 1221; x_wconf 83' lang='lat' dir='ltr'><strong>illum,</strong></span> <span class='ocrx_word' id='word_1_161' title='bbox 332 1188 428 1222; x_wconf 77' lang='lat' dir='ltr'><strong>[eumn</strong></span> <span class='ocrx_word' id='word_1_162' title='bbox 446 1186 589 1213; x_wconf 68' lang='lat' dir='ltr'><strong>Paschalis</strong></span> <span class='ocrx_word' id='word_1_163' title='bbox 611 1186 797 1213; x_wconf 76' lang='lat' dir='ltr'><strong>celebrandum</strong></span> <span class='ocrx_word' id='word_1_164' title='bbox 816 1190 948 1218; x_wconf 73' lang='lat' dir='ltr'><strong>statuunt,</strong></span> <span class='ocrx_word' id='word_1_165' title='bbox 963 1193 1008 1212; x_wconf 70' lang='lat' dir='ltr'><strong>eos</strong></span> 
     </span>
    </p>
   </div>
   <div class='ocr_carea' id='block_1_26' title="bbox 220 1230 1008 1266">
    <p class='ocr_par' dir='ltr' id='par_1_26' title="bbox 220 1230 1008 1266">
     <span class='ocr_line' id='line_1_26' title="bbox 220 1230 1008 1266; baseline -0.001 -6"><span class='ocrx_word' id='word_1_166' title='bbox 220 1234 382 1260; x_wconf 72' lang='lat' dir='ltr'><strong>vehementer</strong></span> <span class='ocrx_word' id='word_1_167' title='bbox 403 1241 492 1260; x_wconf 77' lang='lat' dir='ltr'><strong>errare</strong></span> <span class='ocrx_word' id='word_1_168' title='bbox 513 1232 637 1259; x_wconf 70' lang='lat' dir='ltr'><strong>dicimur.</strong></span> <span class='ocrx_word' id='word_1_169' title='bbox 654 1231 764 1259; x_wconf 83' lang='lat' dir='ltr'><strong>Putavit</strong></span> <span class='ocrx_word' id='word_1_170' title='bbox 786 1230 860 1266; x_wconf 81' lang='grc' dir='ltr'><strong>αὑτῷ</strong></span> <span class='ocrx_word' id='word_1_171' title='bbox 883 1231 916 1258; x_wconf 85' lang='lat' dir='ltr'><strong>ad</strong></span> <span class='ocrx_word' id='word_1_172' title='bbox 943 1238 1008 1259; x_wconf 78' lang='lat' dir='ltr'><strong>xxvt</strong></span> 
     </span>
    </p>
   </div>
   <div class='ocr_carea' id='block_1_27' title="bbox 221 1276 1008 1314">
    <p class='ocr_par' dir='ltr' id='par_1_27' title="bbox 221 1276 1008 1314">
     <span class='ocr_line' id='line_1_27' title="bbox 221 1276 1008 1314; baseline -0.005 -8"><span class='ocrx_word' id='word_1_173' title='bbox 221 1280 292 1307; x_wconf 86' lang='lat' dir='ltr'><strong>diem</strong></span> <span class='ocrx_word' id='word_1_174' title='bbox 306 1279 451 1314; x_wconf 76' lang='lat' dir='ltr'><strong>pertinere,</strong></span> <span class='ocrx_word' id='word_1_175' title='bbox 461 1286 524 1306; x_wconf 91' lang='lat' dir='ltr'><strong>cum</strong></span> <span class='ocrx_word' id='word_1_176' title='bbox 536 1278 569 1305; x_wconf 88' lang='lat' dir='ltr'><strong>de</strong></span> <span class='ocrx_word' id='word_1_177' title='bbox 583 1281 720 1313; x_wconf 75' lang='lat' dir='ltr'><strong>postremo</strong></span> <span class='ocrx_word' id='word_1_178' title='bbox 730 1276 854 1312; x_wconf 77' lang='lat' dir='ltr'><strong>signiferi</strong></span> <span class='ocrx_word' id='word_1_179' title='bbox 866 1281 1008 1312; x_wconf 77' lang='lat' dir='ltr'><strong>segmento</strong></span> 
     </span>
    </p>
   </div>
   <div class='ocr_carea' id='block_1_28' title="bbox 222 1323 1008 1360">
    <p class='ocr_par' dir='ltr' id='par_1_28' title="bbox 222 1323 1008 1360">
     <span class='ocr_line' id='line_1_28' title="bbox 222 1323 1008 1360; baseline -0.003 -8"><span class='ocrx_word' id='word_1_180' title='bbox 222 1327 258 1353; x_wconf 91' lang='lat' dir='ltr'><strong>sit</strong></span> <span class='ocrx_word' id='word_1_181' title='bbox 269 1325 468 1360; x_wconf 86' lang='lat' dir='ltr'><strong>accipiendum.</strong></span> <span class='ocrx_word' id='word_1_182' title='bbox 479 1323 661 1357; x_wconf 88' lang='lat' dir='ltr'><strong>Quamobrem</strong></span> <span class='ocrx_word' id='word_1_183' title='bbox 675 1331 708 1350; x_wconf 87' lang='lat' dir='ltr'><strong>ex</strong></span> <span class='ocrx_word' id='word_1_184' title='bbox 719 1323 864 1358; x_wconf 87' lang='lat' dir='ltr'><strong>disputatis</strong></span> <span class='ocrx_word' id='word_1_185' title='bbox 875 1323 1008 1350; x_wconf 85' lang='lat' dir='ltr'><strong>hactenus</strong></span> 
     </span>
    </p>
   </div>
   <div class='ocr_carea' id='block_1_29' title="bbox 221 1369 1007 1408">
    <p class='ocr_par' dir='ltr' id='par_1_29' title="bbox 221 1369 1007 1408">
     <span class='ocr_line' id='line_1_29' title="bbox 221 1369 1007 1408; baseline -0.005 -8"><span class='ocrx_word' id='word_1_186' title='bbox 221 1377 343 1408; x_wconf 85' lang='lat' dir='ltr'><strong>apparet,</strong></span> <span class='ocrx_word' id='word_1_187' title='bbox 365 1371 484 1406; x_wconf 91' lang='lat' dir='ltr'><strong>primum</strong></span> <span class='ocrx_word' id='word_1_188' title='bbox 506 1378 627 1398; x_wconf 84' lang='lat' dir='ltr'><strong>mensem</strong></span> <span class='ocrx_word' id='word_1_189' title='bbox 643 1369 802 1404; x_wconf 88' lang='lat' dir='ltr'><strong>Tropicutn,</strong></span> <span class='ocrx_word' id='word_1_190' title='bbox 819 1370 877 1397; x_wconf 84' lang='lat' dir='ltr'><strong>sive</strong></span> <span class='ocrx_word' id='word_1_191' title='bbox 895 1369 1007 1406; x_wconf 78' lang='grc' dir='ltr'><strong>Κριῶνα</strong></span> 
     </span>
    </p>
   </div>
   <div class='ocr_carea' id='block_1_30' title="bbox 221 1415 1008 1451">
    <p class='ocr_par' dir='ltr' id='par_1_30' title="bbox 221 1415 1008 1451">
     <span class='ocr_line' id='line_1_30' title="bbox 221 1415 1008 1451; baseline -0.004 -6"><span class='ocrx_word' id='word_1_192' title='bbox 221 1418 267 1445; x_wconf 88' lang='lat' dir='ltr'><strong>hic</strong></span> <span class='ocrx_word' id='word_1_193' title='bbox 280 1418 315 1444; x_wconf 90' lang='lat' dir='ltr'><strong>ab</strong></span> <span class='ocrx_word' id='word_1_194' title='bbox 334 1417 463 1444; x_wconf 82' lang='lat' dir='ltr'><strong>Anatolio</strong></span> <span class='ocrx_word' id='word_1_195' title='bbox 482 1416 606 1451; x_wconf 74' lang='lat' dir='ltr'><strong>intelligi.</strong></span> <span class='ocrx_word' id='word_1_196' title='bbox 625 1415 718 1451; x_wconf 85' lang='lat' dir='ltr'><strong>Neque</strong></span> <span class='ocrx_word' id='word_1_197' title='bbox 735 1416 809 1443; x_wconf 94' lang='lat' dir='ltr'><strong>enim</strong></span> <span class='ocrx_word' id='word_1_198' title='bbox 826 1415 931 1443; x_wconf 88' lang='lat' dir='ltr'><strong>lunaris</strong></span> <span class='ocrx_word' id='word_1_199' title='bbox 947 1423 1008 1442; x_wconf 89' lang='lat' dir='ltr'><strong>esse</strong></span> 
     </span>
    </p>
   </div>
   <div class='ocr_carea' id='block_1_31' title="bbox 221 1459 1008 1499">
    <p class='ocr_par' dir='ltr' id='par_1_31' title="bbox 221 1459 1008 1499">
     <span class='ocr_line' id='line_1_31' title="bbox 221 1459 1008 1499; baseline -0.005 -8"><span class='ocrx_word' id='word_1_200' title='bbox 221 1469 321 1499; x_wconf 84' lang='lat' dir='ltr'><strong>potest,</strong></span> <span class='ocrx_word' id='word_1_201' title='bbox 339 1471 401 1491; x_wconf 91' lang='lat' dir='ltr'><strong>cum</strong></span> <span class='ocrx_word' id='word_1_202' title='bbox 418 1463 445 1490; x_wconf 89' lang='lat' dir='ltr'><strong>in</strong></span> <span class='ocrx_word' id='word_1_203' title='bbox 465 1462 651 1489; x_wconf 87' lang='lat' dir='ltr'><strong>Alexandrino</strong></span> <span class='ocrx_word' id='word_1_204' title='bbox 666 1461 742 1497; x_wconf 82' lang='lat' dir='ltr'><strong>cyclo</strong></span> <span class='ocrx_word' id='word_1_205' title='bbox 767 1461 909 1488; x_wconf 89' lang='lat' dir='ltr'><strong>ttcomenia</strong></span> <span class='ocrx_word' id='word_1_206' title='bbox 927 1459 1008 1495; x_wconf 83' lang='lat' dir='ltr'><strong>primi</strong></span> 
     </span>
    </p>
   </div>
   <div class='ocr_carea' id='block_1_32' title="bbox 222 1506 1009 1544">
    <p class='ocr_par' dir='ltr' id='par_1_32' title="bbox 222 1506 1009 1544">
     <span class='ocr_line' id='line_1_32' title="bbox 222 1506 1009 1544; baseline -0.006 -7"><span class='ocrx_word' id='word_1_207' title='bbox 222 1510 325 1537; x_wconf 91' lang='lat' dir='ltr'><strong>mensis</strong></span> <span class='ocrx_word' id='word_1_208' title='bbox 345 1509 420 1544; x_wconf 86' lang='lat' dir='ltr'><strong>cyclo</strong></span> <span class='ocrx_word' id='word_1_209' title='bbox 437 1508 525 1543; x_wconf 88' lang='lat' dir='ltr'><strong>pritno</strong></span> <span class='ocrx_word' id='word_1_210' title='bbox 543 1512 579 1535; x_wconf 69' lang='grc' dir='ltr'><strong>δτι</strong></span> <span class='ocrx_word' id='word_1_211' title='bbox 595 1507 685 1534; x_wconf 80' lang='lat' dir='ltr'><strong>Martii</strong></span> <span class='ocrx_word' id='word_1_212' title='bbox 702 1515 771 1534; x_wconf 86' lang='lat' dir='ltr'><strong>xxttt</strong></span> <span class='ocrx_word' id='word_1_213' title='bbox 785 1516 791 1533; x_wconf 93' lang='lat'>:</span> <span class='ocrx_word' id='word_1_214' title='bbox 811 1514 872 1533; x_wconf 86' lang='lat' dir='ltr'><strong>nam</strong></span> <span class='ocrx_word' id='word_1_215' title='bbox 892 1506 1009 1533; x_wconf 85' lang='lat' dir='ltr'><strong>Alexan-</strong></span> 
     </span>
    </p>
   </div>
   <div class='ocr_carea' id='block_1_33' title="bbox 221 1551 1008 1592">
    <p class='ocr_par' dir='ltr' id='par_1_33' title="bbox 221 1551 1008 1592">
     <span class='ocr_line' id='line_1_33' title="bbox 221 1551 1008 1592; baseline -0.006 -9"><span class='ocrx_word' id='word_1_216' title='bbox 221 1556 293 1584; x_wconf 87' lang='lat' dir='ltr'><strong>drini</strong></span> <span class='ocrx_word' id='word_1_217' title='bbox 309 1555 377 1590; x_wconf 76' lang='lat' dir='ltr'><strong>cycli</strong></span> <span class='ocrx_word' id='word_1_218' title='bbox 390 1562 479 1592; x_wconf 81' lang='lat' dir='ltr'><strong>annus</strong></span> <span class='ocrx_word' id='word_1_219' title='bbox 495 1554 600 1588; x_wconf 90' lang='lat' dir='ltr'><strong>pritnus</strong></span> <span class='ocrx_word' id='word_1_220' title='bbox 615 1553 770 1588; x_wconf 86' lang='lat' dir='ltr'><strong>paschalem</strong></span> <span class='ocrx_word' id='word_1_221' title='bbox 788 1551 960 1580; x_wconf 86' lang='lat' dir='ltr'><strong>neomeniam</strong></span> <span class='ocrx_word' id='word_1_222' title='bbox 974 1552 1008 1579; x_wconf 91' lang='lat' dir='ltr'><strong>ab</strong></span> 
     </span>
    </p>
   </div>
   <div class='ocr_carea' id='block_1_34' title="bbox 1026 907 1046 937">
    <p class='ocr_par' dir='ltr' id='par_1_34' title="bbox 1026 907 1046 937">
     <span class='ocr_line' id='line_1_34' title="bbox 1026 907 1046 937; baseline 0 0"><span class='ocrx_word' id='word_1_223' title='bbox 1026 907 1046 937; x_wconf 87' lang='grc' dir='ltr'><strong><em>Β</em></strong></span> 
     </span>
    </p>
   </div>
   <div class='ocr_carea' id='block_1_35' title="bbox 221 1586 1042 1636">
    <p class='ocr_par' dir='ltr' id='par_1_35' title="bbox 221 1586 1042 1636">
     <span class='ocr_line' id='line_1_35' title="bbox 221 1586 1042 1636; baseline -0.009 -6"><span class='ocrx_word' id='word_1_224' title='bbox 221 1603 274 1630; x_wconf 72' lang='lat' dir='ltr'><strong>hoc</strong></span> <span class='ocrx_word' id='word_1_225' title='bbox 286 1586 447 1636; x_wconf 45' lang='lat' dir='ltr'><strong>tlie&#39;incipit,</strong></span> <span class='ocrx_word' id='word_1_226' title='bbox 458 1586 623 1627; x_wconf 64' lang='lat' dir='ltr'><strong>Latinorum</strong></span> <span class='ocrx_word' id='word_1_227' title='bbox 638 1606 702 1626; x_wconf 87' lang='lat' dir='ltr'><strong>vero</strong></span> <span class='ocrx_word' id='word_1_228' title='bbox 716 1603 777 1634; x_wconf 88' lang='lat' dir='ltr'><strong>post</strong></span> <span class='ocrx_word' id='word_1_229' title='bbox 793 1597 1007 1625; x_wconf 83' lang='lat' dir='ltr'><strong>Alexandrinum</strong></span> <span class='ocrx_word' id='word_1_230' title='bbox 1021 1586 1042 1614; x_wconf 63' lang='grc' dir='ltr'><strong>(ἶ</strong></span> 
     </span>
    </p>
   </div>
   <div class='ocr_carea' id='block_1_36' title="bbox 222 1643 1009 1683">
    <p class='ocr_par' dir='ltr' id='par_1_36' title="bbox 222 1643 1009 1683">
     <span class='ocr_line' id='line_1_36' title="bbox 222 1643 1009 1683; baseline -0.009 -7"><span class='ocrx_word' id='word_1_231' title='bbox 222 1652 358 1683; x_wconf 84' lang='lat' dir='ltr'><strong>receptum</strong></span> <span class='ocrx_word' id='word_1_232' title='bbox 373 1648 476 1682; x_wconf 89' lang='lat' dir='ltr'><strong>pritutts</strong></span> <span class='ocrx_word' id='word_1_233' title='bbox 489 1646 583 1681; x_wconf 77' lang='lat' dir='ltr'><strong>cyclus</strong></span> <span class='ocrx_word' id='word_1_234' title='bbox 592 1645 725 1679; x_wconf 87' lang='lat' dir='ltr'><strong>iniitApr.</strong></span> <span class='ocrx_word' id='word_1_235' title='bbox 737 1652 774 1676; x_wconf 88' lang='lat' dir='ltr'><strong>tv,</strong></span> <span class='ocrx_word' id='word_1_236' title='bbox 786 1644 832 1679; x_wconf 90' lang='lat' dir='ltr'><strong>qui</strong></span> <span class='ocrx_word' id='word_1_237' title='bbox 842 1649 884 1671; x_wconf 90' lang='lat' dir='ltr'><strong>est</strong></span> <span class='ocrx_word' id='word_1_238' title='bbox 895 1643 1009 1670; x_wconf 82' lang='lat' dir='ltr'><strong>Alexan-</strong></span> 
     </span>
    </p>
   </div>
   <div class='ocr_carea' id='block_1_37' title="bbox 220 1689 1007 1728">
    <p class='ocr_par' dir='ltr' id='par_1_37' title="bbox 220 1689 1007 1728">
     <span class='ocr_line' id='line_1_37' title="bbox 220 1689 1007 1728; baseline -0.009 -6"><span class='ocrx_word' id='word_1_239' title='bbox 220 1694 317 1722; x_wconf 85' lang='lat' dir='ltr'><strong>drinus</strong></span> <span class='ocrx_word' id='word_1_240' title='bbox 340 1693 432 1728; x_wconf 86' lang='lat' dir='ltr'><strong>cyclus</strong></span> <span class='ocrx_word' id='word_1_241' title='bbox 448 1692 571 1724; x_wconf 87' lang='lat' dir='ltr'><strong>ultimus,</strong></span> <span class='ocrx_word' id='word_1_242' title='bbox 588 1696 618 1718; x_wconf 88' lang='grc' dir='ltr'><strong>ιιι</strong></span> <span class='ocrx_word' id='word_1_243' title='bbox 639 1691 714 1722; x_wconf 85' lang='lat' dir='ltr'><strong>alibi,</strong></span> <span class='ocrx_word' id='word_1_244' title='bbox 735 1689 791 1717; x_wconf 89' lang='lat' dir='ltr'><strong>Deo</strong></span> <span class='ocrx_word' id='word_1_245' title='bbox 808 1690 900 1721; x_wconf 90' lang='lat' dir='ltr'><strong>dante,</strong></span> <span class='ocrx_word' id='word_1_246' title='bbox 918 1689 1007 1716; x_wconf 89' lang='lat' dir='ltr'><strong>fusius</strong></span> 
     </span>
    </p>
   </div>
   <div class='ocr_carea' id='block_1_38' title="bbox 220 1735 1007 1773">
    <p class='ocr_par' dir='ltr' id='par_1_38' title="bbox 220 1735 1007 1773">
     <span class='ocr_line' id='line_1_38' title="bbox 220 1735 1007 1773; baseline -0.008 -6"><span class='ocrx_word' id='word_1_247' title='bbox 220 1740 388 1767; x_wconf 86' lang='lat' dir='ltr'><strong>docebimus.</strong></span> <span class='ocrx_word' id='word_1_248' title='bbox 402 1739 470 1766; x_wconf 79' lang='lat' dir='ltr'><strong>Cum</strong></span> <span class='ocrx_word' id='word_1_249' title='bbox 489 1738 572 1773; x_wconf 76' lang='lat' dir='ltr'><strong>igitur</strong></span> <span class='ocrx_word' id='word_1_250' title='bbox 590 1737 735 1764; x_wconf 87' lang='lat' dir='ltr'><strong>ncomenia</strong></span> <span class='ocrx_word' id='word_1_251' title='bbox 751 1735 832 1770; x_wconf 87' lang='lat' dir='ltr'><strong>primi</strong></span> <span class='ocrx_word' id='word_1_252' title='bbox 851 1735 954 1762; x_wconf 85' lang='lat' dir='ltr'><strong>mensis</strong></span> <span class='ocrx_word' id='word_1_253' title='bbox 968 1735 1007 1761; x_wconf 88' lang='lat' dir='ltr'><strong>lu—</strong></span> 
     </span>
    </p>
   </div>
   <div class='ocr_carea' id='block_1_39' title="bbox 221 1781 1008 1819">
    <p class='ocr_par' dir='ltr' id='par_1_39' title="bbox 221 1781 1008 1819">
     <span class='ocr_line' id='line_1_39' title="bbox 221 1781 1008 1819; baseline -0.009 -6"><span class='ocrx_word' id='word_1_254' title='bbox 221 1787 296 1813; x_wconf 88' lang='lat' dir='ltr'><strong>naris</strong></span> <span class='ocrx_word' id='word_1_255' title='bbox 316 1793 348 1812; x_wconf 91' lang='lat' dir='ltr'><strong>ea</strong></span> <span class='ocrx_word' id='word_1_256' title='bbox 369 1785 421 1817; x_wconf 88' lang='lat' dir='ltr'><strong>sit,</strong></span> <span class='ocrx_word' id='word_1_257' title='bbox 442 1792 503 1819; x_wconf 78' lang='lat' dir='ltr'><strong>qua:</strong></span> <span class='ocrx_word' id='word_1_258' title='bbox 521 1787 584 1819; x_wconf 87' lang='lat' dir='ltr'><strong>post</strong></span> <span class='ocrx_word' id='word_1_259' title='bbox 604 1782 800 1817; x_wconf 70' lang='lat' dir='ltr'><strong>aequinoctium</strong></span> <span class='ocrx_word' id='word_1_260' title='bbox 821 1781 943 1816; x_wconf 80' lang='lat' dir='ltr'><strong>proxime</strong></span> <span class='ocrx_word' id='word_1_261' title='bbox 965 1788 1008 1806; x_wconf 84' lang='lat' dir='ltr'><strong>se-</strong></span> 
     </span>
    </p>
   </div>
   <div class='ocr_carea' id='block_1_40' title="bbox 221 1824 1008 1867">
    <p class='ocr_par' dir='ltr' id='par_1_40' title="bbox 221 1824 1008 1867">
     <span class='ocr_line' id='line_1_40' title="bbox 221 1824 1008 1867; baseline -0.01 -8"><span class='ocrx_word' id='word_1_262' title='bbox 221 1832 325 1867; x_wconf 81' lang='lat' dir='ltr'><strong>quitur,</strong></span> <span class='ocrx_word' id='word_1_263' title='bbox 345 1835 458 1865; x_wconf 85' lang='lat' dir='ltr'><strong>apparet</strong></span> <span class='ocrx_word' id='word_1_264' title='bbox 475 1837 524 1856; x_wconf 88' lang='lat' dir='ltr'><strong>cttr</strong></span> <span class='ocrx_word' id='word_1_265' title='bbox 541 1828 731 1860; x_wconf 85' lang='lat' dir='ltr'><strong>Alexandrini,</strong></span> <span class='ocrx_word' id='word_1_266' title='bbox 750 1831 778 1854; x_wconf 89' lang='lat' dir='ltr'><strong>et</strong></span> <span class='ocrx_word' id='word_1_267' title='bbox 793 1835 840 1854; x_wconf 88' lang='lat' dir='ltr'><strong>eos</strong></span> <span class='ocrx_word' id='word_1_268' title='bbox 858 1826 944 1854; x_wconf 79' lang='lat' dir='ltr'><strong>secuti</strong></span> <span class='ocrx_word' id='word_1_269' title='bbox 960 1824 1008 1852; x_wconf 84' lang='lat' dir='ltr'><strong>Ni-</strong></span> 
     </span>
    </p>
   </div>
   <div class='ocr_carea' id='block_1_41' title="bbox 222 1871 1007 1911">
    <p class='ocr_par' dir='ltr' id='par_1_41' title="bbox 222 1871 1007 1911">
     <span class='ocr_line' id='line_1_41' title="bbox 222 1871 1007 1911; baseline -0.009 -6"><span class='ocrx_word' id='word_1_270' title='bbox 222 1878 290 1906; x_wconf 70' lang='lat' dir='ltr'><strong>caeni</strong></span> <span class='ocrx_word' id='word_1_271' title='bbox 307 1877 400 1904; x_wconf 80' lang='lat' dir='ltr'><strong>Patres</strong></span> <span class='ocrx_word' id='word_1_272' title='bbox 420 1875 526 1911; x_wconf 73' lang='lat' dir='ltr'><strong>cyclnm</strong></span> <span class='ocrx_word' id='word_1_273' title='bbox 541 1882 547 1901; x_wconf 91' lang='grc' dir='ltr'><strong>ι</strong></span> <span class='ocrx_word' id='word_1_274' title='bbox 562 1874 652 1901; x_wconf 81' lang='lat' dir='ltr'><strong>Martii</strong></span> <span class='ocrx_word' id='word_1_275' title='bbox 671 1881 739 1900; x_wconf 85' lang='lat' dir='ltr'><strong>xxttt</strong></span> <span class='ocrx_word' id='word_1_276' title='bbox 755 1873 920 1900; x_wconf 89' lang='lat' dir='ltr'><strong>statuerint:</strong></span> <span class='ocrx_word' id='word_1_277' title='bbox 935 1871 1007 1906; x_wconf 91' lang='lat' dir='ltr'><strong>quod</strong></span> 
     </span>
    </p>
   </div>
   <div class='ocr_carea' id='block_1_42' title="bbox 222 1919 1006 1957">
    <p class='ocr_par' dir='ltr' id='par_1_42' title="bbox 222 1919 1006 1957">
     <span class='ocr_line' id='line_1_42' title="bbox 222 1919 1006 1957; baseline -0.006 -6"><span class='ocrx_word' id='word_1_278' title='bbox 222 1924 348 1952; x_wconf 80' lang='lat' dir='ltr'><strong>videlicet</strong></span> <span class='ocrx_word' id='word_1_279' title='bbox 372 1923 510 1954; x_wconf 84' lang='lat' dir='ltr'><strong>Anatolii,</strong></span> <span class='ocrx_word' id='word_1_280' title='bbox 534 1927 753 1957; x_wconf 72' lang='lat' dir='ltr'><strong>caeterorumque</strong></span> <span class='ocrx_word' id='word_1_281' title='bbox 776 1920 913 1956; x_wconf 92' lang='lat' dir='ltr'><strong>paschalis</strong></span> <span class='ocrx_word' id='word_1_282' title='bbox 937 1919 1006 1955; x_wconf 84' lang='lat' dir='ltr'><strong>cycli</strong></span> 
     </span>
    </p>
   </div>
   <div class='ocr_carea' id='block_1_43' title="bbox 220 1966 1009 2003">
    <p class='ocr_par' dir='ltr' id='par_1_43' title="bbox 220 1966 1009 2003">
     <span class='ocr_line' id='line_1_43' title="bbox 220 1966 1009 2003; baseline -0.006 -6"><span class='ocrx_word' id='word_1_283' title='bbox 220 1970 392 1998; x_wconf 88' lang='lat' dir='ltr'><strong>conditorutn</strong></span> <span class='ocrx_word' id='word_1_284' title='bbox 407 1969 448 1996; x_wconf 87' lang='lat' dir='ltr'><strong>vel</strong></span> <span class='ocrx_word' id='word_1_285' title='bbox 462 1973 594 2003; x_wconf 85' lang='lat' dir='ltr'><strong>tempore,</strong></span> <span class='ocrx_word' id='word_1_286' title='bbox 608 1968 650 1995; x_wconf 91' lang='lat' dir='ltr'><strong>vel</strong></span> <span class='ocrx_word' id='word_1_287' title='bbox 667 1967 778 1995; x_wconf 87' lang='lat' dir='ltr'><strong>decreto</strong></span> <span class='ocrx_word' id='word_1_288' title='bbox 792 1966 950 2001; x_wconf 75' lang='lat' dir='ltr'><strong>aequinoctii</strong></span> <span class='ocrx_word' id='word_1_289' title='bbox 968 1973 1009 1993; x_wconf 83' lang='lat' dir='ltr'><strong>se-</strong></span> 
     </span>
    </p>
   </div>
   <div class='ocr_carea' id='block_1_44' title="bbox 220 2010 1006 2048">
    <p class='ocr_par' dir='ltr' id='par_1_44' title="bbox 220 2010 1006 2048">
     <span class='ocr_line' id='line_1_44' title="bbox 220 2010 1006 2048; baseline -0.009 -4"><span class='ocrx_word' id='word_1_290' title='bbox 220 2016 269 2044; x_wconf 90' lang='lat' dir='ltr'><strong>des</strong></span> <span class='ocrx_word' id='word_1_291' title='bbox 284 2020 357 2043; x_wconf 86' lang='lat' dir='ltr'><strong>esset</strong></span> <span class='ocrx_word' id='word_1_292' title='bbox 375 2015 464 2042; x_wconf 80' lang='lat' dir='ltr'><strong>Martii</strong></span> <span class='ocrx_word' id='word_1_293' title='bbox 488 2022 556 2043; x_wconf 83' lang='lat' dir='ltr'><strong>xxtt.</strong></span> <span class='ocrx_word' id='word_1_294' title='bbox 576 2014 653 2042; x_wconf 91' lang='lat' dir='ltr'><strong>Unde</strong></span> <span class='ocrx_word' id='word_1_295' title='bbox 678 2014 743 2041; x_wconf 89' lang='lat' dir='ltr'><strong>licet</strong></span> <span class='ocrx_word' id='word_1_296' title='bbox 760 2012 953 2048; x_wconf 76' lang='lat' dir='ltr'><strong>mquiuoctium</strong></span> <span class='ocrx_word' id='word_1_297' title='bbox 979 2010 1006 2037; x_wconf 90' lang='lat' dir='ltr'><strong>in</strong></span> 
     </span>
    </p>
   </div>
   <div class='ocr_carea' id='block_1_45' title="bbox 221 2057 1007 2097">
    <p class='ocr_par' dir='ltr' id='par_1_45' title="bbox 221 2057 1007 2097">
     <span class='ocr_line' id='line_1_45' title="bbox 221 2057 1007 2097; baseline -0.008 -8"><span class='ocrx_word' id='word_1_298' title='bbox 221 2069 268 2090; x_wconf 85' lang='lat' dir='ltr'><strong>xxt</strong></span> <span class='ocrx_word' id='word_1_299' title='bbox 282 2066 374 2097; x_wconf 87' lang='lat' dir='ltr'><strong>postea</strong></span> <span class='ocrx_word' id='word_1_300' title='bbox 389 2061 537 2092; x_wconf 85' lang='lat' dir='ltr'><strong>transierit,</strong></span> <span class='ocrx_word' id='word_1_301' title='bbox 548 2068 599 2088; x_wconf 87' lang='lat' dir='ltr'><strong>nec</strong></span> <span class='ocrx_word' id='word_1_302' title='bbox 609 2060 700 2087; x_wconf 86' lang='lat' dir='ltr'><strong>citima</strong></span> <span class='ocrx_word' id='word_1_303' title='bbox 713 2059 857 2086; x_wconf 84' lang='lat' dir='ltr'><strong>ncomenia</strong></span> <span class='ocrx_word' id='word_1_304' title='bbox 868 2066 924 2085; x_wconf 80' lang='lat' dir='ltr'><strong>xxn</strong></span> <span class='ocrx_word' id='word_1_305' title='bbox 936 2057 1007 2084; x_wconf 83' lang='lat' dir='ltr'><strong>Mar-</strong></span> 
     </span>
    </p>
   </div>
   <div class='ocr_carea' id='block_1_46' title="bbox 221 2103 1007 2143">
    <p class='ocr_par' dir='ltr' id='par_1_46' title="bbox 221 2103 1007 2143">
     <span class='ocr_line' id='line_1_46' title="bbox 221 2103 1007 2143; baseline -0.006 -8"><span class='ocrx_word' id='word_1_306' title='bbox 221 2108 251 2135; x_wconf 90' lang='lat' dir='ltr'><strong>tii</strong></span> <span class='ocrx_word' id='word_1_307' title='bbox 272 2107 428 2143; x_wconf 77' lang='lat' dir='ltr'><strong>contigerit,</strong></span> <span class='ocrx_word' id='word_1_308' title='bbox 456 2107 635 2135; x_wconf 88' lang='lat' dir='ltr'><strong>nihilominus</strong></span> <span class='ocrx_word' id='word_1_309' title='bbox 649 2105 755 2141; x_wconf 89' lang='lat' dir='ltr'><strong>eyclutn</strong></span> <span class='ocrx_word' id='word_1_310' title='bbox 782 2104 898 2139; x_wconf 88' lang='lat' dir='ltr'><strong>primum</strong></span> <span class='ocrx_word' id='word_1_311' title='bbox 925 2103 1007 2131; x_wconf 86' lang='lat' dir='ltr'><strong>veteri</strong></span> 
     </span>
    </p>
   </div>
   <div class='ocr_carea' id='block_1_47' title="bbox 221 2150 1006 2185">
    <p class='ocr_par' dir='ltr' id='par_1_47' title="bbox 221 2150 1006 2185">
     <span class='ocr_line' id='line_1_47' title="bbox 221 2150 1006 2185; baseline -0.008 -3"><span class='ocrx_word' id='word_1_312' title='bbox 221 2154 336 2182; x_wconf 87' lang='lat' dir='ltr'><strong>statione</strong></span> <span class='ocrx_word' id='word_1_313' title='bbox 351 2161 404 2180; x_wconf 85' lang='lat' dir='ltr'><strong>non</strong></span> <span class='ocrx_word' id='word_1_314' title='bbox 416 2153 600 2180; x_wconf 79' lang='lat' dir='ltr'><strong>dimovet-unt.</strong></span> <span class='ocrx_word' id='word_1_315' title='bbox 614 2152 706 2185; x_wconf 85' lang='lat' dir='ltr'><strong>Quare</strong></span> <span class='ocrx_word' id='word_1_316' title='bbox 723 2150 866 2178; x_wconf 80' lang='lat' dir='ltr'><strong>ncomenia</strong></span> <span class='ocrx_word' id='word_1_317' title='bbox 877 2150 1006 2183; x_wconf 79' lang='lat' dir='ltr'><strong>Krionos,</strong></span> 
     </span>
    </p>
   </div>
   <div class='ocr_carea' id='block_1_48' title="bbox 220 2196 1008 2234">
    <p class='ocr_par' dir='ltr' id='par_1_48' title="bbox 220 2196 1008 2234">
     <span class='ocr_line' id='line_1_48' title="bbox 220 2196 1008 2234; baseline -0.009 -6"><span class='ocrx_word' id='word_1_318' title='bbox 220 2202 278 2228; x_wconf 86' lang='lat' dir='ltr'><strong>sive</strong></span> <span class='ocrx_word' id='word_1_319' title='bbox 305 2200 408 2228; x_wconf 78' lang='lat' dir='ltr'><strong>mensis</strong></span> <span class='ocrx_word' id='word_1_320' title='bbox 434 2199 514 2234; x_wconf 88' lang='lat' dir='ltr'><strong>primi</strong></span> <span class='ocrx_word' id='word_1_321' title='bbox 541 2198 642 2226; x_wconf 89' lang='lat' dir='ltr'><strong>solaris</strong></span> <span class='ocrx_word' id='word_1_322' title='bbox 668 2201 711 2224; x_wconf 88' lang='lat' dir='ltr'><strong>est</strong></span> <span class='ocrx_word' id='word_1_323' title='bbox 737 2196 849 2224; x_wconf 85' lang='lat' dir='ltr'><strong>cititnus</strong></span> <span class='ocrx_word' id='word_1_324' title='bbox 874 2196 1008 2223; x_wconf 86' lang='lat' dir='ltr'><strong>terminus</strong></span> 
     </span>
    </p>
   </div>
   <div class='ocr_carea' id='block_1_49' title="bbox 220 2242 1046 2288">
    <p class='ocr_par' dir='ltr' id='par_1_49' title="bbox 220 2242 1046 2288">
     <span class='ocr_line' id='line_1_49' title="bbox 220 2242 1046 2288; baseline -0.008 -14"><span class='ocrx_word' id='word_1_325' title='bbox 220 2247 369 2282; x_wconf 81' lang='lat' dir='ltr'><strong>paschalis,</strong></span> <span class='ocrx_word' id='word_1_326' title='bbox 391 2246 447 2273; x_wconf 82' lang='lat' dir='ltr'><strong>sive</strong></span> <span class='ocrx_word' id='word_1_327' title='bbox 464 2253 519 2276; x_wconf 87' lang='lat' dir='ltr'><strong>xw,</strong></span> <span class='ocrx_word' id='word_1_328' title='bbox 537 2252 598 2279; x_wconf 77' lang='lat' dir='ltr'><strong>qua:</strong></span> <span class='ocrx_word' id='word_1_329' title='bbox 616 2251 649 2271; x_wconf 88' lang='lat' dir='ltr'><strong>ex</strong></span> <span class='ocrx_word' id='word_1_330' title='bbox 664 2243 781 2270; x_wconf 78' lang='lat' dir='ltr'><strong>Anatolii</strong></span> <span class='ocrx_word' id='word_1_331' title='bbox 799 2242 868 2270; x_wconf 80' lang='lat' dir='ltr'><strong>scito</strong></span> <span class='ocrx_word' id='word_1_332' title='bbox 879 2242 1008 2269; x_wconf 84' lang='lat' dir='ltr'><strong>convenit</strong></span> <span class='ocrx_word' id='word_1_333' title='bbox 1023 2260 1046 2288; x_wconf 64' lang='grc' dir='ltr'><strong>Β</strong></span> 
     </span>
    </p>
   </div>
   <div class='ocr_carea' id='block_1_50' title="bbox 220 2288 1008 2328">
    <p class='ocr_par' dir='ltr' id='par_1_50' title="bbox 220 2288 1008 2328">
     <span class='ocr_line' id='line_1_50' title="bbox 220 2288 1008 2328; baseline -0.009 -8"><span class='ocrx_word' id='word_1_334' title='bbox 220 2294 297 2328; x_wconf 70' lang='lat' dir='ltr'><strong>cyelo</strong></span> <span class='ocrx_word' id='word_1_335' title='bbox 321 2301 362 2319; x_wconf 87' lang='lat' dir='ltr'><strong>v:</strong></span> <span class='ocrx_word' id='word_1_336' title='bbox 390 2299 452 2318; x_wconf 89' lang='lat' dir='ltr'><strong>nam</strong></span> <span class='ocrx_word' id='word_1_337' title='bbox 475 2290 567 2326; x_wconf 75' lang='lat' dir='ltr'><strong>cyclus</strong></span> <span class='ocrx_word' id='word_1_338' title='bbox 591 2288 858 2320; x_wconf 79' lang='lat' dir='ltr'><strong>decemttovettualis,</strong></span> <span class='ocrx_word' id='word_1_339' title='bbox 882 2288 938 2314; x_wconf 86' lang='lat' dir='ltr'><strong>sive</strong></span> <span class='ocrx_word' id='word_1_340' title='bbox 961 2295 1008 2321; x_wconf 88' lang='lat' dir='ltr'><strong>pa-</strong></span> 
     </span>
    </p>
   </div>
   <div class='ocr_carea' id='block_1_51' title="bbox 221 2333 1007 2370">
    <p class='ocr_par' dir='ltr' id='par_1_51' title="bbox 221 2333 1007 2370">
     <span class='ocr_line' id='line_1_51' title="bbox 221 2333 1007 2370; baseline -0.009 -5"><span class='ocrx_word' id='word_1_341' title='bbox 221 2338 333 2370; x_wconf 86' lang='lat' dir='ltr'><strong>schalis,</strong></span> <span class='ocrx_word' id='word_1_342' title='bbox 359 2341 471 2364; x_wconf 87' lang='lat' dir='ltr'><strong>auctore</strong></span> <span class='ocrx_word' id='word_1_343' title='bbox 493 2336 575 2367; x_wconf 82' lang='lat' dir='ltr'><strong>Beda.</strong></span> <span class='ocrx_word' id='word_1_344' title='bbox 597 2336 630 2363; x_wconf 87' lang='lat' dir='ltr'><strong>ad</strong></span> <span class='ocrx_word' id='word_1_345' title='bbox 654 2335 795 2366; x_wconf 87' lang='lat' dir='ltr'><strong>terminos,</strong></span> <span class='ocrx_word' id='word_1_346' title='bbox 808 2334 866 2361; x_wconf 84' lang='lat' dir='ltr'><strong>sive</strong></span> <span class='ocrx_word' id='word_1_347' title='bbox 886 2333 1007 2360; x_wconf 77' lang='lat' dir='ltr'><strong>decimas</strong></span> 
     </span>
    </p>
   </div>
   <div class='ocr_carea' id='block_1_52' title="bbox 220 2380 1008 2420">
    <p class='ocr_par' dir='ltr' id='par_1_52' title="bbox 220 2380 1008 2420">
     <span class='ocr_line' id='line_1_52' title="bbox 220 2380 1008 2420; baseline -0.011 -7"><span class='ocrx_word' id='word_1_348' title='bbox 220 2389 334 2420; x_wconf 85' lang='lat' dir='ltr'><strong>quartas</strong></span> <span class='ocrx_word' id='word_1_349' title='bbox 357 2385 467 2411; x_wconf 80' lang='lat' dir='ltr'><strong>lunares</strong></span> <span class='ocrx_word' id='word_1_350' title='bbox 490 2382 694 2417; x_wconf 80' lang='lat' dir='ltr'><strong>investigandas</strong></span> <span class='ocrx_word' id='word_1_351' title='bbox 721 2380 945 2408; x_wconf 86' lang='lat' dir='ltr'><strong>accommodatus</strong></span> <span class='ocrx_word' id='word_1_352' title='bbox 967 2383 1008 2405; x_wconf 86' lang='lat' dir='ltr'><strong>est</strong></span> 
     </span>
    </p>
   </div>
   <div class='ocr_carea' id='block_1_53' title="bbox 221 2424 1008 2465">
    <p class='ocr_par' dir='ltr' id='par_1_53' title="bbox 221 2424 1008 2465">
     <span class='ocr_line' id='line_1_53' title="bbox 221 2424 1008 2465; baseline -0.011 -8"><span class='ocrx_word' id='word_1_353' title='bbox 221 2431 259 2457; x_wconf 94' lang='lat' dir='ltr'><strong>uti</strong></span> <span class='ocrx_word' id='word_1_354' title='bbox 273 2430 364 2465; x_wconf 77' lang='lat' dir='ltr'><strong>cyclns</strong></span> <span class='ocrx_word' id='word_1_355' title='bbox 380 2429 485 2456; x_wconf 85' lang='lat' dir='ltr'><strong>lunaris</strong></span> <span class='ocrx_word' id='word_1_356' title='bbox 501 2427 532 2455; x_wconf 85' lang='lat' dir='ltr'><strong>ad</strong></span> <span class='ocrx_word' id='word_1_357' title='bbox 549 2428 699 2455; x_wconf 87' lang='lat' dir='ltr'><strong>novilnnia.</strong></span> <span class='ocrx_word' id='word_1_358' title='bbox 715 2427 830 2461; x_wconf 88' lang='lat' dir='ltr'><strong>Ideoque</strong></span> <span class='ocrx_word' id='word_1_359' title='bbox 844 2425 941 2451; x_wconf 89' lang='lat' dir='ltr'><strong>merito</strong></span> <span class='ocrx_word' id='word_1_360' title='bbox 954 2424 1008 2458; x_wconf 87' lang='lat' dir='ltr'><strong>pri-</strong></span> 
     </span>
    </p>
   </div>
   <div class='ocr_carea' id='block_1_54' title="bbox 221 2471 1008 2510">
    <p class='ocr_par' dir='ltr' id='par_1_54' title="bbox 221 2471 1008 2510">
     <span class='ocr_line' id='line_1_54' title="bbox 221 2471 1008 2510; baseline -0.011 -6"><span class='ocrx_word' id='word_1_361' title='bbox 221 2484 283 2504; x_wconf 88' lang='lat' dir='ltr'><strong>mus</strong></span> <span class='ocrx_word' id='word_1_362' title='bbox 297 2475 434 2510; x_wconf 80' lang='lat' dir='ltr'><strong>paschalis</strong></span> <span class='ocrx_word' id='word_1_363' title='bbox 453 2475 554 2502; x_wconf 87' lang='lat' dir='ltr'><strong>mensis</strong></span> <span class='ocrx_word' id='word_1_364' title='bbox 578 2482 592 2501; x_wconf 91' lang='lat' dir='ltr'><strong>a</strong></span> <span class='ocrx_word' id='word_1_365' title='bbox 615 2474 701 2509; x_wconf 88' lang='lat' dir='ltr'><strong>pritna</strong></span> <span class='ocrx_word' id='word_1_366' title='bbox 723 2480 767 2499; x_wconf 88' lang='lat' dir='ltr'><strong>xiv</strong></span> <span class='ocrx_word' id='word_1_367' title='bbox 785 2471 886 2505; x_wconf 73' lang='lat' dir='ltr'><strong>cmpit,</strong></span> <span class='ocrx_word' id='word_1_368' title='bbox 905 2471 954 2496; x_wconf 88' lang='lat' dir='ltr'><strong>hoc</strong></span> <span class='ocrx_word' id='word_1_369' title='bbox 967 2473 1008 2496; x_wconf 88' lang='lat' dir='ltr'><strong>est</strong></span> 
     </span>
    </p>
   </div>
   <div class='ocr_carea' id='block_1_55' title="bbox 221 2516 1006 2556">
    <p class='ocr_par' dir='ltr' id='par_1_55' title="bbox 221 2516 1006 2556">
     <span class='ocr_line' id='line_1_55' title="bbox 221 2516 1006 2556; baseline -0.01 -7"><span class='ocrx_word' id='word_1_370' title='bbox 221 2524 255 2549; x_wconf 88' lang='lat' dir='ltr'><strong>ab</strong></span> <span class='ocrx_word' id='word_1_371' title='bbox 277 2521 433 2556; x_wconf 68' lang='lat' dir='ltr'><strong>aequinoctii</strong></span> <span class='ocrx_word' id='word_1_372' title='bbox 455 2520 601 2555; x_wconf 89' lang='lat' dir='ltr'><strong>die;qttod</strong></span> <span class='ocrx_word' id='word_1_373' title='bbox 622 2518 766 2546; x_wconf 80' lang='lat' dir='ltr'><strong>Anatolius</strong></span> <span class='ocrx_word' id='word_1_374' title='bbox 789 2517 816 2543; x_wconf 93' lang='lat' dir='ltr'><strong>in</strong></span> <span class='ocrx_word' id='word_1_375' title='bbox 841 2516 929 2542; x_wconf 83' lang='lat' dir='ltr'><strong>Martii</strong></span> <span class='ocrx_word' id='word_1_376' title='bbox 947 2523 1006 2541; x_wconf 78' lang='lat' dir='ltr'><strong>.xxtt</strong></span> 
     </span>
    </p>
   </div>
   <div class='ocr_carea' id='block_1_56' title="bbox 222 2562 1007 2600">
    <p class='ocr_par' dir='ltr' id='par_1_56' title="bbox 222 2562 1007 2600">
     <span class='ocr_line' id='line_1_56' title="bbox 222 2562 1007 2600; baseline -0.011 -5"><span class='ocrx_word' id='word_1_377' title='bbox 222 2567 412 2595; x_wconf 86' lang='lat' dir='ltr'><strong>constituerat.</strong></span> <span class='ocrx_word' id='word_1_378' title='bbox 427 2564 546 2600; x_wconf 84' lang='lat' dir='ltr'><strong>Indeque</strong></span> <span class='ocrx_word' id='word_1_379' title='bbox 567 2568 677 2592; x_wconf 88' lang='lat' dir='ltr'><strong>constat</strong></span> <span class='ocrx_word' id='word_1_380' title='bbox 696 2571 750 2590; x_wconf 87' lang='lat' dir='ltr'><strong>nou</strong></span> <span class='ocrx_word' id='word_1_381' title='bbox 773 2563 800 2589; x_wconf 93' lang='lat' dir='ltr'><strong>in</strong></span> <span class='ocrx_word' id='word_1_382' title='bbox 816 2562 943 2588; x_wconf 83' lang='lat' dir='ltr'><strong>omnibus</strong></span> <span class='ocrx_word' id='word_1_383' title='bbox 962 2569 1007 2596; x_wconf 88' lang='lat' dir='ltr'><strong>pa-</strong></span> 
     </span>
    </p>
   </div>
   <div class='ocr_carea' id='block_1_57' title="bbox 221 2603 1006 2642">
    <p class='ocr_par' dir='ltr' id='par_1_57' title="bbox 221 2603 1006 2642">
     <span class='ocr_line' id='line_1_57' title="bbox 221 2603 1006 2642; baseline -0.009 -3"><span class='ocrx_word' id='word_1_384' title='bbox 221 2611 322 2639; x_wconf 86' lang='lat' dir='ltr'><strong>schalis</strong></span> <span class='ocrx_word' id='word_1_385' title='bbox 342 2603 451 2638; x_wconf 79' lang='lat' dir='ltr'><strong>mensis</strong></span> <span class='ocrx_word' id='word_1_386' title='bbox 464 2610 562 2638; x_wconf 84' lang='lat' dir='ltr'><strong>diebus</strong></span> <span class='ocrx_word' id='word_1_387' title='bbox 578 2609 680 2636; x_wconf 82' lang='lat' dir='ltr'><strong>Pascha</strong></span> <span class='ocrx_word' id='word_1_388' title='bbox 696 2608 827 2635; x_wconf 81' lang='lat' dir='ltr'><strong>celebrari</strong></span> <span class='ocrx_word' id='word_1_389' title='bbox 847 2615 946 2642; x_wconf 83' lang='lat' dir='ltr'><strong>posse;</strong></span> <span class='ocrx_word' id='word_1_390' title='bbox 960 2607 1006 2633; x_wconf 86' lang='lat' dir='ltr'><strong>sed</strong></span> 
     </span>
    </p>
   </div>
   <div class='ocr_carea' id='block_1_58' title="bbox 221 2653 1007 2691">
    <p class='ocr_par' dir='ltr' id='par_1_58' title="bbox 221 2653 1007 2691">
     <span class='ocr_line' id='line_1_58' title="bbox 221 2653 1007 2691; baseline -0.009 -6"><span class='ocrx_word' id='word_1_391' title='bbox 221 2658 392 2685; x_wconf 83' lang='lat' dir='ltr'><strong>nconteuiarn</strong></span> <span class='ocrx_word' id='word_1_392' title='bbox 408 2657 467 2691; x_wconf 89' lang='lat' dir='ltr'><strong>ejus</strong></span> <span class='ocrx_word' id='word_1_393' title='bbox 489 2656 590 2691; x_wconf 87' lang='lat' dir='ltr'><strong>excipi,</strong></span> <span class='ocrx_word' id='word_1_394' title='bbox 607 2663 667 2690; x_wconf 68' lang='lat' dir='ltr'><strong>qua:</strong></span> <span class='ocrx_word' id='word_1_395' title='bbox 679 2660 731 2686; x_wconf 85' lang='lat' dir='ltr'><strong>est,</strong></span> <span class='ocrx_word' id='word_1_396' title='bbox 750 2655 789 2681; x_wconf 94' lang='lat' dir='ltr'><strong>uti</strong></span> <span class='ocrx_word' id='word_1_397' title='bbox 811 2653 879 2682; x_wconf 84' lang='lat' dir='ltr'><strong>dixi.</strong></span> <span class='ocrx_word' id='word_1_398' title='bbox 895 2660 939 2679; x_wconf 87' lang='lat' dir='ltr'><strong>xw</strong></span> <span class='ocrx_word' id='word_1_399' title='bbox 962 2660 1007 2687; x_wconf 82' lang='lat' dir='ltr'><strong>cy-</strong></span> 
     </span>
    </p>
   </div>
   <div class='ocr_carea' id='block_1_59' title="bbox 220 2701 1006 2737">
    <p class='ocr_par' dir='ltr' id='par_1_59' title="bbox 220 2701 1006 2737">
     <span class='ocr_line' id='line_1_59' title="bbox 220 2701 1006 2737; baseline -0.009 -6"><span class='ocrx_word' id='word_1_400' title='bbox 220 2704 254 2734; x_wconf 88' lang='lat' dir='ltr'><strong>cli</strong></span> <span class='ocrx_word' id='word_1_401' title='bbox 270 2712 295 2731; x_wconf 87' lang='lat' dir='ltr'><strong>v.</strong></span> <span class='ocrx_word' id='word_1_402' title='bbox 308 2703 386 2736; x_wconf 85' lang='lat' dir='ltr'><strong>Quod</strong></span> <span class='ocrx_word' id='word_1_403' title='bbox 402 2703 490 2737; x_wconf 86' lang='lat' dir='ltr'><strong>ipsum</strong></span> <span class='ocrx_word' id='word_1_404' title='bbox 505 2705 532 2729; x_wconf 89' lang='lat' dir='ltr'><strong>et</strong></span> <span class='ocrx_word' id='word_1_405' title='bbox 544 2701 687 2728; x_wconf 79' lang='lat' dir='ltr'><strong>Anatolius</strong></span> <span class='ocrx_word' id='word_1_406' title='bbox 706 2701 818 2729; x_wconf 85' lang='lat' dir='ltr'><strong>indicat.</strong></span> <span class='ocrx_word' id='word_1_407' title='bbox 831 2707 892 2726; x_wconf 90' lang='lat' dir='ltr'><strong>cntn</strong></span> <span class='ocrx_word' id='word_1_408' title='bbox 906 2706 953 2726; x_wconf 87' lang='lat' dir='ltr'><strong>eos</strong></span> <span class='ocrx_word' id='word_1_409' title='bbox 968 2705 1006 2724; x_wconf 56' lang='lat' dir='ltr'><strong>re</strong></span> 
     </span>
    </p>
   </div>
   <div class='ocr_carea' id='block_1_60' title="bbox 220 2745 1005 2785">
    <p class='ocr_par' dir='ltr' id='par_1_60' title="bbox 220 2745 1005 2785">
     <span class='ocr_line' id='line_1_60' title="bbox 220 2745 1005 2785; baseline -0.01 -7"><span class='ocrx_word' id='word_1_410' title='bbox 220 2749 372 2785; x_wconf 84' lang='lat' dir='ltr'><strong>prehendit,</strong></span> <span class='ocrx_word' id='word_1_411' title='bbox 386 2748 432 2783; x_wconf 89' lang='lat' dir='ltr'><strong>qui</strong></span> <span class='ocrx_word' id='word_1_412' title='bbox 447 2748 474 2774; x_wconf 91' lang='lat' dir='ltr'><strong>in</strong></span> <span class='ocrx_word' id='word_1_413' title='bbox 487 2747 621 2782; x_wconf 91' lang='lat' dir='ltr'><strong>superiori</strong></span> <span class='ocrx_word' id='word_1_414' title='bbox 631 2751 782 2782; x_wconf 73' lang='lat' dir='ltr'><strong>segmento,</strong></span> <span class='ocrx_word' id='word_1_415' title='bbox 794 2745 866 2780; x_wconf 91' lang='lat' dir='ltr'><strong>quod</strong></span> <span class='ocrx_word' id='word_1_416' title='bbox 879 2745 1005 2771; x_wconf 89' lang='lat' dir='ltr'><strong>ultimum</strong></span> 
     </span>
    </p>
   </div>
   <div class='ocr_carea' id='block_1_61' title="bbox 220 2791 1005 2829">
    <p class='ocr_par' dir='ltr' id='par_1_61' title="bbox 220 2791 1005 2829">
     <span class='ocr_line' id='line_1_61' title="bbox 220 2791 1005 2829; baseline -0.006 -8"><span class='ocrx_word' id='word_1_417' title='bbox 220 2799 273 2826; x_wconf 77' lang='lat' dir='ltr'><strong>est,</strong></span> <span class='ocrx_word' id='word_1_418' title='bbox 289 2795 406 2829; x_wconf 92' lang='lat' dir='ltr'><strong>primum</strong></span> <span class='ocrx_word' id='word_1_419' title='bbox 433 2802 566 2825; x_wconf 87' lang='lat' dir='ltr'><strong>mensem,</strong></span> <span class='ocrx_word' id='word_1_420' title='bbox 586 2799 613 2820; x_wconf 91' lang='lat' dir='ltr'><strong>et</strong></span> <span class='ocrx_word' id='word_1_421' title='bbox 640 2801 683 2819; x_wconf 84' lang='lat' dir='ltr'><strong>xiv</strong></span> <span class='ocrx_word' id='word_1_422' title='bbox 712 2792 834 2818; x_wconf 87' lang='lat' dir='ltr'><strong>lunarem</strong></span> <span class='ocrx_word' id='word_1_423' title='bbox 860 2791 1005 2818; x_wconf 87' lang='lat' dir='ltr'><strong>collocant.</strong></span> 
     </span>
    </p>
   </div>
   <div class='ocr_carea' id='block_1_62' title="bbox 221 2837 1006 2874">
    <p class='ocr_par' dir='ltr' id='par_1_62' title="bbox 221 2837 1006 2874">
     <span class='ocr_line' id='line_1_62' title="bbox 221 2837 1006 2874; baseline -0.003 -9"><span class='ocrx_word' id='word_1_424' title='bbox 221 2839 397 2874; x_wconf 83' lang='lat' dir='ltr'><strong>Consequens</strong></span> <span class='ocrx_word' id='word_1_425' title='bbox 413 2840 485 2867; x_wconf 84' lang='lat' dir='ltr'><strong>enini</strong></span> <span class='ocrx_word' id='word_1_426' title='bbox 501 2844 542 2866; x_wconf 78' lang='lat' dir='ltr'><strong>est</strong></span> <span class='ocrx_word' id='word_1_427' title='bbox 558 2839 678 2866; x_wconf 84' lang='lat' dir='ltr'><strong>decimas</strong></span> <span class='ocrx_word' id='word_1_428' title='bbox 692 2841 805 2872; x_wconf 84' lang='lat' dir='ltr'><strong>quartas</strong></span> <span class='ocrx_word' id='word_1_429' title='bbox 822 2837 932 2864; x_wconf 87' lang='lat' dir='ltr'><strong>lunares</strong></span> <span class='ocrx_word' id='word_1_430' title='bbox 948 2844 1006 2863; x_wconf 88' lang='lat' dir='ltr'><strong>om-</strong></span> 
     </span>
    </p>
   </div>
   <div class='ocr_carea' id='block_1_63' title="bbox 223 2882 1004 2920">
    <p class='ocr_par' dir='ltr' id='par_1_63' title="bbox 223 2882 1004 2920">
     <span class='ocr_line' id='line_1_63' title="bbox 223 2882 1004 2920; baseline -0.004 -8"><span class='ocrx_word' id='word_1_431' title='bbox 223 2892 271 2913; x_wconf 87' lang='lat' dir='ltr'><strong>nes</strong></span> <span class='ocrx_word' id='word_1_432' title='bbox 282 2885 351 2913; x_wconf 89' lang='lat' dir='ltr'><strong>intra</strong></span> <span class='ocrx_word' id='word_1_433' title='bbox 362 2887 442 2920; x_wconf 89' lang='lat' dir='ltr'><strong>primi</strong></span> <span class='ocrx_word' id='word_1_434' title='bbox 457 2886 560 2913; x_wconf 85' lang='lat' dir='ltr'><strong>mensis</strong></span> <span class='ocrx_word' id='word_1_435' title='bbox 571 2885 702 2919; x_wconf 79' lang='lat' dir='ltr'><strong>cporham</strong></span> <span class='ocrx_word' id='word_1_436' title='bbox 713 2883 844 2911; x_wconf 80' lang='lat' dir='ltr'><strong>coerceri.</strong></span> <span class='ocrx_word' id='word_1_437' title='bbox 855 2882 932 2916; x_wconf 88' lang='lat' dir='ltr'><strong>Quod</strong></span> <span class='ocrx_word' id='word_1_438' title='bbox 945 2891 1004 2911; x_wconf 83' lang='lat' dir='ltr'><strong>cum</strong></span> 
     </span>
    </p>
   </div>
   <div class='ocr_carea' id='block_1_64' title="bbox 1058 278 1848 314">
    <p class='ocr_par' dir='ltr' id='par_1_64' title="bbox 1058 278 1848 314">
     <span class='ocr_line' id='line_1_64' title="bbox 1058 278 1848 314; baseline -0.001 -8"><span class='ocrx_word' id='word_1_439' title='bbox 1058 280 1124 307; x_wconf 90' lang='lat' dir='ltr'><strong>lium</strong></span> <span class='ocrx_word' id='word_1_440' title='bbox 1138 287 1197 306; x_wconf 88' lang='lat' dir='ltr'><strong>eam</strong></span> <span class='ocrx_word' id='word_1_441' title='bbox 1211 280 1290 314; x_wconf 90' lang='lat' dir='ltr'><strong>primi</strong></span> <span class='ocrx_word' id='word_1_442' title='bbox 1320 279 1423 307; x_wconf 86' lang='lat' dir='ltr'><strong>mensis</strong></span> <span class='ocrx_word' id='word_1_443' title='bbox 1439 280 1609 306; x_wconf 88' lang='lat' dir='ltr'><strong>ncomeniam</strong></span> <span class='ocrx_word' id='word_1_444' title='bbox 1622 278 1809 309; x_wconf 86' lang='lat' dir='ltr'><strong>constituisse.</strong></span> <span class='ocrx_word' id='word_1_445' title='bbox 1820 278 1848 305; x_wconf 92' lang='lat' dir='ltr'><strong>in</strong></span> 
     </span>
    </p>
   </div>
   <div class='ocr_carea' id='block_1_65' title="bbox 1058 323 1849 359">
    <p class='ocr_par' dir='ltr' id='par_1_65' title="bbox 1058 323 1849 359">
     <span class='ocr_line' id='line_1_65' title="bbox 1058 323 1849 359; baseline -0.003 -8"><span class='ocrx_word' id='word_1_446' title='bbox 1058 332 1140 359; x_wconf 83' lang='lat' dir='ltr'><strong>quant</strong></span> <span class='ocrx_word' id='word_1_447' title='bbox 1153 324 1275 351; x_wconf 89' lang='lat' dir='ltr'><strong>citimum</strong></span> <span class='ocrx_word' id='word_1_448' title='bbox 1297 323 1400 351; x_wconf 83' lang='lat' dir='ltr'><strong>Pascha</strong></span> <span class='ocrx_word' id='word_1_449' title='bbox 1423 325 1592 351; x_wconf 85' lang='lat' dir='ltr'><strong>conveniret.</strong></span> <span class='ocrx_word' id='word_1_450' title='bbox 1613 323 1681 350; x_wconf 82' lang='lat' dir='ltr'><strong>Nam</strong></span> <span class='ocrx_word' id='word_1_451' title='bbox 1703 323 1749 357; x_wconf 93' lang='lat' dir='ltr'><strong>qui</strong></span> <span class='ocrx_word' id='word_1_452' title='bbox 1769 328 1849 357; x_wconf 78' lang='lat' dir='ltr'><strong>negat</strong></span> 
     </span>
    </p>
   </div>
   <div class='ocr_carea' id='block_1_66' title="bbox 1058 368 1847 404">
    <p class='ocr_par' dir='ltr' id='par_1_66' title="bbox 1058 368 1847 404">
     <span class='ocr_line' id='line_1_66' title="bbox 1058 368 1847 404; baseline -0.003 -8"><span class='ocrx_word' id='word_1_453' title='bbox 1058 377 1102 396; x_wconf 89' lang='lat' dir='ltr'><strong>xw</strong></span> <span class='ocrx_word' id='word_1_454' title='bbox 1120 370 1274 404; x_wconf 84' lang='lat' dir='ltr'><strong>paschaletn</strong></span> <span class='ocrx_word' id='word_1_455' title='bbox 1291 374 1353 396; x_wconf 88' lang='lat' dir='ltr'><strong>ante</strong></span> <span class='ocrx_word' id='word_1_456' title='bbox 1367 369 1475 396; x_wconf 89' lang='lat' dir='ltr'><strong>initium</strong></span> <span class='ocrx_word' id='word_1_457' title='bbox 1495 370 1575 404; x_wconf 89' lang='lat' dir='ltr'><strong>primi</strong></span> <span class='ocrx_word' id='word_1_458' title='bbox 1594 369 1696 396; x_wconf 84' lang='lat' dir='ltr'><strong>mensis</strong></span> <span class='ocrx_word' id='word_1_459' title='bbox 1714 368 1847 401; x_wconf 88' lang='lat' dir='ltr'><strong>incidere,</strong></span> 
     </span>
    </p>
   </div>
   <div class='ocr_carea' id='block_1_67' title="bbox 1058 414 1848 450">
    <p class='ocr_par' dir='ltr' id='par_1_67' title="bbox 1058 414 1848 450">
     <span class='ocr_line' id='line_1_67' title="bbox 1058 414 1848 450; baseline -0.003 -8"><span class='ocrx_word' id='word_1_460' title='bbox 1058 415 1140 450; x_wconf 82' lang='lat' dir='ltr'><strong>idque</strong></span> <span class='ocrx_word' id='word_1_461' title='bbox 1160 415 1248 450; x_wconf 87' lang='lat' dir='ltr'><strong>ipsmn</strong></span> <span class='ocrx_word' id='word_1_462' title='bbox 1279 415 1382 442; x_wconf 87' lang='lat' dir='ltr'><strong>mensis</strong></span> <span class='ocrx_word' id='word_1_463' title='bbox 1402 415 1510 442; x_wconf 89' lang='lat' dir='ltr'><strong>initium</strong></span> <span class='ocrx_word' id='word_1_464' title='bbox 1529 422 1557 442; x_wconf 87' lang='lat' dir='ltr'><strong>xt</strong></span> <span class='ocrx_word' id='word_1_465' title='bbox 1579 414 1639 442; x_wconf 76' lang='lat' dir='ltr'><strong>Kal.</strong></span> <span class='ocrx_word' id='word_1_466' title='bbox 1662 415 1737 450; x_wconf 71' lang='lat' dir='ltr'><strong>figit.</strong></span> <span class='ocrx_word' id='word_1_467' title='bbox 1760 414 1848 441; x_wconf 80' lang='lat' dir='ltr'><strong>matti-</strong></span> 
     </span>
    </p>
   </div>
   <div class='ocr_carea' id='block_1_68' title="bbox 1061 460 1848 495">
    <p class='ocr_par' dir='ltr' id='par_1_68' title="bbox 1061 460 1848 495">
     <span class='ocr_line' id='line_1_68' title="bbox 1061 460 1848 495; baseline -0.003 -8"><span class='ocrx_word' id='word_1_468' title='bbox 1061 460 1130 488; x_wconf 85' lang='lat' dir='ltr'><strong>feste</strong></span> <span class='ocrx_word' id='word_1_469' title='bbox 1141 461 1267 495; x_wconf 86' lang='lat' dir='ltr'><strong>prohibet</strong></span> <span class='ocrx_word' id='word_1_470' title='bbox 1284 461 1343 495; x_wconf 92' lang='lat' dir='ltr'><strong>ipso</strong></span> <span class='ocrx_word' id='word_1_471' title='bbox 1357 461 1460 488; x_wconf 90' lang='lat' dir='ltr'><strong>mensis</strong></span> <span class='ocrx_word' id='word_1_472' title='bbox 1479 460 1557 487; x_wconf 87' lang='lat' dir='ltr'><strong>ittitio</strong></span> <span class='ocrx_word' id='word_1_473' title='bbox 1572 460 1678 487; x_wconf 81' lang='lat' dir='ltr'><strong>Pascha</strong></span> <span class='ocrx_word' id='word_1_474' title='bbox 1693 460 1826 488; x_wconf 86' lang='lat' dir='ltr'><strong>celebrari</strong></span> <span class='ocrx_word' id='word_1_475' title='bbox 1839 467 1848 492; x_wconf 88' lang='lat'><strong>;</strong></span> 
     </span>
    </p>
   </div>
   <div class='ocr_carea' id='block_1_69' title="bbox 1059 506 1849 541">
    <p class='ocr_par' dir='ltr' id='par_1_69' title="bbox 1059 506 1849 541">
     <span class='ocr_line' id='line_1_69' title="bbox 1059 506 1849 541; baseline -0.001 -9"><span class='ocrx_word' id='word_1_476' title='bbox 1059 506 1131 540; x_wconf 91' lang='lat' dir='ltr'><strong>quod</strong></span> <span class='ocrx_word' id='word_1_477' title='bbox 1154 507 1176 533; x_wconf 90' lang='lat' dir='ltr'><strong>si</strong></span> <span class='ocrx_word' id='word_1_478' title='bbox 1197 506 1252 538; x_wconf 82' lang='lat' dir='ltr'><strong>fiat,</strong></span> <span class='ocrx_word' id='word_1_479' title='bbox 1271 506 1327 541; x_wconf 86' lang='lat' dir='ltr'><strong>jam</strong></span> <span class='ocrx_word' id='word_1_480' title='bbox 1356 514 1400 533; x_wconf 86' lang='lat' dir='ltr'><strong>xtv</strong></span> <span class='ocrx_word' id='word_1_481' title='bbox 1427 510 1503 533; x_wconf 82' lang='lat' dir='ltr'><strong>extra</strong></span> <span class='ocrx_word' id='word_1_482' title='bbox 1527 506 1628 540; x_wconf 90' lang='lat' dir='ltr'><strong>prioris</strong></span> <span class='ocrx_word' id='word_1_483' title='bbox 1653 507 1756 533; x_wconf 86' lang='lat' dir='ltr'><strong>mensis</strong></span> <span class='ocrx_word' id='word_1_484' title='bbox 1781 506 1849 532; x_wconf 83' lang='lat' dir='ltr'><strong>ﬁnes</strong></span> 
     </span>
    </p>
   </div>
   <div class='ocr_carea' id='block_1_70' title="bbox 1060 551 1656 586">
    <p class='ocr_par' dir='ltr' id='par_1_70' title="bbox 1060 551 1656 586">
     <span class='ocr_line' id='line_1_70' title="bbox 1060 551 1656 586; baseline 0 -8"><span class='ocrx_word' id='word_1_485' title='bbox 1060 551 1153 586; x_wconf 76' lang='lat' dir='ltr'><strong>egredi</strong></span> <span class='ocrx_word' id='word_1_486' title='bbox 1168 556 1196 578; x_wconf 90' lang='lat' dir='ltr'><strong>et</strong></span> <span class='ocrx_word' id='word_1_487' title='bbox 1210 551 1235 577; x_wconf 92' lang='lat' dir='ltr'><strong>in</strong></span> <span class='ocrx_word' id='word_1_488' title='bbox 1253 551 1377 578; x_wconf 87' lang='lat' dir='ltr'><strong>ultimum</strong></span> <span class='ocrx_word' id='word_1_489' title='bbox 1395 551 1470 583; x_wconf 86' lang='lat' dir='ltr'><strong>rejici</strong></span> <span class='ocrx_word' id='word_1_490' title='bbox 1488 558 1599 578; x_wconf 89' lang='lat' dir='ltr'><strong>necesse</strong></span> <span class='ocrx_word' id='word_1_491' title='bbox 1611 551 1656 578; x_wconf 89' lang='lat' dir='ltr'><strong>sit.</strong></span> 
     </span>
    </p>
   </div>
   <div class='ocr_carea' id='block_1_71' title="bbox 1095 595 1849 631">
    <p class='ocr_par' dir='ltr' id='par_1_71' title="bbox 1095 595 1849 631">
     <span class='ocr_line' id='line_1_71' title="bbox 1095 595 1849 631; baseline 0 -9"><span class='ocrx_word' id='word_1_492' title='bbox 1095 595 1163 623; x_wconf 85' lang='lat' dir='ltr'><strong>Nam</strong></span> <span class='ocrx_word' id='word_1_493' title='bbox 1189 597 1261 631; x_wconf 92' lang='lat' dir='ltr'><strong>quod</strong></span> <span class='ocrx_word' id='word_1_494' title='bbox 1285 597 1450 631; x_wconf 60' lang='lat' dir='ltr'><strong>atquinoctio</strong></span> <span class='ocrx_word' id='word_1_495' title='bbox 1474 596 1586 623; x_wconf 89' lang='lat' dir='ltr'><strong>biduum</strong></span> <span class='ocrx_word' id='word_1_496' title='bbox 1610 595 1691 622; x_wconf 92' lang='lat' dir='ltr'><strong>tribui</strong></span> <span class='ocrx_word' id='word_1_497' title='bbox 1721 600 1849 630; x_wconf 82' lang='lat' dir='ltr'><strong>oportere</strong></span> 
     </span>
    </p>
   </div>
   <div class='ocr_carea' id='block_1_72' title="bbox 1060 641 1849 676">
    <p class='ocr_par' dir='ltr' id='par_1_72' title="bbox 1060 641 1849 676">
     <span class='ocr_line' id='line_1_72' title="bbox 1060 641 1849 676; baseline -0.001 -8"><span class='ocrx_word' id='word_1_498' title='bbox 1060 646 1163 674; x_wconf 88' lang='lat' dir='ltr'><strong>narrat,</strong></span> <span class='ocrx_word' id='word_1_499' title='bbox 1188 650 1275 676; x_wconf 88' lang='lat' dir='ltr'><strong>eoqtte</strong></span> <span class='ocrx_word' id='word_1_500' title='bbox 1298 643 1344 676; x_wconf 90' lang='lat' dir='ltr'><strong>qni</strong></span> <span class='ocrx_word' id='word_1_501' title='bbox 1368 643 1502 676; x_wconf 86' lang='lat' dir='ltr'><strong>posterior</strong></span> <span class='ocrx_word' id='word_1_502' title='bbox 1520 646 1563 670; x_wconf 78' lang='lat' dir='ltr'><strong>est</strong></span> <span class='ocrx_word' id='word_1_503' title='bbox 1587 642 1631 669; x_wconf 87' lang='lat' dir='ltr'><strong>die</strong></span> <span class='ocrx_word' id='word_1_504' title='bbox 1650 641 1754 668; x_wconf 87' lang='lat' dir='ltr'><strong>Pascha</strong></span> <span class='ocrx_word' id='word_1_505' title='bbox 1777 641 1849 667; x_wconf 83' lang='lat' dir='ltr'><strong>cele-</strong></span> 
     </span>
    </p>
   </div>
   <div class='ocr_carea' id='block_1_73' title="bbox 1061 687 1847 723">
    <p class='ocr_par' dir='ltr' id='par_1_73' title="bbox 1061 687 1847 723">
     <span class='ocr_line' id='line_1_73' title="bbox 1061 687 1847 723; baseline -0.004 -7"><span class='ocrx_word' id='word_1_506' title='bbox 1061 688 1144 720; x_wconf 86' lang='lat' dir='ltr'><strong>brari,</strong></span> <span class='ocrx_word' id='word_1_507' title='bbox 1157 689 1190 715; x_wconf 91' lang='lat' dir='ltr'><strong>de</strong></span> <span class='ocrx_word' id='word_1_508' title='bbox 1211 696 1266 723; x_wconf 90' lang='lat' dir='ltr'><strong>quo</strong></span> <span class='ocrx_word' id='word_1_509' title='bbox 1283 693 1310 715; x_wconf 91' lang='lat' dir='ltr'><strong>et</strong></span> <span class='ocrx_word' id='word_1_510' title='bbox 1332 688 1488 715; x_wconf 82' lang='lat' dir='ltr'><strong>Anatolium</strong></span> <span class='ocrx_word' id='word_1_511' title='bbox 1511 688 1584 723; x_wconf 89' lang='lat' dir='ltr'><strong>loqui</strong></span> <span class='ocrx_word' id='word_1_512' title='bbox 1601 693 1686 722; x_wconf 86' lang='lat' dir='ltr'><strong>putat,</strong></span> <span class='ocrx_word' id='word_1_513' title='bbox 1706 695 1801 714; x_wconf 88' lang='lat' dir='ltr'><strong>verntn</strong></span> <span class='ocrx_word' id='word_1_514' title='bbox 1822 687 1847 713; x_wconf 92' lang='lat' dir='ltr'><strong>id</strong></span> 
     </span>
    </p>
   </div>
   <div class='ocr_carea' id='block_1_74' title="bbox 1061 733 1847 769">
    <p class='ocr_par' dir='ltr' id='par_1_74' title="bbox 1061 733 1847 769">
     <span class='ocr_line' id='line_1_74' title="bbox 1061 733 1847 769; baseline -0.004 -8"><span class='ocrx_word' id='word_1_515' title='bbox 1061 734 1170 769; x_wconf 88' lang='lat' dir='ltr'><strong>quidem</strong></span> <span class='ocrx_word' id='word_1_516' title='bbox 1182 738 1224 761; x_wconf 88' lang='lat' dir='ltr'><strong>est</strong></span> <span class='ocrx_word' id='word_1_517' title='bbox 1238 734 1430 768; x_wconf 64' lang='lat' dir='ltr'><strong>aequinoctium</strong></span> <span class='ocrx_word' id='word_1_518' title='bbox 1441 733 1631 768; x_wconf 80' lang='grc' dir='ltr'><strong>μετεμπτώσει</strong></span> <span class='ocrx_word' id='word_1_519' title='bbox 1645 733 1670 759; x_wconf 80' lang='grc' dir='ltr'><strong>ιιι</strong></span> <span class='ocrx_word' id='word_1_520' title='bbox 1687 737 1847 767; x_wconf 82' lang='lat' dir='ltr'><strong>sequentem</strong></span> 
     </span>
    </p>
   </div>
   <div class='ocr_carea' id='block_1_75' title="bbox 1060 777 1848 813">
    <p class='ocr_par' dir='ltr' id='par_1_75' title="bbox 1060 777 1848 813">
     <span class='ocr_line' id='line_1_75' title="bbox 1060 777 1848 813; baseline -0.004 -7"><span class='ocrx_word' id='word_1_521' title='bbox 1060 780 1133 807; x_wconf 86' lang='lat' dir='ltr'><strong>diem</strong></span> <span class='ocrx_word' id='word_1_522' title='bbox 1148 787 1293 807; x_wconf 75' lang='lat' dir='ltr'><strong>excurrere</strong></span> <span class='ocrx_word' id='word_1_523' title='bbox 1308 787 1315 806; x_wconf 89' lang='lat'><strong>:</strong></span> <span class='ocrx_word' id='word_1_524' title='bbox 1332 781 1378 807; x_wconf 85' lang='lat' dir='ltr'><strong>sed</strong></span> <span class='ocrx_word' id='word_1_525' title='bbox 1396 787 1429 807; x_wconf 86' lang='lat' dir='ltr'><strong>ex</strong></span> <span class='ocrx_word' id='word_1_526' title='bbox 1444 780 1577 806; x_wconf 89' lang='lat' dir='ltr'><strong>ambobus</strong></span> <span class='ocrx_word' id='word_1_527' title='bbox 1591 778 1699 813; x_wconf 87' lang='lat' dir='ltr'><strong>politice</strong></span> <span class='ocrx_word' id='word_1_528' title='bbox 1716 778 1749 804; x_wconf 87' lang='lat' dir='ltr'><strong>ad</strong></span> <span class='ocrx_word' id='word_1_529' title='bbox 1764 777 1848 812; x_wconf 71' lang='lat' dir='ltr'><strong>aequi—</strong></span> 
     </span>
    </p>
   </div>
   <div class='ocr_carea' id='block_1_76' title="bbox 1062 822 1846 859">
    <p class='ocr_par' dir='ltr' id='par_1_76' title="bbox 1062 822 1846 859">
     <span class='ocr_line' id='line_1_76' title="bbox 1062 822 1846 859; baseline -0.004 -8"><span class='ocrx_word' id='word_1_530' title='bbox 1062 825 1145 851; x_wconf 86' lang='lat' dir='ltr'><strong>noctii</strong></span> <span class='ocrx_word' id='word_1_531' title='bbox 1162 825 1272 857; x_wconf 88' lang='lat' dir='ltr'><strong>sedent,</strong></span> <span class='ocrx_word' id='word_1_532' title='bbox 1288 825 1408 859; x_wconf 87' lang='lat' dir='ltr'><strong>annique</strong></span> <span class='ocrx_word' id='word_1_533' title='bbox 1431 824 1572 851; x_wconf 89' lang='lat' dir='ltr'><strong>cardinem</strong></span> <span class='ocrx_word' id='word_1_534' title='bbox 1596 823 1641 850; x_wconf 93' lang='lat' dir='ltr'><strong>ille</strong></span> <span class='ocrx_word' id='word_1_535' title='bbox 1664 823 1804 858; x_wconf 78' lang='lat' dir='ltr'><strong>deligitur,</strong></span> <span class='ocrx_word' id='word_1_536' title='bbox 1820 822 1846 849; x_wconf 92' lang='lat' dir='ltr'><strong>in</strong></span> 
     </span>
    </p>
   </div>
   <div class='ocr_carea' id='block_1_77' title="bbox 1062 868 1847 904">
    <p class='ocr_par' dir='ltr' id='par_1_77' title="bbox 1062 868 1847 904">
     <span class='ocr_line' id='line_1_77' title="bbox 1062 868 1847 904; baseline -0.004 -7"><span class='ocrx_word' id='word_1_537' title='bbox 1062 877 1117 904; x_wconf 90' lang='lat' dir='ltr'><strong>quo</strong></span> <span class='ocrx_word' id='word_1_538' title='bbox 1142 871 1289 904; x_wconf 68' lang='lat' dir='ltr'><strong>praecipue,</strong></span> <span class='ocrx_word' id='word_1_539' title='bbox 1305 875 1332 897; x_wconf 89' lang='lat' dir='ltr'><strong>et</strong></span> <span class='ocrx_word' id='word_1_540' title='bbox 1347 870 1466 897; x_wconf 89' lang='lat' dir='ltr'><strong>maxinta</strong></span> <span class='ocrx_word' id='word_1_541' title='bbox 1491 869 1622 904; x_wconf 89' lang='lat' dir='ltr'><strong>tetnporis</strong></span> <span class='ocrx_word' id='word_1_542' title='bbox 1639 873 1715 903; x_wconf 88' lang='lat' dir='ltr'><strong>parte</strong></span> <span class='ocrx_word' id='word_1_543' title='bbox 1737 868 1847 895; x_wconf 88' lang='lat' dir='ltr'><strong>retineri</strong></span> 
     </span>
    </p>
   </div>
   <div class='ocr_carea' id='block_1_78' title="bbox 1060 914 1849 950">
    <p class='ocr_par' dir='ltr' id='par_1_78' title="bbox 1060 914 1849 950">
     <span class='ocr_line' id='line_1_78' title="bbox 1060 914 1849 950; baseline -0.003 -8"><span class='ocrx_word' id='word_1_544' title='bbox 1060 915 1182 942; x_wconf 85' lang='lat' dir='ltr'><strong>creditur</strong></span> <span class='ocrx_word' id='word_1_545' title='bbox 1198 925 1205 942; x_wconf 91' lang='lat'>:</span> <span class='ocrx_word' id='word_1_546' title='bbox 1224 924 1277 942; x_wconf 88' lang='lat' dir='ltr'><strong>non</strong></span> <span class='ocrx_word' id='word_1_547' title='bbox 1294 916 1316 943; x_wconf 91' lang='lat' dir='ltr'><strong>is</strong></span> <span class='ocrx_word' id='word_1_548' title='bbox 1341 916 1367 942; x_wconf 92' lang='lat' dir='ltr'><strong>in</strong></span> <span class='ocrx_word' id='word_1_549' title='bbox 1382 923 1463 950; x_wconf 87' lang='lat' dir='ltr'><strong>quem</strong></span> <span class='ocrx_word' id='word_1_550' title='bbox 1479 915 1611 949; x_wconf 74' lang='lat' dir='ltr'><strong>evagandi</strong></span> <span class='ocrx_word' id='word_1_551' title='bbox 1631 914 1740 941; x_wconf 87' lang='lat' dir='ltr'><strong>licentia</strong></span> <span class='ocrx_word' id='word_1_552' title='bbox 1758 914 1849 947; x_wconf 88' lang='lat' dir='ltr'><strong>paula-</strong></span> 
     </span>
    </p>
   </div>
   <div class='ocr_carea' id='block_1_79' title="bbox 1059 959 1847 994">
    <p class='ocr_par' dir='ltr' id='par_1_79' title="bbox 1059 959 1847 994">
     <span class='ocr_line' id='line_1_79' title="bbox 1059 959 1847 994; baseline -0.003 -7"><span class='ocrx_word' id='word_1_553' title='bbox 1059 961 1107 988; x_wconf 93' lang='lat' dir='ltr'><strong>tim</strong></span> <span class='ocrx_word' id='word_1_554' title='bbox 1125 961 1289 994; x_wconf 76' lang='lat' dir='ltr'><strong>effunditur;</strong></span> <span class='ocrx_word' id='word_1_555' title='bbox 1307 968 1357 988; x_wconf 88' lang='lat' dir='ltr'><strong>nec</strong></span> <span class='ocrx_word' id='word_1_556' title='bbox 1379 961 1404 988; x_wconf 90' lang='lat' dir='ltr'><strong>in</strong></span> <span class='ocrx_word' id='word_1_557' title='bbox 1422 968 1454 988; x_wconf 90' lang='lat' dir='ltr'><strong>eo</strong></span> <span class='ocrx_word' id='word_1_558' title='bbox 1478 966 1566 987; x_wconf 89' lang='lat' dir='ltr'><strong>tatnen</strong></span> <span class='ocrx_word' id='word_1_559' title='bbox 1590 959 1694 987; x_wconf 90' lang='lat' dir='ltr'><strong>diutius</strong></span> <span class='ocrx_word' id='word_1_560' title='bbox 1710 959 1847 989; x_wconf 88' lang='lat' dir='ltr'><strong>consistit.</strong></span> 
     </span>
    </p>
   </div>
   <div class='ocr_carea' id='block_1_80' title="bbox 1059 1003 1847 1040">
    <p class='ocr_par' dir='ltr' id='par_1_80' title="bbox 1059 1003 1847 1040">
     <span class='ocr_line' id='line_1_80' title="bbox 1059 1003 1847 1040; baseline -0.005 -6"><span class='ocrx_word' id='word_1_561' title='bbox 1059 1015 1154 1034; x_wconf 88' lang='lat' dir='ltr'><strong>verum</strong></span> <span class='ocrx_word' id='word_1_562' title='bbox 1180 1007 1389 1034; x_wconf 87' lang='lat' dir='ltr'><strong>intercalatione</strong></span> <span class='ocrx_word' id='word_1_563' title='bbox 1401 1006 1518 1033; x_wconf 86' lang='lat' dir='ltr'><strong>subinde</strong></span> <span class='ocrx_word' id='word_1_564' title='bbox 1534 1005 1607 1032; x_wconf 84' lang='lat' dir='ltr'><strong>velut</strong></span> <span class='ocrx_word' id='word_1_565' title='bbox 1627 1005 1747 1040; x_wconf 89' lang='lat' dir='ltr'><strong>quodam</strong></span> <span class='ocrx_word' id='word_1_566' title='bbox 1769 1003 1847 1031; x_wconf 85' lang='lat' dir='ltr'><strong>freno</strong></span> 
     </span>
    </p>
   </div>
   <div class='ocr_carea' id='block_1_81' title="bbox 1059 1049 1846 1086">
    <p class='ocr_par' dir='ltr' id='par_1_81' title="bbox 1059 1049 1846 1086">
     <span class='ocr_line' id='line_1_81' title="bbox 1059 1049 1846 1086; baseline -0.005 -7"><span class='ocrx_word' id='word_1_567' title='bbox 1059 1057 1202 1079; x_wconf 79' lang='lat' dir='ltr'><strong>revocatur</strong></span> <span class='ocrx_word' id='word_1_568' title='bbox 1223 1061 1230 1078; x_wconf 87' lang='lat'><strong>:</strong></span> <span class='ocrx_word' id='word_1_569' title='bbox 1256 1051 1411 1086; x_wconf 82' lang='lat' dir='ltr'><strong>cujusmodi</strong></span> <span class='ocrx_word' id='word_1_570' title='bbox 1435 1058 1469 1077; x_wconf 86' lang='lat' dir='ltr'><strong>ex</strong></span> <span class='ocrx_word' id='word_1_571' title='bbox 1493 1050 1611 1077; x_wconf 83' lang='lat' dir='ltr'><strong>Anatolii</strong></span> <span class='ocrx_word' id='word_1_572' title='bbox 1637 1049 1766 1084; x_wconf 88' lang='lat' dir='ltr'><strong>opinione</strong></span> <span class='ocrx_word' id='word_1_573' title='bbox 1790 1057 1846 1076; x_wconf 79' lang='lat' dir='ltr'><strong>xxn</strong></span> 
     </span>
    </p>
   </div>
   <div class='ocr_carea' id='block_1_82' title="bbox 1058 1094 1846 1129">
    <p class='ocr_par' dir='ltr' id='par_1_82' title="bbox 1058 1094 1846 1129">
     <span class='ocr_line' id='line_1_82' title="bbox 1058 1094 1846 1129; baseline -0.005 -4"><span class='ocrx_word' id='word_1_574' title='bbox 1058 1098 1149 1126; x_wconf 81' lang='lat' dir='ltr'><strong>Martii</strong></span> <span class='ocrx_word' id='word_1_575' title='bbox 1162 1098 1302 1126; x_wconf 80' lang='lat' dir='ltr'><strong>exstitisse</strong></span> <span class='ocrx_word' id='word_1_576' title='bbox 1323 1097 1394 1124; x_wconf 83' lang='lat' dir='ltr'><strong>Beda</strong></span> <span class='ocrx_word' id='word_1_577' title='bbox 1412 1101 1516 1124; x_wconf 86' lang='lat' dir='ltr'><strong>narrat.</strong></span> <span class='ocrx_word' id='word_1_578' title='bbox 1528 1096 1607 1129; x_wconf 87' lang='lat' dir='ltr'><strong>Quod</strong></span> <span class='ocrx_word' id='word_1_579' title='bbox 1621 1103 1701 1123; x_wconf 89' lang='lat' dir='ltr'><strong>secus</strong></span> <span class='ocrx_word' id='word_1_580' title='bbox 1712 1102 1742 1122; x_wconf 88' lang='lat' dir='ltr'><strong>se</strong></span> <span class='ocrx_word' id='word_1_581' title='bbox 1754 1094 1846 1122; x_wconf 84' lang='lat' dir='ltr'><strong>habet.</strong></span> 
     </span>
    </p>
   </div>
   <div class='ocr_carea' id='block_1_83' title="bbox 1058 1141 1845 1179">
    <p class='ocr_par' dir='ltr' id='par_1_83' title="bbox 1058 1141 1845 1179">
     <span class='ocr_line' id='line_1_83' title="bbox 1058 1141 1845 1179; baseline -0.005 -8"><span class='ocrx_word' id='word_1_582' title='bbox 1058 1144 1166 1179; x_wconf 89' lang='lat' dir='ltr'><strong>Alioqui</strong></span> <span class='ocrx_word' id='word_1_583' title='bbox 1189 1144 1212 1171; x_wconf 85' lang='lat' dir='ltr'><strong>si</strong></span> <span class='ocrx_word' id='word_1_584' title='bbox 1238 1143 1397 1178; x_wconf 88' lang='lat' dir='ltr'><strong>plerumque</strong></span> <span class='ocrx_word' id='word_1_585' title='bbox 1424 1143 1450 1170; x_wconf 91' lang='lat' dir='ltr'><strong>in</strong></span> <span class='ocrx_word' id='word_1_586' title='bbox 1476 1150 1522 1170; x_wconf 80' lang='lat' dir='ltr'><strong>xxi</strong></span> <span class='ocrx_word' id='word_1_587' title='bbox 1542 1141 1630 1169; x_wconf 84' lang='lat' dir='ltr'><strong>Martii</strong></span> <span class='ocrx_word' id='word_1_588' title='bbox 1652 1142 1845 1176; x_wconf 66' lang='lat' dir='ltr'><strong>aequinoctium</strong></span> 
     </span>
    </p>
   </div>
   <div class='ocr_carea' id='block_1_84' title="bbox 1058 1188 1848 1223">
    <p class='ocr_par' dir='ltr' id='par_1_84' title="bbox 1058 1188 1848 1223">
     <span class='ocr_line' id='line_1_84' title="bbox 1058 1188 1848 1223; baseline -0.006 -5"><span class='ocrx_word' id='word_1_589' title='bbox 1058 1190 1257 1223; x_wconf 83' lang='lat' dir='ltr'><strong>contineretur,</strong></span> <span class='ocrx_word' id='word_1_590' title='bbox 1275 1197 1308 1217; x_wconf 91' lang='lat' dir='ltr'><strong>ac</strong></span> <span class='ocrx_word' id='word_1_591' title='bbox 1327 1189 1435 1216; x_wconf 67' lang='lat' dir='ltr'><strong>nonnisi</strong></span> <span class='ocrx_word' id='word_1_592' title='bbox 1459 1188 1590 1221; x_wconf 90' lang='lat' dir='ltr'><strong>secundol</strong></span> <span class='ocrx_word' id='word_1_593' title='bbox 1619 1188 1659 1215; x_wconf 90' lang='lat' dir='ltr'><strong>vel</strong></span> <span class='ocrx_word' id='word_1_594' title='bbox 1681 1188 1761 1214; x_wconf 77' lang='lat' dir='ltr'><strong>tertio</strong></span> <span class='ocrx_word' id='word_1_595' title='bbox 1786 1191 1848 1222; x_wconf 86' lang='lat' dir='ltr'><strong>post</strong></span> 
     </span>
    </p>
   </div>
   <div class='ocr_carea' id='block_1_85' title="bbox 1059 1234 1848 1264">
    <p class='ocr_par' dir='ltr' id='par_1_85' title="bbox 1059 1234 1848 1264">
     <span class='ocr_line' id='line_1_85' title="bbox 1059 1234 1848 1264; baseline -0.006 0"><span class='ocrx_word' id='word_1_596' title='bbox 1059 1237 1207 1264; x_wconf 88' lang='lat' dir='ltr'><strong>bissextum</strong></span> <span class='ocrx_word' id='word_1_597' title='bbox 1216 1242 1288 1262; x_wconf 86' lang='lat' dir='ltr'><strong>anno</strong></span> <span class='ocrx_word' id='word_1_598' title='bbox 1300 1235 1334 1262; x_wconf 88' lang='lat' dir='ltr'><strong>ad</strong></span> <span class='ocrx_word' id='word_1_599' title='bbox 1343 1242 1399 1262; x_wconf 87' lang='lat' dir='ltr'><strong>xxn</strong></span> <span class='ocrx_word' id='word_1_600' title='bbox 1412 1235 1552 1262; x_wconf 86' lang='lat' dir='ltr'><strong>accederet</strong></span> <span class='ocrx_word' id='word_1_601' title='bbox 1565 1243 1571 1260; x_wconf 93' lang='lat'>:</span> <span class='ocrx_word' id='word_1_602' title='bbox 1587 1234 1642 1260; x_wconf 91' lang='lat' dir='ltr'><strong>imo</strong></span> <span class='ocrx_word' id='word_1_603' title='bbox 1654 1241 1718 1260; x_wconf 82' lang='lat' dir='ltr'><strong>vero</strong></span> <span class='ocrx_word' id='word_1_604' title='bbox 1729 1241 1764 1260; x_wconf 89' lang='lat' dir='ltr'><strong>ne</strong></span> <span class='ocrx_word' id='word_1_605' title='bbox 1775 1238 1848 1260; x_wconf 92' lang='lat' dir='ltr'><strong>utro-</strong></span> 
     </span>
    </p>
   </div>
   <div class='ocr_carea' id='block_1_86' title="bbox 1058 1272 1845 1318">
    <p class='ocr_par' dir='ltr' id='par_1_86' title="bbox 1058 1272 1845 1318">
     <span class='ocr_line' id='line_1_86' title="bbox 1058 1272 1845 1318; baseline -0.008 -8"><span class='ocrx_word' id='word_1_606' title='bbox 1058 1290 1111 1318; x_wconf 88' lang='lat' dir='ltr'><strong>que</strong></span> <span class='ocrx_word' id='word_1_607' title='bbox 1126 1282 1172 1309; x_wconf 88' lang='lat' dir='ltr'><strong>illo</strong></span> <span class='ocrx_word' id='word_1_608' title='bbox 1187 1289 1260 1309; x_wconf 83' lang='lat' dir='ltr'><strong>anno</strong></span> <span class='ocrx_word' id='word_1_609' title='bbox 1273 1281 1384 1316; x_wconf 89' lang='lat' dir='ltr'><strong>quidem</strong></span> <span class='ocrx_word' id='word_1_610' title='bbox 1396 1281 1486 1308; x_wconf 91' lang='lat' dir='ltr'><strong>civilis</strong></span> <span class='ocrx_word' id='word_1_611' title='bbox 1499 1279 1552 1307; x_wconf 87' lang='lat' dir='ltr'><strong>diei</strong></span> <span class='ocrx_word' id='word_1_612' title='bbox 1571 1285 1660 1307; x_wconf 88' lang='lat' dir='ltr'><strong>metas</strong></span> <span class='ocrx_word' id='word_1_613' title='bbox 1676 1272 1822 1313; x_wconf 81' lang='lat' dir='ltr'><strong>attingeret</strong></span> <span class='ocrx_word' id='word_1_614' title='bbox 1838 1286 1845 1304; x_wconf 90' lang='lat'><em>:</em></span> 
     </span>
    </p>
   </div>
   <div class='ocr_carea' id='block_1_87' title="bbox 1059 1324 1845 1358">
    <p class='ocr_par' dir='ltr' id='par_1_87' title="bbox 1059 1324 1845 1358">
     <span class='ocr_line' id='line_1_87' title="bbox 1059 1324 1845 1358; baseline -0.006 -3"><span class='ocrx_word' id='word_1_615' title='bbox 1059 1329 1111 1356; x_wconf 91' lang='lat' dir='ltr'><strong>hoc</strong></span> <span class='ocrx_word' id='word_1_616' title='bbox 1125 1333 1167 1355; x_wconf 90' lang='lat' dir='ltr'><strong>cst</strong></span> <span class='ocrx_word' id='word_1_617' title='bbox 1178 1335 1231 1354; x_wconf 89' lang='lat' dir='ltr'><strong>non</strong></span> <span class='ocrx_word' id='word_1_618' title='bbox 1249 1327 1318 1354; x_wconf 86' lang='lat' dir='ltr'><strong>ultra</strong></span> <span class='ocrx_word' id='word_1_619' title='bbox 1335 1327 1450 1354; x_wconf 76' lang='lat' dir='ltr'><strong>mediam</strong></span> <span class='ocrx_word' id='word_1_620' title='bbox 1467 1331 1573 1354; x_wconf 90' lang='lat' dir='ltr'><strong>noctem</strong></span> <span class='ocrx_word' id='word_1_621' title='bbox 1589 1333 1615 1352; x_wconf 89' lang='lat' dir='ltr'><strong>a.</strong></span> <span class='ocrx_word' id='word_1_622' title='bbox 1628 1325 1655 1352; x_wconf 97' lang='lat' dir='ltr'><strong>d.</strong></span> <span class='ocrx_word' id='word_1_623' title='bbox 1669 1333 1694 1352; x_wconf 87' lang='lat' dir='ltr'><strong>xi</strong></span> <span class='ocrx_word' id='word_1_624' title='bbox 1707 1324 1766 1351; x_wconf 82' lang='lat' dir='ltr'><strong>Kal.</strong></span> <span class='ocrx_word' id='word_1_625' title='bbox 1779 1324 1845 1358; x_wconf 85' lang='lat' dir='ltr'><strong>Apr.</strong></span> 
     </span>
    </p>
   </div>
   <div class='ocr_carea' id='block_1_88' title="bbox 1059 1369 1847 1409">
    <p class='ocr_par' dir='ltr' id='par_1_88' title="bbox 1059 1369 1847 1409">
     <span class='ocr_line' id='line_1_88' title="bbox 1059 1369 1847 1409; baseline -0.008 -8"><span class='ocrx_word' id='word_1_626' title='bbox 1059 1381 1197 1409; x_wconf 79' lang='lat' dir='ltr'><strong>nunquam</strong></span> <span class='ocrx_word' id='word_1_627' title='bbox 1215 1373 1358 1400; x_wconf 88' lang='lat' dir='ltr'><strong>Anatolius</strong></span> <span class='ocrx_word' id='word_1_628' title='bbox 1367 1379 1424 1399; x_wconf 89' lang='lat' dir='ltr'><strong>xxtt</strong></span> <span class='ocrx_word' id='word_1_629' title='bbox 1438 1372 1529 1407; x_wconf 89' lang='lat' dir='ltr'><strong>potius</strong></span> <span class='ocrx_word' id='word_1_630' title='bbox 1556 1378 1637 1406; x_wconf 89' lang='lat' dir='ltr'><strong>quam</strong></span> <span class='ocrx_word' id='word_1_631' title='bbox 1654 1377 1698 1397; x_wconf 84' lang='lat' dir='ltr'><strong>xxt</strong></span> <span class='ocrx_word' id='word_1_632' title='bbox 1713 1369 1778 1396; x_wconf 86' lang='lat' dir='ltr'><strong>anni</strong></span> <span class='ocrx_word' id='word_1_633' title='bbox 1789 1377 1847 1396; x_wconf 88' lang='lat' dir='ltr'><strong>car-</strong></span> 
     </span>
    </p>
   </div>
   <div class='ocr_carea' id='block_1_89' title="bbox 1057 1414 1845 1454">
    <p class='ocr_par' dir='ltr' id='par_1_89' title="bbox 1057 1414 1845 1454">
     <span class='ocr_line' id='line_1_89' title="bbox 1057 1414 1845 1454; baseline -0.008 -7"><span class='ocrx_word' id='word_1_634' title='bbox 1057 1420 1161 1451; x_wconf 90' lang='lat' dir='ltr'><strong>dinem,</strong></span> <span class='ocrx_word' id='word_1_635' title='bbox 1176 1427 1208 1446; x_wconf 89' lang='lat' dir='ltr'><strong>ac</strong></span> <span class='ocrx_word' id='word_1_636' title='bbox 1223 1419 1377 1454; x_wconf 85' lang='lat' dir='ltr'><strong>pasehalem</strong></span> <span class='ocrx_word' id='word_1_637' title='bbox 1394 1418 1539 1445; x_wconf 88' lang='lat' dir='ltr'><strong>terminum</strong></span> <span class='ocrx_word' id='word_1_638' title='bbox 1552 1416 1727 1452; x_wconf 75' lang='lat' dir='ltr'><strong>assignasset.</strong></span> <span class='ocrx_word' id='word_1_639' title='bbox 1744 1414 1845 1447; x_wconf 85' lang='lat' dir='ltr'><strong>Quem-</strong></span> 
     </span>
    </p>
   </div>
   <div class='ocr_carea' id='block_1_90' title="bbox 1058 1462 1847 1498">
    <p class='ocr_par' dir='ltr' id='par_1_90' title="bbox 1058 1462 1847 1498">
     <span class='ocr_line' id='line_1_90' title="bbox 1058 1462 1847 1498; baseline -0.008 -6"><span class='ocrx_word' id='word_1_640' title='bbox 1058 1465 1204 1492; x_wconf 87' lang='lat' dir='ltr'><strong>admodum</strong></span> <span class='ocrx_word' id='word_1_641' title='bbox 1239 1465 1291 1492; x_wconf 89' lang='lat' dir='ltr'><strong>hoc</strong></span> <span class='ocrx_word' id='word_1_642' title='bbox 1316 1468 1440 1498; x_wconf 83' lang='lat' dir='ltr'><strong>tempore</strong></span> <span class='ocrx_word' id='word_1_643' title='bbox 1463 1467 1526 1498; x_wconf 86' lang='lat' dir='ltr'><strong>post</strong></span> <span class='ocrx_word' id='word_1_644' title='bbox 1542 1462 1738 1498; x_wconf 75' lang='lat' dir='ltr'><strong>Gregoriauatn</strong></span> <span class='ocrx_word' id='word_1_645' title='bbox 1752 1467 1847 1487; x_wconf 80' lang='lat' dir='ltr'><strong>recert-</strong></span> 
     </span>
    </p>
   </div>
   <div class='ocr_carea' id='block_1_91' title="bbox 1059 1505 1846 1544">
    <p class='ocr_par' dir='ltr' id='par_1_91' title="bbox 1059 1505 1846 1544">
     <span class='ocr_line' id='line_1_91' title="bbox 1059 1505 1846 1544; baseline -0.008 -6"><span class='ocrx_word' id='word_1_646' title='bbox 1059 1512 1176 1544; x_wconf 83' lang='lat' dir='ltr'><strong>siouem,</strong></span> <span class='ocrx_word' id='word_1_647' title='bbox 1198 1511 1263 1538; x_wconf 82' lang='lat' dir='ltr'><strong>licet</strong></span> <span class='ocrx_word' id='word_1_648' title='bbox 1283 1509 1476 1544; x_wconf 78' lang='lat' dir='ltr'><strong>:equinoetium</strong></span> <span class='ocrx_word' id='word_1_649' title='bbox 1502 1507 1573 1535; x_wconf 80' lang='grc' dir='ltr'><strong>κατὰ</strong></span> <span class='ocrx_word' id='word_1_650' title='bbox 1598 1507 1790 1542; x_wconf 81' lang='grc' dir='ltr'><strong>μετέμπτωσιν</strong></span> <span class='ocrx_word' id='word_1_651' title='bbox 1819 1505 1846 1532; x_wconf 91' lang='lat' dir='ltr'><strong>itt</strong></span> 
     </span>
    </p>
   </div>
   <div class='ocr_carea' id='block_1_92' title="bbox 1059 1553 1845 1591">
    <p class='ocr_par' dir='ltr' id='par_1_92' title="bbox 1059 1553 1845 1591">
     <span class='ocr_line' id='line_1_92' title="bbox 1059 1553 1845 1591; baseline -0.006 -8"><span class='ocrx_word' id='word_1_652' title='bbox 1059 1556 1185 1591; x_wconf 69' lang='lat' dir='ltr'><strong>:equahili</strong></span> <span class='ocrx_word' id='word_1_653' title='bbox 1204 1564 1275 1582; x_wconf 88' lang='lat' dir='ltr'><strong>anno</strong></span> <span class='ocrx_word' id='word_1_654' title='bbox 1295 1555 1328 1581; x_wconf 89' lang='lat' dir='ltr'><strong>ad</strong></span> <span class='ocrx_word' id='word_1_655' title='bbox 1345 1555 1461 1581; x_wconf 90' lang='lat' dir='ltr'><strong>mediam</strong></span> <span class='ocrx_word' id='word_1_656' title='bbox 1491 1553 1547 1580; x_wconf 77' lang='lat' dir='ltr'><strong>fere</strong></span> <span class='ocrx_word' id='word_1_657' title='bbox 1568 1558 1686 1584; x_wconf 86' lang='lat' dir='ltr'><strong>nectent,</strong></span> <span class='ocrx_word' id='word_1_658' title='bbox 1705 1559 1766 1586; x_wconf 70' lang='lat' dir='ltr'><strong>qua:</strong></span> <span class='ocrx_word' id='word_1_659' title='bbox 1786 1559 1845 1578; x_wconf 81' lang='lat' dir='ltr'><strong>xxtt</strong></span> 
     </span>
    </p>
   </div>
   <div class='ocr_carea' id='block_1_93' title="bbox 1060 1597 1846 1636">
    <p class='ocr_par' dir='ltr' id='par_1_93' title="bbox 1060 1597 1846 1636">
     <span class='ocr_line' id='line_1_93' title="bbox 1060 1597 1846 1636; baseline -0.008 -7"><span class='ocrx_word' id='word_1_660' title='bbox 1060 1602 1214 1634; x_wconf 82' lang='lat' dir='ltr'><strong>antecedit,</strong></span> <span class='ocrx_word' id='word_1_661' title='bbox 1239 1601 1394 1636; x_wconf 78' lang='lat' dir='ltr'><strong>perveniat;</strong></span> <span class='ocrx_word' id='word_1_662' title='bbox 1413 1599 1591 1626; x_wconf 65' lang='lat' dir='ltr'><strong>nihiiominus</strong></span> <span class='ocrx_word' id='word_1_663' title='bbox 1611 1600 1637 1625; x_wconf 89' lang='lat' dir='ltr'><strong>in</strong></span> <span class='ocrx_word' id='word_1_664' title='bbox 1661 1606 1704 1624; x_wconf 79' lang='lat' dir='ltr'><strong>ut</strong></span> <span class='ocrx_word' id='word_1_665' title='bbox 1726 1597 1846 1625; x_wconf 73' lang='lat' dir='ltr'><strong>defixum</strong></span> 
     </span>
    </p>
   </div>
   <div class='ocr_carea' id='block_1_94' title="bbox 1059 1643 1848 1682">
    <p class='ocr_par' dir='ltr' id='par_1_94' title="bbox 1059 1643 1848 1682">
     <span class='ocr_line' id='line_1_94' title="bbox 1059 1643 1848 1682; baseline -0.008 -8"><span class='ocrx_word' id='word_1_666' title='bbox 1059 1653 1117 1680; x_wconf 83' lang='lat' dir='ltr'><strong>est;</strong></span> <span class='ocrx_word' id='word_1_667' title='bbox 1132 1647 1203 1682; x_wconf 90' lang='lat' dir='ltr'><strong>quod</strong></span> <span class='ocrx_word' id='word_1_668' title='bbox 1222 1654 1284 1673; x_wconf 83' lang='lat' dir='ltr'><strong>cum</strong></span> <span class='ocrx_word' id='word_1_669' title='bbox 1304 1646 1377 1672; x_wconf 81' lang='lat' dir='ltr'><strong>diem</strong></span> <span class='ocrx_word' id='word_1_670' title='bbox 1397 1650 1454 1672; x_wconf 90' lang='lat' dir='ltr'><strong>toto</strong></span> <span class='ocrx_word' id='word_1_671' title='bbox 1474 1643 1651 1671; x_wconf 79' lang='lat' dir='ltr'><strong>fereJuliano</strong></span> <span class='ocrx_word' id='word_1_672' title='bbox 1664 1643 1848 1678; x_wconf 84' lang='lat' dir='ltr'><strong>quadriennio</strong></span> 
     </span>
    </p>
   </div>
   <div class='ocr_carea' id='block_1_95' title="bbox 1059 1688 1848 1727">
    <p class='ocr_par' dir='ltr' id='par_1_95' title="bbox 1059 1688 1848 1727">
     <span class='ocr_line' id='line_1_95' title="bbox 1059 1688 1848 1727; baseline -0.008 -8"><span class='ocrx_word' id='word_1_673' title='bbox 1059 1693 1202 1727; x_wconf 82' lang='lat' dir='ltr'><strong>percurrit.</strong></span> <span class='ocrx_word' id='word_1_674' title='bbox 1225 1691 1282 1719; x_wconf 85' lang='lat' dir='ltr'><strong>Non</strong></span> <span class='ocrx_word' id='word_1_675' title='bbox 1302 1697 1343 1719; x_wconf 86' lang='lat' dir='ltr'><strong>est</strong></span> <span class='ocrx_word' id='word_1_676' title='bbox 1363 1692 1446 1725; x_wconf 73' lang='lat' dir='ltr'><strong>igitur</strong></span> <span class='ocrx_word' id='word_1_677' title='bbox 1464 1690 1642 1717; x_wconf 83' lang='lat' dir='ltr'><strong>dubitandum</strong></span> <span class='ocrx_word' id='word_1_678' title='bbox 1656 1708 1664 1719; x_wconf 86' lang='lat'><em>.</em></span> <span class='ocrx_word' id='word_1_679' title='bbox 1684 1688 1751 1723; x_wconf 88' lang='lat' dir='ltr'><strong>qttin</strong></span> <span class='ocrx_word' id='word_1_680' title='bbox 1774 1689 1848 1714; x_wconf 89' lang='lat' dir='ltr'><strong>Ana-</strong></span> 
     </span>
    </p>
   </div>
   <div class='ocr_carea' id='block_1_96' title="bbox 1059 1735 1846 1772">
    <p class='ocr_par' dir='ltr' id='par_1_96' title="bbox 1059 1735 1846 1772">
     <span class='ocr_line' id='line_1_96' title="bbox 1059 1735 1846 1772; baseline -0.005 -8"><span class='ocrx_word' id='word_1_681' title='bbox 1059 1739 1142 1765; x_wconf 88' lang='lat' dir='ltr'><strong>tolitts</strong></span> <span class='ocrx_word' id='word_1_682' title='bbox 1163 1746 1189 1765; x_wconf 89' lang='lat' dir='ltr'><strong>xt</strong></span> <span class='ocrx_word' id='word_1_683' title='bbox 1210 1737 1271 1764; x_wconf 76' lang='lat' dir='ltr'><strong>Kal.</strong></span> <span class='ocrx_word' id='word_1_684' title='bbox 1288 1737 1356 1772; x_wconf 91' lang='lat' dir='ltr'><strong>Apr.</strong></span> <span class='ocrx_word' id='word_1_685' title='bbox 1368 1736 1560 1771; x_wconf 76' lang='lat' dir='ltr'><strong>:equinoctium</strong></span> <span class='ocrx_word' id='word_1_686' title='bbox 1577 1735 1658 1762; x_wconf 81' lang='lat' dir='ltr'><strong>civile</strong></span> <span class='ocrx_word' id='word_1_687' title='bbox 1672 1735 1800 1761; x_wconf 85' lang='lat' dir='ltr'><strong>statuerit</strong></span> <span class='ocrx_word' id='word_1_688' title='bbox 1813 1736 1846 1760; x_wconf 86' lang='lat' dir='ltr'><strong>ad</strong></span> 
     </span>
    </p>
   </div>
   <div class='ocr_carea' id='block_1_97' title="bbox 1058 1780 1846 1818">
    <p class='ocr_par' dir='ltr' id='par_1_97' title="bbox 1058 1780 1846 1818">
     <span class='ocr_line' id='line_1_97' title="bbox 1058 1780 1846 1818; baseline -0.006 -8"><span class='ocrx_word' id='word_1_689' title='bbox 1058 1792 1121 1810; x_wconf 89' lang='lat' dir='ltr'><strong>etttn</strong></span> <span class='ocrx_word' id='word_1_690' title='bbox 1138 1784 1260 1814; x_wconf 88' lang='lat' dir='ltr'><strong>modum,</strong></span> <span class='ocrx_word' id='word_1_691' title='bbox 1290 1790 1345 1818; x_wconf 89' lang='lat' dir='ltr'><strong>quo</strong></span> <span class='ocrx_word' id='word_1_692' title='bbox 1366 1787 1429 1817; x_wconf 82' lang='lat' dir='ltr'><strong>post</strong></span> <span class='ocrx_word' id='word_1_693' title='bbox 1444 1781 1584 1808; x_wconf 66' lang='lat' dir='ltr'><strong>Nicaennm</strong></span> <span class='ocrx_word' id='word_1_694' title='bbox 1602 1780 1749 1808; x_wconf 87' lang='lat' dir='ltr'><strong>concilium</strong></span> <span class='ocrx_word' id='word_1_695' title='bbox 1766 1780 1793 1806; x_wconf 91' lang='lat' dir='ltr'><strong>itt</strong></span> <span class='ocrx_word' id='word_1_696' title='bbox 1810 1788 1846 1806; x_wconf 89' lang='lat' dir='ltr'><strong>xu</strong></span> 
     </span>
    </p>
   </div>
   <div class='ocr_carea' id='block_1_98' title="bbox 1060 1826 1846 1858">
    <p class='ocr_par' dir='ltr' id='par_1_98' title="bbox 1060 1826 1846 1858">
     <span class='ocr_line' id='line_1_98' title="bbox 1060 1826 1846 1858; baseline -0.006 -1"><span class='ocrx_word' id='word_1_697' title='bbox 1060 1830 1175 1857; x_wconf 80' lang='lat' dir='ltr'><strong>Kalend.</strong></span> <span class='ocrx_word' id='word_1_698' title='bbox 1201 1830 1362 1856; x_wconf 88' lang='lat' dir='ltr'><strong>translatum</strong></span> <span class='ocrx_word' id='word_1_699' title='bbox 1381 1834 1422 1856; x_wconf 76' lang='lat' dir='ltr'><strong>est</strong></span> <span class='ocrx_word' id='word_1_700' title='bbox 1445 1838 1452 1855; x_wconf 89' lang='lat'><em>:</em></span> <span class='ocrx_word' id='word_1_701' title='bbox 1474 1828 1541 1855; x_wconf 87' lang='lat' dir='ltr'><strong>adeo</strong></span> <span class='ocrx_word' id='word_1_702' title='bbox 1557 1832 1585 1854; x_wconf 91' lang='grc' dir='ltr'><strong>ιιι</strong></span> <span class='ocrx_word' id='word_1_703' title='bbox 1605 1827 1677 1854; x_wconf 88' lang='lat' dir='ltr'><strong>nttlla</strong></span> <span class='ocrx_word' id='word_1_704' title='bbox 1703 1834 1748 1853; x_wconf 89' lang='lat' dir='ltr'><strong>xtv</strong></span> <span class='ocrx_word' id='word_1_705' title='bbox 1770 1826 1846 1858; x_wconf 87' lang='lat' dir='ltr'><strong>luna,</strong></span> 
     </span>
    </p>
   </div>
   <div class='ocr_carea' id='block_1_99' title="bbox 1058 1872 1845 1911">
    <p class='ocr_par' dir='ltr' id='par_1_99' title="bbox 1058 1872 1845 1911">
     <span class='ocr_line' id='line_1_99' title="bbox 1058 1872 1845 1911; baseline -0.004 -8"><span class='ocrx_word' id='word_1_706' title='bbox 1058 1884 1119 1911; x_wconf 74' lang='lat' dir='ltr'><strong>quae</strong></span> <span class='ocrx_word' id='word_1_707' title='bbox 1139 1880 1200 1903; x_wconf 84' lang='lat' dir='ltr'><strong>ante</strong></span> <span class='ocrx_word' id='word_1_708' title='bbox 1222 1883 1246 1902; x_wconf 65' lang='grc' dir='ltr'><strong>ιι</strong></span> <span class='ocrx_word' id='word_1_709' title='bbox 1265 1875 1325 1902; x_wconf 78' lang='lat' dir='ltr'><strong>Kal.</strong></span> <span class='ocrx_word' id='word_1_710' title='bbox 1346 1875 1491 1906; x_wconf 86' lang='lat' dir='ltr'><strong>accideret,</strong></span> <span class='ocrx_word' id='word_1_711' title='bbox 1516 1873 1656 1908; x_wconf 85' lang='lat' dir='ltr'><strong>paschalis</strong></span> <span class='ocrx_word' id='word_1_712' title='bbox 1688 1872 1845 1900; x_wconf 87' lang='lat' dir='ltr'><strong>haberetur.</strong></span> 
     </span>
    </p>
   </div>
   <div class='ocr_carea' id='block_1_100' title="bbox 1058 1920 1764 1950">
    <p class='ocr_par' dir='ltr' id='par_1_100' title="bbox 1058 1920 1764 1950">
     <span class='ocr_line' id='line_1_100' title="bbox 1058 1920 1764 1950; baseline -0.006 -1"><span class='ocrx_word' id='word_1_713' title='bbox 1058 1923 1087 1950; x_wconf 65' lang='grc' dir='ltr'><strong>ιιι</strong></span> <span class='ocrx_word' id='word_1_714' title='bbox 1103 1922 1176 1949; x_wconf 89' lang='lat' dir='ltr'><strong>enim</strong></span> <span class='ocrx_word' id='word_1_715' title='bbox 1190 1921 1309 1948; x_wconf 88' lang='lat' dir='ltr'><strong>Anatolii</strong></span> <span class='ocrx_word' id='word_1_716' title='bbox 1326 1921 1407 1948; x_wconf 87' lang='lat' dir='ltr'><strong>verba</strong></span> <span class='ocrx_word' id='word_1_717' title='bbox 1420 1920 1600 1948; x_wconf 86' lang='lat' dir='ltr'><strong>disertissime</strong></span> <span class='ocrx_word' id='word_1_718' title='bbox 1619 1924 1764 1947; x_wconf 74' lang='lat' dir='ltr'><strong>testantur.</strong></span> 
     </span>
    </p>
   </div>
   <div class='ocr_carea' id='block_1_101' title="bbox 1095 1965 1846 2001">
    <p class='ocr_par' dir='ltr' id='par_1_101' title="bbox 1095 1965 1846 2001">
     <span class='ocr_line' id='line_1_101' title="bbox 1095 1965 1846 2001; baseline -0.005 -6"><span class='ocrx_word' id='word_1_719' title='bbox 1095 1968 1166 1995; x_wconf 89' lang='lat' dir='ltr'><strong>Sane</strong></span> <span class='ocrx_word' id='word_1_720' title='bbox 1186 1968 1207 1995; x_wconf 86' lang='lat' dir='ltr'><strong>si</strong></span> <span class='ocrx_word' id='word_1_721' title='bbox 1225 1967 1341 1994; x_wconf 88' lang='lat' dir='ltr'><strong>mediam</strong></span> <span class='ocrx_word' id='word_1_722' title='bbox 1356 1967 1420 1993; x_wconf 90' lang='lat' dir='ltr'><strong>anni</strong></span> <span class='ocrx_word' id='word_1_723' title='bbox 1441 1965 1539 2001; x_wconf 91' lang='lat' dir='ltr'><strong>tropici</strong></span> <span class='ocrx_word' id='word_1_724' title='bbox 1555 1965 1671 1992; x_wconf 90' lang='lat' dir='ltr'><strong>formam</strong></span> <span class='ocrx_word' id='word_1_725' title='bbox 1691 1965 1846 2000; x_wconf 77' lang='lat' dir='ltr'><strong>sequimur,</strong></span> 
     </span>
    </p>
   </div>
   <div class='ocr_carea' id='block_1_102' title="bbox 1059 2011 1847 2050">
    <p class='ocr_par' dir='ltr' id='par_1_102' title="bbox 1059 2011 1847 2050">
     <span class='ocr_line' id='line_1_102' title="bbox 1059 2011 1847 2050; baseline -0.006 -8"><span class='ocrx_word' id='word_1_726' title='bbox 1059 2014 1214 2050; x_wconf 72' lang='lat' dir='ltr'><strong>cuiusmodi</strong></span> <span class='ocrx_word' id='word_1_727' title='bbox 1232 2019 1273 2041; x_wconf 90' lang='lat' dir='ltr'><strong>est</strong></span> <span class='ocrx_word' id='word_1_728' title='bbox 1302 2013 1483 2048; x_wconf 86' lang='lat' dir='ltr'><strong>Alphonsina,</strong></span> <span class='ocrx_word' id='word_1_729' title='bbox 1503 2020 1564 2048; x_wconf 66' lang='lat' dir='ltr'><strong>qute</strong></span> <span class='ocrx_word' id='word_1_730' title='bbox 1582 2012 1688 2039; x_wconf 69' lang='lat' dir='ltr'><strong>ueteris</strong></span> <span class='ocrx_word' id='word_1_731' title='bbox 1703 2011 1847 2045; x_wconf 85' lang='lat' dir='ltr'><strong>anteponi-</strong></span> 
     </span>
    </p>
   </div>
   <div class='ocr_carea' id='block_1_103' title="bbox 1059 2055 1846 2092">
    <p class='ocr_par' dir='ltr' id='par_1_103' title="bbox 1059 2055 1846 2092">
     <span class='ocr_line' id='line_1_103' title="bbox 1059 2055 1846 2092; baseline -0.006 -6"><span class='ocrx_word' id='word_1_732' title='bbox 1059 2065 1114 2091; x_wconf 89' lang='lat' dir='ltr'><strong>tur,</strong></span> <span class='ocrx_word' id='word_1_733' title='bbox 1134 2058 1254 2085; x_wconf 88' lang='lat' dir='ltr'><strong>Anatolii</strong></span> <span class='ocrx_word' id='word_1_734' title='bbox 1275 2063 1396 2092; x_wconf 86' lang='lat' dir='ltr'><strong>tempore</strong></span> <span class='ocrx_word' id='word_1_735' title='bbox 1412 2056 1607 2092; x_wconf 78' lang='lat' dir='ltr'><strong>:equinoctium</strong></span> <span class='ocrx_word' id='word_1_736' title='bbox 1630 2056 1775 2090; x_wconf 88' lang='lat' dir='ltr'><strong>utriusque</strong></span> <span class='ocrx_word' id='word_1_737' title='bbox 1794 2055 1846 2082; x_wconf 83' lang='lat' dir='ltr'><strong>diei</strong></span> 
     </span>
    </p>
   </div>
   <div class='ocr_carea' id='block_1_104' title="bbox 1059 2101 1846 2140">
    <p class='ocr_par' dir='ltr' id='par_1_104' title="bbox 1059 2101 1846 2140">
     <span class='ocr_line' id='line_1_104' title="bbox 1059 2101 1846 2140; baseline -0.005 -8"><span class='ocrx_word' id='word_1_738' title='bbox 1059 2109 1162 2140; x_wconf 88' lang='lat' dir='ltr'><strong>partem</strong></span> <span class='ocrx_word' id='word_1_739' title='bbox 1178 2112 1211 2132; x_wconf 88' lang='lat' dir='ltr'><strong>ex</strong></span> <span class='ocrx_word' id='word_1_740' title='bbox 1229 2111 1307 2139; x_wconf 72' lang='lat' dir='ltr'><strong>azquo</strong></span> <span class='ocrx_word' id='word_1_741' title='bbox 1325 2104 1377 2131; x_wconf 90' lang='lat' dir='ltr'><strong>sibi</strong></span> <span class='ocrx_word' id='word_1_742' title='bbox 1398 2104 1563 2131; x_wconf 82' lang='lat' dir='ltr'><strong>vindicabat.</strong></span> <span class='ocrx_word' id='word_1_743' title='bbox 1581 2101 1655 2129; x_wconf 78' lang='lat' dir='ltr'><strong>Vixit</strong></span> <span class='ocrx_word' id='word_1_744' title='bbox 1668 2104 1741 2129; x_wconf 91' lang='lat' dir='ltr'><strong>enim</strong></span> <span class='ocrx_word' id='word_1_745' title='bbox 1756 2103 1846 2130; x_wconf 87' lang='lat' dir='ltr'><strong>medio</strong></span> 
     </span>
    </p>
   </div>
   <div class='ocr_carea' id='block_1_105' title="bbox 1059 2147 1846 2183">
    <p class='ocr_par' dir='ltr' id='par_1_105' title="bbox 1059 2147 1846 2183">
     <span class='ocr_line' id='line_1_105' title="bbox 1059 2147 1846 2183; baseline -0.004 -6"><span class='ocrx_word' id='word_1_746' title='bbox 1059 2149 1116 2177; x_wconf 86' lang='lat' dir='ltr'><strong>fere</strong></span> <span class='ocrx_word' id='word_1_747' title='bbox 1143 2149 1222 2176; x_wconf 88' lang='lat' dir='ltr'><strong>tertio</strong></span> <span class='ocrx_word' id='word_1_748' title='bbox 1249 2152 1311 2183; x_wconf 88' lang='lat' dir='ltr'><strong>post</strong></span> <span class='ocrx_word' id='word_1_749' title='bbox 1335 2153 1425 2175; x_wconf 87' lang='lat' dir='ltr'><strong>ortttm</strong></span> <span class='ocrx_word' id='word_1_750' title='bbox 1450 2147 1552 2175; x_wconf 85' lang='lat' dir='ltr'><strong>Christi</strong></span> <span class='ocrx_word' id='word_1_751' title='bbox 1577 2147 1688 2175; x_wconf 65' lang='lat' dir='ltr'><strong>sarculo.</strong></span> <span class='ocrx_word' id='word_1_752' title='bbox 1721 2147 1846 2182; x_wconf 86' lang='lat' dir='ltr'><strong>Cumque</strong></span> 
     </span>
    </p>
   </div>
   <div class='ocr_carea' id='block_1_106' title="bbox 1059 2193 1846 2228">
    <p class='ocr_par' dir='ltr' id='par_1_106' title="bbox 1059 2193 1846 2228">
     <span class='ocr_line' id='line_1_106' title="bbox 1059 2193 1846 2228; baseline -0.003 -7"><span class='ocrx_word' id='word_1_753' title='bbox 1059 2202 1132 2221; x_wconf 89' lang='lat' dir='ltr'><strong>anno</strong></span> <span class='ocrx_word' id='word_1_754' title='bbox 1152 2194 1253 2222; x_wconf 89' lang='lat' dir='ltr'><strong>Christi</strong></span> <span class='ocrx_word' id='word_1_755' title='bbox 1273 2193 1327 2220; x_wconf 69' lang='lat'><strong>200</strong></span> <span class='ocrx_word' id='word_1_756' title='bbox 1346 2193 1540 2228; x_wconf 60' lang='lat' dir='ltr'><strong>aequinoctium</strong></span> <span class='ocrx_word' id='word_1_757' title='bbox 1562 2200 1674 2220; x_wconf 88' lang='lat' dir='ltr'><strong>vernutn</strong></span> <span class='ocrx_word' id='word_1_758' title='bbox 1701 2193 1846 2228; x_wconf 75' lang='lat' dir='ltr'><strong>contigerit</strong></span> 
     </span>
    </p>
   </div>
   <div class='ocr_carea' id='block_1_107' title="bbox 1059 2238 1846 2273">
    <p class='ocr_par' dir='ltr' id='par_1_107' title="bbox 1059 2238 1846 2273">
     <span class='ocr_line' id='line_1_107' title="bbox 1059 2238 1846 2273; baseline -0.003 -7"><span class='ocrx_word' id='word_1_759' title='bbox 1059 2240 1146 2267; x_wconf 86' lang='lat' dir='ltr'><strong>Martii</strong></span> <span class='ocrx_word' id='word_1_760' title='bbox 1159 2247 1215 2271; x_wconf 85' lang='lat' dir='ltr'><strong>xxi,</strong></span> <span class='ocrx_word' id='word_1_761' title='bbox 1231 2239 1305 2266; x_wconf 85' lang='lat' dir='ltr'><strong>horis</strong></span> <span class='ocrx_word' id='word_1_762' title='bbox 1316 2239 1447 2272; x_wconf 68' lang='lat' dir='ltr'><strong>7,!6’,l3&quot;</strong></span> <span class='ocrx_word' id='word_1_763' title='bbox 1457 2243 1517 2273; x_wconf 89' lang='lat' dir='ltr'><strong>post</strong></span> <span class='ocrx_word' id='word_1_764' title='bbox 1532 2238 1682 2272; x_wconf 88' lang='lat' dir='ltr'><strong>meridiem,</strong></span> <span class='ocrx_word' id='word_1_765' title='bbox 1694 2246 1767 2266; x_wconf 84' lang='lat' dir='ltr'><strong>anno</strong></span> <span class='ocrx_word' id='word_1_766' title='bbox 1781 2246 1846 2265; x_wconf 76' lang='lat' dir='ltr'><strong>vero</strong></span> 
     </span>
    </p>
   </div>
   <div class='ocr_carea' id='block_1_108' title="bbox 1059 2284 1846 2317">
    <p class='ocr_par' dir='ltr' id='par_1_108' title="bbox 1059 2284 1846 2317">
     <span class='ocr_line' id='line_1_108' title="bbox 1059 2284 1846 2317; baseline 0 -5"><span class='ocrx_word' id='word_1_767' title='bbox 1059 2286 1111 2313; x_wconf 78' lang='grc'>500</span> <span class='ocrx_word' id='word_1_768' title='bbox 1127 2285 1214 2312; x_wconf 88' lang='lat' dir='ltr'><strong>Martii</strong></span> <span class='ocrx_word' id='word_1_769' title='bbox 1232 2293 1277 2317; x_wconf 87' lang='lat' dir='ltr'><strong>xx,</strong></span> <span class='ocrx_word' id='word_1_770' title='bbox 1299 2285 1374 2311; x_wconf 85' lang='lat' dir='ltr'><strong>horis</strong></span> <span class='ocrx_word' id='word_1_771' title='bbox 1395 2285 1438 2316; x_wconf 77' lang='lat' dir='ltr'><strong>l3,</strong></span> <span class='ocrx_word' id='word_1_772' title='bbox 1453 2284 1558 2316; x_wconf 46' lang='lat'><strong>21,55&quot;</strong></span> <span class='ocrx_word' id='word_1_773' title='bbox 1573 2293 1580 2311; x_wconf 89' lang='lat'>:</span> <span class='ocrx_word' id='word_1_774' title='bbox 1600 2284 1623 2311; x_wconf 85' lang='lat' dir='ltr'><strong>si</strong></span> <span class='ocrx_word' id='word_1_775' title='bbox 1640 2292 1785 2311; x_wconf 76' lang='lat' dir='ltr'><strong>excessum</strong></span> <span class='ocrx_word' id='word_1_776' title='bbox 1802 2285 1846 2313; x_wconf 85' lang='lat' dir='ltr'><strong>Al-</strong></span> 
     </span>
    </p>
   </div>
   <div class='ocr_carea' id='block_1_109' title="bbox 1059 2330 1845 2366">
    <p class='ocr_par' dir='ltr' id='par_1_109' title="bbox 1059 2330 1845 2366">
     <span class='ocr_line' id='line_1_109' title="bbox 1059 2330 1845 2366; baseline 0 -9"><span class='ocrx_word' id='word_1_777' title='bbox 1059 2332 1225 2366; x_wconf 88' lang='lat' dir='ltr'><strong>phousinum</strong></span> <span class='ocrx_word' id='word_1_778' title='bbox 1245 2338 1278 2357; x_wconf 90' lang='lat' dir='ltr'><strong>ex</strong></span> <span class='ocrx_word' id='word_1_779' title='bbox 1299 2338 1377 2364; x_wconf 62' lang='grc' dir='ltr'><strong>ωε]υο</strong></span> <span class='ocrx_word' id='word_1_780' title='bbox 1398 2330 1538 2365; x_wconf 87' lang='lat' dir='ltr'><strong>partiaris,</strong></span> <span class='ocrx_word' id='word_1_781' title='bbox 1560 2330 1681 2357; x_wconf 70' lang='lat' dir='ltr'><strong>invenies</strong></span> <span class='ocrx_word' id='word_1_782' title='bbox 1696 2338 1710 2356; x_wconf 90' lang='lat' dir='ltr'><strong>a</strong></span> <span class='ocrx_word' id='word_1_783' title='bbox 1733 2331 1845 2357; x_wconf 79' lang='lat' dir='ltr'><strong>meridie</strong></span> 
     </span>
    </p>
   </div>
   <div class='ocr_carea' id='block_1_110' title="bbox 1059 2370 1843 2410">
    <p class='ocr_par' dir='ltr' id='par_1_110' title="bbox 1059 2370 1843 2410">
     <span class='ocr_line' id='line_1_110' title="bbox 1059 2370 1843 2410; baseline -0.001 -8"><span class='ocrx_word' id='word_1_784' title='bbox 1059 2376 1144 2404; x_wconf 80' lang='lat' dir='ltr'><strong>ferme</strong></span> <span class='ocrx_word' id='word_1_785' title='bbox 1168 2384 1212 2402; x_wconf 84' lang='lat' dir='ltr'><strong>xxi</strong></span> <span class='ocrx_word' id='word_1_786' title='bbox 1236 2375 1324 2403; x_wconf 85' lang='lat' dir='ltr'><strong>Martii</strong></span> <span class='ocrx_word' id='word_1_787' title='bbox 1343 2376 1377 2402; x_wconf 90' lang='lat' dir='ltr'><strong>ad</strong></span> <span class='ocrx_word' id='word_1_788' title='bbox 1402 2375 1543 2402; x_wconf 90' lang='lat' dir='ltr'><strong>meridiem</strong></span> <span class='ocrx_word' id='word_1_789' title='bbox 1569 2383 1625 2402; x_wconf 83' lang='lat' dir='ltr'><strong>xxn</strong></span> <span class='ocrx_word' id='word_1_790' title='bbox 1649 2370 1843 2410; x_wconf 60' lang='lat' dir='ltr'><strong>aequinoctium</strong></span> 
     </span>
    </p>
   </div>
   <div class='ocr_carea' id='block_1_111' title="bbox 1059 2420 1845 2458">
    <p class='ocr_par' dir='ltr' id='par_1_111' title="bbox 1059 2420 1845 2458">
     <span class='ocr_line' id='line_1_111' title="bbox 1059 2420 1845 2458; baseline 0.001 -10"><span class='ocrx_word' id='word_1_791' title='bbox 1059 2423 1129 2449; x_wconf 89' lang='lat' dir='ltr'><strong>ultro</strong></span> <span class='ocrx_word' id='word_1_792' title='bbox 1149 2422 1270 2457; x_wconf 89' lang='lat' dir='ltr'><strong>citroque</strong></span> <span class='ocrx_word' id='word_1_793' title='bbox 1287 2429 1465 2449; x_wconf 87' lang='lat' dir='ltr'><strong>commeasse.</strong></span> <span class='ocrx_word' id='word_1_794' title='bbox 1481 2420 1534 2449; x_wconf 86' lang='lat' dir='ltr'><strong>Sed</strong></span> <span class='ocrx_word' id='word_1_795' title='bbox 1555 2422 1698 2448; x_wconf 85' lang='lat' dir='ltr'><strong>Anatolius</strong></span> <span class='ocrx_word' id='word_1_796' title='bbox 1722 2423 1845 2458; x_wconf 55' lang='lat' dir='ltr'><strong>aequino-</strong></span> 
     </span>
    </p>
   </div>
   <div class='ocr_carea' id='block_1_112' title="bbox 1058 2467 1843 2502">
    <p class='ocr_par' dir='ltr' id='par_1_112' title="bbox 1058 2467 1843 2502">
     <span class='ocr_line' id='line_1_112' title="bbox 1058 2467 1843 2502; baseline -0.001 -7"><span class='ocrx_word' id='word_1_797' title='bbox 1058 2469 1141 2495; x_wconf 83' lang='lat' dir='ltr'><strong>ctium</strong></span> <span class='ocrx_word' id='word_1_798' title='bbox 1162 2468 1238 2500; x_wconf 91' lang='lat' dir='ltr'><strong>illud,</strong></span> <span class='ocrx_word' id='word_1_799' title='bbox 1259 2468 1330 2502; x_wconf 90' lang='lat' dir='ltr'><strong>quod</strong></span> <span class='ocrx_word' id='word_1_800' title='bbox 1351 2475 1365 2494; x_wconf 91' lang='lat' dir='ltr'><strong>a</strong></span> <span class='ocrx_word' id='word_1_801' title='bbox 1387 2467 1538 2502; x_wconf 86' lang='lat' dir='ltr'><strong>majoribus</strong></span> <span class='ocrx_word' id='word_1_802' title='bbox 1565 2472 1717 2502; x_wconf 81' lang='lat' dir='ltr'><strong>acceperat,</strong></span> <span class='ocrx_word' id='word_1_803' title='bbox 1739 2468 1766 2494; x_wconf 87' lang='lat' dir='ltr'><strong>iit</strong></span> <span class='ocrx_word' id='word_1_804' title='bbox 1790 2475 1843 2494; x_wconf 82' lang='lat' dir='ltr'><strong>xxn</strong></span> 
     </span>
    </p>
   </div>
   <div class='ocr_carea' id='block_1_113' title="bbox 1058 2513 1842 2545">
    <p class='ocr_par' dir='ltr' id='par_1_113' title="bbox 1058 2513 1842 2545">
     <span class='ocr_line' id='line_1_113' title="bbox 1058 2513 1842 2545; baseline -0.001 -5"><span class='ocrx_word' id='word_1_805' title='bbox 1058 2514 1180 2545; x_wconf 82' lang='lat' dir='ltr'><strong>retinuit,</strong></span> <span class='ocrx_word' id='word_1_806' title='bbox 1196 2521 1258 2540; x_wconf 91' lang='lat' dir='ltr'><strong>cum</strong></span> <span class='ocrx_word' id='word_1_807' title='bbox 1274 2513 1436 2540; x_wconf 60' lang='lat' dir='ltr'><strong>Ptolentatns</strong></span> <span class='ocrx_word' id='word_1_808' title='bbox 1457 2518 1513 2539; x_wconf 89' lang='lat' dir='ltr'><strong>toto</strong></span> <span class='ocrx_word' id='word_1_809' title='bbox 1533 2517 1596 2540; x_wconf 86' lang='lat' dir='ltr'><strong>ante</strong></span> <span class='ocrx_word' id='word_1_810' title='bbox 1613 2513 1712 2540; x_wconf 67' lang='lat' dir='ltr'><strong>siccqu</strong></span> <span class='ocrx_word' id='word_1_811' title='bbox 1729 2521 1842 2540; x_wconf 89' lang='lat' dir='ltr'><strong>veruunt</strong></span> 
     </span>
    </p>
   </div>
   <div class='ocr_carea' id='block_1_114' title="bbox 1057 2557 1843 2594">
    <p class='ocr_par' dir='ltr' id='par_1_114' title="bbox 1057 2557 1843 2594">
     <span class='ocr_line' id='line_1_114' title="bbox 1057 2557 1843 2594; baseline -0.001 -8"><span class='ocrx_word' id='word_1_812' title='bbox 1057 2559 1252 2594; x_wconf 73' lang='lat' dir='ltr'><strong>:equinoctimu</strong></span> <span class='ocrx_word' id='word_1_813' title='bbox 1277 2567 1332 2586; x_wconf 84' lang='lat' dir='ltr'><strong>xxtt</strong></span> <span class='ocrx_word' id='word_1_814' title='bbox 1358 2557 1447 2585; x_wconf 83' lang='lat' dir='ltr'><strong>Martii</strong></span> <span class='ocrx_word' id='word_1_815' title='bbox 1472 2559 1499 2585; x_wconf 92' lang='lat' dir='ltr'><strong>in</strong></span> <span class='ocrx_word' id='word_1_816' title='bbox 1525 2558 1638 2585; x_wconf 81' lang='lat' dir='ltr'><strong>meridie</strong></span> <span class='ocrx_word' id='word_1_817' title='bbox 1660 2558 1843 2588; x_wconf 80' lang='lat' dir='ltr'><strong>observassrt.</strong></span> 
     </span>
    </p>
   </div>
   <div class='ocr_carea' id='block_1_115' title="bbox 1058 2604 1844 2637">
    <p class='ocr_par' dir='ltr' id='par_1_115' title="bbox 1058 2604 1844 2637">
     <span class='ocr_line' id='line_1_115' title="bbox 1058 2604 1844 2637; baseline 0 -6"><span class='ocrx_word' id='word_1_818' title='bbox 1058 2613 1130 2631; x_wconf 90' lang='lat' dir='ltr'><strong>anno</strong></span> <span class='ocrx_word' id='word_1_819' title='bbox 1154 2604 1256 2631; x_wconf 89' lang='lat' dir='ltr'><strong>Christi</strong></span> <span class='ocrx_word' id='word_1_820' title='bbox 1270 2604 1331 2637; x_wconf 73' lang='grc'>140,</span> <span class='ocrx_word' id='word_1_821' title='bbox 1353 2604 1507 2632; x_wconf 74' lang='lat' dir='ltr'><strong>bissextili.</strong></span> <span class='ocrx_word' id='word_1_822' title='bbox 1529 2609 1557 2632; x_wconf 83' lang='lat' dir='ltr'><strong>ut</strong></span> <span class='ocrx_word' id='word_1_823' title='bbox 1575 2604 1626 2631; x_wconf 87' lang='lat' dir='ltr'><strong>hac</strong></span> <span class='ocrx_word' id='word_1_824' title='bbox 1645 2605 1749 2631; x_wconf 82' lang='lat' dir='ltr'><strong>ratione</strong></span> <span class='ocrx_word' id='word_1_825' title='bbox 1776 2605 1844 2631; x_wconf 87' lang='lat' dir='ltr'><strong>inter</strong></span> 
     </span>
    </p>
   </div>
   <div class='ocr_carea' id='block_1_116' title="bbox 1057 2650 1843 2685">
    <p class='ocr_par' dir='ltr' id='par_1_116' title="bbox 1057 2650 1843 2685">
     <span class='ocr_line' id='line_1_116' title="bbox 1057 2650 1843 2685; baseline -0.003 -7"><span class='ocrx_word' id='word_1_826' title='bbox 1057 2651 1197 2678; x_wconf 87' lang='lat' dir='ltr'><strong>meridiem</strong></span> <span class='ocrx_word' id='word_1_827' title='bbox 1213 2658 1268 2677; x_wconf 84' lang='lat' dir='ltr'><strong>xxn</strong></span> <span class='ocrx_word' id='word_1_828' title='bbox 1294 2657 1320 2678; x_wconf 89' lang='lat' dir='ltr'><strong>et</strong></span> <span class='ocrx_word' id='word_1_829' title='bbox 1333 2658 1402 2677; x_wconf 90' lang='lat' dir='ltr'><strong>xxttt</strong></span> <span class='ocrx_word' id='word_1_830' title='bbox 1418 2650 1638 2685; x_wconf 78' lang='lat' dir='ltr'><strong>progrederetur.</strong></span> <span class='ocrx_word' id='word_1_831' title='bbox 1653 2650 1730 2683; x_wconf 87' lang='lat' dir='ltr'><strong>Quod</strong></span> <span class='ocrx_word' id='word_1_832' title='bbox 1746 2651 1769 2677; x_wconf 91' lang='lat' dir='ltr'><strong>si</strong></span> <span class='ocrx_word' id='word_1_833' title='bbox 1786 2650 1843 2677; x_wconf 81' lang='lat' dir='ltr'><strong>Pto-</strong></span> 
     </span>
    </p>
   </div>
   <div class='ocr_carea' id='block_1_117' title="bbox 1057 2694 1843 2730">
    <p class='ocr_par' dir='ltr' id='par_1_117' title="bbox 1057 2694 1843 2730">
     <span class='ocr_line' id='line_1_117' title="bbox 1057 2694 1843 2730; baseline -0.003 -7"><span class='ocrx_word' id='word_1_834' title='bbox 1057 2695 1166 2723; x_wconf 87' lang='lat' dir='ltr'><strong>lemaici</strong></span> <span class='ocrx_word' id='word_1_835' title='bbox 1193 2699 1221 2722; x_wconf 90' lang='lat' dir='ltr'><strong>et</strong></span> <span class='ocrx_word' id='word_1_836' title='bbox 1234 2694 1398 2730; x_wconf 88' lang='lat' dir='ltr'><strong>Hipparchei</strong></span> <span class='ocrx_word' id='word_1_837' title='bbox 1414 2695 1478 2722; x_wconf 91' lang='lat' dir='ltr'><strong>anni</strong></span> <span class='ocrx_word' id='word_1_838' title='bbox 1495 2694 1623 2728; x_wconf 86' lang='lat' dir='ltr'><strong>fortnam,</strong></span> <span class='ocrx_word' id='word_1_839' title='bbox 1642 2703 1702 2730; x_wconf 78' lang='lat' dir='ltr'><strong>qua:</strong></span> <span class='ocrx_word' id='word_1_840' title='bbox 1723 2695 1777 2722; x_wconf 85' lang='grc'>500</span> <span class='ocrx_word' id='word_1_841' title='bbox 1796 2704 1843 2722; x_wconf 87' lang='lat' dir='ltr'><strong>att-</strong></span> 
     </span>
    </p>
   </div>
   <div class='ocr_carea' id='block_1_118' title="bbox 1057 2740 1841 2775">
    <p class='ocr_par' dir='ltr' id='par_1_118' title="bbox 1057 2740 1841 2775">
     <span class='ocr_line' id='line_1_118' title="bbox 1057 2740 1841 2775; baseline -0.005 -6"><span class='ocrx_word' id='word_1_842' title='bbox 1057 2742 1101 2769; x_wconf 90' lang='lat' dir='ltr'><strong>nis</strong></span> <span class='ocrx_word' id='word_1_843' title='bbox 1120 2742 1191 2769; x_wconf 88' lang='lat' dir='ltr'><strong>diem</strong></span> <span class='ocrx_word' id='word_1_844' title='bbox 1214 2749 1298 2768; x_wconf 90' lang='lat' dir='ltr'><strong>unum</strong></span> <span class='ocrx_word' id='word_1_845' title='bbox 1320 2740 1440 2775; x_wconf 80' lang='lat' dir='ltr'><strong>perlinit,</strong></span> <span class='ocrx_word' id='word_1_846' title='bbox 1457 2740 1602 2767; x_wconf 87' lang='lat' dir='ltr'><strong>Anatolius</strong></span> <span class='ocrx_word' id='word_1_847' title='bbox 1628 2741 1770 2775; x_wconf 87' lang='lat' dir='ltr'><strong>amplexus</strong></span> <span class='ocrx_word' id='word_1_848' title='bbox 1792 2740 1841 2769; x_wconf 78' lang='lat' dir='ltr'><strong>sit;</strong></span> 
     </span>
    </p>
   </div>
   <div class='ocr_carea' id='block_1_119' title="bbox 1056 2786 1842 2823">
    <p class='ocr_par' dir='ltr' id='par_1_119' title="bbox 1056 2786 1842 2823">
     <span class='ocr_line' id='line_1_119' title="bbox 1056 2786 1842 2823; baseline -0.005 -7"><span class='ocrx_word' id='word_1_849' title='bbox 1056 2795 1118 2816; x_wconf 91' lang='lat' dir='ltr'><strong>cum</strong></span> <span class='ocrx_word' id='word_1_850' title='bbox 1135 2788 1288 2823; x_wconf 67' lang='grc' dir='ltr'><strong>προήγησις</strong></span> <span class='ocrx_word' id='word_1_851' title='bbox 1304 2787 1365 2821; x_wconf 91' lang='lat' dir='ltr'><strong>plus</strong></span> <span class='ocrx_word' id='word_1_852' title='bbox 1379 2787 1470 2813; x_wconf 89' lang='lat' dir='ltr'><strong>minus</strong></span> <span class='ocrx_word' id='word_1_853' title='bbox 1484 2794 1617 2813; x_wconf 81' lang='lat' dir='ltr'><strong>annorum</strong></span> <span class='ocrx_word' id='word_1_854' title='bbox 1639 2790 1748 2813; x_wconf 87' lang='lat' dir='ltr'><strong>centum</strong></span> <span class='ocrx_word' id='word_1_855' title='bbox 1763 2786 1842 2812; x_wconf 75' lang='lat' dir='ltr'><strong>horas</strong></span> 
     </span>
    </p>
   </div>
   <div class='ocr_carea' id='block_1_120' title="bbox 1057 2831 1840 2870">
    <p class='ocr_par' dir='ltr' id='par_1_120' title="bbox 1057 2831 1840 2870">
     <span class='ocr_line' id='line_1_120' title="bbox 1057 2831 1840 2870; baseline -0.005 -10"><span class='ocrx_word' id='word_1_856' title='bbox 1057 2842 1106 2861; x_wconf 81' lang='lat' dir='ltr'><strong>vm</strong></span> <span class='ocrx_word' id='word_1_857' title='bbox 1134 2834 1261 2870; x_wconf 85' lang='lat' dir='ltr'><strong>postulet,</strong></span> <span class='ocrx_word' id='word_1_858' title='bbox 1290 2833 1414 2860; x_wconf 83' lang='lat' dir='ltr'><strong>invenies</strong></span> <span class='ocrx_word' id='word_1_859' title='bbox 1434 2831 1551 2859; x_wconf 84' lang='lat' dir='ltr'><strong>Anatolii</strong></span> <span class='ocrx_word' id='word_1_860' title='bbox 1572 2839 1629 2859; x_wconf 67' lang='lat' dir='ltr'><strong>sevo</strong></span> <span class='ocrx_word' id='word_1_861' title='bbox 1647 2832 1840 2867; x_wconf 61' lang='lat' dir='ltr'><strong>aequinoctium</strong></span> 
     </span>
    </p>
   </div>
   <div class='ocr_carea' id='block_1_121' title="bbox 1057 2878 1842 2916">
    <p class='ocr_par' dir='ltr' id='par_1_121' title="bbox 1057 2878 1842 2916">
     <span class='ocr_line' id='line_1_121' title="bbox 1057 2878 1842 2916; baseline -0.009 -8"><span class='ocrx_word' id='word_1_862' title='bbox 1057 2883 1084 2908; x_wconf 85' lang='lat' dir='ltr'><strong>in</strong></span> <span class='ocrx_word' id='word_1_863' title='bbox 1104 2887 1177 2908; x_wconf 91' lang='lat' dir='ltr'><strong>anno</strong></span> <span class='ocrx_word' id='word_1_864' title='bbox 1186 2880 1319 2908; x_wconf 84' lang='lat' dir='ltr'><strong>bissextili</strong></span> <span class='ocrx_word' id='word_1_865' title='bbox 1335 2880 1482 2916; x_wconf 73' lang='lat' dir='ltr'><strong>contigisse</strong></span> <span class='ocrx_word' id='word_1_866' title='bbox 1497 2884 1558 2906; x_wconf 79' lang='lat' dir='ltr'><strong>octo</strong></span> <span class='ocrx_word' id='word_1_867' title='bbox 1573 2879 1682 2907; x_wconf 86' lang='lat' dir='ltr'><strong>circiter</strong></span> <span class='ocrx_word' id='word_1_868' title='bbox 1695 2878 1772 2905; x_wconf 82' lang='lat' dir='ltr'><strong>horis</strong></span> <span class='ocrx_word' id='word_1_869' title='bbox 1782 2882 1842 2904; x_wconf 81' lang='lat' dir='ltr'><strong>ante</strong></span> 
     </span>
    </p>
   </div>
  </div>
