1925 3043
73 185 125 212 997

555 187 600 215 DE
619 188 713 216 ANNO
731 188 774 216 ΕΤ
795 188 851 216 DIE
871 187 1047 218 DOMINlC/E
1067 191 1253 219 PASSIONIS.

1657 196 1709 224 993

74 246 214 272 meridiem
229 246 282 273 diei
296 254 364 280 xxn,
379 247 548 283 proindeqne
565 248 718 279 bellissime
735 250 810 278 hunc
826 250 866 284 ip-
883 251 904 278 A
919 250 1014 278 Latina
1037 252 1128 279 Rntini
1153 253 1278 281 versione
1305 253 1438 281 celebrari
1455 259 1555 290 potest.
1571 255 1708 292 Scriptum

73 300 131 318 sum
145 293 218 319 diem
236 293 518 328 civileimrquinoctio
532 295 731 329 prmstitutum.
745 295 865 323 Tametsi

74 337 130 363 ﬁeri
148 342 248 372 potest,
267 343 296 365 ιιι
312 339 445 373 tropicam
462 339 534 366 illam
550 341 745 376 προέμπτωσιν
759 342 866 376 penitus

73 382 302 416 dissimulaverit,
322 389 351 410 ut
370 389 430 419 post
443 383 583 412 Niczenum
600 386 746 414 concilium
763 387 867 422 aliquot

73 429 183 463 saeculis
207 429 361 464 ignoratam
381 425 444 457 esse
467 435 592 461 constat:
612 437 638 458 et
664 432 698 459 ab
719 432 779 467 ipso
797 433 866 460 Beda

73 474 211 509 praecipue
226 484 233 502 :
251 476 296 511 qui
309 481 455 511 propterea
471 477 565 506 multis
581 478 670 505 modis
683 478 867 507 hallucinatus

73 525 125 551 est,
143 527 206 546 nam
227 528 259 547 ex
281 521 376 548 eadem
396 521 540 556 hypnthesi
562 522 642 550 Beda:
662 524 762 550 smculo
781 525 864 559 aequi-

75 566 196 592 noctium
217 566 325 601 longins
341 574 356 593 a
370 575 424 594 xxn
442 574 602 601 recesserat,
624 573 651 596 et
667 569 699 596 ad
719 577 787 596 xvln
806 578 866 605 pcr-

74 614 196 636 venerat.
211 610 243 636 Et
258 615 347 637 tamen
365 611 397 638 ad
427 612 629 648 horologiorum
644 621 868 649 gnomonumque

75 655 154 681 ﬁdem
171 660 316 689 provocat;
335 661 364 684 ιιι
383 657 578 692 ιειιιιίιιοειίιιιιι
593 658 711 686 Nicatnis
727 659 793 694 ipsis
806 668 868 687 car-

74 701 185 729 dinibus
203 702 332 729 ascribat.

80 757 196 792 Insignis
224 767 309 791 error,
340 760 393 786 imo
415 760 521 787 ha’t'esis
541 760 678 789 Scotorum
702 763 817 789 maxime
836 771 868 790 ea:

112 793 184 828 falsa
208 793 301 828 Ruﬁni
333 795 547 830 interpretatione
570 802 633 823 nata
661 797 824 830 declaratur,
842 803 866 825 et

111 829 253 856 Anatolius
268 839 284 856 a
301 830 434 857 calanmia
447 831 584 858 liberatur.

112 885 212 914 Verum
223 894 252 914 ιιι
263 892 316 914 tam
329 888 455 916 absurda:
467 889 700 924 interpretationis
712 890 869 924 errorisque

75 932 178 960 fontem
205 935 379 968 aperiamus,
403 935 474 962 scito
495 943 547 962 non
570 939 623 962 tam
643 943 702 962 eam
722 935 800 963 Beda:
820 936 868 963 hu-
884 923 906 950 Β

75 979 157 1007 minis
173 979 365 1011 eruditissimi,
380 984 407 1006 et
422 979 448 1006 in
471 987 504 1007 eo
524 988 623 1015 genere
649 981 868 1010 exercitatissimi

75 1026 184 1060 culpam
201 1033 273 1057 esse,
287 1026 332 1060 qui
345 1025 463 1052 Anatolii
476 1025 570 1053 Graeca
585 1033 639 1052 non
654 1026 769 1058 viderat,
783 1035 865 1062 quam

75 1071 167 1098 Rufini
193 1071 344 1106 scriptoris,
388 1076 417 1098 ut
443 1079 540 1099 omnes
565 1077 676 1104 norunt,
692 1073 867 1107 ineptissimi,

74 1118 121 1152 qui
143 1117 170 1144 in
192 1117 348 1145 mntilandis
363 1118 599 1152 depravandisque
614 1122 736 1145 veterum
758 1118 868 1154 scriptis

74 1163 167 1198 potius
183 1171 265 1198 quam
295 1163 506 1197 interpretandis
523 1164 624 1199 stylum
637 1172 716 1191 suum
734 1165 866 1191 excreuit.

75 1208 125 1236 llic
137 1209 210 1236 enim
223 1216 256 1236 ex
273 1209 392 1236 Anatolii
411 1208 502 1236 verbis
521 1210 654 1236 nonnulla
669 1209 790 1243 sustulit,
807 1218 868 1244 qua:

75 1260 131 1282 tam
146 1254 226 1281 Beda:
243 1262 324 1289 quam
341 1255 403 1282 aliis
418 1255 583 1289 quihusdam
598 1255 750 1289 turpissimi
766 1256 868 1283 erroris

74 1301 247 1328 occasionem
262 1300 406 1328 dederunt.
423 1300 491 1328 Cum
507 1301 731 1328 enimAnatolius
747 1301 868 1335 scripse-

74 1347 131 1374 rit:
146 1347 192 1373 Διὸ
212 1347 258 1373 καὶ
277 1347 340 1378 τσὺς
362 1347 392 1373 ὲν
410 1347 484 1382 αὑτῷ
508 1347 666 1382 τιθεμένους
692 1347 738 1373 τδν
761 1346 868 1382 πρῶτον

75 1394 160 1429 μῆνα,
178 1394 225 1421 καὶ
241 1393 290 1429 τὴν
309 1393 610 1429 τεσσαρεσκαιδεκάτην
631 1392 678 1419 τοῦ
695 1392 791 1428 Πάσχα
808 1393 868 1420 κατ’

71 1439 159 1475 αὐτὴν
173 1438 362 1474 λαμϐάνοντας
376 1439 405 1465 οὐ
424 1439 541 1474 μικρῶς,
555 1438 609 1464 οὐδ’
620 1439 658 1470 ὡς
669 1438 763 1474 ἔτυχεν
779 1438 869 1474 ἀμαρ-

73 1485 165 1512 tivsw
177 1484 278 1520 φαμέν.
294 1484 349 1512 lloc
364 1489 405 1512 est
418 1495 424 1512 :
439 1485 505 1512 Cum
518 1489 667 1520 postremus
681 1485 791 1516 "tensis,
804 1483 869 1510 ulti-

75 1539 199 1566 mumque
217 1531 319 1558 zodiaci
346 1537 507 1567 segmentum
532 1532 651 1566 proxime
676 1532 773 1566 τμῆμα.
797 1530 868 1557 istud

77 1576 236 1611 ἰσημερινόν
256 1576 404 1609 antecedat,
420 1576 581 1603 vehementer
595 1575 755 1602 hallucinari
767 1583 868 1602 necesse

74 1630 112 1650 est
128 1631 185 1655 eos,
200 1622 244 1657 qui
256 1622 370 1657 primum
386 1630 509 1655 mensem,
525 1627 549 1649 et
565 1630 609 1649 xtv
627 1621 766 1649 Paschalis
783 1621 808 1648 in
822 1621 867 1647 ῑιιιι

75 1669 166 1703 utique
182 1674 312 1703 postremo
333 1673 464 1703 segmento
486 1668 629 1694 collocant.
654 1666 720 1694 Nam
743 1674 792 1701 pro
808 1667 866 1693 κατ’

75 1716 173 1750 αὐτὴν,
192 1716 253 1742 κατ’
264 1715 330 1742 αὑτό
350 1715 493 1750 legendum
514 1722 585 1745 esse,
603 1721 692 1745 nemo.
713 1717 742 1740 ut
760 1713 866 1748 opinor,

76 1761 215 1796 negaverit
231 1769 312 1788 :cnm
330 1761 397 1793 luce,
420 1761 543 1795 inquam,
568 1760 651 1795 hujus
666 1760 718 1787 loci
734 1759 867 1786 sententia

76 1807 121 1838 sit,
136 1806 254 1834 Rulinus
281 1807 318 1834 ita
335 1806 416 1833 vertit
431 1815 438 1834 :
457 1805 490 1832 Et
501 1806 559 1833 ideo
575 1814 626 1833 non
644 1813 736 1840 parum
754 1805 867 1832 dicimus

76 1853 228 1887 delinquere
240 1861 295 1885 eos,
308 1853 352 1888 qui
364 1857 424 1880 ante
439 1853 547 1880 initiata
560 1853 608 1879 hoc
619 1853 677 1879 novi
687 1852 751 1878 anni
763 1851 867 1878 Pascha

75 1904 170 1934 putant
188 1907 244 1926 esse
268 1899 465 1926 celebrandum.
489 1898 540 1926 Ubi
562 1899 619 1926 hate
643 1898 723 1925 verba
750 1898 797 1924 καὶ
818 1895 867 1932 τὴν

75 1953 239 1981 τεσσαρεσκ.
254 1944 300 1971 τοῦ
318 1945 425 1980 Πάσχα,
444 1952 477 1972 ac
495 1953 539 1972 IIV
552 1944 688 1979 paschalis
702 1943 866 1971 mentionem

76 1998 185 2017 onmem
211 1989 428 2025 llagitiosissinte
455 1989 578 2017 sustulit.
614 1989 697 2023 Atqui
724 1987 867 2022 expunclis

76 2035 173 2069 paucis
196 2035 251 2062 illis
267 2035 383 2067 voculis,
408 2034 474 2062 l‘alsa
498 2040 523 2061 et
538 2033 658 2062 absurda
675 2033 819 2066 sententia,
837 2041 868 2060 ac

77 2089 130 2108 non
141 2080 223 2108 modo
232 2081 352 2108 Anatolii
370 2080 490 2114 decreto,
504 2081 551 2108 sed
564 2084 591 2107 et
602 2080 739 2107 catholico
747 2079 867 2114 dogmati

75 2127 216 2155 contraria
229 2127 354 2162 sequitur
371 2136 377 2155 :
394 2127 524 2154 nimirum
534 2125 638 2154 Pascha
655 2125 682 2152 in
696 2124 769 2153 civili
784 2124 869 2159 tequi-

77 2173 162 2200 noctii
186 2173 242 2204 die,
267 2177 350 2208 atque
367 2173 393 2200 in
411 2173 469 2208 ipso
486 2173 602 2200 termino
624 2171 755 2200 celebrari
776 2179 865 2206 posse.

76 2220 146 2251 Quid
167 2224 210 2247 est
226 2219 288 2247 luna
306 2228 350 2247 xtv
366 2219 521 2255 paschalis?
537 2218 574 2246 Ea
586 2218 726 2251 nimirum,
746 2225 807 2252 qua:
822 2222 869 2244 aut

78 2265 106 2293 in
119 2265 280 2300 :eqninoctii
291 2266 362 2293 diem
378 2266 468 2300 ipsum
483 2265 592 2296 incidit,
609 2268 655 2291 aut
669 2263 792 2298 proxime
807 2267 868 2298 post
884 2271 906 2298 ι)

77 2311 178 2346 ipsum.
198 2310 277 2344 Quod
291 2311 363 2339 enim
382 2315 443 2346 post
457 2310 664 2346 mquinoctinin,
682 2318 735 2336 non
761 2311 787 2336 in
809 2309 869 2344 ipso

77 2359 244 2394 acquinoctio
262 2359 445 2393 pelagcndum
467 2365 528 2385 esse
550 2356 654 2384 Pascha
677 2361 752 2391 putet
765 2356 869 2383 Anato-

78 2404 141 2435 lius,
170 2408 264 2439 aperte
293 2404 386 2430 eodem
412 2403 438 2430 in
463 2403 522 2430 loco
545 2403 698 2438 proﬁtetur,
729 2410 792 2429 eum
817 2401 869 2428 hoc

78 2450 180 2484 ipsum,
199 2449 273 2484 quod
292 2449 326 2477 de
343 2449 485 2477 Paschalis
501 2449 693 2476 observatione
707 2448 866 2482 scripserat,

77 2495 186 2524 Jndzeos
197 2500 273 2523 tanto
286 2500 350 2523 ante
365 2496 558 2531 pronuntiasse
571 2495 647 2528 dicit,
661 2494 795 2526 videlicet,
814 2493 869 2520 δεῖν

77 2542 111 2569 τὰ
127 2542 297 2578 Διαϐατήρια
307 2541 381 2568 θύειν
393 2542 491 2577 ἐπίσης
502 2541 625 2572 ἅπαντας
639 2540 707 2576 μετὰ
722 2539 868 2575 ἰσημερίαν

78 2589 201 2624 ἐαρινὴν,
221 2587 367 2623 μεσοῦντος
387 2588 433 2614 τοῦ
453 2588 562 2623 πρώτου
587 2587 681 2622 μηνός.
708 2585 791 2621 Igitur
808 2590 870 2621 post

80 2634 236 2670 ἰσημερίαν,
265 2641 319 2661 ιιοιι
345 2634 372 2661 in
394 2633 526 2669 ἰσημερξᾳ
545 2633 648 2661 Pascha
675 2637 730 2660 tant
756 2632 868 2666 Judzeis,

80 2689 162 2716 quam
179 2680 346 2708 Christianis
363 2679 494 2712 incurrit;
511 2679 583 2714 quod
595 2683 622 2706 et
640 2679 757 2706 snbimle
774 2686 869 2706 rursus

79 2726 209 2758 inculcat,
223 2726 272 2762 τὴν
287 2725 335 2752 τοῦ
355 2726 451 2760 Πάσχα
466 2724 511 2751 καὶ
525 2723 713 2760 τῶνἈζύμων
729 2724 784 2750 δεῖν
800 2724 869 2750 πάν-

79 2781 133 2805 τως
150 2774 210 2809 μετ’
236 2772 380 2808 ἰσημερίαν
405 2771 530 2806 ἄγεσθαι.
550 2771 632 2806 Atqui
657 2771 705 2806 τὴν
724 2770 870 2806 ἰσημερίαν

81 2819 221 2846 Anatolius
238 2817 405 2844 Phamenoth
420 2824 482 2844 xxvr
498 2816 555 2843 sive
567 2824 593 2842 ιιι
611 2815 671 2842 Kal.
685 2817 750 2850 Apr.
764 2814 870 2842 consti-

80 2864 143 2892 tuit.
159 2863 314 2897 ibidemque
329 2862 408 2897 primi
429 2861 533 2889 mensis
550 2861 704 2888 exordium.
721 2860 805 2896 Negat
820 2859 871 2894 igi-

81 2914 125 2937 tur
138 2909 184 2937 illo
200 2910 260 2941 ipso
274 2909 317 2936 die
334 2908 438 2936 Pascha
462 2907 513 2935 rite
537 2907 679 2934 celebrari.
701 2906 735 2934 At
752 2913 818 2934 vero
834 2913 867 2933 ex

918 300 960 322 est
973 296 1044 323 enim
1053 317 1061 330 ,
1093 297 1216 324 aberrare
1225 297 1391 326 vehementer
1405 307 1458 332 eos,
1470 301 1515 334 qui
1527 305 1586 328 ante
1599 301 1648 328 hoc
1658 302 1708 336 ini;

918 342 984 367 tium
1007 343 1088 375 primi
1111 344 1207 370 mensis
1235 343 1339 370 Pascha
1368 344 1512 372 celebrant.
1534 345 1626 379 Quare
1649 347 1709 383 ipso

918 386 1020 414 mensis
1038 387 1116 413 initio
1131 387 1211 420 licet;
1234 388 1284 415 hoc
1300 394 1391 415 autem
1412 393 1454 416 est
1472 397 1518 416 xlv
1534 390 1597 417 luna
1614 398 1647 418 ex
1663 399 1710 419 suo

917 431 1018 466 periori
1044 433 1212 464 deﬁnitione,
1243 441 1324 468 quant
1349 433 1487 462 Nicmnum
1504 436 1663 468 concilium,
1683 443 1710 465 et

918 478 1049 505 catholica
1069 480 1160 506 omnis
1177 479 1297 507 Ecclesia
1318 480 1416 507 scivit:
1434 481 1501 508 tanti
1518 482 1648 509 nimirum
1666 489 1708 510 est

918 530 980 549 eum
1002 523 1106 550 steteris
1124 524 1150 550 in
1168 524 1247 551 rchns
1264 529 1291 551 ct
1311 525 1417 557 (illiciis,
1443 530 1501 552 ιιιιιι
1518 526 1544 553 in
1564 528 1708 562 scriptori-

918 568 970 595 lms
990 569 1200 603 interpretandis
1218 575 1347 604 prtestare
1368 571 1467 604 tidem;
1489 571 1561 606 quod
1580 580 1653 607 sirpe
1668 573 1710 599 in-

919 619 1024 649 terpres
1042 615 1093 642 iste
1110 616 1240 650 neglexit.
1256 615 1376 643 Proinde
1394 617 1434 643 vel
1449 624 1482 644 eo
1496 618 1606 645 nomine
1619 618 1706 653 pessi-

919 667 962 686 me
989 660 1023 687 de
1050 661 1189 694 Anatolio,
1213 662 1301 696 deque
1320 662 1458 689 catholico
1477 663 1613 698 dogmate,
1628 668 1709 698 atque

919 705 992 732 omni
1007 706 1166 740 posteritate
1178 707 1296 740 meruit;
1315 708 1379 735 dum
1393 709 1599 736 sanctissimum
1614 710 1708 737 eruvti-

918 750 1111 791 tissimumqne
1123 753 1229 780 Patrem
1240 753 1432 781 absurdissimi
1445 755 1580 782 fautorem
1595 755 1709 790 dogma-

919 795 964 829 tis,
991 802 1072 832 atque
1101 798 1237 826 haereseos
1252 803 1391 826 auctorem
1411 801 1562 827 constituit.
1577 801 1654 833 Quod
1675 808 1709 828 nc

919 841 980 875 quis
998 849 1013 868 ιι
1031 849 1073 869 me
1091 842 1252 871 iracundius
1266 852 1347 878 quam
1363 845 1454 871 verius
1474 845 1602 873 alIirmari
1620 849 1707 880 putet,

920 887 1045 915 consulat
1066 897 1128 924 qua:
1147 890 1179 916 de
1203 889 1348 917 Scotorum
1378 895 1404 917 et
1427 891 1709 927 τεσσαρεσδεκατιτῶν

920 933 1145 962 altercationibus
1171 943 1186 962 a
1210 935 1281 963 Beda
1303 937 1330 963 in
1350 936 1450 964 lt‘ccles.
1469 937 1532 964 hist.
1551 943 1708 966 narrantur.

921 978 959 1005 Ex
975 979 1074 1013 quibus
1096 980 1237 1016 intelliget,
1254 982 1301 1017 qui
1316 982 1379 1010 huic
1402 983 1486 1010 errori
1506 984 1710 1018 patrocinareno

921 1027 975 1056 tur,
1002 1025 1083 1052 unius
1107 1026 1279 1060 potissimum
1309 1028 1472 1055 auctoritate
1488 1027 1572 1055 fretos
1592 1028 1710 1056 Anatolii

920 1068 1076 1097 Christiano
1092 1071 1211 1105 dogmati
1227 1071 1371 1099 restitisse.
1384 1072 1471 1105 Quam
1487 1073 1596 1108 quidem
1613 1080 1709 1101 aucto-

920 1114 1028 1142 ritatent
1042 1123 1094 1142 non
1109 1124 1141 1143 ex
1159 1117 1227 1151 ipsis
1240 1118 1360 1145 Anatolii
1377 1118 1508 1150 fontibus,
1526 1120 1571 1146 sed
1585 1128 1617 1146 ex
1633 1120 1709 1147 lacu—

920 1159 963 1186 nis
982 1159 1132 1188 Ruliniana:
1160 1162 1392 1197 interpretationis
1409 1163 1567 1192 hauserant.

956 1201 1106 1229 Luculenta
1120 1210 1186 1229 sane
1197 1203 1229 1230 de
1242 1203 1374 1231 Paschate
1386 1204 1572 1232 controversia
1586 1204 1631 1231 illa
1647 1203 1709 1234 fuit,

918 1257 1000 1284 quam
1029 1249 1132 1284 ingenti
1150 1249 1307 1277 animorum
1326 1251 1505 1277 contentione
1522 1251 1602 1277 toties
1617 1250 1707 1284 agita-

919 1299 973 1321 tam
990 1293 1078 1322 fnisse
1091 1295 1161 1329 apud
1179 1295 1280 1330 Anglos
1299 1303 1330 1324 ac
1348 1295 1445 1323 Scotos
1458 1301 1554 1323 auctor
1566 1299 1608 1322 est
1627 1295 1709 1322 Beda.

918 1340 970 1368 Sed
988 1341 1014 1368 in
1029 1341 1183 1375 primislib.
1202 1348 1242 1373 ιιι,
1260 1349 1320 1375 cap.
1338 1341 1374 1369 25
1388 1342 1560 1369 nobilissima
1587 1341 1708 1369 Wilfridi

919 1385 1070 1421 presbyteri
1094 1387 1233 1420 catholici,
1250 1392 1278 1414 et
1297 1388 1422 1415 Colmani
1439 1390 1559 1424 episcopi
1576 1388 1650 1416 Scoti
1662 1397 1708 1416 co—

919 1439 977 1458 ram
996 1439 1058 1466 rege
1074 1432 1165 1459 habita
1181 1433 1293 1460 collatio
1317 1434 1493 1462 describitur.
1518 1435 1546 1462 lu
1569 1443 1621 1470 qua
1645 1443 1708 1463 cum

921 1478 972 1505 hoc
989 1478 1077 1505 Scotis
1096 1478 1238 1507 Wilfridns
1257 1480 1398 1516 ohjiceret.
1419 1481 1492 1516 quod
1514 1486 1609 1509 contra
1623 1481 1708 1509 Nicas-

920 1531 985 1550 num
1001 1531 1144 1556 canonem,
1159 1528 1187 1551 et
1204 1524 1334 1552 Romana:
1350 1525 1478 1554 Ecctesia:
1498 1528 1636 1554 decretum
1656 1527 1708 1554 Pa-

921 1569 986 1596 scha
1007 1577 1022 1596 a
1040 1571 1104 1597 luna
1122 1578 1168 1597 xw
1191 1572 1223 1598 ad
1243 1579 1278 1598 xx
1295 1572 1465 1600 celebrarent
1506 1573 1655 1601 Colmanus
1671 1574 1708 1601 ita

896 1611 904 1622 ‘
921 1615 1030 1642 domum
1048 1617 1168 1644 occurrit
1183 1627 1190 1644 ε
1209 1615 1337 1652 Nunquid
1349 1618 1488 1645 Anatolius
1502 1619 1541 1646 vir
1553 1624 1672 1653 sanctus,
1683 1625 1708 1647 et

918 1662 948 1687 in
965 1662 1079 1696 profata
1098 1662 1211 1689 historia
1241 1663 1423 1690 ecclesiastica
1448 1664 1561 1691 multum
1583 1665 1708 1691 laudatas

921 1707 972 1742 legi
987 1707 1024 1733 rel
1046 1707 1187 1742 [frange-lio
1205 1709 1341 1734 contraria
1354 1709 1453 1742 sapuit,
1469 1710 1513 1744 qui
1540 1718 1556 1735 a
1572 1717 1615 1736 λιν
1630 1717 1708 1744 usque

921 1755 955 1779 ad
973 1761 1006 1780 xx
1032 1752 1136 1779 Pascha
1156 1753 1340 1780 celebrandam
1362 1755 1489 1788 scripsit?
1509 1754 1561 1782 Sed
1582 1759 1610 1781 et
1631 1759 1708 1782 antea

921 1807 981 1834 cap.
996 1801 1012 1826 5
1025 1799 1146 1833 ejusdem
1162 1800 1223 1826 libri
1240 1801 1273 1826 de
1291 1800 1399 1827 Aiduno
1411 1801 1540 1835 episcopo
1555 1801 1590 1828 ab
1605 1800 1708 1828 Oswal~

921 1845 956 1872 do
974 1854 1035 1880 rege
1052 1846 1077 1872 in
1093 1845 1217 1880 Angliam
1234 1854 1248 1872 e
1263 1846 1353 1873 Scotia
1374 1847 1506 1874 arcessito
1521 1847 1655 1879 scribens,
1672 1847 1709 1874 ait

922 1890 997 1917 illum
1017 1891 1119 1916 Pascha
1139 1899 1209 1917 more
1223 1899 1278 1918 sua:
1295 1892 1379 1926 gentis
1395 1900 1411 1918 a
1425 1900 1469 1919 xlv
1485 1893 1548 1919 luna
1563 1893 1597 1919 ad
1617 1900 1652 1919 xx
1668 1901 1709 1920 ce-

921 1936 1046 1968 lebrasse,
1064 1937 1132 1971 quod
1148 1937 1216 1964 idem
1231 1936 1371 1964 Scotorum
1386 1946 1417 1964 ac
1436 1937 1570 1965 Pictorum
1585 1939 1657 1965 natio
1669 1939 1710 1973 {a-

922 1986 999 2013 ccret,
1012 1982 1168 2008 existimans
1180 1991 1207 2008 se
1218 1983 1244 2008 in
1257 1983 1306 2009 hac
1319 1983 1485 2010 observantia
1496 1983 1582 2011 sancti
1592 1992 1622 2010 ac
1633 1983 1709 2010 laude

921 2027 994 2062 digni
1007 2027 1098 2055 Patris
1123 2028 1243 2055 Anatolii
1269 2029 1369 2064 scripta
1392 2034 1522 2056 secutum.
1542 2028 1633 2062 Vides,
1652 2031 1710 2064 opi-

922 2081 984 2104 nor,
1001 2074 1192 2101 schismaticos
1209 2074 1269 2101 illos
1283 2081 1380 2101 omnes
1401 2075 1569 2109 praecipuum
1591 2076 1710 2108 pervica-

922 2119 981 2151 cim,
1006 2119 1197 2154 opinionisque
1224 2128 1280 2147 sua:
1299 2120 1454 2154 pra-sidiam
1473 2120 1499 2146 in
1517 2120 1634 2146 Anatolii
1658 2127 1710 2147 au-

923 2167 1048 2192 ctoritate
1062 2166 1197 2199 posuisse,
1211 2173 1264 2192 non
1278 2166 1323 2192 illa
1336 2165 1458 2200 quidem,
1471 2170 1500 2192 ut
1512 2166 1580 2198 dixi,
1592 2173 1624 2192 ex
1637 2166 1710 2194 illius

923 2211 1041 2246 scriptis,
1061 2220 1121 2246 qua:
1139 2219 1280 2246 nunquam
1299 2212 1433 2244 viderant.
1455 2212 1502 2239 sed
1520 2219 1554 2239 cx
1573 2211 1710 2240 Ecclesia-

922 2257 996 2284 stictc
1012 2257 1141 2289 historice,
1152 2257 1204 2284 hoc
1218 2262 1260 2284 est
1276 2265 1290 2283 a
1304 2257 1402 2284 llutinu
1425 2258 1604 2292 interpolata,
1617 2259 1669 2285 lidc
1679 2266 1710 2286 ac

923 2303 1080 2332 testimonio
1103 2304 1273 2339 deprompta.
1297 2303 1388 2331 Redeo
1414 2305 1447 2330 ad
1468 2303 1636 2336 Wilfridum,
1663 2304 1710 2339 qui

921 2350 1076 2377 Anatolium
1097 2350 1133 2377 ita
1152 2356 1260 2386 purgat,
1287 2356 1317 2378 ut
1333 2351 1359 2377 in
1373 2358 1456 2378 causa
1477 2350 1568 2385 potius
1581 2351 1710 2385 przevari-

920 2397 975 2424 cari
1003 2397 1136 2424 videatur.
1162 2397 1241 2424 Certe
1269 2397 1340 2424 hanc
1362 2397 1401 2424 illi
1428 2397 1582 2431 opinionem
1604 2397 1709 2427 tribuit.

920 2451 1001 2478 quant
1019 2451 1052 2470 ne
1063 2443 1208 2470 somniavit
1222 2443 1332 2478 quidem
1345 2451 1483 2478 unquam;
1497 2443 1552 2471 imo
1564 2451 1640 2476 Vero,
1651 2451 1710 2479 qua:

921 2490 1023 2524 ipsum,
1040 2490 1112 2524 quod
1135 2489 1207 2516 Scoti
1233 2489 1401 2524 pugnabant,
1419 2489 1597 2524 oppugnabat
1618 2493 1709 2516 autem

921 2535 1076 2568 Wilfridus,
1101 2535 1210 2567 ellieiat,
1235 2535 1307 2569 quod
1331 2540 1375 2562 est
1402 2535 1523 2570 profecto
1549 2535 1708 2562 ridiculum.

921 2583 1041 2615 Constat,
1068 2582 1166 2617 inquit,
1200 2581 1356 2608 Anatolium
1381 2582 1466 2608 virum
1499 2582 1707 2611 sanctissimum,

920 2629 1113 2659 doctissimum,
1130 2637 1161 2654 ac
1177 2628 1256 2655 laude
1266 2636 1322 2655 esse
1337 2627 1534 2663 dignissimum,
1554 2632 1606 2654 etc.
1624 2626 1684 2653 Mox
1701 2635 1707 2653 :

921 2676 972 2704 Ille
983 2677 1021 2703 sic
1034 2677 1061 2702 in
1075 2674 1183 2702 Pascha:
1199 2674 1368 2701 ﬂaminicam
1380 2681 1425 2700 xtv
1436 2673 1526 2700 lunam
1537 2673 1708 2707 computavit,

920 2729 948 2750 ut
964 2723 1031 2749 hanc
1046 2722 1136 2748 eadem
1153 2722 1211 2756 ipsa
1225 2721 1268 2747 die
1284 2729 1354 2747 more
1370 2719 1555 2754 lEgyptiorum
1572 2726 1604 2745 xv
1618 2719 1708 2744 lunam

922 2769 955 2796 ad
971 2776 1102 2802 vesperam
1116 2775 1171 2794 esse
1184 2767 1321 2801 fateretur.
1340 2766 1384 2793 Sic
1398 2766 1468 2792 idem
1487 2773 1520 2791 xx
1536 2765 1604 2790 diem
1619 2763 1708 2790 Domi.

921 2816 980 2842 uiro
1002 2814 1110 2841 Pascha:
1132 2814 1281 2844 annotavit,
1306 2817 1334 2839 ut
1358 2813 1435 2843 hanc,
1463 2810 1595 2838 declinata
1618 2809 1709 2836 eadem

921 2861 973 2891 die,
992 2868 1046 2887 csse
1063 2868 1106 2886 χιιι
1131 2859 1259 2886 crederet.
1282 2858 1365 2893 Cujus
1391 2857 1508 2892 regulam
1530 2855 1709 2882 distinctionis

923 2915 967 2934 vos
988 2906 1123 2941 ignorasse
1143 2905 1247 2940 prohat,
1266 2904 1335 2939 quod
1349 2903 1490 2938 aliquoties
1509 2901 1611 2929 Pascha
1624 2900 1709 2928 Inani-
