1925 3043
197 189 249 220 999

753 189 927 219 APPENDIX
948 187 1267 220 DlSSEllTATIONUM.

1760 197 1829 225 [000

197 248 338 283 festissima
353 253 414 276 ante
427 249 613 284 plenilunium,
632 248 661 276 id
671 255 710 278 est
724 251 751 278 in
770 259 819 278 xm
831 251 895 278 [una
912 250 981 285 faci-
998 252 1020 280 Α
1035 249 1162 279 Ecclesia;
1181 254 1316 282 terminus
1338 261 1460 290 unquam
1493 255 1631 290 paschalis
1660 255 1754 289 fuerit,
1779 265 1834 285 nec

197 294 242 321 tis.
259 293 331 329 Ergo
350 295 374 322 id
389 295 532 322 Anatolius
551 296 653 328 sanxit,
671 296 736 324 luna
753 305 797 324 ιιιν
813 297 944 332 ἡμερινῇ,
958 301 987 323 ιιι

198 340 317 375 loquitur
333 341 511 375 Epiphanius,
536 343 680 378 νυκτερινῇ
705 343 734 369 δὲ
755 343 988 380 πεντεκαιδεκάτῃ

199 386 303 413 Pascha
319 386 369 413 rite
386 386 489 421 perlici,
509 386 583 421 quod
604 395 710 415 merum
729 393 772 416 est
798 388 944 415 Scotorum
961 393 989 415 et

199 431 507 464 Quarladecimanorum
520 433 629 468 dogma,
651 433 760 465 horum.
780 435 903 469 inquam,
919 434 989 461 dun-

204 477 289 504 taxat,
302 473 348 508 qui
359 474 409 501 etsi
424 474 595 503 Dominieum
616 477 688 503 dicm
712 477 863 505 celebritati
878 478 996 512 praelini-

206 523 275 552 renl,
301 526 355 546 non
376 520 539 548 dubitabant
556 527 658 553 tamen.
681 524 788 557 quoties
808 524 950 551 Dominica
968 524 995 551 in

203 572 248 590 xlv
276 565 417 597 incideret,
442 575 475 594 eo
496 567 541 594 die
574 567 672 595 festum
699 568 827 597 incidere.
844 568 902 595 Non
919 569 994 596 aliud

203 610 324 637 sensisse
338 610 379 638 vel
393 610 500 643 Seotos,
515 612 556 639 vel
572 617 686 641 caeteros
697 614 819 647 ejusdem
836 613 950 641 haeresis
963 621 994 641 ac

201 655 330 683 factionis
351 657 487 689 homines,
516 659 606 686 notius
623 663 676 692 est,
693 667 776 694 quam
792 665 820 687 ut
834 669 878 688 res
891 661 992 695 proba~

202 702 275 729 tione
284 707 371 737 egeat.
381 703 461 731 Certe
472 703 569 732 Scotos
582 705 656 740 ipsos
670 714 683 733 a
695 714 741 733 xlv
756 707 819 734 luna
832 707 864 733 ad
876 715 911 734 xx
925 706 993 734 Pas-

199 748 251 775 cha
265 748 419 777 celebrasse
432 749 502 777 Beda
517 751 638 785 scripsit,
656 760 718 780 cum
734 753 861 780 catholici
878 761 893 780 a
907 761 941 780 xv
957 753 991 781 ad

149 806 155 813 -
199 800 244 819 xxi
258 792 284 820 id
296 793 411 828 egerint,
424 798 455 821 ut
466 795 548 823 unius
560 797 613 823 diei
628 797 775 825 discrimen
791 797 883 825 fuerit.
898 797 931 825 Ut
941 798 992 833 igi-

199 842 244 865 tur
257 839 400 867 catholicis
414 848 449 868 xv
461 843 597 876 paschalis
610 850 642 870 ea
661 848 713 876 est,
732 851 793 879 qum
818 845 845 871 in
859 852 901 872 xw
917 844 992 872 desi—

198 885 248 915 nit,
259 890 356 920 estque
369 888 603 924 πεντεκαιδεκάτη
617 890 746 926 ὴμερινή,
760 891 796 918 ita
811 890 992 926 τεσσαρεσδε-

198 930 321 963 κιτιταις
332 939 377 958 xtv
387 933 498 967 perinde
508 935 635 971 ἡμερινὴ,
650 937 799 973 νυκτερινὴ
812 945 874 964 rero
883 945 917 964 xv
929 944 990 965 esse

199 975 301 1004 debuit.

235 1022 303 1049 Nam
319 1025 341 1051 si
363 1031 411 1050 χιιι
440 1026 557 1060 ἡμερινῃ
577 1024 683 1052 Pascha
705 1030 915 1060 anteverterenl,
936 1035 989 1054 non

201 1076 256 1095 uno
272 1069 328 1101 dic,
345 1069 392 1096 sed
413 1069 497 1096 biduo
514 1077 529 1097 a
553 1070 696 1098 catholicis
719 1071 870 1100 ditfcrrent.
889 1071 989 1100 Verum

199 1123 231 1142 ex
251 1116 284 1143 iis
298 1124 359 1151 quae
379 1117 471 1144 statim
497 1117 568 1144 idem
593 1116 739 1145 Wilfridus
759 1118 864 1153 objicit,
891 1119 990 1154 conjici

201 1165 299 1195 pot-st,
315 1161 380 1196 quid
396 1167 443 1188 aut
465 1161 524 1196 ipse
538 1162 667 1193 senserit,
685 1167 732 1189 aut
750 1163 871 1191 sensisse
885 1163 989 1191 Anato-

199 1208 266 1235 lium
282 1209 433 1241 existimet,
454 1217 516 1236 cum
542 1209 582 1236 ait
597 1209 694 1238 Scotos
710 1210 870 1246 plerumque
888 1211 989 1239 Pascha

200 1254 264 1281 luna
296 1262 344 1281 xnt
362 1260 424 1282 ante
448 1254 627 1290 plenilunium
655 1256 817 1284 celebrasse.
836 1256 898 1284 Fuit
917 1258 989 1284 enim

201 1301 258 1327 tunc
274 1299 429 1335 Theophili,
457 1300 551 1336 Cyrilli
579 1309 610 1328 ac
634 1301 713 1328 Beda:
735 1302 820 1337 ipsius
837 1302 904 1329 adeo
929 1311 991 1330 seu;

201 1346 283 1374 tentia
299 1354 306 1372 :
320 1347 412 1373 lunam
436 1354 532 1373 noram
561 1347 662 1374 nullam
685 1347 748 1380 dici,
775 1355 832 1382 qua:
855 1356 906 1374 mm
930 1354 991 1375 ante

198 1400 323 1419 occasum
339 1392 403 1419 solis
417 1393 578 1419 accendatur
591 1400 601 1419 :
617 1393 685 1420 adeo
701 1398 730 1420 ut
749 1393 771 1420 si
787 1399 846 1428 post
862 1401 990 1421 occasum

200 1439 334 1465 duntaxat
349 1438 414 1465 solis
427 1445 542 1465 accensa
559 1439 604 1471 sit,
621 1439 673 1466 hoc
695 1443 737 1466 est
753 1446 815 1466 cum
839 1439 896 1466 sole
924 1447 991 1467 con-

199 1483 303 1518 juncta,
320 1483 429 1510 tametsi
440 1483 476 1511 25
488 1484 563 1512 horis
575 1489 668 1519 postea
684 1484 794 1516 luxerit,
807 1485 892 1518 illam,
907 1493 988 1520 quam

200 1529 342 1557 occidente
356 1529 413 1557 sole
428 1530 533 1563 habuit,
554 1531 762 1566 appellationem
775 1533 900 1559 retineat.
918 1531 953 1559 Ut
966 1533 989 1560 si

202 1575 321 1603 Sabbato
345 1581 405 1610 post
423 1584 551 1604 occasum
581 1577 649 1605 solis
680 1577 837 1612 coniunctio
856 1579 911 1611 liat,
933 1586 987 1606 non

201 1626 332 1657 sequente
346 1621 499 1654 Dominica,
509 1623 555 1650 sed
568 1622 634 1650 feria
650 1631 668 1650 ιι
683 1623 826 1650 neomenia
846 1624 988 1651 statuenda

201 1668 236 1695 sit
253 1677 259 1695 :
274 1668 346 1703 quod
368 1668 416 1696 lib.
433 1668 471 1696 lJe
487 1675 598 1704 Iempor.
611 1675 662 1696 rat.
681 1677 741 1704 cap.
760 1669 805 1702 ll,
821 1677 835 1696 a
852 1669 921 1697 Beda
935 1671 1005 1697 tra-'

199 1714 286 1741 nilum
304 1718 346 1742 est
361 1722 393 1741 ex
402 1715 585 1743 recentiorum
601 1715 849 1743 Alexandrinorum
872 1716 989 1751 placitis.

201 1759 240 1786 Ex
258 1767 291 1786 eo
307 1767 387 1795 porro
413 1760 484 1795 quod
503 1761 645 1788 neomenia
667 1769 862 1796 nonnunquam
885 1762 990 1797 integro

200 1805 244 1832 die
268 1806 458 1838 submovetur,

200 1850 306 1878 tardius
337 1851 506 1885 succedere;
537 1857 618 1887 atque
651 1853 687 1880 ita
712 1855 735 1880 si
756 1854 871 1889 exctnpli
895 1861 989 1887 causa,

201 1895 321 1922 Sabbato
351 1897 444 1923 statim
472 1901 534 1932 post
564 1898 631 1926 solis
659 1905 788 1926 occasum
809 1899 988 1934 plenilunium

201 1941 379 1968 commissum
405 1941 450 1974 sit,
474 1942 654 1977 appellabitur
677 1943 855 1971 nihilominus
878 1949 931 1972 tota
944 1945 989 1972 illa

200 1985 259 2013 dies
278 1994 322 2013 xtv
335 1987 409 2019 luna,
439 1996 492 2015 non
520 1988 718 2024 plenilunium:
735 1991 807 2018 unde
821 1995 848 2017 et
869 1991 990 2018 anterior

200 2032 259 2060 dies
279 2041 328 2060 xnt
360 2041 414 2060 non
431 2042 475 2061 χιιι
489 2036 701 2069 eomputabitur.
725 2035 787 2064 "me
811 2036 878 2069 fuit,
897 2037 935 2063 uti
948 2037 989 2064 di-

197 2083 274 2105 ctum
290 2083 343 2110 est,
359 2080 606 2107 Alexandrinorum
630 2083 774 2113 sententia,
789 2091 871 2116 quam
892 2087 919 2110 et
935 2082 988 2110 He-

201 2125 265 2151 brazi
291 2125 402 2160 quidam
423 2126 539 2159 amplexi
555 2131 630 2154 sunt.
646 2126 713 2154 Nam
729 2127 755 2154 in
778 2128 874 2156 Glossa
893 2136 954 2163 cap.
972 2128 988 2154 Ἰ

199 2170 290 2197 Tract.
307 2170 446 2198 thdurrlt
458 2172 605 2199 haltodesc/t
628 2173 724 2200 tomol
751 2172 989 2203 .lad.Maimonid;e

199 2216 282 2243 varia:
297 2217 439 2244 doctorum
456 2218 596 2245 sententia:
622 2219 655 2246 de
668 2227 699 2246 ea
718 2227 746 2246 re
770 2227 987 2248 commemoran-

496 1814 608 1834 necesse
634 1811 675 1834 est
695 1812 809 1835 caeteros
834 1808 905 1835 lunae
931 1807 990 1835 dies
1018 1820 1021 1821 ν

1039 297 1066 324 in
1086 305 1142 325 xxn
1156 298 1245 326 lunari
1257 299 1370 327 dilatum
1383 299 1486 328 Pascha
1500 310 1506 328 :
1521 309 1582 336 qua:
1597 307 1639 329 est
1651 302 1835 331 hallucinatio

1040 342 1171 380 Sraligeri
1192 353 1208 372 a
1228 345 1323 373 Clario
1338 352 1444 379 nostro,
1455 353 1494 380 _et
1520 348 1668 376 novissime
1684 356 1700 376 a
1712 347 1832 376 Guldine

1038 389 1161 424 ejusdem
1190 391 1330 420 societatis
1356 393 1523 421 validissime
1556 393 1684 421 refutata.
1717 393 1770 422 Sed
1796 395 1834 422 ad

1039 435 1157 469 priorem
1167 443 1277 464 sensum
1285 437 1330 465 illa
1337 438 1456 466 Wilfridi
1465 439 1614 474 disputatio
1625 440 1752 474 pertinet.
1761 439 1832 467 Nam

1040 480 1131 509 Scotis
1147 483 1303 517 exprobrat,
1320 485 1392 519 quod
1406 491 1468 512 cum
1491 485 1517 512 in
1531 493 1574 512 xiv
1585 485 1689 512 Pascha
1708 486 1833 513 celebra-

1039 531 1109 559 rcnl,
1125 535 1178 555 non
1196 536 1256 556 eam
1271 536 1360 557 tamen
1379 538 1424 557 xiv
1441 531 1575 565 paschalis
1589 531 1723 558 rationem
1745 531 1832 558 habe-

1040 578 1109 606 rent,
1128 582 1210 608 quam
1222 576 1365 604 Anatolius
1383 577 1595 611 przescripserat.
1622 576 1671 604 lltc
1686 577 1760 604 enim
1786 585 1832 604 xiv

1040 621 1113 648 illam
1135 621 1288 655 paschalem
1317 622 1450 659 duntaxat
1467 630 1527 650 esse
1547 622 1678 655 voluerat,
1699 631 1783 658 quam
1798 623 1832 650 ad

1039 675 1182 702 \esperam
1197 667 1377 702 plenilunium
1391 670 1539 704 exciperet,
1557 668 1608 696 hoc
1620 673 1672 700 est,
1684 674 1749 696 ante
1765 668 1833 697 solis

1040 721 1184 747 occasum;
1213 713 1315 748 alioqui
1340 722 1388 741 xm
1407 722 1460 740 non
1476 722 1521 741 xiv
1543 715 1688 742 diceretur.
1706 715 1741 741 At
1756 714 1833 743 Scoti

1041 761 1116 788 nullo
1145 760 1300 788 istiusmodi
1325 760 1441 793 delectu,
1457 769 1502 788 xlv
1523 761 1596 788 illam
1613 761 1734 796 paschali
1759 762 1834 789 cele-

1040 805 1132 833 britati
1149 805 1358 837 consecrabant,
1377 813 1438 840 qua:
1460 805 1487 832 in
1505 813 1567 833 eum
1587 805 1658 833 diem
1686 806 1833 838 incideret,

1040 857 1102 886 post
1126 851 1205 886 cujus
1221 856 1312 878 ortum
1339 851 1522 886 subsequente
1534 852 1666 879 duntaxat
1679 857 1760 880 nocte
1773 853 1833 888 ple-

1041 898 1177 925 nilunium
1206 898 1445 931 committeretur;
1484 903 1682 934 propteteaque
1712 907 1768 926 non
1797 907 1833 925 xv

1042 944 1115 976 luna,
1130 943 1176 971 scd
1200 951 1246 970 xlv
1261 948 1414 975 vocaretur,
1442 951 1472 970 ea
1491 951 1564 975 vero,
1581 952 1633 979 qua
1651 943 1754 971 Pascha
1771 952 1834 979 per-

1041 995 1133 1017 actunt
1149 989 1247 1022 fuerat,
1260 998 1321 1017 xm.
1337 989 1399 1017 Haec
1415 994 1457 1017 est
1471 990 1583 1017 onmino
1592 989 1742 1017 dillicillimi
1757 990 1832 1017 illius

1042 1034 1094 1062 loci
1112 1035 1245 1062 sententia
1259 1043 1266 1067 ;
1290 1034 1439 1062 secundum
1456 1042 1538 1069 quam
1565 1034 1709 1062 Anatolius
1725 1043 1834 1061 τεσσα-

1044 1080 1287 1117 ρεσκαιδεκατιτῶν
1316 1082 1402 1108 errori
1431 1081 1639 1115 patrocinatur;
1669 1081 1735 1108 dum
1764 1081 1832 1108 illud

1042 1128 1172 1154 statuitur
1187 1136 1193 1154 :
1210 1125 1368 1154 Paschalem
1393 1134 1425 1153 ex
1454 1126 1513 1161 ejus
1529 1126 1656 1153 instituto
1680 1134 1727 1153 xtv
1756 1126 1831 1153 illam

1042 1180 1112 1205 esse,
1131 1181 1192 1208 quae
1222 1173 1248 1200 in
1272 1173 1452 1208 plenilunium
1478 1173 1589 1201 desinit.
1607 1172 1674 1206 Quae
1697 1181 1767 1201 nova
1789 1177 1833 1200 est

1043 1221 1159 1248 istorum
1177 1219 1365 1251 hallucinatio,
1379 1225 1406 1247 et
1429 1219 1456 1246 in
1472 1213 1769 1255 Anatolium-conjecta
1786 1227 1834 1246 ca-

1042 1266 1157 1294 lunmia.
1172 1265 1258 1300 (Sujus
1285 1265 1458 1293 occasionem
1479 1265 1542 1293 inde
1557 1265 1677 1292 oblatam
1694 1265 1831 1300 suspicor,

1042 1313 1114 1348 quod
1137 1320 1200 1339 cum
1223 1319 1257 1339 ex
1285 1311 1441 1339 Judmorum
1470 1311 1609 1346 magistris
1622 1311 1676 1338 τῶν
1695 1311 1833 1347 Διαὸατη-

1042 1359 1119 1394 ρίων,
1138 1359 1191 1386 hoc
1207 1362 1249 1386 est
1268 1358 1350 1393 lypici
1378 1357 1520 1385 Paschalis
1546 1365 1679 1384 canouem
1700 1358 1776 1384 illum
1797 1358 1832 1385 ad

1042 1404 1234 1433 illustrandam
1258 1404 1406 1431 Christiani
1423 1403 1575 1431 doctrinam
1599 1402 1742 1431 Paschalis
1758 1408 1833 1430 attu-

1041 1452 1129 1484 lisset,
1155 1459 1210 1486 quo
1237 1451 1404 1486 praecipitur,
1425 1457 1454 1478 ut
1485 1458 1529 1478 xiv
1555 1451 1619 1477 luna
1637 1450 1669 1477 ad
1689 1458 1832 1485 vesperam

1041 1497 1146 1524 Pascha
1163 1496 1325 1529 celebretur,
1346 1497 1397 1523 sub
1409 1496 1498 1531 ipsum
1522 1496 1711 1530 appositionis,
1726 1504 1758 1524 ac
1775 1497 1832 1532 ple-

1041 1543 1138 1570 nilunii
1162 1548 1281 1577 tempus,
1306 1542 1358 1570 hoc
1387 1542 1425 1569 illi
1461 1542 1494 1569 ad
1517 1541 1702 1569 Christianum
1725 1541 1833 1570 Pascha

1043 1588 1252 1622 transtulerunt,
1271 1588 1323 1615 rati
1347 1595 1380 1615 ex
1406 1588 1524 1615 Anatolii
1547 1588 1655 1615 decreto
1674 1595 1717 1615 xtv
1729 1588 1774 1615 die
1786 1596 1834 1616 οι»

1042 1635 1142 1662 lebrari
1161 1643 1242 1671 posse
1260 1643 1267 1661 :
1286 1639 1314 1663 et
1336 1635 1446 1670 quidem
1468 1636 1613 1667 maturius,
1632 1643 1713 1670 quant
1729 1635 1834 1663 Iudaeis

1041 1680 1132 1712 liccat,
1148 1681 1220 1717 quod
1237 1686 1278 1709 est
1296 1681 1459 1714 inauditum,
1479 1687 1506 1709 et
1517 1682 1645 1710 Anatolio
1658 1690 1773 1718 prorsus
1788 1683 1833 1710 in-

1041 1726 1165 1762 dignum.
1563 1732 1566 1735 ‘

1140 1794 1265 1830 Pergitur
1277 1795 1304 1822 in
1325 1795 1491 1829 explicandis
1508 1795 1627 1822 Anatolii
1638 1795 1733 1822 verbis.

1078 1861 1131 1889 Sed
1147 1862 1213 1889 illud
1231 1862 1258 1889 in
1272 1861 1392 1889 Anatolii
1407 1862 1468 1889 loco
1480 1862 1525 1889 illo
1540 1861 1676 1890 dillicilius
1683 1867 1739 1894 est,
1757 1862 1830 1897 quod

1041 1907 1116 1935 addit
1130 1907 1174 1934 die
1197 1906 1284 1933 Martii
1303 1915 1338 1933 xx
1354 1907 1438 1934 solem
1458 1914 1511 1933 nnu
1534 1911 1637 1934 tantum
1659 1913 1830 1943 segmentum

1040 1953 1144 1980 zodiaci
1173 1953 1290 1988 primum
1322 1952 1476 1988 ingressum
1503 1960 1582 1983 esse.
1620 1951 1680 1979 ἀλλ’
1707 1953 1758 1988 ἤδη
1784 1954 1831 1981 καὶ

1040 1998 1174 2034 τετάρτην
1189 1998 1295 2034 ἡμέραν
1315 1999 1344 2025 ὲν
1358 1998 1432 2034 αὺτῷ
1454 1998 1671 2035 διαπορεύεσθαι.
1688 1998 1806 2026 Ruﬁnus
1821 2007 1829 2025 ι

1041 2045 1073 2072 In
1094 2053 1146 2080 qua
1165 2045 1207 2072 die
1224 2045 1265 2072 sol
1287 2045 1448 2072 inveniretur
1464 2053 1514 2071 non
1541 2046 1626 2072 solum
1646 2046 1830 2073 conscendisse

1039 2091 1153 2125 primunt
1168 2095 1282 2125 partem,
1297 2099 1383 2117 verum
1400 2091 1481 2117 etiant
1495 2095 1616 2125 quartam
1626 2090 1684 2125 jam
1697 2091 1724 2117 in
1743 2099 1773 2118 ro
1788 2091 1829 2118 die

1040 2137 1134 2163 habere
1152 2145 1160 2163 :
1177 2136 1203 2163 id
1233 2141 1285 2169 est,
1303 2136 1329 2163 in
1347 2137 1434 2171 prima
1450 2144 1482 2163 ex
1498 2145 1534 2163 xu
1552 2137 1684 2171 partibus.
1699 2136 1736 2163 Ita
1757 2137 1828 2172 apud

1040 2182 1139 2210 Bedam
1157 2182 1264 2218 legitur,
1282 2186 1313 2209 ut
1329 2187 1356 2208 et
1379 2182 1406 2208 in
1422 2182 1538 2217 vulgatis
1555 2181 1645 2209 Bullini
1675 2183 1827 2211 codicibus.

1038 2229 1126 2256 Porro
1151 2229 1221 2256 Beda
1249 2236 1296 2263 per
1313 2234 1447 2264 quartum,
1463 2228 1528 2260 sive,
1558 2233 1588 2255 ut
1608 2228 1724 2256 subinde
1738 2235 1827 2262 vocat,

200 2268 254 2292 “"‘~
288 2263 417 2310 Eamfle'“
444 2273 458 2290 ³
478 2264 548 2291 Beda
582 2270 792 2301 Propugnalam,
822 2272 849 2294 οι
866 2276 880 2295 ³
901 2267 986 2295 FOI‘O-
1001 2279 1024 2307 ι)
1038 2282 1087 2310 per
1099 2273 1241 2309 quadram,
1255 2273 1394 2301 Julianum
1414 2273 1592 2307 quadrantem
1607 2273 1750 2309 intelligit;
1764 2282 1828 2301 nam

200 2317 301 2344 sempr.
322 2309 466 2336 reiutalam
481 2310 528 2337 lib.
545 2318 586 2340 tu.
603 2316 673 2346 part.
689 2321 719 2345 ιι,
736 2313 859 2348 pluribus
876 2314 986 2347 astruit,

197 2356 369 2391 cxplicatque
395 2356 490 2384 Petrus
515 2356 618 2385 Pilatus
643 2357 741 2385 Veron.
772 2366 833 2394 cap.
866 2360 882 2387 4
906 2364 932 2387 et
954 2360 988 2387 15

197 2403 268 2430 Con.
285 2402 371 2430 Pasch
386 2403 518 2436 ;Ecclesla
532 2411 596 2431 vero
613 2405 748 2433 catholica
765 2406 877 2434 minime
893 2407 987 2441 sequi-

199 2454 255 2481 tur,
274 2457 334 2482 quae
350 2449 485 2484 paschalis
503 2448 564 2477 festi
578 2451 722 2478 ratiocinia
737 2452 770 2478 ad
781 2452 888 2479 civilem
906 2461 986 2481 usum

198 2500 227 2523 ct
241 2495 401 2530 :equabilcm
417 2496 535 2531 cyclum,
551 2505 606 2525 non
632 2498 665 2525 ad
691 2499 844 2526 mediorum
862 2505 986 2529 motuum

197 2540 403 2568 observationes
417 2541 554 2576 astringit.
578 2542 712 2570 Caeterum
738 2552 770 2571 ex
788 2545 837 2572 hac
851 2545 909 2580 ipsa
928 2547 987 2581 opi-

199 2586 284 2614 nione
306 2587 440 2622 sequitur,
458 2588 551 2615 lunam
568 2596 613 2616 xw
636 2597 834 2626 nonnunquam
859 2593 885 2619 in
902 2593 988 2628 pleni-

199 2633 302 2659 lunium
319 2633 452 2667 incidere;
474 2634 510 2661 ob
527 2634 609 2668 idque
623 2634 802 2669 plenilttnium
817 2638 889 2672 apud
903 2646 987 2673 quos-

197 2680 259 2706 dam
281 2681 428 2714 scriptores
459 2680 588 2714 appellari
605 2688 660 2708 xiv.
673 2681 750 2714 Quod
773 2689 800 2710 et
817 2689 928 2718 propter
942 2685 986 2712 lu-

198 2733 291 2752 narem
309 2726 462 2761 προήγησιν
479 2730 540 2760 post
558 2724 697 2754 Nicarnum
715 2729 861 2757 concilium
875 2730 985 2764 accidit,

197 2775 257 2804 post
274 2771 325 2798 tria
341 2771 448 2799 circiter
459 2773 568 2800 saecula.
585 2773 654 2800 Tum
667 2774 739 2801 enim
759 2776 849 2803 aureis
866 2777 987 2806 numeris

198 2816 293 2843 iisdem
308 2817 404 2845 diebus
421 2819 598 2851 haerentibus,
620 2827 664 2846 xtv
678 2819 787 2847 Nicmna
805 2821 985 2856 plenilunium

197 2865 239 2887 est
265 2861 345 2894 facta,
372 2863 453 2898 idque
473 2864 544 2890 κατὰ
570 2865 742 2900 συμϐεσηκύς
770 2866 804 2893 ob
827 2867 985 2904 ἀνωμαλίαν

198 2905 307 2939 sideris,
328 2916 390 2935 cum
405 2910 505 2944 alioqui
524 2918 611 2944 neque
621 2911 798 2945 plenilunium
813 2921 844 2940 cx
861 2915 985 2944 instituto

1039 2327 1100 2348 cum
1135 2320 1177 2347 sol
1205 2320 1324 2354 primum
1350 2319 1450 2346 Arietis
1471 2324 1640 2354 segmentum
1664 2319 1827 2354 ingreditur,

1037 2366 1093 2400 jam
1107 2366 1134 2392 in
1149 2373 1180 2392 ea
1194 2365 1238 2392 die
1252 2365 1432 2400 quadrantem
1447 2363 1575 2392 confecit.
1595 2364 1648 2392 Sed
1666 2365 1725 2392 haec
1743 2365 1829 2392 inter-

1038 2412 1153 2448 pretatio
1168 2411 1300 2446 jocularis
1318 2417 1370 2439 est.
1389 2410 1482 2446 Neque
1500 2412 1572 2439 enim
1587 2411 1682 2439 Graeco
1695 2412 1747 2447 ipsi
1763 2420 1828 2439 con-

1037 2459 1121 2486 venit.
1152 2458 1254 2485 Scribit
1281 2458 1425 2485 Anatolius
1439 2457 1572 2494 τετάρτην
1586 2458 1693 2493 ἡμέραν
1712 2458 1742 2485 ὲν
1754 2458 1829 2494 αὑτῷ

1038 2503 1264 2538 διαπορευόμενος
1283 2524 1290 2535 ,
1302 2503 1353 2530 hoc
1374 2508 1417 2530 est
1431 2508 1553 2538 quartam
1562 2503 1620 2538 jam
1635 2503 1719 2535 die)";
1732 2511 1828 2539 quem-

1037 2548 1184 2576 admodum
1200 2548 1271 2583 apud
1288 2548 1415 2574 liulinum
1437 2549 1636 2575 restituendum
1659 2556 1722 2576 esse
1731 2556 1826 2576 emen-

1037 2595 1144 2622 datiora
1181 2594 1305 2628 quantam
1340 2594 1507 2628 exemplaria
1541 2594 1717 2629 persuadent.
1756 2594 1826 2622 Tum

1038 2639 1105 2666 illud
1135 2639 1165 2665 ὲν
1180 2638 1265 2674 αὐτῷ,
1283 2638 1316 2666 ad
1336 2639 1461 2674 τμήματι
1479 2638 1608 2672 refertur,
1630 2647 1685 2666 non
1705 2640 1738 2667 ad
1756 2641 1827 2676 ὴμέ-

1038 2694 1088 2721 ραν
1099 2706 1106 2717 ,
1134 2690 1164 2712 ιιι
1181 2684 1277 2712 Latine
1297 2685 1506 2720 concipiendum
1530 2685 1577 2718 sit,
1591 2691 1715 2721 quartum
1727 2687 1787 2721 jam
1800 2688 1826 2714 il

1036 2740 1069 2759 ea
1079 2732 1158 2758 diem.
1174 2729 1230 2758 Hoc
1247 2731 1330 2766 igitur
1344 2736 1435 2758 censet
1449 2731 1591 2759 Anatolius
1604 2739 1612 2758 :
1626 2731 1711 2759 solem
1726 2740 1751 2759 xl
1766 2731 1824 2759 Kal.

1037 2779 1102 2813 Apr.
1122 2782 1250 2813 quartum
1262 2778 1318 2812 jam
1336 2778 1365 2804 in
1393 2779 1481 2812 primo
1505 2778 1628 2813 τμήματι
1648 2778 1695 2805 τοῦ
1708 2778 1826 2805 δωδεκα-

1036 2823 1168 2859 τημορίου
1188 2823 1259 2851 diem
1287 2830 1377 2858 agere.
1393 2823 1471 2856 Quod
1501 2824 1602 2851 mirum
1622 2824 1688 2851 mihi
1709 2824 1824 2852 videtur.

1037 2869 1103 2896 Nam
1122 2870 1171 2897 hac
1199 2870 1305 2897 ratione
1321 2871 1407 2898 solem
1430 2870 1598 2898 existimavit
1618 2871 1736 2906 primum
1756 2879 1825 2906 pnn-

1037 2921 1110 2943 ctum
1131 2915 1231 2943 Arietis
1264 2916 1367 2951 ingredi
1396 2923 1439 2942 xiv
1461 2916 1524 2944 Kal.
1550 2916 1629 2950 Apr..
1649 2916 1700 2944 hoc
1718 2921 1761 2944 est
1781 2923 1825 2944 xix
