1925 3043
124 147 189 176 1001

594 147 638 176 DE
656 147 748 176 ANNO
769 147 811 175 ET
832 146 888 176 DIE
907 146 1083 175 DOMINICIE
1101 147 1291 176 PASSlONlS.

1680 150 1749 178 1002

122 207 224 234 Martii.
242 206 281 234 Ex
292 214 348 243 quo
364 207 430 236 illud
443 208 577 244 suspicari
603 217 750 244 possumus
767 221 773 237 :
789 209 912 244 aaquino-
927 210 950 239 Α
962 209 1120 237 eorumdem
1134 208 1393 241 Alexandrinorum,
1408 207 1571 236 Latinorum
1590 213 1633 237 est
1648 217 1674 237 v.
1695 209 1747 242 Qui

122 253 230 281 ctialem
257 254 396 282 cardinem
423 262 477 282 non
505 255 534 282 in
562 256 651 290 primo
672 256 772 284 Arietis
794 260 910 292 puncto,

121 299 170 327 sed
190 299 217 326 in
235 307 261 326 Iv
276 300 310 327 ab
333 308 366 328 eo
379 301 572 328 constitutum.
587 301 824 334 Quemadmodum
838 306 913 329 vete-

121 353 166 373 res
184 345 250 372 olim
264 346 292 373 in
303 353 351 373 vtu
364 347 504 381 signorum
523 352 600 382 parte
618 349 736 375 solstitia
751 353 778 376 et
791 349 912 383 aequinoo

121 392 175 418 etia
192 392 249 420 fieri
280 393 424 428 putabant,
455 398 485 421 ut
507 397 624 421 testatur
641 394 746 422 Plinius
766 395 814 422 lib.
833 402 910 427 xvm,

121 445 183 472 cap.
201 438 248 471 25,
272 443 300 466 et
325 438 476 466 Columella
498 440 546 467 lib.
569 448 607 472 ιχ,
621 448 681 475 cap.
699 440 789 479 13,.ex
806 440 911 469 Eudoxi

121 488 149 511 et
175 483 291 512 Metonis
321 484 430 518 Fastis;
446 486 519 521 quod
531 491 558 514 et
573 486 721 522 Sosigenes
739 489 912 523 persuasisse

121 529 224 556 Caesari
243 529 364 562 videtur;
377 537 440 557 nam
459 531 536 558 initia
556 532 693 559 mensium
704 538 834 567 quatuor,
850 540 912 567 quae

120 575 283 602 cardinibus
300 575 426 610 proxima
442 581 516 607 sunt.
535 577 571 604 ab
591 585 640 604 vui
659 577 715 605 fere
727 583 804 612 parte
823 579 912 614 signo-

122 627 184 647 rnm
196 620 364 655 incipiebant
381 625 462 648 :etate
480 621 606 650 Caesaris.
627 623 706 657 Apud
726 623 869 651 Geminum
884 624 911 650 at

121 667 222 701 τροπαὶ
236 667 389 702 χειμεριναι
402 674 435 694 ex
448 667 562 695 Eudoxo
574 672 672 703 quarto
684 669 728 696 die
737 670 910 704 contingunt,

120 720 155 740 ex
168 720 224 747 quo
236 713 482 748 solCapricornum
497 715 636 750 ingressus
652 720 705 744 est.
721 716 911 745 Atsecundum

123 758 318 786 Euclemonem
331 760 419 794 primo
434 760 494 796 ipso
509 761 562 789 die.
582 760 699 789 Vernum
715 767 805 790 autem
827 763 912 798 aequi-

122 804 245 831 noctium
274 809 352 832 sexto
377 805 412 833 ab
429 805 554 841 ingressu
569 807 672 836 Arietis
691 808 735 836 die
762 809 911 836 secundum

122 849 278 884 Eudoxum,
293 859 355 879 cum
369 859 402 879 ex
414 851 519 888 Calippi
535 853 733 890 Parapegmate
746 855 835 890 printo
851 855 911 890 ipso

121 897 370 925 diecommittatur.
386 887 483 926 Utrum
495 887 567 926 ivero
581 887 655 927 idem
670 900 704 928 de
723 887 753 927 ιιι
769 887 911 934 signorum
927 887 948 914 Β

122 947 199 977 parte
218 942 270 970 sibi
290 944 457 978 persuasarit
482 944 636 978 Anatolius,
657 946 833 980 cogitandum
855 954 913 974 am-

121 987 195 1023 plius
214 992 257 1015 est
281 996 288 1015 :
314 996 378 1016 nam
398 989 443 1017 illa
463 989 544 1018 Beda:
562 991 634 1018 ratio
654 992 729 1019 nullo
746 992 828 1019 modo
852 1000 914 1028 pro-

122 1034 221 1062 babilis
237 1039 296 1068 est;
323 1035 478 1063 Anatolium
501 1044 563 1064 cum
600 1045 627 1064 χι
648 1037 708 1066 Kal.
735 1038 801 1074 Apr.
833 1040 915 1074 tequi-

121 1080 244 1108 noctium
271 1081 338 1117 ﬁgit,
360 1082 394 1109 de
413 1083 568 1118 vespertino
598 1084 730 1112 duntaxat
755 1085 840 1120 loqui,
861 1086 914 1114 hoc

121 1131 163 1154 est
176 1127 210 1154 de
230 1134 273 1159 eo,
291 1128 363 1162 quod
382 1128 481 1156 accidit
496 1136 558 1156 cum
571 1129 635 1157 luna
651 1130 702 1157 sub
717 1138 845 1159 occasum
861 1132 913 1159 soli

121 1173 246 1207 opposita
265 1177 323 1206 est;
345 1178 487 1209 propterea
505 1176 578 1210 quod
593 1183 626 1203 ex
645 1176 822 1211 antiquorum
849 1185 914 1205 sen-

122 1218 206 1246 tentia
215 1217 326 1246 Patrum
345 1220 441 1247 statuit
449 1221 482 1248 ad
498 1221 651 1256 paschalem
664 1222 846 1251 celebritatem
858 1231 913 1251 non

122 1265 204 1292 modo
218 1265 304 1293 solem
324 1265 351 1292 in
372 1267 536 1301 aequinoctio
549 1275 644 1301 verno,
666 1269 713 1296 sed
728 1273 755 1296 et
770 1269 862 1296 lunam
884 1269 912 1296 in

121 1311 274 1338 autumnali
290 1312 370 1339 sitam
381 1320 442 1340 esse
455 1313 553 1342 debere
565 1314 653 1349 :quod
673 1319 729 1341 tum
756 1315 786 1341 ιιι
803 1315 913 1349 quando

122 1358 314 1392 aequinoctiale
333 1363 465 1394 punctum
495 1360 547 1387 sub
569 1368 697 1388 occasum
722 1361 787 1389 solis
806 1361 910 1389 incidit.

122 1402 246 1431 Primum
263 1404 335 1431 enim
347 1412 401 1432 non
413 1406 446 1432 de
465 1405 621 1433 Christiano
642 1406 773 1434 Paschate
790 1414 822 1434 ex
839 1407 910 1434 anti-

121 1455 241 1483 quorum
278 1448 388 1476 Patrum
416 1449 537 1484 scriptis,
552 1451 598 1478 sed
619 1450 732 1479 Judaico
748 1459 782 1479 ex
804 1453 912 1480 Aristo-

123 1495 178 1522 buli
192 1494 354 1522 auctoritate
373 1496 444 1523 istud
462 1497 553 1524 attulit
568 1506 574 1525 :
591 1497 628 1529 ὡς
642 1497 683 1533 εἵη
699 1497 728 1531 ἐξ
745 1498 868 1534 ἀνάγκης
877 1499 910 1534 τῇ

123 1539 177 1566 τῶν
190 1539 372 1576 διαὸατηρὶων
386 1541 465 1576 ἑορτῇ
482 1541 519 1578 μὴ
538 1543 617 1578 μόνον
629 1543 675 1570 τὸν
689 1543 764 1579 ἥλιον
776 1544 806 1570 τὸ
818 1545 912 1580 ἰσημε-
926 1558 947 1587 C

125 1586 198 1622 ρινδν
208 1586 428 1622 διαπορεύεσθαι.
438 1587 540 1615 Deinde
550 1595 583 1615 ne
598 1588 648 1616 hoc
657 1589 767 1622 quidem
778 1590 872 1622 voluit,
885 1590 912 1618 in

123 1632 363 1667 aequinoctialibus
375 1633 485 1668 punctis
492 1633 617 1668 opposita
629 1634 680 1661 sibi
694 1634 808 1662 invicem
823 1635 913 1664 sidera

124 1678 169 1706 illa
181 1686 243 1706 esse
257 1683 399 1714 oportere;
417 1679 463 1706 sed
477 1679 505 1706 ὲν
518 1680 654 1714 τμήμασι,
671 1687 731 1714 qua:
744 1680 912 1709 latitudinem

125 1724 226 1752 habent
240 1732 247 1751 :
268 1729 298 1760 ut
313 1725 439 1753 videlicet
452 1726 478 1752 in
493 1726 582 1760 primo
593 1725 699 1754 zodiaci
718 1732 869 1762 segmento,
886 1732 915 1755 et

125 1770 153 1797 in
179 1770 240 1804 ejus
267 1769 357 1804 aliqua
387 1774 465 1805 parte
484 1769 536 1803 sol,
564 1770 629 1797 luna
657 1777 721 1798 vero
740 1771 767 1797 in
797 1771 914 1806 septimo

124 1818 260 1850 versetur,
273 1814 396 1850 Denique
408 1815 513 1849 quoties
525 1816 720 1851 aequinoctium
734 1816 761 1843 in
776 1824 831 1844 χχιι
841 1817 913 1844 diem

125 1861 232 1893 incidit,
248 1869 303 1888 non
324 1866 367 1889 est
389 1869 503 1889 necesse
529 1869 575 1889 xtv
605 1862 709 1894 lunam,
726 1867 772 1890 aut
794 1870 829 1890 xv
849 1871 912 1890 cum

123 1915 158 1936 eo
176 1914 352 1935 concurrere.
368 1907 396 1934 Id
407 1907 479 1934 enim
493 1911 549 1935 toto
567 1907 594 1934 in
614 1907 690 1942 cyelo
708 1911 813 1935 tantum
830 1909 914 1936 semel

124 1953 250 1981 accidere
263 1958 362 1988 potest.
372 1953 442 1986 Quid
455 1958 546 1980 autem
566 1953 723 1987 absurdius,
743 1961 826 1989 quam
841 1955 914 1982 Ana-

124 1998 220 2026 tolium
233 1998 361 2025 arbitrari
373 1998 406 2025 de
418 2006 452 2026 eo
463 2002 569 2026 tantum
578 1999 760 2033 aequinoctiali
769 2000 813 2027 die
828 2000 912 2035 loqui,

125 2044 171 2078 qui
192 2051 247 2071 non
275 2044 401 2079 amplius,
421 2052 504 2079 quam
529 2045 614 2072 semel
635 2050 692 2072 toto
711 2046 913 2074 deccmnoven-

125 2089 181 2116 nali
199 2089 278 2127 cyclo
299 2090 387 2125 possit
409 2091 589 2126 comingere?
607 2090 720 2119 Frustra
739 2093 822 2127 igitur
841 2092 913 2121 alius

124 2135 185 2170 ejus
197 2135 261 2169 loci,
289 2136 311 2164 si
327 2135 435 2170 quidem
448 2136 561 2165 minime
577 2137 726 2165 mendosus
742 2143 794 2171 est,
813 2146 912 2167 sensus

124 2182 258 2216 quaeritur
274 2182 308 2210 ab
327 2190 370 2215 eo,
388 2190 467 2218 quem
482 2183 540 2218 ipsa
554 2191 609 2218 prae
624 2190 654 2211 se
667 2183 748 2211 verba
763 2183 865 2216 ferunt,
883 2189 913 2212 ut

963 256 1018 283 duo
1031 255 1205 289 posteriores,
1220 255 1272 282 hoc
1286 258 1328 282 est
1340 254 1570 282 Alexandrinixtx
1585 260 1613 282 et
1628 263 1675 282 vttt
1687 263 1749 282 eum

963 301 1034 336 apud
1049 301 1124 336 ipsos
1151 300 1315 328 embolimari
1334 299 1434 332 forent,
1449 300 1520 335 apud
1537 299 1660 332 Latinos,
1675 305 1705 328 ut
1724 307 1750 329 et

963 347 1034 382 apud
1046 346 1166 379 Iudaeos,
1181 351 1258 373 erant
1278 346 1414 381 simplices
1431 350 1525 374 :erant
1537 347 1610 374 enim
1626 355 1670 374 χνι
1683 351 1749 374 etv.

962 392 1001 419 ita
1021 392 1111 419 Latini
1127 392 1229 420 Pascha
1241 392 1268 419 in
1282 391 1364 420 Nisan
1378 391 1502 426 Iudaico,
1524 392 1702 421 Alexandrini
1723 393 1750 420 in

963 437 1015 471 ljar
1047 438 1232 466 celebrabant.
1260 438 1406 473 Propterea
1435 438 1571 473 paschalis
1605 440 1751 467 neomenia

962 483 1125 510 Latinorum
1150 489 1237 511 erata
1254 491 1283 511 ιιι
1312 482 1382 511 Non.
1408 483 1523 516 Martiis,
1545 484 1602 512 sive
1616 483 1706 512 Martii
1723 493 1750 518 ι’,

962 528 995 555 ad
1010 528 1111 563 Aprilis
1128 536 1158 562 ιι,
1178 537 1241 556 cum
1257 528 1366 556 Nicaana
1383 529 1418 557 ab
1437 537 1485 557 \‘lll
1502 530 1635 557 duntaxat
1660 530 1750 558 Martii

962 574 996 601 ad
1024 573 1115 602 Nonas
1145 574 1206 610 Apr.
1221 575 1392 602 extendatur.
1415 575 1491 603 Unde
1507 580 1534 603 et
1552 584 1596 603 χιν
1613 575 1750 611 paschalis

962 620 1055 647 citima
1083 620 1244 648 Latinorum
1267 626 1327 648 erat
1352 621 1440 649 Martii
1468 629 1546 654 χινιιι,
1565 622 1749 649 remotissima

962 673 1008 693 xu
1032 665 1144 700 Aprilis,
1161 674 1224 694 cum
1248 667 1438 695 Alexandrina:
1460 672 1488 696 et
1503 667 1619 696 Nicaenae
1639 669 1750 696 decimza

953 712 1066 746 ‘quartaa
1094 718 1109 738 a
1136 719 1181 738 χχι
1206 711 1296 740 Martii
1312 713 1346 740 ad
1371 721 1415 740 xtv
1436 713 1554 741 Kalend.
1573 713 1670 748 Maias,
1693 714 1751 742 sive

961 756 1028 790 Apr.
1047 764 1114 783 χνιιι
1127 756 1292 791 pertineant.
1313 756 1392 790 Quod
1411 765 1444 785 ex
1463 758 1534 786 Beda
1545 759 1687 791 discimus,
1702 758 1750 794 qui

962 810 1022 838 cap.
1047 811 1111 830 1tth
1139 803 1178 830 De
1193 809 1273 838 temp.
1295 807 1346 831 rat.
1371 803 1531 832 Latinorum
1557 804 1656 832 refellit
1675 812 1750 832 erro-

963 856 1032 881 rem,
1044 856 1193 884 eorumque
1207 849 1331 884 signiferi
1346 849 1490 884 Victorini,
1507 859 1586 886 quem
1598 850 1749 878 Victorium

962 895 1103 928 nominat;
1124 896 1203 930 cujus
1218 896 1301 923 etiam
1312 895 1494 932 fragmentum
1510 901 1600 924 exstat
1615 897 1642 924 in
1653 897 1749 924 eodem

963 940 1041 968 Beda:
1055 941 1154 976 capite.
1177 941 1319 969 Undenam
1343 942 1426 977 igitur
1445 949 1573 970 manasse
1597 942 1750 977 putandum

962 990 1014 1018 est,
1029 987 1101 1020 quod
1122 985 1211 1013 Latini
1230 987 1311 1021 primi
1331 987 1435 1014 mensis
1463 987 1634 1015 neomeuiam
1656 988 1683 1015 in
1701 995 1748 1015 χιχ

963 1030 1051 1058 Martii
1084 1031 1287 1066 collocaverint,
1314 1033 1368 1060 nisi
1389 1041 1422 1060 ex
1442 1033 1562 1060 Anatolii
1579 1034 1701 1066 decreto,
1719 1040 1751 1061 ut

963 1077 1072 1112 quidem
1087 1077 1167 1112 vulgo
1181 1082 1343 1112 conceptum
1361 1083 1402 1106 est
1421 1086 1496 1113 :quo
1515 1079 1632 1113 primum
1650 1079 1750 1107 Arietis

963 1122 1118 1157 ingressum
1146 1124 1172 1150 in
1191 1131 1236 1150 χιχ
1254 1123 1343 1151 Martii
1363 1124 1498 1160 conjicere
1513 1125 1588 1153 visus
1606 1125 1665 1152 est?
1682 1124 1751 1153 llinc

964 1168 1037 1195 enim
1056 1169 1211 1203 paschalem
1237 1170 1384 1197 terminum
1408 1177 1469 1205 qua:
1487 1169 1540 1197 fuit
1553 1171 1624 1205 apud
1638 1170 1750 1199 Latinus

963 1221 1008 1246 xv,
1041 1222 1094 1241 non
1113 1223 1168 1248 xw,
1185 1215 1212 1242 in
1238 1214 1327 1242 Martii
1349 1223 1394 1242 χιχ
1418 1215 1602 1244 contulerunt.
1620 1215 1699 1248 Nam,
1721 1222 1752 1242 ιιι

964 1259 1042 1286 initio
1059 1259 1125 1288 fassi
1143 1268 1249 1294 sumus,
1262 1261 1397 1289 obscurus
1417 1261 1564 1290 admodum
1583 1267 1610 1290 et
1630 1263 1750 1298 implica-

963 1310 1009 1333 tus
1025 1311 1066 1334 est
1079 1307 1197 1334 Anatolii
1214 1307 1291 1334 locus
1308 1316 1314 1334 :
1328 1307 1461 1342 siquidem
1485 1308 1530 1336 illo
1551 1309 1610 1344 ipso
1626 1309 1680 1342 die,
1695 1318 1750 1344 quo

964 1353 1158 1387 aequinoctium
1172 1354 1277 1386 statuit,
1295 1353 1384 1381 Martii
1398 1355 1523 1383 videlicet
1538 1363 1606 1388 χχιι,
1621 1361 1749 1390 quartum

961 1398 1018 1433 jam
1038 1399 1118 1433 primi
1129 1399 1259 1434 segmenti
1271 1400 1384 1435 gradum
1398 1400 1522 1435 attigisse
1535 1401 1620 1428 solem
1639 1402 1749 1430 indicat.

963 1443 1020 1472 Hoc
1034 1450 1123 1472 autem
1132 1450 1299 1481 segmentum
1313 1446 1430 1481 primum
1443 1447 1688 1483 δωδεκατημόριον,
1705 1449 1752 1476 καὶ

964 1490 1056 1526 μηνῶν
1072 1491 1159 1527 ἀρχήν
1177 1496 1255 1519 vocat
1271 1501 1277 1519 :
1291 1492 1322 1518 τὸ
1335 1492 1364 1519 δὲ
1381 1492 1435 1528 πρὸ
1445 1493 1550 1527 τούτου,
1568 1494 1659 1530 μηνῶν
1672 1494 1753 1530 ἐσχα-

963 1543 1018 1567 τον,
1038 1535 1086 1562 καὶ
1099 1536 1195 1571 τμῆμα
1211 1536 1370 1565 δωδέκατον.
1387 1537 1458 1573 Ergo
1471 1543 1498 1565 et
1518 1542 1575 1566 tres
1589 1539 1628 1566 illi
1639 1540 1750 1574 gradus,

964 1589 1034 1616 quos
1046 1581 1134 1609 Martii
1144 1590 1199 1613 χιχ,
1214 1590 1260 1615 χχ,
1276 1591 1333 1616 χχι,
1346 1583 1388 1611 sol
1403 1584 1523 1617 coniicit,
1540 1585 1644 1612 cum‘in
1661 1586 1751 1620 primo

964 1633 1104 1663 segmento
1130 1629 1195 1661 sint,
1222 1634 1249 1656 et
1263 1634 1338 1656 extra
1364 1634 1544 1664 postremum,
1570 1631 1604 1659 ad
1628 1639 1749 1660 mensem

964 1675 1083 1708 primum
1118 1675 1264 1708 pertinent.
1301 1675 1435 1708 Quocirca
1461 1677 1633 1712 proroganda
1669 1683 1751 1706 crnnt

964 1720 1066 1747 mensis
1082 1720 1162 1755 primi
1176 1721 1275 1755 spatia,
1293 1725 1322 1748 ut
1341 1729 1387 1748 χιχ
1403 1721 1473 1748 diem
1487 1722 1568 1749 etiam
1582 1723 1752 1757 amplectan—

965 1770 1019 1794 tur.
1036 1765 1071 1792 Et
1095 1774 1158 1793 cum
1183 1766 1312 1801 subiicit:
1329 1775 1383 1795 non
1400 1767 1572 1796 mediocriter
1586 1769 1750 1798 hallucinari

964 1818 1011 1838 eos
1023 1818 1129 1843 omnes,
1144 1811 1190 1846 qui
1200 1811 1317 1846 primum
1333 1820 1465 1846 mensem,
1489 1818 1516 1840 et
1533 1821 1578 1841 χιν
1595 1815 1749 1849 paschalem

964 1857 991 1884 in
1001 1857 1097 1884 ultimo
1106 1856 1152 1884 illo
1161 1858 1452 1892 segmentocollocant,
1464 1858 1533 1886 intra
1542 1859 1659 1894 primum
1668 1860 1750 1887 δωδε-
1795 1891 1798 1895 ,

964 1903 1144 1939 κατημόριον,
1161 1903 1213 1932 hoc
1237 1908 1279 1932 est
1292 1911 1306 1931 a
1319 1912 1365 1932 χιχ
1385 1904 1474 1932 Martii
1496 1905 1549 1933 rite
1566 1913 1610 1933 xw
1626 1906 1751 1935 inchoari

963 1956 1044 1984 posse
1062 1948 1207 1984 signiﬁcat.

999 1996 1094 2030 itaque
1106 2003 1202 2030 parum
1215 1995 1272 2024 haec
1286 1997 1424 2025 cohaerere
1447 1997 1583 2026 videntur.
1596 1998 1648 2026 Sed
1665 2004 1694 2027 ut
1705 2000 1752 2028 ob-

964 2042 1072 2070 scurior
1096 2043 1231 2078 appendix
1257 2043 1301 2070 illa
1325 2044 1370 2076 sit,
1395 2048 1477 2078 caput
1505 2045 1593 2079 ipsum
1609 2046 1746 2080 opinionis

963 2088 1158 2122 propemodum
1170 2092 1280 2116 constat
1309 2098 1314 2114 :
1336 2089 1465 2116 nimirum
1485 2091 1623 2118 cardinem
1647 2097 1673 2119 et
1685 2100 1750 2127 epo-

964 2134 1044 2161 cham
1059 2133 1123 2161 anni
1136 2142 1173 2160 χιι
1188 2141 1248 2161 esse
1264 2133 1363 2165 Martii.
1381 2142 1461 2169 quam
1479 2140 1506 2162 et
1520 2136 1641 2172 κεφαλὴν
1656 2138 1750 2164 ἐννεα-

963 2180 1150 2216 δεκαετηρίδος
1160 2185 1249 2208 vocat.
1265 2179 1349 2216 Igitur
1362 2181 1648 2218 ὲννεακαιδεκαετηρίς
1662 2191 1751 2219 neque

124 2228 277 2263 ingressum
293 2229 320 2255 in
333 2228 453 2256 Arietem
470 2229 612 2256 Anatolius
624 2229 652 2256 in
668 2229 756 2257 Martii
783 2238 829 2257 χιχ
845 2238 908 2258 con-

966 2226 1000 2253 ab
1025 2225 1141 2253 Eusebio
1167 2230 1284 2260 reperta,
1308 2231 1338 2253 ut
1356 2226 1427 2254 Beda
1456 2227 1504 2254 lib.
1523 2227 1562 2255 De
1586 2233 1663 2263 temp.
1696 2236 1749 2258 rat.

125 2274 230 2302 tulerit.

160 2320 219 2353 Qua
234 2328 266 2347 ex
287 2319 415 2355 Opinione
437 2320 510 2349 aliud
532 2321 670 2356 quoddam
687 2322 808 2357 πόρισμα
835 2321 913 2356 sequi

125 2367 244 2397 videtur,
261 2367 333 2401 quod
353 2367 397 2394 hic
414 2368 509 2402 paucis
526 2368 662 2402 explicare
687 2376 776 2403 opera:
795 2369 912 2403 pretium

125 2414 252 2440 arbitror.
283 2413 361 2446 Quod
391 2414 462 2441 enim
487 2421 519 2441 ex
540 2414 657 2442 Anatolii
679 2415 768 2442 verbis
788 2414 912 2447 efﬁcitur,

125 2462 255 2494 punctum
280 2458 367 2492 ipsum
381 2458 430 2493 τῆς
445 2458 562 2494 παρόδου
578 2459 604 2486 in
627 2459 728 2486 Arietis
743 2463 912 2494 segmentum

125 2505 272 2532 convenire
282 2503 370 2531 Martii
384 2512 439 2538 χιχ,
448 2505 582 2539 suspicari
593 2505 655 2532 licet
665 2504 852 2532 Occidentales
862 2504 913 2538 ple—

124 2558 225 2585 rosque
237 2557 268 2576 ac
282 2549 393 2578 Latinos
407 2550 538 2585 epocbam
555 2551 629 2582 anni,
648 2551 705 2578 sive
720 2551 799 2586 primi
812 2550 913 2577 mensis

125 2596 298 2623 neomeuiam
330 2596 357 2623 in
385 2604 430 2623 χιχ
448 2595 536 2624 Martii
555 2597 721 2630 contulisse;
743 2597 834 2631 itaque
854 2596 913 2623 citi-

124 2649 199 2668 mum
227 2641 374 2668 terminum
407 2642 435 2669 in
461 2649 495 2669 eo
520 2643 564 2670 die
586 2642 689 2676 ﬁxisse,
711 2643 750 2670 uti
771 2642 913 2670 Anatolius

124 2687 151 2713 itt
166 2694 235 2713 χχιι.
255 2685 323 2714 Nam
348 2686 437 2714 Latini
454 2687 501 2715 diu
521 2688 705 2716 Alexandrino
719 2690 795 2724 cyclo
812 2691 913 2725 rejecto

124 2729 267 2758 Iudaicum
295 2732 484 2760 retinuerunt:
504 2734 551 2769 qui
567 2734 673 2762 lunaris
684 2743 699 2762 a
714 2734 786 2762 Beda
809 2740 835 2763 et
851 2736 914 2764 aliis

125 2776 237 2810 dicitur,
265 2782 293 2804 et
317 2777 434 2805 triennio
453 2779 545 2807 diﬁert
568 2780 603 2807 ab
620 2780 816 2808 Alexandrino.
844 2781 911 2809 Nam

125 2822 371 2851 Alexandrinorum
391 2824 497 2858 primus
524 2830 566 2852 est
586 2833 640 2853 χνιι
670 2825 846 2860 Latinorum;
868 2836 913 2855 χιχ

126 2873 217 2896 autem
233 2868 492 2904 Alexandrinorum,
511 2869 673 2899 Latinorum
687 2877 728 2900 est
748 2880 811 2906 xvt;
827 2877 854 2899 et
866 2880 913 2899 vtu

290 2918 424 2949 ΡΑτιιοιη
447 2918 505 2950 Gn.
530 2919 625 2950 XLII.

966 2280 1027 2307 cap.
1045 2272 1089 2303 L2,
1106 2279 1194 2306 neque
1212 2279 1226 2298 a
1237 2271 1347 2300 Nic-aeno
1363 2273 1490 2307 concilio,
1504 2278 1533 2301 ut
1546 2274 1657 2309 quidam
1675 2284 1751 2303 assc-

966 2321 1039 2351 runt,
1054 2325 1114 2345 cum
1131 2318 1273 2345 Anatolius
1293 2318 1352 2353 ejus
1373 2319 1538 2353 meminerit,
1556 2327 1587 2347 ac
1602 2321 1646 2348 diu
1662 2327 1750 2350 antea

965 2365 1070 2391 Metone
1080 2369 1107 2391 et
1117 2363 1289 2392 ’Euctcmonc
1304 2365 1420 2399 primum
1439 2367 1591 2401 excogitata
1609 2367 1701 2401 fuerit,
1721 2376 1751 2396 ut

965 2409 1098 2438 Diodorus
1106 2409 1224 2443 Siculus,
1236 2410 1366 2438 Geminus
1377 2416 1402 2437 et
1413 2411 1579 2440 Censorinus
1602 2413 1748 2441 aﬁirmant.

965 2457 1126 2490 Quanquam
1148 2456 1200 2483 alia
1218 2456 1322 2484 lunaris
1347 2457 1410 2483 anni
1433 2465 1464 2484 ac
1482 2458 1616 2486 mensium
1633 2459 1749 2494 disposi-

964 2502 1002 2528 tio
1029 2505 1085 2528 tum
1116 2501 1175 2528 fuit.
1199 2501 1369 2536 Quapropter
1399 2502 1547 2531 verisimile
1577 2509 1617 2531 est
1645 2505 1749 2533 Latinis

965 2548 1037 2575 hunc
1061 2547 1179 2574 Anatolii
1205 2548 1293 2574 locum
1310 2547 1396 2575 fraudi
1422 2547 1506 2576 fuisse
1525 2550 1619 2584 :atqui
1635 2551 1749 2577 ridicule

965 2593 1109 2621 admodum
1122 2594 1276 2629 paschalem
1291 2594 1364 2621 illum
1379 2603 1458 2622 suum
1480 2603 1612 2623 canonem
1628 2597 1749 2624 condidit

965 2638 1133 2672 Victorinus,
1147 2647 1201 2667 non
1219 2640 1318 2673 solum,
1332 2641 1403 2675 quod
1417 2641 1522 2669 Pascha
1539 2649 1582 2668 χιι
1600 2642 1662 2668 luna
1679 2642 1747 2668 dun-

965 2689 1041 2712 taxat
1052 2684 1182 2712 celebrari
1206 2685 1310 2719 jubeat,
1329 2686 1402 2720 quod
1426 2687 1525 2714 canoni
1544 2690 1686 2721 repugnat,
1703 2693 1749 2714 ve-

965 2738 1024 2757 rum
1039 2731 1119 2758 etiam
1135 2730 1207 2766 quod
1225 2731 1335 2759 inutiles
1348 2732 1452 2766 aliquot
1463 2732 1594 2760 terminos
1603 2736 1629 2759 et
1643 2733 1748 2760 otiosos

965 2777 1098 2804 habuerit.
1116 2776 1207 2804 Prima
1235 2778 1344 2806 illorum
1368 2786 1414 2805 χιν
1439 2777 1500 2810 fuit,
1527 2783 1557 2806 ut
1576 2778 1677 2805 dictum
1695 2782 1747 2811 est,

966 2822 1054 2850 Martii
1080 2831 1158 2856 xvnt,
1184 2823 1288 2851 decima
1312 2824 1406 2858 quinta
1437 2831 1501 2850 vero
1517 2824 1603 2858 prima
1624 2823 1746 2851 omniunt

965 2869 1054 2897 Martii
1077 2877 1136 2904 xix,
1149 2878 1230 2906 quem
1244 2875 1271 2898 et
1286 2869 1430 2898 terminum
1451 2869 1578 2898 ﬁxerunt.
1603 2869 1636 2898 Et
1659 2875 1749 2900 tamen

1554 2919 1593 2949 32
