1925 3043
165 134 234 163 1005

733 133 907 162 APPENDIX
928 133 1246 164 DlSSERTATlONUM.

1720 134 1791 162 10οι

166 201 301 228 nunquam
317 199 380 221 ante
396 202 454 222 ιιιι
480 192 584 222 Pascha
603 193 797 226 celebrabant;
818 200 880 220 cum
895 193 941 220 citi

1005 193 1101 226 εἰκάδι,
1119 194 1199 229 ἐνάτῃ
1216 202 1262 221 και
1281 193 1370 221 εἰκάδι
1385 193 1539 229 scripseris,
1552 192 1702 220 bellissime
1717 193 1790 220 hunc

165 250 239 269 mum
253 241 358 268 Pascha
373 241 498 269 debuerit
521 248 581 269 esse
596 239 749 267 ιι·Μιιι·ῑίἰ.
764 239 854 272 Quare
863 243 910 266 aut
925 238 953 266 in

166 295 222 314 ιιιι
239 288 330 314 lunam
348 287 542 322 prorogabant,
554 286 637 314 autin
652 285 803 319 secundum
819 291 951 312 mensem.

164 333 281 359 Causam
296 333 377 367 hujus
392 333 575 360 stolidissimae
586 332 700 360 rationis
712 331 783 359 Beda
792 335 869 366 putat
881 339 952 365 csse,

164 379 236 412 quod
246 383 308 405 ante
321 378 516 412 :equinoctium
526 377 665 405 celebrare
680 377 802 412 religioni
811 377 951 404 ducerent.

165 424 220 459 Ego
231 432 296 451 vero
312 432 373 451 cum
388 424 519 456 Anatolii,
534 429 591 451 tum
604 423 781 451 Caesariensis
809 431 841 451 ac
850 422 953 450 Nicteni

164 471 271 498 concilii
285 470 396 498 decreto
409 471 535 506 paruisse
549 471 612 498 illos
627 470 756 503 arbitror,
779 477 869 505 neque
884 477 953 505 pra—

164 517 280 551 scriptos
308 516 342 543 ab
366 517 431 548 illis,
452 524 486 544 ac
502 516 641 544 communi
666 523 802 544 consensu
826 519 953 550 receptos

163 561 306 590 Paschalis
323 563 424 590 limites
440 563 593 598 transgredi
615 570 697 590 ausos
713 569 774 589 esse
793 570 799 588 :
817 561 953 596 atquevita

163 606 265 634 Paulus
287 607 446 641 Forosemp.
466 607 546 642 cujus
566 611 595 634 tu
611 607 657 634 lib.
673 615 689 634 v
705 606 829 638 consule,
847 605 893 633 ubi
907 606 954 633 ali-

163 655 229 686 quot
240 652 363 686 exempla
380 652 548 686 paschalium
571 651 740 688 διαστροφῶν
754 659 787 679 ac
800 650 952 679 dissensio-

163 705 228 724 num
245 698 383 733 proponit.

198 742 341 770 Postremo
357 743 440 771 etiam
464 747 546 778 atque
563 743 645 770 etiam
672 741 833 775 videndum,
851 749 885 768 an
901 741 952 768 Ju-

162 789 225 822 daei,
243 790 288 824 qui
303 789 449 825 Epiphanii
465 794 587 825 tempore
605 790 744 822 vixerunt,
763 789 790 816 in
804 796 850 815 ιιι
861 788 903 815 vel
918 795 952 815 ιι

164 833 251 860 Martii
275 835 407 868 epocham
434 835 498 861 anni
519 833 747 868 :equinoctiomvc
782 832 949 864 statuerint;

162 879 236 914 quod
264 879 434 915 Epiphanius
449 880 483 907 ad
497 879 600 908 Christi
626 884 749 915 tempora
767 878 949 908 transferens,

163 933 236 952 anno
255 925 311 959 illo,
328 933 383 961 quo
408 933 506 961 passus
517 930 570 958 est,
591 925 736 953 crediderit
752 924 947 960 :equinoctium

163 971 190 998 in
203 972 298 999 eodem
312 972 424 1000 haesisse
435 973 489 1005 die,
502 980 558 1007 quo
574 972 610 1000 ab
620 972 674 1000 illis
691 979 741 1000 suo
757 976 878 1006 tempore
893 976 950 998 sta-

163 1021 250 1044 tutum
277 1017 395 1044 videbat.
417 1017 485 1044 Cum
502 1017 575 1045 enim
600 1016 697 1050 Judaﬁ,
722 1020 753 1044 ut
772 1023 806 1043 ex
818 1014 950 1050 Josepho,

163 1061 285 1096 Philone,
297 1067 324 1090 et
336 1063 370 1091 iis
383 1063 586 1098 antiquioribus
597 1062 772 1095 Aristobulis,
787 1065 814 1089 et
830 1061 951 1097 Agatho-

162 1107 226 1134 bulo
253 1112 370 1142 constat,
387 1116 441 1136 non
460 1113 524 1136 ante
539 1108 732 1143 :equinoctium
747 1107 851 1135 Pascha
868 1115 949 1135 suum

162 1152 299 1180 celebrare
312 1153 457 1187 voluerint,
473 1158 578 1181 certum
593 1153 628 1180 sit
638 1156 729 1180 autem
741 1159 844 1179 annum
860 1160 906 1179 ιιι
921 1156 950 1180 et

161 1198 206 1225 vin
219 1198 298 1233 cycli,
311 1199 357 1233 qui
367 1199 558 1227 Alexandrinis
569 1199 756 1227 embolimreus
766 1202 835 1230 erat,
847 1197 950 1226 Judmis

161 1250 331 1271 communem
341 1244 489 1277 exstitisse,
499 1244 664 1278 conjecturae
675 1243 751 1271 locus
764 1247 815 1276 est,
826 1251 840 1270 a
852 1241 949 1270 iudicis

160 1289 317 1324 atquinoctii
340 1289 412 1317 diem
444 1290 525 1324 paulo
545 1293 608 1317 ante
631 1288 742 1317 Nicaena
769 1293 902 1324 tempora,
922 1292 949 1315 et

160 1335 312 1362 secundum
325 1342 367 1367 ea,
384 1343 430 1362 ιιι
448 1335 536 1362 Martii
549 1335 680 1362 tributum
697 1333 793 1363 fuisse.
811 1334 898 1368 Quam
915 1334 949 1361 ab

160 1378 215 1407 illis
228 1380 384 1414 opinionem
402 1381 491 1408 Latini
508 1388 562 1408 una
582 1387 644 1408 cum
661 1380 751 1408 lunari
767 1380 842 1415 cyclo
865 1380 949 1408 tradi-

161 1430 217 1452 tam
225 1427 392 1460 acceperint,
402 1426 521 1454 Anatolii
535 1426 684 1461 praesertim
697 1426 860 1453 auctoritate
875 1425 947 1460 freti,

161 1473 207 1510 qui
234 1473 352 1508 primum
377 1472 477 1499 Arietis
498 1472 648 1507 ingressum
667 1471 761 1498 eodem
779 1471 823 1498 illo
834 1471 878 1498 die
892 1471 948 1498 col-

161 1520 252 1547 locare
266 1518 341 1546 visus
352 1522 404 1546 cst.
418 1517 490 1544 Sane
506 1523 559 1544 non
582 1517 633 1543 alia
654 1516 819 1552 probabilior
839 1516 948 1544 investi-

161 1565 218 1600 gari
243 1571 327 1592 causa
352 1567 452 1598 potest,
481 1570 531 1590 cur
553 1562 595 1590 vel
612 1561 709 1595 Judaei,
728 1562 769 1590 vel
784 1561 873 1589 Latini
893 1566 949 1588 tam

161 1611 302 1646 przfracte
315 1610 434 1637 decimas
453 1613 566 1644 quartas
585 1608 612 1635 in
631 1607 720 1635 Martii
737 1615 804 1635 xvnt
828 1608 950 1635 retinue-

161 1657 227 1689 rint,
239 1656 292 1683 nisi
304 1655 376 1690 quod
388 1654 581 1690 atquinoctium
603 1654 684 1682 citius
705 1653 850 1686 committi,
867 1660 948 1688 quam

160 1701 353 1730 Alexandrinis
380 1701 528 1736 placuerat,
562 1699 631 1728 falso
658 1700 711 1728 sibi
734 1699 947 1734 persuasissent.

166 1746 273 1781 Quippe
287 1753 348 1773 cum
362 1749 388 1772 et
398 1744 551 1772 Judazorum
565 1743 670 1771 Pascha
682 1743 710 1769 in
725 1742 813 1777 ipsutn
827 1741 950 1776 (equino-

162 1793 206 1820 ctii
221 1796 363 1827 punctum,
377 1794 424 1818 aut
436 1790 560 1825 proxime
572 1789 668 1816 saltem
681 1795 714 1816 ex
732 1787 842 1815 decreto
857 1786 948 1813 senio-

160 1845 221 1865 rum
251 1837 371 1864 incidere
400 1840 538 1871 oporteat;
566 1834 653 1861 Latini
681 1841 745 1860 vero
766 1837 827 1868 post
846 1831 948 1859 Nicmni

161 1883 269 1911 concilii
297 1882 465 1910 sanctionem
492 1881 648 1916 paschalem
686 1879 833 1907 terminum
854 1877 948 1906 tandiu

160 1933 224 1956 ante
245 1928 439 1963 aequinoctium
462 1926 575 1954 delinire
596 1925 673 1953 nefas
697 1933 758 1953 esse
777 1925 948 1953 didicissent.

163 1985 265 2019 Altera,
290 1990 315 2012 et
340 1984 500 2020 probabilior
517 1983 548 2010 de
570 1982 688 2023 Anatolii
713 1982 770 2010 loco
794 1982 948 2017 conjectura

465 2023 633 2053 proponitur.

198 2065 250 2093 Sed
266 2065 323 2093 hate
346 2069 438 2092 nostra
454 2063 610 2098 conjectura
627 2063 650 2090 si
672 2062 763 2090 minus
777 2061 948 2089 eruditorum

162 2111 304 2139 hominum
328 2109 515 2138 assensionem
540 2108 697 2141 obtinuerit,
723 2107 853 2134 invidiam
875 2110 949 2134 certe

162 2164 195 2185 ac
208 2156 447 2191 reprehensionem
463 2162 515 2182 non
533 2160 666 2182 meretur.
683 2153 742 2188 Quo
758 2153 868 2181 lectoris
884 2160 950 2180 can-

1005 239 1094 267 locum
1109 240 1269 267 restitueris.
1287 239 1444 268 Invenimus
1454 261 1462 273 ,
1477 240 1575 274 inquit,
1588 239 1616 265 ὲν
1627 240 1659 273 τῇ
1678 246 1791 274 προκει-

1005 285 1072 320 μένῃ
1095 284 1227 320 Φαμενὼθ
1240 285 1323 322 ἐνάτῃ
1343 286 1391 313 καὶ
1408 285 1493 313 εἰκάδι
1509 286 1549 319 (ἐν
1562 286 1595 320 τῇ
1611 284 1790 320 προκειμένῃ,

1004 337 1085 364 quam
1102 330 1135 357 ad
1152 331 1362 366 oppugnandum
1380 331 1430 358 sibi
1445 334 1634 366 proposuerat,
1655 329 1791 364 cujusque

1003 376 1031 403 in
1048 377 1234 412 superioribus
1258 377 1430 412 meminerat)
1451 377 1536 404 solem
1553 384 1577 402 ιι
1594 376 1651 410 jam
1675 375 1746 402 diem
1765 375 1792 402 in

1004 427 1146 457 segmento
1158 423 1260 450 Arietis
1269 423 1448 458 processisse.
1456 422 1558 449 Firmat
1571 422 1642 448 hanc
1652 421 1776 456 conjecto
1786 436 1792 440 ε

1003 474 1062 494 ram
1078 473 1216 501 nostram,
1227 468 1299 503 quod
1315 468 1472 496 Anatolium
1488 472 1591 495 certum
1606 472 1649 494 cst
1661 466 1694 493 de
1705 467 1791 501 atqui-

1004 513 1115 541 noctiali
1139 519 1260 549 tempore
1293 522 1411 542 canones
1439 515 1500 542 illos
1531 513 1692 540 instituisse.
1720 512 1792 539 lline

1003 557 1172 594 Nicephorus
1194 559 1241 586 lib.
1261 568 1297 592 vt,
1314 567 1374 594 cap.
1396 559 1431 586 56
1450 569 1456 586 :
1474 560 1528 586 Καὶ
1545 559 1609 594 περὶ
1625 559 1673 592 τῆς
1693 558 1787 592 ισημε-

1005 601 1065 636 ρίας
1087 600 1132 628 τοῦ
1154 601 1250 637 Πάσχα
1269 601 1480 636 ἀκριϐεστάτους
1504 601 1582 636 ὄρους
1601 599 1733 631 ὑπέδειξε.
1753 598 1792 625 De

1003 647 1159 681 acquinoctio
1183 647 1303 682 paschali
1318 647 1532 674 accuratissimus
1557 653 1668 673 taliones
1690 645 1791 671 sanxit.

977 702 979 704 ·
1003 692 1133 720 Videlicet
1150 700 1211 720 cum
1238 693 1285 726 id,
1309 693 1382 728 quod
1410 693 1436 720 in
1462 691 1624 720 C:esaricnsi
1647 690 1752 726 synodo
1776 697 1793 717 a

1003 736 1155 773 Thcophilo
1169 738 1259 766 habita
1275 738 1447 774 propositum
1472 737 1570 770 fuerat,
1595 737 1676 772 vulgo
1695 743 1793 763 omnes

1003 783 1204 818 opinarentur,
1230 784 1425 820 aequinoctium
1454 792 1508 812 xxv
1534 784 1623 812 Martii
1644 783 1791 815 committi,

1004 830 1055 858 hoe
1083 830 1172 865 ipsum
1202 832 1342 867 corrigens
1365 831 1509 859 Anatolius
1532 829 1729 866 tequinoctium
1756 837 1790 857 ex

968 863 988 890 Β
1003 875 1175 904 Ptolemaicis
1190 877 1436 912 astronomicisque
1455 876 1576 904 fontibus
1589 876 1616 903 in
1629 883 1686 903 ιιιι
1702 873 1791 902 Martii

1004 923 1156 949 transtulit.
1173 922 1255 951 Vides
1271 923 1323 950 leri
1348 923 1452 951 voculae
1473 923 1554 950 unius
1570 921 1790 950 commutatione

1004 972 1106 1002 quanta
1122 967 1330 1002 impeditissimo
1355 968 1421 996 huic
1439 968 1498 996 loco
1523 968 1571 995 lux
1586 967 1682 995 oborta
1696 967 1743 1000 sit,
1760 970 1792 994 ut

1002 1013 1102 1041 merito
1126 1014 1263 1048 posterius
1289 1014 1340 1042 hoc
1357 1014 1549 1048 verissimum,
1565 1019 1592 1042 et
1614 1015 1647 1042 ad
1669 1013 1790 1041 Anatolii

1003 1063 1122 1086 mentem
1145 1058 1319 1093 aptissimum
1343 1066 1404 1086 esse
1430 1059 1550 1096 judicem
1577 1059 1662 1087 :duaa
1689 1059 1790 1094 quippe

1002 1103 1144 1132 Paschatis
1165 1104 1326 1140 διαστροφαι
1350 1104 1463 1132 totidem
1488 1112 1521 1132 ex
1549 1104 1787 1140 aequinoctialibus

1003 1150 1128 1178 terminis
1145 1150 1172 1177 in
1193 1158 1275 1177 usum
1291 1149 1506 1181 ecclesiasticum
1524 1150 1708 1185 irrepserant;
1724 1158 1786 1178 nam

1002 1195 1049 1222 alii
1081 1202 1144 1222 cum
1166 1195 1350 1230 προηγήσεως
1372 1195 1506 1231 τροπικῆς
1535 1195 1622 1230 ignari
1647 1195 1787 1223 cardinem

1001 1249 1117 1269 vernum
1132 1241 1180 1274 ibi,
1197 1241 1242 1268 ubi
1257 1249 1273 1269 a
1303 1241 1435 1277 Sosigene
1455 1242 1539 1269 semel
1558 1242 1665 1277 positus
1688 1240 1788 1274 fuerat,

1002 1287 1162 1321 retinerent,
1185 1287 1291 1316 Pascha
1318 1291 1382 1316 ante
1404 1296 1456 1315 xxv
1479 1287 1569 1315 Martii
1593 1289 1787 1317 celebrandum

1002 1334 1114 1361 minime
1131 1334 1280 1369 putabant:
1305 1334 1406 1369 quibus
1420 1334 1528 1362 obviam
1556 1335 1623 1363 itum
1635 1339 1678 1363 est
1697 1335 1788 1364 Caesa-

1002 1380 1101 1407 riensis
1117 1380 1227 1408 concilii
1244 1380 1364 1408 decreto.
1382 1381 1445 1413 Alii,
1462 1384 1491 1408 ut
1503 1380 1589 1408 Judazi
1607 1382 1786 1414 recentiores,

1002 1429 1028 1453 et
1044 1426 1089 1461 qui
1103 1424 1213 1454 Judzcos
1225 1427 1421 1461 sequebantur,
1432 1435 1494 1455 eum
1512 1427 1583 1455 haud
1600 1428 1682 1455 dubie
1701 1429 1788 1464 tequi-

1002 1472 1142 1505 noctium,
1160 1472 1203 1500 vel
1228 1472 1381 1508 ingressum
1405 1473 1469 1501 solis
1492 1473 1518 1500 in
1547 1473 1663 1503 Arietem
1683 1475 1788 1510 aliquot

1002 1522 1064 1545 ante
1080 1518 1178 1545 diebus
1193 1518 1321 1546 accidere
1335 1523 1472 1554 putarent,
1495 1519 1600 1547 Pascha
1615 1528 1695 1548 suum
1716 1521 1788 1549 anti-

1001 1562 1135 1597 cipabant.
1152 1561 1323 1598 Utrosquein
1338 1562 1412 1590 hisce
1428 1564 1577 1591 canonibus
1591 1564 1688 1592 refellit
1713 1566 1787 1593 Ana-

1000 1608 1081 1636 tolius
1096 1617 1103 1635 :
1128 1608 1234 1644 priores
1264 1608 1374 1643 quidem
1392 1616 1434 1641 ea,
1459 1617 1540 1644 quam
1555 1610 1683 1643 diximus,
1701 1612 1788 1647 aequi-

1000 1653 1083 1681 noctii
1097 1653 1200 1688 epocha
1215 1653 1335 1681 stabilita
1350 1663 1356 1681 :
1377 1655 1542 1689 posteriores
1557 1663 1632 1690 vero,
1649 1657 1711 1684 cum
1731 1657 1787 1685 dis-

1000 1701 1079 1733 putat
1105 1698 1223 1733 pritnum
1248 1706 1370 1726 mensem
1391 1699 1480 1734 primo
1496 1699 1618 1735 signiferi
1638 1701 1786 1730 dodecate-

1001 1743 1090 1771 morio
1100 1745 1223 1778 deliniri;
1240 1752 1322 1777 supra
1334 1752 1414 1779 quem
1429 1750 1596 1780 postremum
1612 1746 1648 1774 sit
1660 1754 1786 1782 segmen-

1001 1794 1069 1824 tum,
1084 1791 1240 1826 mensisque
1257 1795 1410 1826 postremus
1426 1799 1432 1818 :
1454 1791 1481 1818 in
1495 1799 1548 1826 quo
1564 1793 1720 1826 paschalem
1737 1801 1785 1821 xiv

1000 1843 1108 1864 sumere
1122 1837 1252 1864 canOnica
1269 1837 1373 1865 sanctio
1399 1837 1536 1872 prohibet;
1555 1839 1629 1874 quia,
1647 1836 1677 1867 ul
1691 1839 1785 1868 hacte-

1000 1889 1052 1908 nus
1075 1881 1217 1916 probatum
1232 1886 1291 1914 est,
1316 1882 1427 1909 citimus
1447 1883 1580 1909 terminus
1609 1884 1635 1910 in
1661 1884 1785 1919 mquiuo-

1000 1927 1083 1954 ctinm
1098 1927 1224 1954 incurrit.
1241 1927 1274 1954 Et
1289 1932 1318 1954 ut
1333 1928 1469 1963 posterior
1485 1929 1575 1956 cautio
1592 1929 1625 1956 ad
1639 1928 1748 1958 Judazos
1760 1935 1788 1958 et

999 1971 1172 2000 Christianos
1201 1973 1399 2005 ἰουδαΐζοντας,
1430 1973 1524 2008 quales
1548 1973 1736 2003 Occidentales
1760 1980 1787 2003 et

1000 2017 1090 2045 Latini
1104 2017 1223 2053 fuerunt,
1237 2020 1347 2054 proprie
1359 2019 1474 2054 pertinet
1489 2029 1495 2047 :
1513 2020 1548 2047 ita
1566 2021 1640 2055 prior
1654 2021 1786 2049 adversus

1000 2063 1045 2090 illa
1059 2069 1171 2098 pugnat,
1182 2072 1242 2098 quze
1256 2064 1282 2090 in
1297 2064 1372 2092 Actis
1388 2063 1564 2093 Caesariensis
1576 2066 1674 2101 synodi
1688 2067 1786 2102 legun-

1000 2113 1045 2136 tur
1062 2118 1068 2136 :
1084 2117 1202 2144 quorum
1221 2109 1404 2145 fragmentum
1431 2111 1503 2145 apud
1525 2110 1625 2138 Bedam
1649 2113 1786 2147 reperitur

999 2158 1061 2188 post
1082 2154 1202 2181 libellum
1228 2153 1265 2181 De
1293 2155 1459 2189 mquinoctio.
1484 2155 1512 2182 ln
1539 2155 1637 2190 quibus
1664 2156 1783 2190 primum

163 2201 230 2229 dore
245 2206 271 2228 et
286 2201 454 2228 humanitate
471 2199 590 2227 conﬁsus
607 2199 687 2226 aliam
704 2199 737 2226 de
760 2198 813 2226 hoc
826 2197 945 2224 Anatolii
965 2207 985 2234 υ
1000 2199 1194 2234 :equinoctium
1223 2199 1311 2227 Martii
1336 2208 1389 2227 xxv
1415 2200 1609 2234 constituitur;
1635 2205 1692 2228 tum
1720 2209 1786 2229 vero

161 2245 223 2275 loco
250 2246 434 2282 suspicionem
454 2244 602 2280 proferam,
629 2251 691 2279 qua:
713 2243 791 2275 Inibi,
811 2249 872 2270 cum
889 2242 947 2269 haec

161 2292 322 2323 scriberem,
349 2290 475 2318 veniebat
488 2290 515 2317 in
530 2296 657 2317 mentem.
674 2288 842 2316 Crediderim
867 2287 946 2322 equi—

162 2337 222 2364 dem
244 2337 271 2363 in
286 2336 330 2368 iis,
347 2343 407 2370 quae
425 2335 515 2362 locum
529 2335 604 2362 illum
621 2337 835 2366 antecesserant,
852 2333 947 2369 dispu-

162 2387 235 2409 tasse
251 2382 383 2409 adversus
408 2381 468 2408 illos
483 2380 650 2412 Anatolium,
665 2380 712 2415 qui
726 2384 804 2406 vetus
821 2379 946 2414 atquino-

162 2427 257 2460 ctium,
272 2427 324 2453 hoc
335 2425 536 2458 cstlulianum,
551 2425 595 2453 die
609 2424 697 2452 Martii
712 2432 765 2452 xxv
780 2424 946 2458 retinebant,

161 2480 212 2500 nec
228 2476 290 2499 ante
305 2479 353 2498 vttt
375 2472 434 2499 Kal.
452 2471 582 2499 celebrari
606 2470 706 2498 festum
730 2470 865 2502 sinebant,
885 2476 946 2504 quae

160 2523 203 2546 est
223 2526 288 2545 ιιιι
313 2517 503 2551 Phameuoth;
525 2517 674 2552 praesertim
696 2517 769 2552 quod
787 2517 881 2544 eodem
903 2516 946 2543 die

160 2564 301 2591 Christum
314 2564 498 2591 resurrexissc
509 2571 668 2598 persuasum
682 2563 822 2595 haberent.
836 2571 867 2590 ex
880 2570 947 2590 cou-

162 2610 217 2637 cilii
227 2609 407 2637 Caesariensis
421 2610 484 2642 (ide,
498 2609 531 2636 de
539 2617 594 2644 quo
607 2613 710 2644 postea.
725 2609 847 2643 Quorum
861 2615 891 2637 Il.
903 2618 946 2638 ρι’-

160 2663 249 2683 rorem
285 2656 434 2691 corrigeret
469 2655 669 2683 mathematicis
698 2656 946 2691 astronomicisque

160 2701 469 2736 doctrinisxpcrpolitus
506 2701 664 2734 Anatolius,
695 2702 887 2736 aequinoctium
918 2702 945 2729 in

161 2755 218 2775 ιιιι
235 2747 323 2774 Martii
340 2747 473 2774 committi
490 2747 591 2775 docuit.
610 2747 669 2781 Quo
691 2747 791 2782 posito,
807 2755 860 2774 xxv
875 2746 947 2774 Mar-

161 2794 204 2828 tii,
221 2794 278 2821 sive
299 2793 470 2821 Phamenoth
488 2799 703 2829 xxix,quartum
719 2793 775 2827 jam
793 2793 819 2820 in
844 2793 946 2821 Arietis

166 2843 308 2873 segmento
322 2838 394 2865 diem
413 2839 477 2874 agit.
496 2839 678 2872 Quamobrem
704 2839 726 2866 si
751 2845 800 2873 pro
818 2836 882 2874 ἕκτῃ
899 2839 947 2865 καὶ

1001 2245 1131 2280 quoniam
1155 2245 1282 2273 Christus
1307 2245 1402 2272 eodem
1419 2245 1466 2272 illo
1481 2245 1667 2273 resurrexisse
1687 2245 1742 2278 die,
1758 2249 1785 2272 et

999 2291 1034 2318 ab
1047 2298 1072 2317 ιι
1090 2290 1150 2317 Kal.
1170 2297 1267 2323 passns
1280 2289 1453 2324 credebatur,
1468 2289 1528 2317 ideo
1542 2290 1664 2317 triduum
1684 2291 1717 2317 ad
1736 2298 1785 2326 pa-

999 2336 1107 2363 schales
1131 2335 1261 2362 terminos
1287 2339 1447 2370 arrogatur,
1469 2343 1501 2362 ea
1524 2335 1582 2371 lege
1613 2336 1782 2371 praescripta,

999 2386 1029 2409 ut
1044 2382 1078 2408 ab
1095 2388 1123 2408 ιι
1141 2381 1201 2408 Kal.
1224 2381 1289 2416 Apr.
1310 2381 1343 2408 ad
1358 2389 1384 2408 ιι
1401 2381 1460 2408 Kal.
1478 2380 1562 2408 Maias
1579 2381 1715 2415 paschalis
1739 2389 1784 2409 ce-

999 2427 1112 2454 lebritas
1126 2426 1196 2453 obiri
1208 2427 1305 2461 possit,
1326 2434 1357 2453 ne
1374 2430 1477 2454 tantum
1491 2426 1622 2461 passionis
1633 2434 1786 2454 sacramen-

1000 2477 1055 2498 tum
1070 2476 1145 2498 extra
1162 2472 1271 2498 limitem
1287 2471 1455 2498 excludatur.

1035 2517 1088 2544 Sed
1101 2521 1130 2543 ut
1144 2517 1177 2544 de
1191 2517 1368 2552 synodalibus
1384 2517 1438 2544 illis
1451 2516 1526 2544 Actis
1540 2517 1628 2544 dicam
1641 2518 1714 2552 quod
1728 2525 1786 2545 sen-

1000 2563 1038 2590 tio
1058 2572 1065 2590 ;
1085 2563 1137 2590 fuit
1155 2563 1228 2590 istud
1254 2563 1365 2598 quidem
1384 2563 1550 2598 provinciale
1571 2563 1719 2590 concilium
1742 2564 1786 2590 Vi-

998 2609 1083 2636 ctoris
1094 2616 1170 2644 papa:
1183 2608 1262 2644 jussu
1274 2617 1289 2636 a
1305 2608 1456 2644 Thcophilo
1468 2608 1631 2636 Ctesariensi
1646 2614 1784 2640 coactum,

998 2662 1053 2690 quo
1070 2659 1191 2689 tempore
1202 2655 1386 2682 controversia
1401 2655 1446 2682 illa
1462 2655 1495 2682 dc
1509 2654 1643 2682 Paschate
1654 2654 1785 2682 Christia-

998 2709 1064 2728 num
1080 2701 1174 2728 orbem
1193 2701 1367 2728 vehementer
1380 2701 1546 2736 exagitabat.
1563 2699 1617 2728 Sed
1643 2707 1696 2729 non
1724 2707 1784 2727 om-

998 2746 1056 2780 nia,
1074 2754 1135 2781 qua).
1152 2747 1179 2774 in
1192 2746 1268 2774 Actis
1283 2746 1337 2774 illis
1352 2746 1633 2782 comprehenduntur,
1650 2753 1701 2781 pro
1720 2743 1781 2773 lidei

998 2792 1116 2820 decretis
1130 2792 1253 2819 habenda
1269 2795 1347 2825 sunt;
1363 2799 1458 2819 verum
1476 2792 1596 2819 rationes
1622 2791 1748 2826 privatim
1764 2797 1778 2817 a

998 2837 1126 2866 Patribus
1142 2837 1228 2865 allata:
1247 2843 1313 2866 sunt
1329 2837 1474 2875 pleraeque,
1497 2837 1595 2873 quibus
1622 2835 1781 2866 sententiam
