1925 3043
133 170 200 198 1005

593 170 637 198 DE
657 168 750 198 ANNO
769 168 813 196 ET
834 168 889 196 DIE
909 168 1086 198 DOMINlCzE
1108 168 1296 197 PASSIONIS.

1692 169 1759 198 1(ῒοῐῖ

129 233 207 253 suam
222 225 402 258 illustrarcnt,
415 234 475 262 qua:
485 233 539 253 non
557 226 622 262 ipsa:
637 227 707 254 inter
718 226 778 254 lldci
791 226 917 261 dogmata

1003 225 1063 254 Col.
1088 226 1140 253 954
1167 225 1197 252 D.
1218 226 1302 257 "Hm:
1317 223 1455 259 ἐμπίπτει
1471 224 1520 252 διὰ
1549 223 1624 251 ἐτῶν
1661 224 1758 259 τριῶν.

127 275 287 297 censentur.
311 270 381 298 Tum
407 272 479 306 quod
497 271 632 299 Eusebius
655 272 702 299 lib.
733 280 767 304 v,
793 279 853 306 cap.
883 271 919 297 εξ

128 320 235 348 narrat,
252 324 300 351 per
325 317 396 344 idem
413 322 522 347 tem.us
549 324 609 344 cum
632 317 695 344 alibi
721 317 836 352 passim,
861 321 918 344 tum

130 359 226 389 Romae
241 370 255 388 a
268 361 377 390 Victore
394 363 426 390 de
443 363 537 390 eadem
550 362 699 398 quastione
714 363 854 398 synodalia
870 363 918 390 de-

128 414 203 435 creta
221 408 294 436 edita
318 408 416 440 fuisse,
436 417 498 444 quae.
525 409 552 436 in
577 409 699 436 eamdem
725 411 758 436 de
784 408 916 436 Paschato

128 454 296 482 celebrando
310 455 502 490 conspirarent!
517 455 693 487 sententiam,
711 462 765 482 non
782 455 823 482 sic
839 454 920 482 intel-

131 498 269 534 ligcndum
285 504 336 532 est,
353 504 381 526 ut
397 507 455 534 qua:
469 500 495 526 in
509 499 583 527 Actis
599 499 652 527 illis
665 499 846 534 allegarentur
860 506 920 526 om-

131 545 175 571 nia
204 552 219 570 a
247 544 374 579 pontifice
399 543 524 571 Romano
543 544 656 578 probata
681 544 747 576 sint,
766 547 793 570 ct
809 550 859 577 pro
874 550 920 569 ca-

130 589 241 617 tltolieis
255 589 430 625 dogmatibus
447 595 572 625 recepta;
588 589 635 618 sed
650 597 681 617 ea
698 590 841 622 duntaxat,
858 596 920 623 quae

131 643 164 662 ex
179 635 256 663 falsis
271 636 326 664 illis
339 636 481 671 principiis
496 643 636 671 utcunque
651 635 779 669 deducta,
796 642 860 662 vera
874 642 919 662 so-

131 682 241 716 lidaque
267 687 374 717 reperta
393 687 468 710 sunt.
491 682 651 717 Cujusmodi
679 682 836 710 sanctiones
867 682 919 709 illa:

131 728 242 755 fuerunt
260 739 266 756 :
285 727 322 755 Ut
337 736 425 763 neque
439 730 465 756 in
489 737 534 756 xw
549 729 612 756 luna
635 727 739 756 Pascha
758 727 852 760 tieret;
870 735 919 756 nec

130 773 196 804 alio.
213 781 296 808 quam
312 774 458 802 Dominieo
474 774 518 802 die
542 782 549 800 :
571 773 643 809 quod
660 777 720 801 erat
736 773 917 808 propOsitum.

130 818 257 854 Reliqua,
275 827 336 854 quae
349 819 495 847 incidentia
518 819 572 846 dici
594 823 720 854 possunt,
736 826 799 845 ettm
818 817 917 852 partim

130 864 275 899 perspicue
297 863 377 895 falsa.
394 865 492 899 partim
509 865 603 896 dubia,
619 868 646 891 et
666 863 860 891 ecclesiasticis
873 870 919 890 ea-

972 270 1104 307 Keplerus
1125 269 1196 308 ᾗτινι
1215 271 1289 306 legit.

1007 318 1065 346 Col.
1079 318 1132 345 955
1142 318 1174 344 Δ.
1189 317 1243 344 Καὶ
1252 317 1348 350 ἄλλος
1358 317 1420 344 κατ’
1430 316 1498 350 ἔτος
1508 317 1659 352 τέσσαρας
1673 315 1759 350 ὥρας.

971 363 1130 399 annsmodi
1157 371 1195 391 xtl
1221 368 1328 391 constat
1342 363 1372 390 τδ
1399 362 1578 398 νυχοήμερον.
1606 361 1674 389 Nunt
1695 363 1760 390 hora

973 409 1042 444 apud
1057 409 1236 444 Epiphanium
1254 409 1314 437 dna:
1330 413 1393 436 sunt
1403 409 1607 444 aequinoctiales
1622 409 1705 435 horm.

1008 453 1076 481 lbid.
1094 452 1221 488 Ὠςεῒναι
1228 456 1272 488 εὶς
1279 454 1316 481 τὰ
1328 454 1393 489 τρία
1402 454 1467 488 ἔτη.
1483 453 1550 480 Vide
1563 461 1623 488 quae
1634 452 1761 488 superius

974 500 1173 529 adnotavimus.

1009 546 1076 573 Ibid.
1087 546 1134 573 Διὸ
1143 546 1212 580 παρ’
1224 545 1326 579 αὐτοῖς
1339 545 1428 572 πέντε
1437 544 1543 580 μῆνες.
1552 544 1695 572 Causatira
1708 544 1758 572 ista

973 592 1106 627 particula
1127 599 1198 628 πει-ο
1222 600 1282 620 eum
1307 591 1497 627 superioribus
1523 592 1650 619 cohrerct.
1680 590 1761 619 Forte

973 638 1044 665 idem
1061 638 1187 674 estquod
1197 637 1263 664 διότι
1273 638 1316 665 vel
1327 639 1378 670 ὅτι,
1396 645 1445 665 nec
1455 637 1588 665 inferendi
1603 638 1656 665 vim
1669 637 1759 671 habet,

972 684 1019 712 sed
1035 692 1133 712 novam
1158 684 1321 712 sententiam
1337 684 1466 718 inchoat,
1482 691 1535 719 qua
1559 691 1605 711 xtv
1626 691 1759 711 annorum

972 730 1064 764 cyclus
1078 730 1234 765 exponitur.
1250 729 1329 763 Quod
1347 729 1369 757 si
1386 729 1517 756 illativam
1532 737 1594 757 esse
1611 730 1709 762 mavis,
1727 729 1760 756 ad

971 775 1157 803 antecedentia
1179 775 1342 811 pertinebit;
1365 783 1427 802 nam
1453 775 1517 811 quia
1541 776 1645 803 lunaris
1671 783 1760 803 annus

971 821 1030 848 dies
1047 821 1127 849 habet
1143 829 1247 855 CCCLIV,
1262 822 1290 849 lit
1305 826 1335 849 ut
1349 821 1430 849 tertio
1445 826 1471 849 et
1485 826 1561 849 sexto
1573 829 1646 849 anno
1660 821 1760 856 singuli

973 875 1092 900 menses,
1105 873 1132 896 et
1147 868 1174 895 in
1190 872 1278 895 totum
1295 876 1342 895 XIV
1357 868 1449 899 annis,
1465 867 1585 903 quinque
1598 875 1707 896 menses
1719 876 1761 895 ln-

133 909 252 937 nouibus
283 911 422 938 contraria
449 911 522 942 sint,
551 910 653 938 nullius
686 909 857 938 auctoritatis
885 916 919 938 ne
936 907 955 936 Β
971 913 1148 946 tercalcmur,
1164 913 1237 950 quod
1255 921 1282 940 xi
1301 913 1399 940 diebus
1413 913 1512 941 solaris
1530 920 1619 941 annus
1635 913 1759 940 lunarem

130 954 313 984 Caesarienses
331 956 441 991 quidem
468 956 520 991 ipsi
547 956 644 984 Patres
668 963 729 983 esse
755 955 917 988 voluerunt;

133 1007 224 1034 neque
239 999 332 1028 Victor
345 1009 463 1036 unquam
478 1001 647 1037 approbavit.
663 1000 700 1028 De
713 1008 767 1036 qua
781 1007 810 1028 re
825 1007 916 1035 supra,

130 1053 193 1072 cum
211 1045 245 1073 de
262 1046 411 1074 Dominicse
437 1052 560 1082 tempore
582 1046 722 1074 Passionis
746 1050 836 1074 actum
864 1050 917 1079 est,

129 1092 263 1120 adversus
280 1094 461 1128 quorumdam
479 1093 697 1129 superstitiosam
719 1093 802 1120 nimis
821 1092 919 1120 credu-

131 1137 234 1166 litatem
259 1139 450 1167 disseruimus.
477 1139 556 1167 Nunc
575 1139 660 1173 aliud,
688 1139 762 1174 quod
788 1139 919 1167 institutas

130 1185 327 1219 disputationis
345 1186 432 1222 magis
451 1184 591 1222 proprium
608 1191 660 1218 est.
682 1186 708 1213 in
732 1186 828 1214 iisdem
843 1185 918 1213 Actis

130 1232 299 1260 notabimus.
327 1233 445 1260 Censent
470 1233 543 1260 enim
568 1231 613 1259 illa
641 1232 837 1266 aequinoctium
864 1229 927 1260 xxv~

131 1278 219 1306 Martii
244 1279 319 1311 fieri,
346 1286 402 1314 quo
426 1279 483 1306 haec
510 1278 757 1313 pronuntiabantur
783 1282 914 1313 tempore,

132 1325 185 1352 hoc
201 1329 242 1352 est
254 1332 327 1352 anno
341 1324 442 1352 Christi
457 1324 521 1352 298.
537 1323 615 1356 Quod
630 1331 712 1358 quam
741 1323 811 1351 falso
827 1323 919 1350 credi-

105 1363 108 1366 ’
132 1375 189 1398 tum
206 1371 253 1402 sit,
276 1371 317 1398 vel
338 1370 546 1398 observationes
562 1370 626 1404 ipsae
642 1369 780 1397 Ptolemaei
805 1377 838 1397 ac
856 1377 915 1397 ma-

132 1416 286 1444 thematica'.
304 1416 403 1444 tabulae
421 1416 622 1447 demonstrant,
640 1423 674 1443 ex
699 1415 798 1451 quibus
822 1421 917 1442 notum

131 1466 183 1495 est,
200 1462 393 1497 aequinoctium
417 1466 482 1489 tunc
500 1462 526 1488 in
542 1469 610 1494 χιιι,
627 1462 682 1490 imo
701 1463 782 1490 etiam
806 1469 851 1488 xxi
878 1460 919 1488 in-

132 1509 242 1537 cidisse.
260 1509 311 1537 Sed
330 1510 382 1537 hoc
406 1516 460 1539 non
478 1515 572 1543 urgeo.
597 1508 661 1536 Esto
683 1516 736 1535 xxv
755 1507 843 1534 Martii
860 1506 918 1534 dies

132 1555 300 1589 aequinoctii.
311 1554 371 1582 Jam
386 1555 448 1590 quis
462 1553 691 1582 absurdissimum
706 1560 775 1586 esse,
789 1557 817 1580 et
831 1552 918 1579 eccle-

132 1600 253 1628 siasticae
265 1600 419 1635 disciplina:
438 1607 591 1635 repugnare
615 1607 668 1627 non
685 1599 767 1630 videt,
787 1598 859 1633 quod
881 1598 918 1624 illi

133 1646 266 1678 sciscunt,
286 1644 391 1673 Pascha
412 1645 504 1672 triduo
522 1650 585 1672 ante
601 1643 796 1679 atquinoctium
814 1641 896 1669 indici
904 1642 920 1669 '?

134 1691 218 1719 Vetus
232 1696 275 1719 est
287 1699 386 1723 canon,
407 1692 453 1726 qui
469 1691 539 1718 inter
554 1689 720 1726 apostolicos
734 1688 850 1716 refertur
869 1697 875 1714 :
888 1687 923 1714 Et

132 1745 174 1769 τις
190 1737 386 1773 πρεσϐύτερος,
403 1737 420 1773 ἢ
442 1736 565 1768 διάκονος
581 1735 731 1771 τὴν,ἀγιαν
752 1733 798 1762 τοῦ
825 1733 920 1769 Πάσχα

131 1782 240 1817 ἡμέραν
253 1782 306 1818 πρὸ
324 1782 373 1817 τῆς
396 1782 507 1818 ἐαρινῆς
525 1781 670 1816 ἰσημερίας
689 1779 757 1816 μετὰ
786 1779 920 1806 Ἰουδαίων

133 1828 294 1860 ἑπιτελέσει,
319 1827 513 1864 καθαιρείσθω.
535 1828 625 1861 Quare
647 1826 798 1861 deponendi
825 1825 919 1852 Patres

133 1881 229 1900 omnes
245 1873 283 1900 illi
300 1873 421 1907 fuerunt,
439 1873 462 1901 si
484 1880 547 1901 vere
561 1872 784 1908 pronuntiarunt,
798 1871 920 1906 atquino-

132 1920 217 1947 ctium
234 1919 261 1946 in
274 1927 326 1947 xxv
343 1919 432 1948 Martii
446 1920 515 1947 ﬁeri.

168 1985 206 2013 Ac
221 1994 255 2014 ne
267 1986 334 2014 satis
359 1987 468 2022 quidem
487 1990 614 2014 accurate
635 1985 701 2013 mihi
716 1985 853 2020 paschalis
869 1989 921 2012 ter-

133 2032 225 2060 minus
242 2040 289 2067 per
301 2032 368 2060 illud
385 2038 493 2067 tempus
507 2033 534 2060 in
545 2040 597 2059 'xxt
617 2032 707 2059 Martii
723 2032 830 2066 posittts
844 2031 919 2058 vide-

135 2083 189 2105 tur.
212 2077 319 2105 Etenim
344 2085 417 2105 anno
433 2078 534 2105 Christi
556 2077 610 2105 300
629 2084 661 2105 ex
678 2076 848 2112 Alphonsina
863 2083 919 2103 me-

134 2123 217 2158 thodo
232 2124 426 2158 aequinoctium
442 2124 469 2150 in
483 2123 573 2151 noctis
589 2123 696 2150 initium
709 2122 792 2154 cadit,
809 2122 861 2149 hoc
878 2125 920 2149 est

136 2169 229 2196 lteram
243 2177 281 2196 vn
299 2177 314 2196 a
332 2170 444 2197 meridie
461 2178 518 2201 xxi,
535 2169 573 2196 ita
588 2174 618 2196 ut
638 2169 767 2204 spatium,
785 2175 832 2203 per
846 2168 918 2202 quod

133 2219 301 2247 excurreret,
326 2214 409 2243 fuerit
425 2224 481 2243 xm
504 2215 593 2242 Martii
613 2215 680 2242 dies.
699 2213 810 2241 Rectius
835 2213 919 2248 igitur

134 2259 238 2287 Pascha
252 2261 374 2288 citimum
394 2261 420 2288 in
437 2270 504 2289 xxnt
527 2260 614 2288 Martii
631 2261 734 2288 haerere
750 2261 849 2296 potuit,
869 2259 915 2287 ubi

134 2312 161 2334 et
175 2306 318 2334 Anatolius
331 2307 433 2342 aliique
443 2307 646 2335 constituerunt
669 2317 675 2334 :
694 2314 764 2342 quos
779 2305 918 2333 Niczennm

134 2352 280 2379 concilium
303 2356 396 2387 postea
421 2356 561 2386 secutum,
593 2352 754 2386 usurpanda:
778 2351 920 2378 vetustatis

133 2399 221 2434 gratia
237 2406 290 2426 non
307 2399 417 2434 quidem
433 2399 556 2426 citimum
571 2396 686 2430 Pascha,
702 2398 748 2425 sed
759 2397 823 2424 anni
838 2397 918 2432 primi

134 2445 183 2480 τῆς
199 2444 516 2481 ἐννεακαιδεκαετηρίδος
538 2444 646 2471 initium
662 2443 757 2471 eodem
775 2443 803 2470 in
818 2443 864 2470 illo
876 2442 920 2471 die

134 2499 202 2518 xxttt
218 2490 338 2526 reliquit.
350 2490 409 2517 Non
419 2490 489 2518 male
503 2490 584 2525 igitur
596 2490 729 2517 hactenus
745 2496 855 2524 operam
869 2495 919 2524 po-

134 2537 252 2568 suimus,
267 2537 311 2572 qui
322 2541 349 2564 et
359 2536 562 2564 nobilissimum
579 2535 698 2563 Anatolii
722 2535 918 2571 fragmentum,

134 2583 260 2617 idemque
282 2582 476 2616 perobsenrum
488 2602 496 2614 ,
522 2582 666 2617 diligenter
682 2582 875 2616 exposuimus,
893 2585 921 2609 et

132 2629 167 2656 ab
199 2629 310 2664 egregio
335 2628 566 2663 sanctissimeque
591 2627 670 2656 Patre
702 2632 757 2655 tam
784 2628 918 2662 insignem

133 2674 299 2701 calumniam
334 2679 415 2709 atque
444 2674 570 2709 iniuriam
601 2674 764 2709 depulimus.
796 2673 856 2707 Qua
885 2674 912 2701 in

133 2720 285 2755 quaestione
311 2720 552 2754 controversiaque
577 2719 754 2755 disceptanda
779 2719 919 2756 longiores

134 2772 184 2792 nos
203 2764 301 2797 fuisse,
315 2772 402 2800 neque
417 2772 465 2792 nos
482 2764 567 2798 ipsos,
582 2765 627 2800 qui
643 2764 669 2792 id
685 2765 839 2792 necessario
852 2764 919 2792 feci-

134 2818 206 2842 mus,
224 2811 356 2845 paenitere
373 2811 508 2843 convenit,
523 2818 611 2846 nc'lue
625 2811 730 2845 lectori,
749 2811 792 2839 cui
806 2811 918 2839 consul-

134 2862 190 2885 tum
201 2857 346 2891 voluimus,
363 2857 515 2893 displicere.

970 964 1088 994 superet.
1106 958 1250 994 Utcunque
1260 959 1306 992 sit,
1320 967 1365 986 xlv
1378 966 1514 986 annorum
1524 959 1630 995 cyclum
1641 959 1761 986 indicare

970 1005 1084 1038 videtur,
1099 1005 1125 1032 in
1140 1013 1195 1040 quo
1207 1005 1284 1040 quini
1301 1012 1409 1032 menses
1423 1004 1592 1033 inseruntur.
1606 1004 1657 1032 Sed
1670 1010 1760 1032 utrum

971 1052 997 1079 in
1014 1059 1064 1079 usu
1081 1051 1194 1087 politico
1209 1051 1371 1079 observatos
1390 1050 1435 1078 ille
1450 1051 1543 1087 cyclus
1556 1050 1649 1084 fuerit,
1666 1058 1699 1078 an
1712 1058 1760 1086 pe-

970 1105 1019 1125 nes
1050 1095 1213 1132 Syucdrium
1231 1101 1351 1124 retentus
1376 1101 1402 1124 et
1419 1096 1452 1124 ad
1470 1096 1626 1124 metltodum
1648 1095 1760 1124 confor-

967 1145 1077 1174 inatus,
1094 1150 1156 1170 eum
1174 1141 1317 1177 plenorum
1335 1149 1523 1177 cavorumque
1544 1142 1679 1169 mensium
1699 1149 1760 1177 per-

970 1193 1051 1224 petua
1076 1188 1250 1216 successione
1273 1187 1427 1216 communis
1452 1195 1542 1216 annus
1570 1188 1758 1221 evolveretur,

969 1239 1048 1261 antra
1065 1234 1261 1262 dubitavimus.

1003 1278 1071 1306 Ibid.
1080 1278 1131 1306 Διὰ
1138 1279 1171 1305 τὸ
1179 1278 1369 1314 ἀφαιρεῖσθαι
1376 1278 1436 1306 ἀπὸ
1445 1279 1497 1306 τοῦ
1506 1279 1644 1313 ἡλιακοῦ.
1651 1279 1707 1307 Cur
1714 1287 1759 1307 xtv

969 1332 1104 1352 annorum
1125 1325 1191 1352 orbe
1217 1324 1365 1352 neomenite
1392 1325 1528 1353 conclusae
1546 1325 1619 1359 sint,
1646 1334 1757 1354 causam

969 1370 1020 1398 ista
1041 1371 1175 1405 reddunt;
1191 1372 1238 1399 sed
1260 1378 1310 1406 pro
1327 1371 1403 1399 varia
1421 1371 1489 1407 cycli
1512 1371 1693 1408 dispasitione
1715 1373 1758 1400 di-

969 1422 1048 1445 versa
1071 1417 1134 1453 tingi
1154 1422 1253 1452 potest.
1273 1417 1329 1446 Nos
1345 1418 1451 1453 duplici
1465 1419 1571 1446 ratione
1592 1419 1696 1455 cyclum
1712 1427 1760 1447 ex-

969 1463 1064 1498 plicari
1079 1470 1161 1497 posse
1179 1463 1319 1492 diximus:
1335 1464 1423 1499 prima
1438 1469 1496 1498 est,
1515 1469 1545 1492 ut
1560 1465 1640 1493 annis
1656 1465 1759 1493 lunari-

970 1509 1021 1536 hus
1035 1508 1147 1544 praecise
1163 1510 1275 1538 trecenti
1290 1514 1317 1537 et
1333 1511 1532 1546 quinquaginta
1550 1516 1669 1546 quatuor
1687 1512 1758 1545 dies,

970 1554 1045 1582 hom
1060 1560 1121 1582 octo
1141 1555 1313 1590 tribuantur;
1330 1564 1375 1583 xw
1392 1561 1482 1584 autem
1501 1558 1581 1585 annis
1598 1558 1655 1586 dies
1676 1559 1757 1591 5l08,

971 1600 1046 1627 ltorre
1058 1600 1085 1627 4.
1101 1599 1158 1628 lloc
1175 1602 1306 1636 temporis
1321 1602 1411 1636 spatio
1425 1603 1531 1637 cyclum
1543 1604 1757 1638 constituebant,

972 1647 999 1673 in
1018 1654 1072 1682 quo
1089 1647 1173 1675 solius
1186 1647 1290 1675 lunaris
1302 1648 1548 1681 ἀποκαταστάσεως
1562 1650 1692 1677 rationem
1710 1651 1758 1678 Ita-

970 1690 1080 1724 bebant,
1094 1699 1144 1719 nec
1159 1691 1233 1719 illius
1244 1692 1389 1719 ratiocinia
1404 1700 1466 1719 cum
1479 1693 1536 1720 sole
1550 1694 1756 1728 comparabant.

971 1735 1061 1769 Quare
1077 1737 1111 1764 de
1124 1737 1238 1769 ultimo,
1252 1737 1305 1764 hoc
1322 1741 1365 1764 est
1379 1745 1425 1764 xtv
1439 1745 1512 1764 anno
1535 1738 1639 1770 solari,
1654 1743 1681 1765 et
1697 1739 1759 1773 qui-

970 1782 1031 1808 dem
1051 1782 1173 1817 politico,
1190 1782 1237 1817 qui
1253 1786 1294 1809 est
1312 1790 1415 1810 cccuv
1431 1783 1548 1815 dierum,
1563 1783 1621 1811 dies
1637 1785 1758 1820 qttinqne

970 1832 997 1854 et
1012 1827 1108 1854 horam
1125 1835 1207 1855 unam
1223 1828 1405 1855 detrahebant
1419 1838 1426 1856 :
1441 1833 1584 1864 propterea
1599 1830 1670 1864 quod
1687 1831 1709 1858 si
1724 1839 1757 1858 ex

971 1873 1050 1904 5104,
1071 1873 1089 1900 4
1104 1871 1228 1900 Iulianos
1241 1873 1274 1899 l5
1290 1873 1405 1906 eximas,
1426 1873 1550 1902 decimus
1570 1879 1686 1909 quartus
1700 1875 1758 1904 dies

971 1917 1082 1944 habebit
1091 1924 1186 1949 cccut,
1201 1925 1254 1944 una
1271 1918 1340 1945 hora
1358 1919 1468 1952 minus;
1488 1927 1543 1954 quo
1559 1920 1702 1949 intervallo
1717 1922 1758 1948 lu-

971 1971 1051 1990 nares
1078 1963 1237 1991 neomenias
1267 1964 1372 1992 restitui
1405 1965 1553 1993 credebant
1582 1975 1589 1994 :
1616 1967 1662 1994 sed
1700 1968 1759 1996 haec

970 2009 1100 2045 τεχνικῶς
1127 2010 1278 2044 duntaxat,
1299 2018 1354 2038 non
1376 2012 1490 2046 politico
1515 2021 1583 2046 usu;
1606 2015 1757 2042 secundum

970 2064 1063 2090 quem,
1081 2057 1103 2084 si
1114 2057 1208 2088 .minor
1226 2057 1270 2085 hic
1288 2058 1382 2093 cyclus
1397 2066 1546 2093 usurpatus
1569 2059 1661 2093 fuerit,
1685 2061 1759 2088 horae

971 2101 1023 2129 illa:
1038 2110 1063 2128 tv
1080 2103 1242 2137 appendices
1262 2103 1288 2130 in
1303 2104 1383 2131 linem
1399 2105 1467 2139 cycli
1482 2105 1587 2139 rcjectre
1609 2111 1684 2133 sunt.
1705 2106 1759 2134 Ita-

970 2155 1023 2182 que
1036 2155 1098 2175 cum
1114 2152 1176 2183 post
1189 2149 1295 2183 cyclum
1311 2149 1436 2177 lunarem
1449 2158 1493 2176 xtv
1507 2158 1653 2185 annorum,
1666 2153 1699 2180 de
1714 2161 1758 2181 so-

970 2194 1004 2222 lis
1018 2194 1170 2222 rationibus
1186 2195 1309 2231 quinque
1324 2196 1400 2230 dies,
1416 2198 1490 2225 bone
1507 2203 1570 2225 octo
1589 2199 1699 2234 reliqua:
1716 2202 1758 2228 l'o-

933 2245 957 2274 ι)
973 2246 1042 2272 rent,
1057 2241 1179 2276 quinque
1194 2240 1252 2268 dies
1271 2242 1406 2270 duntaxat
1419 2250 1563 2277 superesse
1578 2244 1628 2271 sibi
1643 2253 1757 2279 persua—

971 2291 1064 2314 serant
1087 2295 1092 2313 :
1121 2287 1221 2322 quibus
1248 2289 1410 2322 reservatis,
1439 2294 1501 2324 post
1521 2291 1612 2325 cyclos
1637 2293 1757 2321 mitteres

971 2337 1078 2360 sextum
1103 2341 1223 2361 mensem
1251 2334 1370 2362 solidum
1397 2335 1606 2364 intercalabant.
1635 2337 1673 2366 ita
1700 2339 1758 2368 dies

971 2378 1070 2406 fiebant
1086 2378 1188 2412 50679;
1211 2387 1327 2414 quorum
1342 2381 1498 2416 οἰκονομίαν
1513 2388 1593 2418 typus
1617 2383 1662 2411 ille
1678 2390 1757 2413 antea

970 2424 1126 2459 propesitus
1137 2426 1266 2452 ostendit.

1006 2469 1097 2497 Altera
1115 2471 1184 2498 ratio
1197 2479 1204 2497 :
1219 2471 1241 2499 si
1253 2471 1376 2506 quinque
1391 2472 1450 2500 dies
1466 2474 1545 2501 solidi
1561 2482 1593 2502 ex
1606 2475 1680 2504 horis
1695 2481 1757 2504 octo

971 2515 1080 2543 conﬂati
1096 2510 1142 2543 xiv
1158 2516 1238 2544 annis
1258 2522 1431 2552 arrogentur.
1456 2518 1522 2552 Quae
1533 2521 1625 2548 omnia
1641 2522 1754 2557 diligen-

971 2566 1012 2589 ter
1027 2561 1110 2590 habes
1121 2562 1255 2597 explicata
1270 2564 1407 2598 superius,
1422 2565 1467 2593 ubi
1480 2571 1508 2593 et
1521 2574 1554 2594 ex
1571 2571 1686 2602 tttraque
1700 2576 1756 2595 me-

972 2607 1055 2635 thodo
1074 2606 1218 2642 Epiphanii
1235 2609 1315 2636 verba
1328 2610 1509 2638 correximus.

1005 2653 1072 2682 lbid.
1088 2653 1144 2681 Τοῦ
1157 2654 1361 2689 ότδοηκοστοῦ
1371 2656 1512 2690 τετάρτου
1525 2657 1623 2690 ἔτους.
1636 2657 1755 2685 Mensam

971 2698 1047 2726 illum
1064 2697 1241 2725 embolimum
1255 2706 1330 2731 aut,
1340 2706 1402 2726 cum
1415 2699 1442 2726 in
1460 2700 1513 2727 line
1527 2707 1626 2727 ωηεν
1640 2700 1703 2727 anni
1715 2700 1756 2727 in-

971 2743 1095 2771 tercalari
1112 2743 1252 2774 debuerit,
1270 2743 1296 2770 in
1315 2744 1455 2778 sequentis
1476 2745 1544 2780 cycli
1560 2745 1678 2780 primum
1704 2752 1756 2772 an-

971 2797 1035 2816 num
1056 2788 1173 2823 conjici,
1196 2788 1276 2816 docet
1295 2788 1474 2824 Epiphanius.
1492 2790 1573 2825 Atqui
1597 2795 1754 2818 tessaracar-

970 2834 1075 2862 decaet.
1099 2838 1256 2869 postremus
1283 2841 1371 2862 anuus
1391 2834 1503 2869 proprio
1522 2835 1578 2870 jam
1606 2835 1755 2863 embolimo

971 2880 1100 2915 praeditus
1118 2884 1170 2909 est.
1189 2880 1248 2909 Duo
1273 2880 1355 2916 igitur
1368 2879 1531 2909 embolimtei
1553 2889 1612 2910 sese
1631 2881 1754 2916 proxime
