1925 3043
129 169 199 200 1009

590 171 637 198 DE
653 171 746 200 ANNO
763 171 807 198 ET
828 171 883 199 DIE
903 171 1078 201 DOMINICE
1096 172 1287 201 PASSIONIS.

1686 174 1755 204 1050

127 232 264 260 Paschata
276 234 339 266 post
351 230 518 266 baptismum
539 231 632 266 elapsa
653 232 810 264 credantur,
827 232 917 260 Evan—
931 233 955 261 Α
970 232 1132 267 praedicarit.
1151 233 1188 260 Ex
1205 241 1260 268 quo
1281 231 1436 260 ratiocinali
1456 234 1520 259 sunt
1543 231 1658 260 alterum
1672 232 1697 260 ei
1713 241 1757 261 re-

126 279 260 312 gcliorum
277 277 435 306 testimonio
462 283 550 305 ratum
579 279 637 306 ﬁeri
662 279 779 312 videtur,
806 279 833 306 in
857 280 913 314 pri-

128 325 235 359 misque
255 323 379 356 Joannis,
409 325 456 359 qui
480 324 637 353 distinctius
657 332 689 352 ca
707 325 810 352 caeteris
827 325 914 353 tribus

128 371 347 406 nominatimque
377 371 546 406 perscripsit.
585 372 662 406 Apud
690 379 770 406 quem
796 371 913 406 primtun

127 415 234 443 Pascha
259 416 341 450 paulo
367 421 427 450 post
449 415 613 450 baptismum
640 421 668 443 et
692 416 853 443 miraculum
886 417 913 443 in

126 462 200 489 (Sana
221 461 322 489 factum
344 469 404 496 cap.
422 469 451 495 ιι,
474 469 544 489 com.
562 462 595 489 I5
619 467 792 495 recensetur;
817 469 915 490 secun-

125 508 191 535 dum
209 515 270 542 cap.
298 515 325 541 v,
350 515 421 535 com.
446 508 473 541 1,
491 508 537 535 ubi
561 507 660 535 festum
679 508 751 535 diem
774 515 789 535 a
812 507 913 536 Iudaeis

125 554 293 582 celebratum
315 553 353 580 ait
370 562 377 580 :
394 553 467 588 quod
484 553 517 580 de
534 553 667 581 Paschate
680 553 797 581 Irenzeus
815 553 914 587 accipit

126 601 173 628 lib.
192 609 223 633 ιι,
245 608 306 635 cap.
328 600 380 632 59;
407 599 516 626 tertium
544 603 586 626 est
601 607 660 634 cap.
677 607 704 632 ν,
723 606 794 626 com.
811 598 828 626 4
852 603 914 634 post

125 651 249 674 saturata
263 645 384 680 quinque
401 645 485 671 millia
502 644 618 679 panibus
645 645 766 679 quinque
796 652 828 672 ac
842 645 913 672 duo-

126 694 178 721 bus
190 692 330 727 piscibus;
345 695 473 726 quartum
485 694 527 718 est
542 690 619 724 illud,
635 691 662 718 in
683 699 738 726 quo
750 698 848 726 passus
860 695 911 718 est.

125 739 166 766 Ad
183 740 253 766 hanc
266 738 381 765 Joannis
393 737 548 771 historiam,
567 741 593 764 et
605 737 744 764 intervalla
761 741 911 772 temporum

125 785 293 820 reliquorum
333 783 520 816 narrationes,
549 790 610 818 quat
638 782 729 810 minus
755 782 912 810 distinctam

127 831 227 858 habent
243 830 455 864 descriptionem
472 833 638 864 temporum,
653 829 727 856 velut
743 829 775 856 ad
791 829 912 864 regulam

126 876 337 909 accommodare
354 877 478 903 nituntur
494 883 575 903 :nam
593 877 712 910 primum
734 874 844 909 quidem
859 873 912 901 Pa-

127 924 193 952 scha
214 923 302 950 solum
330 922 464 949 Joannem
483 928 713 949 commemorasse
727 924 822 955 putant
840 929 846 947 :
870 927 915 947 se-
930 911 951 939 Β

127 970 248 998 cundum
272 969 345 1004 quod
367 968 486 996 Joannes
508 968 597 996 adhuc
622 968 776 1002 baptizasse
805 967 914 1002 legitur.

126 1015 208 1043 Joan.
238 1021 281 1046 ιιι,
308 1014 353 1042 25.
368 1014 427 1046 Quo
442 1014 467 1040 in
482 1013 590 1041 vincula
616 1012 740 1047 conjecto
768 1012 916 1047 praedicare

126 1060 254 1088 Christus
265 1059 357 1094 coepit,
374 1059 468 1086 Matth.
486 1067 522 1091 iv,
541 1059 568 1091 2,
586 1062 612 1086 et
622 1058 705 1086 Marc.
724 1067 743 1092 ι,
758 1059 791 1086 14
807 1068 813 1086 :
831 1066 845 1085 a
860 1065 916 1093 quo

126 1100 250 1141 tempore
267 1111 323 1133 tres
341 1105 430 1133 caeteri
448 1113 492 1132 res
505 1112 519 1131 a
542 1104 653 1132 Christo
673 1108 763 1139 gestas
784 1104 857 1130 velut
880 1103 915 1130 ab

127 1153 207 1180 initio
222 1152 370 1180 deducunt.
398 1150 526 1186 Sequitur
549 1158 614 1186 ergo
633 1150 736 1178 Pascha
752 1150 913 1181 secundum,

126 1199 200 1234 quod
213 1206 275 1226 cum
290 1197 366 1225 Joan.
380 1206 406 1231 v,
420 1202 477 1225 tum
491 1197 586 1224 Matth.
599 1205 649 1230 xii,
659 1196 741 1224 Marc.
759 1204 788 1229 ιι,
806 1195 872 1223 Luc.
888 1204 914 1223 vi

126 1246 208 1272 tacite
227 1244 405 1280 signiﬁcatur,
426 1251 459 1270 eo
481 1244 553 1278 quod
575 1243 694 1270 Sabbato
723 1243 914 1277 deuteroproto

126 1298 175 1326 per
190 1295 249 1317 sata
271 1289 405 1317 transisse
417 1289 546 1316 dicuntur
567 1289 692 1324 apostoli,
711 1293 738 1316 et
753 1288 842 1323 spicas
858 1289 914 1315 vel-

125 1337 227 1364 licasse
243 1345 250 1363 :
265 1336 338 1370 quod
363 1339 470 1369 tempus
496 1335 521 1362 in
548 1335 623 1369 ipsas
647 1334 811 1370 Azymorum
832 1333 914 1361 ferias

126 1381 252 1409 incurrit.
281 1380 341 1408 Jam
367 1381 476 1408 tertium
507 1385 604 1415 praeter
627 1378 758 1406 Joannem
783 1387 845 1414 cap.
874 1387 912 1410 vi,

125 1428 207 1455 etiam
223 1427 318 1454 Matth.
338 1434 394 1460 xtv,
415 1425 499 1453 Marc.
514 1434 551 1459 ιιι,
568 1425 633 1453 Luc.
651 1434 688 1458 ix,
713 1426 891 1461 prodiderunt
906 1435 913 1453 :

126 1473 227 1508 quippe
255 1472 418 1499 miraculum
446 1471 512 1498 illud
540 1471 782 1506 multiplicatorum
814 1478 912 1506 panum

126 1523 275 1552 exponunt,
293 1517 365 1551 quod
382 1517 501 1544 Joannes
515 1516 567 1544 sub
588 1516 677 1551 ipsum
701 1515 805 1543 Pascha
824 1516 912 1542 conti-

127 1563 200 1598 gisse
215 1563 319 1591 scribit.
335 1562 413 1589 Hunc
436 1562 463 1589 in
479 1562 589 1589 modum
604 1569 667 1589 vere
683 1562 762 1596 vulgo
778 1561 912 1589 Pascbata
927 1578 948 1606 ο

126 1609 262 1643 digerunt,
294 1607 340 1642 qui
367 1607 525 1634 harmonias
556 1606 726 1641 evangelicas
754 1611 912 1639 contexunt,

126 1654 179 1681 nisi
209 1653 275 1688 quid
300 1653 380 1687 paulo
406 1653 440 1680 ab
466 1653 526 1680 aliis
551 1653 630 1680 aliter
653 1651 815 1686 explicatur,
841 1652 913 1686 quod

126 1698 314 1733 scrupulosius
327 1698 492 1734 perscrutari
508 1698 625 1726 otiosum
639 1698 768 1725 arbitror.

161 1745 196 1771 At
210 1744 330 1779 Scaliger
352 1745 379 1771 in
404 1745 450 1771 lib.
469 1752 496 1771 vx
514 1744 552 1771 De
568 1744 672 1771 emend.
697 1744 819 1778 quinque
834 1751 913 1778 repe-

126 1789 175 1817 riri
206 1789 340 1817 Paschata
366 1789 555 1817 vehementius
581 1794 685 1824 pugnat
707 1798 713 1816 :
732 1796 791 1815 nam
818 1794 914 1823 praeter

126 1835 245 1870 primum
260 1834 340 1862 Joan.
355 1842 384 1867 ιι,
403 1836 517 1862 alterum
532 1835 598 1862 illud
612 1842 672 1862 esse
689 1835 795 1868 statuit,
811 1834 844 1862 de
858 1842 913 1869 quo

126 1880 205 1909 Joan.
223 1889 249 1908 v.
263 1881 314 1908 Cui
335 1882 443 1908 tertium
459 1881 582 1916 adjungit
595 1881 670 1914 illud,
687 1888 702 1908 a
718 1889 773 1916 quo
793 1888 840 1915 per
854 1885 913 1908 sata

126 1927 178 1955 iter
192 1927 320 1955 habuisse
336 1927 462 1955 feruntur
477 1928 608 1962 apostoli;
632 1932 760 1963 quartum
776 1932 817 1955 est
833 1927 911 1954 Joan.

126 1981 169 2007 Vt;
186 1974 312 2008 quintum
327 1974 357 2000 τὺ
368 1973 568 2010 σταυρώσιμον.
586 1974 721 2009 Addilque
743 1974 912 2008 singulorum

126 2019 297 2047 characteres
322 2027 353 2047 ac
376 2019 572 2047 delineationes
602 2029 608 2046 :
630 2020 710 2054 cujus
721 2019 914 2055 ἀκριϐολογίας

126 2067 273 2094 vanitatem
287 2067 396 2102 copiose
410 2072 472 2094 ante
486 2067 687 2102 redarguimus.

162 2112 273 2140 Veteres
288 2117 391 2146 autem,
405 2113 444 2140 uti
461 2112 563 2140 dictum
579 2118 632 2145 est,
650 2113 684 2140 ad
704 2121 788 2140 unum
805 2120 911 2145 omnes,

126 2158 180 2186 nisi
201 2158 248 2193 qui
272 2158 412 2186 tricesimo
428 2160 516 2186 aetatis
533 2166 604 2186 anno
621 2166 731 2193 passum
748 2163 845 2194 putant
859 2158 913 2186 Do-

126 2205 242 2236 minum,
260 2204 466 2232 tria-duntaxat
481 2204 616 2232 Paschata
630 2210 774 2232 numerant
793 2214 800 2232 :
816 2205 842 2231 in
856 2204 913 2239 pri-

968 279 1101 313 spondere
1115 281 1162 306 τὺν
1185 279 1401 314 ἀντιλεγόμενον.
1429 277 1467 305 Ita
1487 277 1560 306 enim
1586 277 1755 313 Epiphanius

967 326 1117 359 przesertim
1135 334 1162 352 ιι.
1176 325 1221 353 25.
1237 326 1271 352 At
1286 326 1365 360 longe
1380 324 1549 352 tolerabilius
1563 331 1624 351 meo
1643 324 1754 359 quidem

966 370 1071 410 judicio
1087 372 1173 399 Clem.
1198 372 1274 399 Alex.
1298 372 1415 406 aliique,
1441 371 1486 406 qui
1503 378 1538 398 ex
1555 370 1631 398 Isaiae
1654 370 1753 402 verbis,

969 427 1001 447 ac
1018 417 1166 453 singularis
1183 417 1247 444 anni
1264 417 1401 444 mentione
1416 415 1517 444 Christi
1534 415 1753 451 praedicationem

968 472 1059 492 annuo
1075 463 1164 498 spatio
1183 462 1356 490 deﬁnierunt.
1379 461 1446 489 Nam
1463 462 1515 489 hoc
1538 465 1616 495 pacto
1631 461 1754 493 ἐνιαυτὸς

967 509 1060 541 δεκτός
1073 516 1127 536 non
1143 507 1300 535 Judaeorum
1316 507 1532 543 comparatione,
1547 507 1594 534 sed
1610 506 1755 542 ipsiusmet

967 555 1014 583 Dei
1040 554 1199 587 vocabitur;
1222 561 1277 589 quo
1301 561 1382 581 sensu
1411 552 1475 581 Isai.
1496 544 1573 583 Πτιῆ
1595 557 1657 593 ma
1676 556 1754 582 ττιυ

967 601 1045 629 dixit.
1062 600 1128 634 Quae
1139 605 1211 628 recte
1229 601 1256 627 D.
1273 599 1383 628 Ilieron.
1401 600 1496 632 vertit,
1515 607 1615 626 annum
1631 604 1754 633 accepta-

967 647 1178 682 bilemﬂomiuo.
1196 646 1321 681 Idemque
1338 646 1364 673 in
1379 646 1485 673 Comm.
1501 653 1599 672 annum
1608 644 1754 679 acceptabi-

966 694 1027 726 lem,
1042 698 1067 721 et
1081 693 1150 720 diem
1166 693 1357 724 retributionis,
1374 700 1448 719 omne
1471 690 1668 727 prwdicationis
1685 691 1753 725 ejus,

966 747 1016 774 quo
1031 739 1057 765 in
1074 746 1152 765 carne
1167 742 1284 764 versatus
1299 743 1348 769 est,
1364 742 1463 772 tempus
1476 736 1630 772 signiﬁcare
1649 736 1752 764 docuit.

966 783 1026 817 Quo
1036 788 1063 812 et
1077 784 1217 818 apostolus
1228 782 1329 811 Paulus
1344 783 1476 818 respexit,
1490 791 1552 811 cum
1568 782 1588 809 II
1601 782 1635 810 ad
1648 781 1712 810 Cor.
1726 789 1754 809 Vi

967 830 1034 857 dixit
1050 839 1056 857 :
1072 829 1138 856 Ecce
1153 837 1221 855 nunc
1245 833 1343 863 tempus
1361 828 1531 863 acceptabile.
1553 828 1616 856 Haec
1639 828 1753 856 Hieron.

967 875 1044 908 Quod
1058 880 1084 903 et
1099 881 1161 902 ante
1173 875 1261 909 ipsum
1279 873 1346 901 Iren.
1364 875 1410 902 lib.
1424 883 1454 908 ιι,
1467 882 1527 910 cap.
1540 874 1585 907 58,
1601 875 1731 902 docuerat
1745 882 1754 902 ε

965 929 1068 950 annum
1087 921 1224 954 videlicet,
1247 929 1328 956 quem
1352 921 1485 956 propheta
1502 926 1582 949 vocat
1598 921 1754 956 acceptabi-

966 967 1030 1000 Iem,
1047 975 1128 995 omne
1145 967 1179 994 ab
1195 967 1312 994 adventu
1328 966 1431 994 Christi
1457 971 1563 1002 tempus
1577 967 1610 994 ad
1625 974 1755 994 consum-

965 1012 1114 1039 mationem
1127 1019 1211 1046 usque
1220 1011 1386 1047 signiﬁcare.
1404 1010 1459 1039 Nec
1472 1011 1544 1039 aliud
1558 1012 1642 1040 Isaias
1656 1012 1753 1039 voluit.

966 1057 1056 1091 Quare
1076 1057 1148 1092 quod
1169 1064 1203 1084 ex
1228 1065 1261 1085 eo
1285 1057 1337 1085 PP.
1354 1057 1465 1092 quidam
1481 1061 1708 1093 argumentantur
1721 1058 1755 1086 de

965 1110 1020 1130 uno
1041 1102 1084 1130 vel
1115 1102 1202 1129 altero
1218 1102 1423 1137 prtedicationis
1438 1110 1521 1135 anno,
1537 1103 1608 1137 quod
1626 1110 1680 1130 non
1695 1103 1755 1130 sine

965 1147 1051 1174 venite
1066 1146 1228 1181 praefatione
1240 1147 1346 1173 dictum
1369 1146 1416 1180 sit,
1431 1146 1465 1174 ab
1481 1146 1556 1174 Isaia:
1572 1152 1661 1178 mente
1674 1155 1754 1181 pror-

967 1201 1015 1220 sus
1027 1193 1147 1220 alicnum
1165 1191 1282 1219 videtur.
1299 1192 1338 1219 Ac
1355 1192 1475 1227 profecto
1498 1193 1520 1219 si
1546 1192 1599 1219 duo
1620 1193 1754 1220 duntaxat

965 1243 1028 1265 ante
1051 1242 1218 1273 postremum
1245 1237 1321 1270 illud,
1337 1243 1363 1265 et
1388 1237 1589 1273 σταυρώσιμον,
1620 1238 1755 1266 Paschata

965 1284 1126 1319 transegerit
1141 1283 1286 1316 Christus,
1301 1283 1359 1310 ﬁeri
1382 1291 1436 1310 non
1459 1288 1565 1318 potest,
1587 1288 1616 1310 ut
1635 1285 1754 1318 priorem

965 1337 1068 1357 annum
1101 1329 1161 1356 sine
1185 1329 1269 1356 ullius
1294 1327 1444 1357 olTensionc
1479 1337 1511 1357 ac
1539 1329 1755 1357 contradictione

965 1378 1180 1413 consumpserit;
1195 1378 1294 1405 multas
1306 1378 1379 1405 enim
1392 1382 1420 1406 et
1445 1378 1559 1406 hostiles
1575 1379 1732 1407 vexationes
1744 1397 1752 1410 ,

964 1423 1089 1456 insidias,
1110 1424 1290 1452 contumelias
1304 1425 1331 1452 in
1343 1432 1407 1452 eum
1419 1432 1521 1452 annum
1531 1424 1631 1460 conjici
1643 1433 1755 1453 necesse

964 1473 1016 1501 est,
1030 1472 1059 1495 ut
1074 1473 1168 1503 postea
1186 1469 1382 1503 declarabitur,
1395 1477 1552 1505 quanquam
1565 1478 1600 1497 ne
1611 1470 1755 1498 commoda

964 1513 1072 1548 quidem
1090 1514 1124 1541 ab
1141 1513 1195 1541 illis
1216 1513 1383 1542 Pascbatum
1405 1521 1436 1542 ac
1452 1518 1605 1549 temporum
1628 1514 1755 1542 instituta

964 1559 1132 1587 distributio.
1154 1559 1283 1588 Irenaeus.
1295 1560 1415 1595 primum
1430 1559 1532 1588 Pascha
1556 1560 1652 1588 statuit
1677 1560 1754 1593 illud,

968 1604 1046 1639 cujus
1065 1605 1191 1632 meminit
1208 1604 1288 1633 Joan.
1311 1613 1372 1640 cap.
1389 1614 1417 1637 ii,
1439 1613 1511 1633 com.
1530 1606 1580 1639 15;
1603 1606 1754 1633 secundum

967 1658 1031 1678 vero
1047 1658 1079 1677 ex
1098 1650 1177 1678 Joan.
1194 1659 1220 1682 v,
1237 1659 1307 1679 com.
1330 1651 1355 1684 I,
1368 1651 1486 1684 deducit,
1504 1651 1549 1679 ubi
1565 1651 1637 1679 diem
1655 1651 1754 1678 festum

967 1696 1121 1724 Judaeorum
1141 1697 1264 1724 nominat
1289 1706 1296 1724 :
1315 1705 1432 1732 quocum
1452 1698 1567 1725 alterum
1598 1697 1696 1732 capitis
1716 1704 1754 1729 vr,

967 1750 1039 1770 com.
1057 1743 1084 1774 4,
1098 1742 1256 1776 confundit;
1274 1747 1337 1771 ante
1360 1743 1432 1779 quod
1449 1743 1691 1778 multiplicatorum
1705 1751 1755 1778 pa-

967 1796 1031 1816 num
1045 1788 1197 1824 prodigium
1210 1789 1308 1816 accidit
1320 1799 1326 1816 :
1340 1789 1383 1816 his
1396 1789 1502 1816 duobus
1514 1789 1661 1824 subjiciuo
1671 1797 1754 1817 σταυ-

969 1834 1098 1870 ρώσιμον.
1120 1834 1204 1862 Miror
1226 1835 1297 1862 hunc
1314 1835 1408 1863 Ircntei
1430 1836 1520 1863 locum
1540 1843 1594 1863 non
1617 1836 1683 1863 satis
1704 1843 1754 1863 ex-

968 1881 1103 1915 pendisse,
1117 1881 1163 1915 qui
1176 1881 1326 1908 secundum
1340 1881 1444 1909 Pascha
1457 1889 1490 1909 ex
1503 1881 1578 1909 illius
1592 1882 1756 1909 auctoritate

967 1926 1135 1953 constituunt
1149 1926 1222 1953 istud
1239 1927 1337 1962 ipsum,
1354 1927 1387 1955 de
1399 1935 1452 1962 quo
1464 1927 1544 1955 Joan.
1561 1936 1622 1963 cap.
1635 1937 1661 1960 v,
1677 1928 1711 1956 ita
1726 1933 1756 1956 ut

968 1972 1076 2000 tertium
1093 1973 1128 2000 sit
1140 1973 1218 2008 cujus
1233 1973 1313 2001 Joan.
1327 1981 1364 2007 vi,
1379 1976 1481 2002 mentio
1494 1975 1532 2002 lit.
1547 1974 1652 2002 Etenim
1666 1976 1688 2003 si
1701 1975 1755 2003 duo

968 2018 1026 2046 haec
1040 2018 1108 2046 festa
1125 2019 1253 2047 distincta
1273 2027 1337 2048 esse
1356 2020 1518 2048 credidisset
1534 2020 1652 2049 Irenaeus
1664 2041 1671 2055 ,
1692 2029 1756 2049 cuin

967 2065 1065 2100 triplex
1093 2066 1227 2093 duntaxat
1256 2066 1361 2094 Pascha
1387 2067 1576 2101 prmdicationi
1604 2068 1754 2101 tribueret,

967 2118 1107 2146 nunquam
1127 2111 1202 2145 prius
1220 2111 1287 2138 illud
1305 2111 1402 2139 festum
1425 2111 1504 2139 Joan.
1523 2121 1549 2144 v,
1576 2113 1682 2141 Pascha
1694 2121 1756 2140 esse

968 2155 1092 2183 dixisset.
1110 2155 1163 2183 Sed
1185 2156 1287 2191 largius
1304 2161 1397 2190 peccat
1413 2156 1579 2191 Epiphanius
1591 2177 1598 2188 ,
1615 2158 1660 2192 qui
1677 2166 1752 2186 num.

967 2201 1002 2228 25
1019 2201 1135 2235 primum
1160 2201 1262 2229 Pascha
1290 2201 1388 2230 festum
1411 2203 1476 2230 illud
1496 2203 1571 2236 facit,
1588 2203 1615 2230 in
1633 2211 1687 2238 quo
1706 2212 1754 2231 vo-

127 2249 180 2275 mis
198 2247 315 2275 Ircnaeus
334 2250 392 2276 loco
415 2249 498 2276 citato
512 2259 519 2282 ;
549 2254 605 2276 tum
620 2250 785 2284 Apollinaris
801 2249 911 2277 Laodic.
930 2256 951 2284 ι)
967 2247 1096 2275 cifcratus
1108 2252 1150 2275 est
1166 2248 1291 2276 Christus
1310 2257 1317 2276 :
1333 2247 1362 2276 Si
1378 2250 1436 2284 quis
1449 2250 1523 2283 sitit,
1541 2251 1626 2276 veniat
1646 2250 1680 2277 ad
1703 2259 1753 2283 me,

126 2293 197 2327 apud
210 2292 320 2320 Hieron.
335 2294 363 2320 in
376 2302 434 2329 cap.
452 2301 478 2321 Ix
494 2294 575 2328 Dan.;
599 2294 731 2329 Origenes
744 2295 792 2322 lib.
809 2303 827 2322 ιι
843 2299 914 2322 cont.

127 2340 197 2371 (ἰείη
212 2340 258 2367 ubi
273 2339 371 2367 Judani
385 2349 441 2368 non
458 2341 573 2368 solidum
591 2341 737 2368 triennium
752 2341 841 2376 egisse
853 2349 915 2369 cum

126 2386 238 2412 Christo
264 2385 375 2419 scribit;
393 2385 526 2414 Eusebius
544 2386 570 2413 in
587 2386 719 2414 Chronico
734 2387 789 2420 ubi,
808 2392 870 2421 post
883 2395 916 2415 xv

127 2431 284 2463 Tiberii,ac
309 2431 417 2459 Domini
444 2433 609 2468 baptismum
634 2432 729 2468 τριετῆ
745 2433 840 2468 χρόνον
866 2433 916 2468 τῆς

125 2477 300 2509 διδασκαλίας
320 2477 489 2512 διαγενέσθαι
505 2486 536 2505 ex
554 2478 667 2507 Joannis
687 2478 834 2514 Evangelia
851 2486 916 2506 con-

127 2522 227 2550 ﬁrmat.
243 2522 348 2557 Quibus
363 2524 467 2551 accedit
480 2524 659 2560 Epiphanius.

163 2569 217 2598 Sed
240 2577 335 2597 eorum
360 2571 443 2606 aliqui
466 2571 536 2598 haud
559 2571 625 2599 satis
649 2571 726 2601 ﬁrma
741 2570 848 2598 ratione
873 2570 916 2597 in-

126 2613 201 2642 ducti
229 2615 367 2648 videntur,
395 2620 425 2643 ut
455 2616 564 2643 biennio
583 2616 745 2651 praedicasse
772 2615 913 2643 Christum

126 2665 317 2689 asseverarth
329 2670 336 2688 :
350 2661 479 2688 nimirum
492 2662 566 2696 quod
581 2661 653 2697 apud
671 2653 769 2689 Isaiam
782 2669 842 2696 cap.
855 2668 913 2695 ut,

126 2713 198 2733 com.
224 2706 252 2738 2,
282 2706 389 2741 legitur,
406 2707 451 2734 ubi
468 2706 594 2734 Christus
619 2707 733 2735 missum
758 2714 788 2734 se
801 2714 818 2733 a
836 2706 915 2734 Patre

126 2752 279 2787 proﬁtetur,
307 2753 420 2780 καλέσαι
451 2753 572 2779 ἐνιαυτὸν
598 2753 701 2789 Κυρίου
726 2753 837 2786 δεκτὸν,
868 2753 915 2780 καὶ

126 2797 234 2833 ἡμέραν
247 2798 459 2830 ἁνταποδόσεως,
476 2798 605 2832 suspicati
623 2803 686 2826 sunt
697 2798 822 2825 ἐνιαυτόν
837 2799 912 2826 illum

126 2844 230 2878 ὃεκτὰν,
267 2853 365 2872 annum
390 2845 588 2879 acceptabilcm,
618 2852 734 2880 priorem
760 2855 775 2873 e
802 2845 910 2873 duobus

129 2898 204 2925 esse;
229 2891 257 2920 in
286 2899 340 2926 quo
368 2892 569 2921 contradicente
595 2893 704 2921 nemine
736 2891 912 2928 Evangeliuin

966 2298 990 2321 et
1007 2293 1090 2325 bibat,
1108 2293 1186 2321 Joan.
1207 2302 1255 2326 vn,
1277 2295 1332 2328 57;
1357 2295 1472 2322 alterum
1497 2303 1572 2327 vero,
1595 2296 1628 2323 de
1651 2303 1706 2331 quo
1727 2297 1755 2324 in

965 2340 1059 2368 eodem
1084 2347 1143 2375 cap.
1168 2340 1238 2367 dixit
1264 2349 1270 2367 :
1294 2339 1355 2367 Non
1383 2341 1494 2368 ascendo
1511 2341 1545 2367 ad
1564 2342 1634 2369 diem
1657 2343 1755 2377 festum

967 2386 1048 2412 istum
1063 2394 1073 2412 :
1091 2385 1117 2412 in
1135 2393 1190 2420 quo
1206 2385 1287 2414 etiam
1304 2394 1366 2414 cum
1379 2385 1509 2414 Pharisaei
1523 2389 1755 2423 comprehendere

967 2432 1042 2460 illum
1057 2437 1198 2467 cuperent,
1214 2437 1287 2460 metu
1303 2433 1420 2468 repressi
1435 2438 1510 2467 sunt,
1524 2442 1597 2461 cum.
1611 2434 1655 2462 Μ.
1671 2435 1755 2463 Multa

966 2482 1030 2506 sunt
1048 2486 1063 2505 a
1082 2478 1263 2506 sanctissimis
1283 2478 1410 2506 Pati-ibus
1436 2486 1635 2515 nonnunquam
1658 2488 1755 2515 parum

965 2529 1030 2550 vere
1049 2527 1205 2556 attenteque
1233 2524 1334 2558 scripta
1361 2532 1368 2551 :
1396 2531 1458 2559 quae
1486 2525 1596 2559 quidem
1625 2530 1755 2560 praestare

965 2569 1044 2598 velle.
1061 2568 1181 2603 religiosi
1203 2567 1319 2597 fortasse
1330 2591 1337 2601 ,
1353 2569 1400 2597 sed
1417 2577 1514 2605 parum
1532 2571 1674 2606 prudentis
1693 2577 1754 2598 esse

966 2615 1084 2642 arbitror
1101 2615 1311 2643 :vehemcntius
1326 2620 1417 2644 autem
1436 2624 1583 2650 accusare,
1602 2624 1689 2651 neque
1711 2624 1755 2643 re-

966 2660 1066 2696 ligiosi,
1082 2668 1170 2696 neque
1185 2661 1339 2695 prudentis.
1361 2661 1417 2690 Nos
1437 2670 1478 2695 ea,
1494 2670 1548 2698 qua
1566 2670 1615 2697 par
1626 2665 1678 2695 est,
1696 2669 1754 2689 mo-

965 2707 1105 2735 deratione
1121 2707 1147 2734 in
1162 2707 1319 2736 divinorum
1343 2709 1484 2736 hominum
1496 2729 1504 2743 ,
1521 2708 1570 2736 sed
1593 2708 1733 2735 hominum
1744 2727 1753 2740 ,

965 2760 1073 2781 errores
1086 2761 1117 2781 ac
1129 2754 1220 2790 lapsus
1237 2761 1292 2782 non
1309 2759 1364 2782 tam
1380 2755 1558 2790 inquirimus,
1580 2761 1662 2789 quam
1677 2753 1754 2781 obla-

966 2805 1009 2828 tos
1025 2801 1097 2829 ultro
1119 2809 1151 2829 ac
1177 2801 1218 2829 vel
1234 2801 1327 2830 invitis
1341 2806 1533 2834 occurrentes,
1550 2808 1584 2828 ne
1603 2801 1648 2828 cui
1663 2799 1752 2828 fraudi

967 2847 1031 2879 sint,
1044 2847 1221 2882 patefacimus
1235 2856 1242 2881 ;
1267 2848 1336 2874 tueri
1353 2852 1442 2875 autem
1457 2855 1489 2874 ac
1501 2846 1648 2875 defendere
1665 2847 1752 2874 nihilo

966 2894 1051 2927 magis
1081 2901 1162 2928 quam
1186 2900 1280 2922 eorum
1299 2892 1361 2922 vitia
1374 2913 1382 2928 ,
1400 2891 1424 2921 si
1439 2900 1499 2928 qua:
1514 2891 1634 2929 fuerint,
1649 2892 1752 2921 imitari
