1925 3043
176 156 241 183 10H

725 158 897 187 APPENDIX
917 158 1229 190 DISSERTATIONUM.

1732 163 1802 192 1012

174 213 316 241 debemus.
340 212 479 249 Ejusmodi
504 219 568 242 sunt
589 215 616 242 in
636 215 687 242 hoc
715 216 848 251 scriptore
869 221 965 244 nostro
979 221 1001 248 Α
1017 217 1153 245 levissima
1168 222 1233 245 sunt
1247 226 1255 251 ;
1271 225 1335 245 nam
1354 222 1384 245 ut
1398 217 1522 245 emittant
1539 218 1613 253 quod
1629 217 1802 247 Maldonatns

175 258 293 287 fortasse
315 259 428 287 nitnium
446 261 540 288 multa.
568 261 620 288 Sed
646 262 716 289 inter
735 270 769 290 ea
790 263 857 290 nihil
872 263 963 291 minus

174 304 401 332 dissimulandum
413 310 463 338 est,
477 313 559 340 qttam
574 305 618 333 illa
635 305 799 334 Pascbatnm
814 307 962 335 distinctio.

174 349 296 377 Primum
311 350 455 383 eniunduo
471 351 526 381 illa.
543 359 604 386 quae
614 359 675 387 cap.
691 361 728 380 vn
742 361 755 379 a
773 353 885 380 Christo
899 361 963 388 pro-

174 397 296 423 nuntiata
315 397 454 430 dicuntur,
471 397 505 425 ad
521 398 592 425 idem
605 397 704 425 festum
721 399 853 432 attinent;
865 399 963 426 deinde

174 451 227 469 non
243 443 307 475 illud
322 442 426 471 Pascha
442 443 496 472 fuis
512 452 538 476 e,
553 445 600 472 St'tl
612 445 787 480 Scenopegize
797 444 895 473 festum
912 445 962 472 do-

172 494 224 520 cet.
238 497 310 516 cont.
331 488 366 522 2;
386 490 466 517 tertio
481 496 645 525 prtrpostere
657 492 713 519 haec
728 492 895 527 Epiphanius
914 498 962 518 ac-

171 535 242 569 cepit
260 544 267 562 :
281 543 342 562 natu
356 543 417 570 qum
433 536 520 570 primo
532 537 592 564 loco
605 537 677 564 dicta
690 542 834 569 memorat,
846 541 963 564 exeunte

172 579 253 612 festo,
279 587 341 615 qua:
356 582 508 616 posteriora
525 583 617 617 ponit,
638 589 701 610 ante
716 582 814 609 festum
831 586 962 617 usurpata

173 626 311 660 leguntur.
329 626 434 654 Omitto
448 633 544 655 czetera
559 637 629 662 ;ncc
643 629 716 656 cuint
733 627 961 656 falsitatcmillam

173 673 329 700 accuratius
342 673 406 700 libet
420 675 556 708 persequi.
776 698 780 701 .

208 718 343 752 Quocirca
364 720 442 747 nobis
471 721 523 748 alia
552 721 669 749 duorum
688 721 853 748 Paschatutn
880 720 957 748 ordi-

173 765 324 793 nandorum
340 767 458 793 ineunda
471 767 542 794 ratio
553 773 604 795 est.
622 767 674 795 Sed
687 768 764 803 prius
778 772 860 803 caput
871 767 960 802 ipsum

172 812 332 846 quaestionis
352 813 527 845 intuendum,
556 814 627 841 unde
643 815 732 849 quarti
753 813 895 842 Paschalis
914 814 961 840 lir-

172 863 341 886 mamentum
357 859 467 894 petitur.
486 859 564 892 Cum,
581 867 610 887 ut
621 854 829 892 ante'diximus,
841 859 960 887 Joannes

171 904 294 932 exactius
307 905 411 932 caeteris
430 906 517 934 tribus
527 906 661 933 Paschata
674 906 839 937 distinxerit.
850 914 883 933 ex
900 906 960 941 ejus

173 950 347 984 potissimum
367 952 530 979 auctoritate
559 952 706 987 digerenda
731 956 795 979 sunt
826 956 959 986 tempora.

172 996 263 1030 Quare
278 997 300 1024 si
316 997 339 1024 is
353 1005 413 1032 cap.
429 1006 445 1024 v
461 998 521 1025 festi
542 999 652 1025 nomine
669 997 772 1025 Pasrha
787 997 960 1033 signiticarit,

172 1042 205 1069 de
223 1051 260 1075 tv,
282 1047 312 1070 ut
332 1043 476 1070 minimum
493 1043 673 1071 Paschatibus
689 1044 811 1071 confecta
831 1051 874 1071 res
887 1044 960 1071 erit:

172 1088 307 1124 siquidem
325 1097 388 1117 cum
409 1089 542 1118 Pasuhate
562 1098 622 1125 cap.
639 1098 676 1121 vi,
703 1098 774 1118 com.
792 1091 820 1123 5,
848 1089 962 1117 minime

172 1133 368 1162 confundatur.
392 1135 431 1162 Ad
459 1136 517 1162 haec
541 1136 670 1170 quoniam
697 1135 850 1171 prodigium
875 1134 960 1168 illud,

172 1187 228 1214 quo
247 1179 369 1216 quinque
384 1181 526 1208 hominum
547 1181 631 1208 millia
658 1181 775 1216 panibus
802 1181 923 1216 quinque
935 1184 963 1208 et

172 1226 279 1254 duobus
294 1227 417 1262 piscibus
430 1227 574 1260 saturavit,
595 1227 665 1254 idem
688 1228 801 1255 omnino
817 1232 869 1261 est,
888 1226 961 1262 quod

172 1276 199 1299 ct
218 1271 314 1299 Matth.
331 1279 390 1306 cap.
406 1280 462 1305 xtv,
480 1277 507 1300 et
517 1271 601 1300 Marc.
618 1280 655 1305 vt,
675 1277 701 1300 et
714 1272 794 1300 Lucae
811 1272 962 1306 tx,descri-

173 1316 269 1349 bitur;
288 1324 399 1344 necesse
419 1322 462 1345 est
487 1316 594 1344 Pascha
613 1317 691 1349 illud,
712 1323 774 1345 ante
788 1317 860 1352 quod
877 1317 962 1344 mira-

144 1370 148 1374 ”
172 1362 277 1394 culttm,
295 1361 402 1390 Joanne
428 1366 515 1394 teste,
544 1363 679 1398 contigit,
699 1363 837 1390 diversum
868 1362 902 1389 ab
929 1369 962 1390 eo

172 1415 245 1440 csse,
259 1407 332 1444 quod
351 1408 432 1435 tacite
449 1415 464 1435 a
485 1408 575 1435 tribus
595 1408 648 1436 illis
673 1408 850 1443 evangelistis
869 1408 962 1442 expri-

173 1454 276 1486 mitur,
291 1462 354 1482 cum
372 1454 476 1482 scilicet
510 1454 637 1482 Christus
654 1462 702 1489 per
713 1447 777 1482 'sata
798 1461 860 1481 cum
878 1453 962 1481 disci-

174 1501 246 1537 pulis
256 1500 404 1529 ambulavit
419 1510 425 1527 :
441 1500 514 1536 qttod
540 1502 634 1536 utique
653 1505 715 1536 post
738 1500 843 1529 Pascha
861 1499 962 1528 factum

174 1552 226 1578 cst.
245 1547 297 1575 hoc
324 1551 366 1574 est
388 1547 508 1575 Sabbato
527 1547 729 1582 dcuteroproto.
754 1546 838 1582 igitur
865 1547 888 1575 si
913 1547 998 1590 iterc

176 1593 242 1620 illud
263 1601 313 1628 per
340 1596 445 1628 segetes
469 1597 624 1628 susceptum
652 1597 715 1628 post
733 1592 806 1620 aliud
836 1592 961 1625 Pascha,

174 1645 255 1673 quam
274 1638 346 1673 quod
378 1645 393 1665 a
419 1637 555 1672 baptismo
571 1639 727 1674 proximum
754 1643 816 1671 est,
846 1637 962 1672 incidit,

175 1683 369 1719 proculdubio
384 1685 463 1720 plura
492 1684 579 1712 tribus
611 1683 745 1711 Pascltata
773 1683 963 1711 constituenda

176 1733 251 1756 sunt.
269 1728 317 1757 Siu
335 1730 479 1758 conciliari
501 1731 551 1758 ista
575 1734 700 1765 possunt,
718 1734 746 1756 ut
765 1737 854 1765 neque
877 1729 965 1757 festus

178 1775 223 1803 ille
238 1776 297 1804 dies
321 1776 401 1804 Joan.
416 1785 431 1803 v
459 1776 563 1803 Pascha
585 1776 630 1808 sit,
656 1780 684 1802 et
703 1775 851 1803 Sabbatum
872 1775 966 1803 deute-

177 1826 318 1857 roproton,
331 1823 364 1850 de
376 1829 431 1858 quo
438 1822 527 1850 Lucas
541 1830 601 1857 cap.
616 1829 654 1853 vt,
665 1822 756 1849 statim
769 1826 830 1856 post
847 1820 965 1856 pritnum

177 1867 281 1896 Pascha
297 1868 472 1899 successerit,
491 1867 558 1895 nihil
578 1868 691 1895 omnino
706 1868 740 1895 de
757 1875 782 1894 tv
800 1867 966 1895 Paschatum

178 1914 322 1942 intervallo
335 1914 433 1942 conftci
450 1918 538 1949 potest
550 1922 557 1947 ;
575 1922 638 1941 nam
651 1913 724 1949 quod
736 1914 769 1941 ad
780 1912 880 1946 festum
893 1914 965 1940 diem

179 1968 195 1986 v
213 1959 294 1987 Joan.
314 1968 376 1995 cap.
401 1964 515 1995 spectat,
542 1960 620 1987 multi
640 1964 667 1987 et
692 1959 847 1994 gravissimi
873 1958 967 1986 Patres

179 2011 282 2041 negant
297 2006 330 2034 de
364 2005 497 2034 Paschate
519 2006 640 2034 locututn
665 2005 820 2038 Joannem;
846 2005 893 2033 sed
921 2005 966 2032 alii

178 2051 372 2084 Pentecosten,
403 2052 448 2079 alii
466 2052 538 2080 aliud
566 2052 665 2080 festum
692 2052 857 2087 intelligunt.
883 2050 967 2084 Quod

179 2100 271 2125 autem
288 2096 381 2125 [renati
407 2097 595 2125 testimonium
623 2096 748 2130 affertur,
765 2096 821 2132 jam
843 2105 858 2124 a
889 2097 969 2124 nobis

179 2149 276 2172 contra
299 2144 373 2172 illius
387 2144 577 2172 auctoritatem
604 2144 794 2179 prtescriptum
813 2148 865 2177 est,
894 2143 968 2179 quod

182 2191 207 2220 is
224 2191 329 2218 nullum
345 2191 417 2218 aliud
434 2190 538 2218 Paselta
551 2190 702 2218 secundutn
716 2190 868 2225 agnoverit,
886 2197 967 2226 quam

1015 264 1165 296 existimat,
1208 263 1383 299 proverbiunt
1410 264 1548 298 quoddam
1583 264 1654 291 inter
1691 263 1801 292 Judaros

1013 309 1149 344 ejusmodi
1167 314 1318 342 versatum,
1346 309 1436 337 adhuc
1457 316 1565 336 menses
1583 317 1609 336 Iv
1625 310 1659 336 ad
1681 317 1800 337 messem

1014 359 1171 389 supersunt,
1188 362 1249 382 cum
1269 355 1336 382 nihil
1347 355 1419 390 quod
1437 359 1546 390 urgeret
1556 362 1628 389 esse,
1645 355 1802 391 signiﬁcare

1014 401 1131 428 vellent:
1153 409 1201 428 cur
1219 400 1298 428 fateri
1316 401 1456 436 cogimur,
1473 409 1557 428 unum
1581 401 1647 429 illud
1670 401 1770 429 festum
1787 408 1802 428 e

1014 447 1102 474 tribus
1112 447 1197 475 fuisse
1207 446 1474 483 tnajoribustNonne
1482 453 1509 475 et
1517 447 1550 474 ad
1558 447 1685 475 Encaznia
1693 448 1802 476 venisse

1013 491 1152 520 Christum
1169 498 1302 520 testantur
1313 492 1470 529 Evangelia,
1486 499 1513 521 et
1524 493 1643 528 reliquos
1657 494 1691 520 ab
1704 494 1801 521 eodem

1013 538 1166 565 verisimile
1185 543 1227 566 est
1243 539 1302 566 dies
1320 546 1381 567 esse
1395 539 1571 566 celebratos?
1587 538 1678 572 Quare
1694 539 1747 567 nisi
1767 539 1801 567 ad

1012 582 1192 611 Pentecosten
1211 591 1273 612 cum
1293 583 1509 620 Cbrysostomo,
1530 585 1641 620 Cyrillo,
1658 591 1740 620 atque
1767 593 1801 613 ex

1013 629 1213 656 recentioribus
1230 628 1407 662 Maldonato,
1430 629 1546 664 aliisque
1569 631 1706 665 pertinere
1734 631 1799 658 veli~

1013 682 1074 701 mus
1088 682 1095 707 ;
1113 679 1140 702 at
1154 674 1279 706 Phurim,
1300 675 1357 702 sive
1373 674 1493 702 Sortium
1514 674 1626 708 festum,
1643 676 1715 710 quod
1727 677 1801 703 Adar

1016 720 1049 748 15
1066 721 1234 748 celebratum
1259 725 1311 753 est,
1333 720 1401 748 nihil
1423 725 1495 748 vetat
1520 721 1645 756 intelligi.
1680 721 1718 749 De
1745 730 1802 757 quo

1012 769 1118 796 erudite
1138 768 1269 804 Keplerus
1293 769 1320 796 in
1339 768 1456 804 Eclagis.
1480 768 1539 796 Jant
1563 769 1711 797 Sabliatum
1735 771 1801 798 illud

1011 814 1223 850 deutcroproton
1252 819 1313 850 post
1336 815 1453 849 primum
1482 822 1499 842 a
1528 815 1666 850 baptismo
1696 816 1801 844 Pascha

1013 861 1142 888 collocari
1166 865 1264 895 potest,
1281 865 1311 888 ut
1321 865 1349 888 et
1359 859 1490 895 Keplerus
1510 861 1620 895 ibidem,
1634 867 1661 889 et
1684 869 1735 889 nos
1750 863 1802 897 ipsi

1014 907 1132 934 subinde
1153 906 1382 934 monstrabimus.
1408 905 1497 933 Unum
1514 912 1658 942 superest,
1674 907 1747 942 quod
1768 909 1801 934 ei

1013 953 1148 980 Kemnitio
1172 953 1299 987 proponit
1316 952 1496 987 dissolvitque
1515 952 1647 988 Keplcrus
1675 962 1682 981 :
1700 953 1802 980 etenim

1012 997 1139 1025 Christus
1177 994 1398 1030 prredicationem
1434 1006 1549 1026 exorsus
1580 1003 1622 1027 est
1656 1005 1801 1034 postquam

1011 1043 1131 1070 Joannes
1149 1043 1175 1069 in
1196 1051 1335 1071 carcerem
1353 1048 1395 1072 est
1423 1044 1536 1076 missus,
1560 1044 1655 1071 Matth.
1677 1052 1704 1072 IV
1718 1065 1726 1077 ,
1746 1044 1802 1078 li;

1012 1087 1096 1115 Marc.
1112 1097 1132 1119 ι,
1148 1089 1191 1116 14.
1210 1088 1358 1123 Conjectus
1372 1094 1463 1117 autem
1481 1095 1523 1118 est
1547 1090 1573 1117 in
1591 1090 1700 1118 vincula
1717 1090 1802 1118 Joan-

1014 1140 1062 1160 nes
1076 1140 1138 1168 post
1157 1133 1262 1161 Pascha
1284 1134 1404 1169 primum
1418 1144 1425 1162 :
1439 1143 1502 1162 nam
1517 1143 1551 1162 eo
1563 1135 1700 1163 celebrato
1717 1135 1803 1164 Joan-

1013 1187 1062 1207 nes
1071 1180 1208 1214 baptizare
1219 1181 1318 1216 pergit,
1335 1180 1415 1208 Joan.
1429 1190 1472 1216 ttt,
1486 1182 1532 1208 23.
1544 1182 1635 1215 Quare
1652 1182 1803 1210 Sabbatum

1002 1225 1093 1263 ,Luca:
1108 1226 1330 1262 deuteroproton,
1352 1232 1380 1254 et
1398 1228 1443 1255 ille
1473 1235 1520 1260 per
1545 1233 1652 1262 segetes
1678 1229 1805 1257 ineessus

1013 1280 1067 1299 non
1085 1276 1174 1307 potest
1186 1273 1275 1308 primo
1291 1272 1416 1300 Pasehati
1428 1273 1537 1308 subjici,
1552 1274 1615 1308 quia
1628 1274 1804 1308 jamdudum,

1014 1327 1076 1346 cum
1094 1319 1152 1347 hate
1174 1324 1330 1355 agerentur,
1361 1320 1510 1355 praedicare
1526 1319 1652 1347 Christus
1669 1325 1804 1355 ceperat.

1014 1363 1053 1391 Ex
1074 1372 1128 1399 quo
1141 1365 1276 1400 sequitur,
1293 1373 1320 1392 tv
1331 1365 1427 1393 saltem
1444 1365 1505 1393 elici
1526 1364 1669 1399 Pascbata,
1684 1371 1712 1394 ut
1720 1367 1805 1402 paulo

1013 1415 1076 1437 ante
1093 1410 1302 1446 disputavimus.

1053 1456 1152 1484 Verum
1180 1464 1234 1484 non
1260 1461 1323 1484 ante
1341 1456 1456 1485 Joannis
1475 1466 1614 1486 carcerem
1635 1458 1803 1494 praedicandi

1015 1510 1116 1531 munus
1132 1503 1256 1538 attigisse
1270 1503 1422 1538 Christum,
1439 1513 1472 1533 ac
1487 1509 1564 1533 tanto
1587 1510 1708 1540 tempore
1731 1506 1804 1533 otio-

1016 1555 1077 1575 sum
1096 1555 1128 1576 ac
1147 1548 1271 1575 desidem
1292 1548 1390 1582 fuisse,
1412 1550 1613 1584 perabsurdum
1637 1550 1755 1578 videtur.
1773 1550 1806 1578 Et

1016 1594 1038 1621 si
1058 1600 1152 1620 verum
1176 1593 1256 1621 fateri
1274 1594 1411 1627 volumus,
1422 1593 1564 1622 Nicodemi
1584 1595 1629 1622 illa
1646 1602 1708 1622 cum
1725 1594 1806 1622 Chri-

1016 1642 1059 1665 sto
1078 1637 1247 1671 congressio,
1262 1637 1378 1673 ejusque
1394 1638 1476 1666 verba
1493 1638 1544 1666 ista
1560 1647 1567 1666 :
1586 1637 1690 1665 Scimus
1709 1638 1773 1673 quia
1788 1647 1806 1666 ιι

1016 1682 1070 1709 Deo
1085 1683 1188 1715 venisti,
1201 1683 1346 1717 Magister:
1366 1691 1441 1710 nemo
1455 1684 1524 1711 enim
1543 1688 1626 1718 potest
1655 1684 1709 1710 hwc
1728 1684 1807 1719 signa

1016 1729 1113 1763 facere,
1129 1736 1188 1763 qua
1203 1733 1231 1755 tu
1248 1728 1328 1762 facis,
1338 1730 1390 1756 nisi
1403 1729 1484 1764 fuerit
1500 1729 1568 1757 Deus
1580 1737 1640 1756 cum
1654 1737 1684 1757 eo
1703 1729 1805 1765 (Joan.

1018 1783 1060 1807 nt,
1077 1774 1134 1811 2):
1155 1778 1211 1802 tum
1237 1783 1299 1811 qua:
1319 1776 1454 1811 superiori
1473 1776 1563 1811 capite
1589 1781 1752 1808 narrantur,
1772 1776 1818 1812 de_

1018 1822 1112 1849 tnultis
1145 1822 1172 1848 in
1205 1822 1294 1856 ipsum
1324 1822 1523 1855 credentibus;
1554 1822 1719 1857 praedicasse
1747 1822 1807 1857 jam

1017 1867 1168 1899 Christum.
1182 1871 1208 1894 et
1218 1867 1250 1893 ad
1263 1867 1392 1902 populum
1404 1867 1501 1896 fecisse
1512 1868 1593 1896 verba
1605 1868 1807 1896 demonstrant.

1018 1913 1094 1940 Adde
1118 1913 1161 1940 his
1176 1913 1288 1945 omnia,
1315 1920 1376 1948 quae
1400 1917 1464 1940 ante
1492 1914 1614 1941 vinctum
1633 1912 1768 1941 Joannem
1791 1921 1808 1941 a

1018 1959 1128 1987 Christo
1146 1959 1218 1986 dicta
1235 1958 1360 1994 factaque
1373 1960 1464 1988 cazteri
1482 1965 1537 1988 tres
1551 1961 1657 1996 aliquot
1671 1961 1810 1996 capitibus

1018 2005 1152 2040 complexi
1175 2009 1248 2032 sunt.
1269 2004 1340 2039 Quin
1362 2010 1390 2033 et
1407 2005 1503 2033 Petrus
1520 2006 1580 2034 Act.
1601 2014 1610 2034 ι
1628 2014 1644 2034 a
1667 2007 1809 2041 baptismo

1018 2049 1160 2078 Christum
1177 2050 1292 2084 cmpissc
1307 2055 1432 2078 testatur.
1449 2050 1520 2078 Idem
1532 2051 1633 2079 Euseb.
1645 2051 1692 2079 lib.
1709 2059 1729 2085 ι,
1745 2059 1807 2086 cap.

1020 2095 1064 2129 l0,
1085 2096 1172 2124 ethoc
1184 2096 1243 2123 loco
1258 2096 1338 2123 docet
1350 2095 1530 2131 Epiphanius.
1539 2096 1657 2125 lrenazus
1667 2097 1741 2125 enim
1753 2105 1809 2125 nx

1019 2150 1092 2170 anno
1106 2142 1277 2178 baptizatum
1290 2147 1376 2176 putat,
1391 2148 1419 2170 et
1434 2146 1496 2177 post
1514 2143 1617 2178 aliquot
1637 2150 1810 2175 annos,cum

1020 2188 1076 2224 jam
1094 2189 1218 2215 idoneam
1234 2188 1269 2215 ad
1289 2187 1444 2216 docendum
1462 2193 1568 2215 aetatem
1587 2193 1660 2216 esset
1682 2189 1810 2224 adeptus,

178 2236 253 2272 quod
276 2245 302 2264 VI
336 2235 426 2271 capite
448 2239 697 2267 commemoratur;
727 2241 845 2269 quocum
868 2233 967 2261 festum
984 2236 1007 2266 υ
1022 2236 1153 2261 triennem
1177 2233 1399 2268 praedicationem
1414 2233 1583 2267 inchoasse;
1598 2241 1659 2261 natn
1676 2234 1751 2269 quod
1775 2234 1811 2262 ad

179 2283 255 2309 illum
275 2282 346 2310 diem
372 2281 453 2309 Joan.
473 2290 489 2307 ν
511 2280 675 2308 confuderit.
693 2280 783 2314 Quare
800 2280 852 2309 hoc
877 2280 967 2316 ipsum

179 2328 234 2356 illis
248 2327 366 2361 Pascha,
383 2327 455 2363 quod
473 2326 553 2354 Joan.
564 2335 580 2354 v
592 2327 700 2363 legitur,
713 2326 793 2355 facile
802 2327 968 2361 remiserim,

178 2374 244 2401 dum
266 2382 300 2402 ex
316 2373 409 2401 Irenazi
430 2373 564 2402 sententia
585 2380 757 2408 nequaquam
777 2380 793 2400 a
817 2373 969 2408 posteriore

179 2421 359 2452 discernant,
392 2416 483 2455 neq'ue
513 2420 613 2455 plura,
638 2427 720 2454 quam
753 2419 808 2451 ille,
833 2418 969 2447 Paschata

180 2466 291 2495 Christo
311 2467 442 2494 tribuant.
460 2470 495 2493 At
508 2467 581 2494 enim
599 2467 650 2494 tria
667 2471 772 2494 tantum
790 2471 867 2493 erant
882 2465 968 2500 festa,

180 2513 281 2547 quibus
298 2512 396 2540 sistere
413 2520 443 2540 se
470 2512 667 2548 Hierosolymis
691 2513 823 2548 oportuit,
853 2512 968 2543 Pascha,

182 2557 340 2585 Pentecoste
351 2562 379 2586 et
393 2557 569 2594 Scenopegia.
584 2558 653 2585 Cum
681 2565 747 2593 ergo
764 2565 848 2585 unum
867 2565 900 2585 ex
917 2558 970 2586 illis

180 2603 270 2630 tribus
288 2602 385 2630 festum
403 2602 469 2631 illud
480 2603 625 2634 exstiterit,
645 2602 724 2637 cujus
739 2610 820 2630 causa
841 2602 968 2631 Christus

179 2649 324 2683 ascendit;
345 2657 433 2684 neque
444 2649 596 2684 posteriora
605 2648 660 2675 duo
672 2649 760 2676 locum
768 2648 829 2676 istic
840 2648 969 2682 habeant,

180 2701 292 2722 necesse
311 2700 354 2722 est
368 2695 402 2722 de
418 2694 518 2729 primo,
535 2694 588 2721 hoc
602 2698 644 2721 est
663 2693 812 2727 Pascbate,
835 2693 969 2722 Joannem

180 2740 314 2767 locutum.
329 2740 407 2774 Quod
415 2740 488 2767 enim
505 2747 593 2776 neque
605 2739 777 2773 Pentecoste,
793 2748 882 2776 neque
903 2740 971 2768 Sce-

182 2786 298 2821 nopcgia
324 2786 418 2820 fuerit,
442 2791 604 2821 argumento
634 2790 694 2819 est,
729 2785 803 2820 quod
835 2787 970 2819 superiori

182 2832 271 2866 capite
295 2832 423 2860 Christus
442 2832 548 2860 dixerat
564 2839 637 2860 com.
653 2832 688 2860 55
701 2851 709 2864 ,
727 2836 845 2866 quatuor
861 2840 971 2861 menses

187 2877 222 2904 ad
235 2885 353 2906 messem
368 2879 488 2914 reliquos
514 2878 611 2907 fuisse.
639 2877 673 2906 At
697 2877 755 2906 bac
783 2885 844 2907 meo
866 2878 971 2914 judicio

1021 2279 1157 2315 Epiphan.
1183 2280 1303 2311 attinet,
1329 2287 1412 2315 supra
1439 2287 1517 2307 ltum.
1535 2279 1571 2307 24
1591 2280 1724 2315 postridie
1749 2280 1811 2316 ejus

1020 2325 1084 2358 diei,
1103 2332 1158 2360 quo
1175 2325 1328 2360 baptizatus
1349 2329 1402 2357 est,
1426 2324 1646 2359 praedicationem
1674 2324 1812 2352 illamco-

1020 2371 1137 2407 ctepisse
1158 2371 1244 2404 dicit,
1270 2379 1330 2406 qua:
1349 2371 1382 2399 ad
1414 2371 1536 2398 ἐνιαυτὸν
1560 2370 1654 2398 δεκτόν
1680 2370 1811 2398 refertur.

1021 2418 1092 2452 Quid
1109 2418 1192 2453 igitur
1202 2417 1378 2453 evangelistis
1392 2417 1447 2444 illis
1459 2417 1602 2449 faciemus,
1619 2417 1665 2452 qui
1685 2417 1814 2451 conjecto

1020 2465 1130 2493 demum
1165 2464 1192 2491 in
1219 2471 1357 2492 carcerem
1387 2463 1493 2492 Joanne
1520 2464 1661 2491 Christum
1696 2469 1814 2490 narrant

1020 2511 1170 2546 pratdicare
1183 2510 1323 2546 coepisse?
1340 2510 1458 2546 Keplero
1477 2510 1567 2538 visum
1592 2514 1634 2537 est
1650 2509 1814 2544 trajectione

1021 2556 1150 2584 versiculi
1172 2555 1256 2584 uttius
1275 2557 1417 2591 negotium
1444 2564 1525 2591 posse
1550 2555 1658 2583 conﬁci.
1694 2553 1766 2582 Nam
1791 2554 1814 2581 si

1021 2602 1117 2630 Matth.
1132 2609 1171 2636 tv,
1188 2610 1247 2629 ver.
1261 2602 1304 2629 ηε
1320 2601 1388 2630 Cum
1405 2608 1495 2629 autem
1511 2601 1630 2629 audisset
1649 2601 1729 2628 Jestts
1743 2601 1814 2635 quod

1021 2648 1137 2676 Joannes
1154 2649 1270 2675 traditus
1288 2653 1367 2682 esset,
1391 2649 1496 2675 secessit
1516 2648 1543 2675 in
1558 2647 1698 2678 Galilaeam
1711 2654 1722 2674 :
1747 2647 1814 2674 item

1021 2693 1105 2721 Marc.
1125 2701 1144 2727 ι,
1168 2693 1191 2720 si
1217 2701 1323 2721 comma
1345 2693 1379 2721 14
1412 2693 1466 2720 alio
1486 2692 1619 2727 trajicias,
1647 2692 1815 2719 narrationis

1023 2740 1146 2768 ordinem
1167 2740 1309 2774 aptissime
1325 2743 1466 2768 contexes.
1484 2739 1551 2766 Mihi
1571 2746 1636 2767 vero
1651 2738 1709 2766 haec
1730 2738 1814 2765 unius

1023 2785 1150 2813 versiculi
1178 2785 1301 2819 trajectio
1329 2785 1448 2814 violenta
1482 2793 1549 2814 sane
1581 2785 1711 2813 videtur:
1746 2784 1814 2812 nihil

1023 2833 1095 2860 enim
1111 2832 1213 2860 clarius
1230 2839 1281 2866 est,
1305 2841 1388 2868 qttam
1405 2841 1465 2868 quae
1484 2832 1668 2867 subjtcmntur
1681 2838 1744 2858 eum
1759 2829 1815 2856 illis

1024 2880 1092 2915 ipsis
1119 2879 1262 2908 versiculis
1295 2886 1357 2908 esse
1381 2887 1511 2908 cumtexa.
1544 2879 1637 2906 Satius
1661 2882 1704 2906 est.
1728 2877 1814 2912 igitur
